4309 6250
445 466 507 534 278
788 486 907 536 neurus
928 486 1097 534 rnnrronss
1117 486 1288 544 01000001,
1311 486 1401 533 11000
1422 485 1456 532 u.
1478 503 1519 516 -
1539 485 1609 532 sur.
1633 487 1651 530 v

444 666 477 724 te
497 659 616 741 divina,
633 659 772 724 maxime
795 679 893 742 quum
917 659 964 722 ibi
989 658 1115 722 dicetur
1131 682 1138 720 :
1156 661 1197 722 Si
1211 660 1236 722 Α
1252 659 1391 740 gloriari,
1407 667 1526 741 quanto
1540 659 1642 742 magis
1656 659 1786 741 gloriari
1801 661 1926 739 possent
1939 653 1989 716 alii

442 760 528 820 itanc
551 763 652 837 lepem
672 761 860 836 fecissemus
881 761 1075 820 descendere
1098 777 1197 835 super
1251 757 1391 838 qnidam,
1414 777 1493 840 quos
1517 765 1548 820 te
1574 757 1721 839 ignorare
1747 775 1811 820 nou
1836 763 1921 838 puto,
1940 752 1989 833 qui

442 866 596 928 montem,
612 858 791 918 inclinaret
814 877 847 916 se
869 877 960 918 mons
980 858 1047 932 ipse
1067 867 1099 916 et
1121 860 1196 917 ado·
1251 857 1362 918 eodem
1383 865 1524 939 tempore
1549 855 1751 919 aemulatione
1770 852 1944 923 mahometi,
1961 859 1991 912 ut

444 965 535 1016 reret
551 976 620 1016 eam
633 974 706 1032 prce
726 957 843 1016 timore
856 957 927 1018 Dei.
944 953 998 1017 His
1016 954 1123 1017 verbis
1142 955 1197 1018 do·
1252 952 1312 1016 sibi
1338 973 1455 1018 nomen
1478 955 1563 1036 apud
1592 953 1740 1018 homines
1769 957 1989 1034 compararent,

444 1059 514 1116 ctor
528 1053 583 1116 1110
602 1052 886 1116 christianissimus
905 1053 994 1115 addit
1010 1077 1018 1114 ε
1034 1053 1105 1115 Alia
1119 1071 1197 1134 quo-
1252 1071 1345 1114 suum
1364 1052 1500 1134 quisque
1525 1053 1718 1116 Alcoranum
1747 1052 1902 1130 iecerunt,
1919 1047 1991 1110 mul·

443 1169 506 1232 que
520 1151 617 1214 multa
632 1149 881 1213 frivolaetnibil
899 1150 1030 1214 rationis
1045 1150 1196 1214 habentia
1251 1158 1347 1231 toque
1368 1150 1553 1215 honestiora
1576 1159 1608 1214 01
1631 1151 1745 1214 saltem
1770 1151 1804 1212 in
1823 1149 1927 1229 aliquo
1945 1165 1991 1208 ve-

443 1248 599 1312 11010001
613 1248 701 1326 dicit,
719 1266 789 1329 quie
802 1256 837 1309 tu
851 1256 960 1330 aperta
975 1256 1006 1310 et
1025 1247 1196 1311 manifesta
1252 1247 1400 1311 risimilia
1416 1250 1687 1330 conscripserunt,
1700 1251 1756 1312 sed
1771 1247 1918 1330 quoniam
1934 1263 1990 1308 non

444 1347 536 1430 signs
557 1347 732 1430 prophetie
746 1347 826 1410 socii
841 1347 886 1408 tui
902 1347 992 1424 dicis,
1010 1347 1127 1428 quibus
1143 1367 1196 1410 ve·
1251 1366 1289 1409 er
1314 1355 1379 1410 toto
1404 1347 1508 1410 ventri
1533 1357 1628 1429 atque
1652 1347 1780 1410 libidini
1806 1347 1896 1409 irena
1918 1344 1992 1406 lsra-

445 1463 481 1506 rs
494 1463 564 1506 esse
578 1442 771 1527 probetur.0
782 1442 872 1524 signa
887 1442 1091 1507 mirabiliato
1106 1444 1197 1524 signa
1251 1445 1338 1526 bant,
1356 1465 1420 1509 uon
1435 1454 1540 1509 tantos
1554 1446 1736 1509 bestialium
1751 1446 1917 1509 bominum
1931 1462 1993 1524 gre-

445 1542 658 1623 comparanda
671 1541 752 1603 mari
766 1541 873 1604 Rubro
892 1540 1008 1619 diviso,
1026 1550 1058 1604 et
1077 1541 1137 1605 soli
1156 1543 1194 1604 ad
1251 1563 1306 1625 ges
1331 1543 1472 1608 asininos
1502 1553 1574 1625 post
1603 1565 1636 1608 se
1662 1545 1788 1607 trabere
1813 1543 1992 1626 potueruntl

444 1640 613 1722 imperium
627 1640 721 1703 iosue
736 1639 843 1716 stanti,
860 1647 892 1702 et
906 1638 1021 1702 Christi
1037 1649 1196 1721 praecepto
1253 1643 1475 1704 Verumtamen
1496 1661 1572 1724 rogo
1593 1650 1634 1722 te,
1651 1663 1691 1706 ne
1715 1642 1742 1704 si
1767 1641 1842 1724 quid
1869 1639 1992 1704 liberius

444 1737 578 1802 mortuis
602 1737 793 1820 imperantit
810 1737 875 1801 imo
895 1756 971 1801 vero
990 1756 1106 1819 magno
1132 1746 1196 1800 tam
1252 1739 1372 1818 dixero,
1389 1741 1575 1822 arrogantie
1593 1742 1654 1804 hoc
1674 1741 1725 1805 vel
1750 1739 1879 1804 malitise
1904 1739 1993 1817 depu-

445 1835 588 1899 veritatis
602 1853 699 1916 quam
713 1835 840 1898 virtutis
855 1835 963 1917 inopia
977 1835 1048 1915 ejus
1063 1835 1118 1917 qui
1139 1835 1194 1898 tibi
1216 1841 1239 1902 B
1254 1845 1311 1901 tes.
1330 1839 1459 1901 Videtur
1473 1839 1558 1902 euim
1578 1839 1669 1918 mihi,
1686 1840 1771 1920 quod
1793 1838 1825 1901 in
1844 1837 1993 1919 scriptura

444 1934 512 1997 baec
527 1933 595 1996 sola
609 1941 806 2014 argumenta,
825 1933 890 1995 imo
904 1932 1114 1996 deliramenta
1130 1953 1197 1997 om·
1252 1937 1408 2000 1101100]οῑ
1430 1937 1497 2018 jem
1517 1937 1598 2000 nihil
1625 1937 1814 2000 remanserit
1835 1936 1920 2017 quod
1945 1934 1993 1996 tibi

444 2032 478 2094 ni
494 2032 616 2095 ratione
630 2039 662 2094 01
677 2032 792 2094 virtute
807 2051 918 2107 vacua,
931 2031 1110 2112 dereliquit.
1119 2031 1198 2095 Con·
1251 2036 1379 2116 placere
1393 2035 1517 2113 debeat,
1535 2036 1597 2098 nisi
1614 2036 1695 2099 forte
1710 2035 1919 2099 consonantis
1934 2033 1992 2109 illa,

446 2138 617 2211 sequenter
634 2130 745 2192 doctor
760 2130 819 2193 iste
835 2138 962 2192 enarrat
982 2130 1119 2210 qualiter
1137 2130 1198 2192 Ma·
1253 2151 1322 2212 quae
1350 2133 1459 2196 nescio
1488 2134 1648 2214 quomodo
1675 2133 1816 2214 alicujus
1838 2130 1994 2214 gravitatis

446 2229 555 2292 bomet
578 2227 687 2307 idiota,
714 2247 776 2291 non
800 2248 819 2291 a
843 2228 917 2307 Deo,
945 2228 1000 2290 sed
1028 2247 1047 2290 0
1076 2227 1195 2309 Sergio,
1253 2231 1322 2292 viro
1346 2231 1397 2293 vel
1419 2231 1623 2295 admirationi
1643 2232 1695 2310 sit,
1712 2232 1762 2294 vel
1785 2228 1886 2293 amori
1903 2253 1911 2291 ε
1927 2247 1993 2290 uam
2103 2257 2104 2260 ¹

448 2324 1197 2407 monachobaereticoNestoriano,atqneJudaeis
1253 2336 1285 2392 et
1308 2349 1378 2391 eam
1404 2329 1588 2411 pronihilo
1616 2330 1795 2392 habendam
1824 2327 1993 2392 certissime

447 2423 652 2505 nequissimis
680 2423 777 2487 suerit
803 2423 1005 2503 informatus,
1032 2433 1126 2505 prout
1150 2444 1198 2488 se·
1253 2427 1393 2490 noveris.
1420 2427 1494 2489 ttthi
1519 2428 1624 2504 erede,
1648 2428 1700 2489 cni
1725 2427 1809 2491 Deus
1834 2427 1917 2490 iuter
1939 2425 1993 2487 0110

447 2524 552 2587 cundo
584 2524 682 2604 hujus
716 2532 868 2587 tractatus
902 2523 1037 2586 articulo
1070 2531 1119 2586 est
1147 2544 1198 2587 ex·
1254 2544 1311 2609 per
1336 2545 1427 2588 suam
1452 2524 1585 2607 gratiam
1609 2525 1707 2602 dedit,
1724 2535 1760 2588 ut
1783 2543 1878 2589 nemo
1901 2523 1993 2604 magis

449 2641 606 2706 pressum.
1252 2623 1394 2686 Arabicas
1423 2623 1544 2705 linguae
1577 2642 1699 2687 morem
1733 2631 1765 2686 et
1799 2641 1993 2686 communem

1253 2740 1323 2802 quae
1347 2722 1380 2783 in
1399 2741 1437 2785 ea
1455 2729 1504 2784 est
1523 2721 1589 2785 vim
1614 2741 1797 2786 sermonum
1822 2729 1854 2784 et
1877 2721 1994 2802 elegan-

1253 2819 1330 2881 tiam
1349 2827 1513 2883 assecutus
1535 2818 1588 2882 011.
1605 2818 1692 2882 Scias
1713 2837 1789 2900 ergo
1809 2818 1895 2900 quod
1917 2815 1993 2898 apud

666 2893 910 2958 ARTICULUS
937 2893 979 2956 V·
1252 2917 1371 2980 Arabes
1398 2916 1613 2980 consonantia
1634 2915 1820 2997 hujusmodi
1846 2916 1945 2998 magis
1965 2914 1993 2976 in

447 3045 624 3119 Responsio
635 3047 734 3119 piena
745 3043 790 3100 ad
799 3042 1200 3117 proeatteqaeasrttcorani
1215 3019 1237 3082 G
1254 3035 1314 3078 ¹¹⁸⁰
1330 3023 1414 3093 sunt,
1432 3023 1540 3096 1119019
1561 3015 1615 3096 qui
1637 3013 1835 3078 carminibus
1855 3022 1886 3078 θῑ
1905 3013 1995 3096 Ρθθῑί·

489 3136 712 3202 auctoritates,
728 3141 759 3191 et
775 3133 961 3207 reprobatio
977 3132 1087 3190 laudis
1101 3140 1131 3190 ec
1147 3151 1200 3189 050.
1254 3115 1300 3178 eis
1317 3113 1486 3177 cantilenis
1507 3114 1633 3177 studere
1653 3121 1899 3177 consueverunt.
1916 3113 1994 3177 Unde
2105 3200 2106 3205 γ

491 3224 647 3283 tolientioe
660 3222 833 3283 Alcorani.
1254 3232 1313 3275 nec
1329 3212 1509 3276 mirandum
1524 3220 1572 3276 est
1587 3212 1613 3274 si
1628 3213 1786 3275 blahomet
1804 3212 1925 3293 aliquid
1939 3212 1994 3273 1010

1255 3328 1447 3391 componere
1466 3309 1580 3391 potuit,
1598 3310 1683 3391 quod
1709 3309 1777 3373 1010
1803 3328 1914 3372 omnes
1937 3317 1993 3371 tam

489 3408 633 3472 NSUPER
648 3408 686 3469 ad
707 3406 910 3469 auctoritates
931 3406 1066 3468 Alcoran
1087 3406 1200 3487 presin·
1255 3408 1379 3471 nobiles
1398 3427 1492 3489 quam
1518 3407 1674 3489 ignobiles
1695 3407 1815 3489 fucere,
1832 3407 1901 3471 leve
1925 3406 1994 3488 quid

501 3508 623 3582 ductas,
637 3505 754 3587 quibus
769 3505 889 3567 lenitis
904 3506 936 3567 iu
951 3512 1075 3567 tantum
1092 3504 1199 3567 lauda·
1255 3514 1286 3568 et
1302 3524 1358 3586 pro
1373 3505 1476 3568 nihilo
1491 3504 1624 3568 ducunt.

449 3614 502 3669 tur
524 3611 618 3687 atque
642 3602 814 3678 extollitur,
837 3603 947 3666 doctor
972 3602 1123 3684 prefatus
1153 3602 1199 3665 sie
1295 3604 1327 3665 Si
1343 3612 1448 3667 autem
1471 3603 1597 3665 miraris
1613 3622 1712 3685 quare
1726 3610 1850 3667 tantum
1871 3605 1996 3684 scriptu-

451 3704 486 3766 in
500 3722 557 3765 sna
571 3701 742 3784 respondet
757 3701 917 3782 epistola:
1257 3722 1290 3765 ra
1324 3702 1378 3764 illa
1411 3702 1599 3784 quibusdam
1629 3702 1795 3783 placuerit,
1828 3721 1885 3784 pro
1916 3708 1995 3765 certo

490 3800 569 3863 lllud
596 3818 722 3881 quoque
745 3799 832 3880 qnod
856 3806 890 3860 tu
916 3798 994 3860 mibi
1023 3798 1143 3878 dixisti,
1169 3808 1201 3861 et
1255 3810 1363 3863 teneas
1387 3800 1468 3863 nulli
1495 3818 1635 3881 unquam
1660 3799 1760 3863 nobili
1788 3800 1839 3863 vel
1869 3798 1996 3883 sapienti

452 3898 608 3962 1101101001
622 3898 655 3959 in
670 3898 807 3959 Alcoran
822 3895 1018 3979 predicavit,
1031 3896 1114 3959 hanc
1127 3897 1201 3959 seri·
1255 3918 1325 3963 eam
1341 3898 1509 3980 placuisse,
1520 3899 1575 3961 sed
1590 3898 1770 3961 miserrimo
1786 3907 1818 3961 et
1832 3898 1996 3981 imperitis

452 4004 578 4080 ptursm
602 3996 697 4058 talem
722 4014 805 4073 esse,
821 3994 925 4076 qualis
950 4013 1010 4057 nec
1034 3994 1074 4056 ab
1099 3996 1202 4058 bomi—
1256 3997 1337 4061 simo
1362 3996 1727 4077 vulgariumbominum
1749 3997 1873 4078 generi,
1888 3997 1941 4079 qui
1961 3995 1995 4057 ud

451 4096 547 4157 nibus
561 4113 620 4156 nec
635 4113 654 4156 a
672 4092 870 4155 damonibus
889 4091 962 4154 fieri
985 4099 1100 4173 potest,
1117 4101 1201 4157 certe
1256 4113 1329 4155 eum
1344 4094 1383 4156 de
1397 4093 1476 4156 10010
1492 4092 1693 4156 silvestribus
1707 4094 1996 4175 cougregati,quum

453 4195 530 4258 00110
544 4193 613 4274 ipse
627 4191 739 4255 Mehon
753 4191 849 4271 elegit
863 4191 978 4272 quibus
992 4192 1052 4254 hoc
1068 4191 1199 4268 diceret,
1218 4197 1242 4259 D
1257 4192 1313 4253 has
1329 4191 1449 4254 litteras
1464 4190 1603 4274 primum
1623 4191 1799 4270 audissent,
1818 4192 1864 4254 rei
1883 4192 1997 4256 novita-

454 4289 681 4354 rnsticissimos
708 4286 831 4351 scilicet
863 4296 1068 4369 agrestesque
1100 4288 1203 4351 homi·
1258 4298 1288 4351 te
1321 4288 1502 4371 stupefacti,
1533 4288 1702 4371 sacrilegas
1735 4289 1863 4353 fabulas
1896 4290 1998 4354 divina

454 4409 523 4469 nes,
538 4388 591 4470 qui
617 4396 649 4450 et
669 4387 796 4449 noviter
820 4386 860 4448 de
881 4386 1018 4449 diversis
1042 4387 1138 4449 sectis
1162 4387 1201 4449 ad
1257 4407 1326 4449 esse
1351 4388 1479 4451 oracula
1505 4387 1721 4451 crediderunt.
1738 4388 1893 4471 Denique,
1906 4407 1996 4471 quum

454 4507 528 4554 eum
556 4480 782 4562 convenerant,
812 4484 978 4565 ipsamque
1010 4483 1107 4547 etiam
1141 4484 1202 4546 lin·
1257 4494 1441 4569 paupertate
1456 4486 1631 4549 etassiduo
1648 4486 1802 4550 ruralium
1817 4507 1947 4570 operum
1962 4488 1998 4549 la·

452 4605 548 4669 guam
571 4582 739 4647 Arabicam
763 4582 962 4663 ignorabant.
990 4582 1147 4662 Ceterum,
1174 4582 1200 4645 si
1258 4586 1332 4649 bore
1356 4584 1493 4647 00010011
1517 4584 1665 4663 luissent,
1683 4585 1848 4649 audientes
1870 4586 1998 4650 beatitu-

452 4688 512 4749 boc
534 4682 626 4746 nobis
644 4698 803 4763 exponere
821 4680 925 4759 liceat,
942 4700 1000 4762 per
1023 4680 1131 4743 omnia
1156 4681 1200 4745 sic
1257 4684 1365 4745 dinem
1381 4683 1443 4747 cibi
1459 4691 1490 4745 et
1506 4692 1609 4763 potus,
1627 4683 1838 4763 pretiosarum
1853 4684 1996 4760 vestium,

451 4785 482 4849 ei
497 4781 715 4859 concedimus,
732 4779 816 4861 quod
837 4798 912 4841 vere
928 4787 991 4841 tam
1012 4780 1119 4859 stulta,
1136 4788 1200 4843 tam
1258 4781 1413 4844 umbrosae
1433 4779 1626 4843 amoenitatis
1646 4780 1932 4863 spectabiliumque
1951 4800 1999 4842 va-

451 4883 703 4959 inbonesta,tam
718 4876 948 4942 irrationabilis
963 4877 1131 4959 scriptura,
1141 4898 1201 4942 nec
1257 4898 1377 4959 sorum,
1390 4878 1676 4961 pulcherrimarum
1691 4897 1818 4959 quoque
1833 4879 1997 4943 muliemm

451 4983 492 5046 ab
506 4979 690 5045 hominibus
711 4996 806 5040 neos
826 4976 1023 5040 daemonibus
1038 4974 1111 5038 fieri
1133 4986 1201 5060 pot·
1257 4985 1288 5039 et
1312 4975 1432 5039 infiniti
1461 4976 1662 5056 concubitus,
1687 4976 1886 5058 aliorumque
1915 4997 1998 5058 spur

451 5088 500 5145 est
516 5103 523 5140 :
541 5087 617 5162 puto
639 5077 725 5140 enim
745 5076 830 5157 quod
854 5074 950 5137 etiam
970 5074 1019 5137 vel
1040 5074 1200 5139 deamones
1257 5076 1378 5139 cissimi
1407 5076 1545 5158 paradisi
1574 5076 1774 5154 deliciarum,
1799 5095 1880 5158 quas
1909 5078 1996 5140 etiam

452 5180 527 5244 talia
557 5177 696 5241 scribere
725 5174 961 5237 erubescerent.
988 5173 1146 5254 Ceterum,
1172 5175 1199 5237 si
1257 5182 1299 5253 te,
1325 5174 1405 5256 proh
1430 5175 1540 5237 dolort
1567 5194 1754 5238 enumerare
1783 5194 1847 5239 non
1878 5176 1994 5259 puduit,

452 5286 576 5341 tantum
603 5274 672 5339 vult
698 5272 855 5337 1101101001
886 5272 926 5337 de
953 5290 1011 5335 suo
1043 5272 1199 5337 Alcorauo
1256 5292 1353 5356 seque
1377 5293 1415 5337 ex
1441 5272 1651 5355 promissione
1680 5272 1836 5337 blahomet
1863 5276 1904 5339 ad
1931 5292 1994 5338 0010
