4309 6250
476 509 596 557 maras
617 508 788 556 sanamur
808 507 982 566 alaeam,
1006 508 1095 555 uasa
1116 509 1150 556 rr.
1172 527 1214 540 -
1234 509 1305 556 aar.
1327 508 1406 556 xxm
1655 485 1716 553 ete

39 697 152 745 tenna
165 699 290 762 semper
302 697 394 743 orare
411 702 418 744 :
436 679 511 744 binc
532 699 607 744 vere
627 679 741 743 fideles
761 679 858 742 etiam
878 679 911 742 in
926 679 953 742 Α
968 687 1031 742 um
1049 703 1056 742 :
1073 679 1185 742 Dimisi
1201 697 1256 744 cos
1277 680 1453 744 secundum
1475 677 1633 742 desideria
1646 695 1716 740 cor·
1741 699 1782 744 ra.
1798 712 1862 752 uu.

165 779 246 842 lecto
265 787 298 842 et
320 781 480 861 surgendo
502 798 599 862 seque
618 778 785 842 vestiendo
809 778 913 842 solent
967 778 1017 840 dis
1035 797 1168 856 eorum,
1185 779 1277 842 ibunt
1291 777 1324 840 in
1339 777 1620 842 adinventionibus
1635 776 1712 838 auia.
1732 765 1763 806 ¹²·

163 895 264 940 orare.
280 877 429 940 Fatemur
442 887 561 956 umen,
576 879 661 960 quod
676 877 754 940 lotio
768 875 863 939 faciei
878 877 911 938 in
966 876 1053 940 Unde
1077 885 1110 940 et
1133 876 1247 939 Paulus
1271 876 1432 959 apostolus
1459 875 1592 938 scribit:
1609 875 1641 940 Si
1663 893 1716 936 ex·
1730 897 1861 949 notanus.

163 983 286 1038 tantum
307 975 481 1059 expediens
505 984 554 1039 est
573 983 647 1038 ante
671 975 861 1054 orationem,
878 974 912 1036 in
966 982 1014 1037 tra
1027 974 1232 1058 disciplinam
1247 975 1335 1053 estis,
1352 963 1428 1058 ergo
1442 974 1589 1054 adulteri,
1605 983 1638 1038 et
1651 991 1715 1038 non

163 1083 317 1156 quantum
338 1074 466 1158 repellit
485 1075 731 1139 somnolentiam
751 1081 783 1138 et
807 1082 913 1156 torpe
966 1072 1030 1136 filii
1052 1075 1140 1136 estis.
1512 1151 1515 1158 .
1707 1155 1709 1162 y

164 1193 242 1252 rem,
272 1173 413 1255 facitque
440 1174 603 1237 bominem
636 1173 739 1254 magis
766 1172 911 1235 vivacem
1006 1173 1054 1235 An
1070 1172 1142 1237 ideo
1158 1173 1268 1236 blabon
1284 1173 1407 1256 putavit
1423 1193 1456 1237 se
1472 1173 1535 1237 Deo
1550 1173 1716 1252 dilectum,

162 1280 257 1353 atque
281 1272 322 1335 ad
348 1289 446 1355 opera
473 1272 604 1334 rationis
626 1271 827 1353 dispositum.
855 1271 912 1334 De
966 1269 1043 1351 quia
1066 1279 1131 1333 tam
1156 1271 1212 1333 diu
1240 1271 1386 1353 permisit
1414 1290 1487 1334 eum
1516 1271 1647 1352 impune
1671 1277 1718 1333 tot

132 1418 138 1426 .
164 1370 262 1451 nique
291 1369 367 1432 binc
395 1369 538 1434 Cbristus
565 1370 599 1432 in
626 1369 801 1453 Evangelio
829 1388 912 1452 sape
967 1369 1089 1431 scelera
1113 1371 1228 1450 ageret
1250 1369 1316 1432 lmo
1342 1369 1374 1432 id
1400 1369 1527 1452 signum
1549 1369 1611 1432 fuit
1631 1368 1717 1449 quod

37 1463 84 1492 ¹¹¹¹·
164 1475 195 1529 et
208 1468 325 1531 acriter
338 1468 542 1550 reprehendit
555 1467 682 1531 Scribas
695 1475 728 1530 et
742 1467 913 1530 Pharisaeos
967 1466 1030 1529 fuit
1044 1467 1108 1530 Deo
1122 1467 1262 1547 odibilia,
1279 1476 1310 1530 et
1325 1467 1409 1550 quod
1425 1467 1613 1532 voluiteum
1628 1475 1718 1530 aeter·

162 1566 354 1644 ludeorum,
370 1566 455 1647 quod
471 1565 558 1628 circa
576 1565 761 1647 bujusmodi
778 1564 913 1628 exterio
968 1565 1083 1628 naliter
1097 1567 1321 1630 condemnare.
1339 1565 1417 1629 llinc
1432 1584 1559 1647 quoque
1573 1566 1719 1629 Sarrace-

163 1683 213 1726 res
236 1664 457 1727 observantias
479 1671 512 1727 et
534 1664 716 1746 corporales
740 1663 913 1726 munditias
968 1663 1001 1726 ni
1015 1663 1143 1744 gloriari
1166 1683 1230 1728 non
1245 1665 1373 1744 debent,
1389 1663 1479 1746 quasi
1495 1663 1559 1728 Deo
1579 1663 1718 1745 compla-

162 1762 294 1825 fuerunt
327 1762 464 1826 multum
491 1763 616 1841 intenti,
646 1763 804 1826 internam
837 1781 914 1825 vero
969 1771 1072 1839 ceant,
1090 1762 1164 1843 quia
1185 1763 1326 1825 vicissim
1345 1762 1517 1845 praevalent
1530 1762 1718 1825 Christianis

161 1861 353 1925 munditiam
375 1861 593 1943 neglexerunt.
931 1857 1002 1924 Det
1028 1861 1214 1943 opprimunt
1240 1879 1306 1924 eos.
1338 1863 1420 1924 Deus
1449 1879 1586 1943 namque
1613 1861 1718 1942 justus

200 1960 335 2042 insuper
349 1959 468 2023 dicitur
481 1960 533 2022 bic
550 1963 640 2030 :Vna
653 1962 766 2022 Judoea'
778 1970 808 2020 et
823 1961 914 2021 Clari·
970 1968 1002 2022 et
1021 1960 1124 2023 bonus
1143 1959 1276 2042 castigat
1299 1968 1331 2022 et
1355 1968 1470 2042 purgat
1487 1959 1606 2023 electos
1623 1967 1718 2040 atque

160 2060 318 2128 atiani,si
332 2060 395 2120 Dei
406 2061 475 2136 tatii
487 2059 604 2137 auique
616 2059 732 2117 dilecti
744 2060 915 2134 eattapro-
970 2056 1085 2119 fideles
1100 2076 1158 2139 per
1172 2057 1320 2122 infideles
1335 2078 1371 2121 ac
1388 2057 1550 2141 reprobos,
1567 2058 1719 2139 quemad-

161 2166 198 2216 αι
214 2175 269 2216 uos
282 2157 409 2225 dicitis,
422 2176 485 2216 cur
506 2157 595 2216 vobis
608 2160 721 2233 culpae
734 2165 832 2236 atque
842 2175 914 2232 pec-
970 2154 1100 2217 modum
1123 2174 1180 2238 per
1200 2155 1311 2218 lsaiam
1336 2156 1522 2239 prophetam
1548 2155 1688 2237 loquitur
1708 2179 1715 2217 ι

159 2265 233 2314 cata
244 2254 438 2332 perentibus
451 2273 566 2331 poenos
579 2263 610 2314 et
624 2259 747 2314 matum
765 2256 915 2332 ingerit?
971 2252 1025 2315 Vae
1044 2253 1143 2316 Assur
1157 2252 1203 2332 (id
1224 2263 1273 2316 est
1294 2254 1359 2335 regi
1375 2253 1589 2335 Assyriorum)
1603 2277 1612 2332 ;
1627 2253 1718 2336 virga
1734 2272 1819 2322 rana.

160 2355 254 2414 Certe
268 2373 323 2412 vos
337 2353 425 2412 nibil
445 2355 542 2413 atiud
560 2373 658 2432 quom
673 2354 818 2413 tumim
838 2355 914 2413 eatis
970 2351 1089 2414 furoris
1111 2351 1173 2414 mei
1195 2360 1228 2414 et
1249 2351 1381 2414 baculus
1404 2352 1471 2434 ipse
1492 2360 1551 2416 est.

160 2472 180 2510 α
195 2452 392 2514 Deocreoti.
1010 2448 1173 2523 Praeterea,
1200 2450 1283 2531 quod
1309 2449 1407 2512 ludaei
1433 2457 1575 2532 tempore
1605 2450 1718 2514 veteris

200 2547 286 2611 Ecce
309 2567 405 2630 quam
424 2547 645 2612 indoctissima
668 2548 821 2630 omnique
844 2547 914 2610 irri·
970 2547 1161 2611 Testamenti
1184 2547 1372 2612 dicebantur
1394 2557 1426 2612 et
1450 2556 1540 2612 erant
1564 2548 1625 2611 filii
1648 2549 1716 2628 Dei,

160 2647 253 2710 sione
267 2647 457 2728 dignissima
475 2665 512 2710 ac
533 2646 591 2710 toti
613 2646 732 2709 divinas
745 2646 914 2729 Scriptura
969 2644 1065 2708 facile
1080 2653 1128 2708 est
1141 2665 1200 2728 per
1211 2645 1388 2728 Scripturas
1400 2645 1718 2729 probareSiquidem

160 2745 324 2808 contraria
350 2753 425 2808 sunt
452 2747 519 2809 baec
542 2746 659 2808 verbat
680 2745 817 2820 Duorum
843 2763 915 2829 pro-
969 2744 1003 2806 in
1017 2743 1123 2808 Exodo
1138 2743 1220 2807 Deus
1235 2744 1279 2806 ait
1293 2763 1350 2826 per
1364 2744 1613 2827 ttoysenmitius
1629 2763 1718 2807 meus
1744 2763 1819 2809 asar.
1835 2777 1864 2815 e.
1966 2825 1969 2832 ¹

160 2843 244 2907 lator
273 2843 372 2906 totius
404 2843 580 2926 spiritualis
608 2842 773 2925 sapientiae
801 2861 913 2926 expers
968 2842 1086 2921 lsrael3
1108 2841 1173 2904 dixi
1198 2842 1255 2905 tibi
1283 2866 1289 2904 :
1316 2841 1443 2906 Dimitte
1471 2842 1575 2905 filium
1598 2863 1716 2908 meum.
1734 2829 1767 2876 ²²·
1783 2829 1817 2870 ²³·

159 2941 233 3004 fuit.
248 2933 331 3021 lano,
343 2941 496 3023 quoniam
511 2941 679 3004 Cbristiani
695 2960 713 3003 a
727 2941 792 3004 Deo
805 2941 912 3021 electi,
968 2939 1007 3002 Et
1022 2959 1131 3002 rursus
1153 2939 1185 3001 in
1202 2941 1447 3004 Deuteronomio
1461 2941 1580 3024 lloyses
1600 2935 1718 3024 populo

159 3048 236 3101 sunt
245 3039 304 3102 Dei
320 3038 382 3101 filii
397 3039 537 3122 adoptivi
552 3059 589 3101 ac
605 3039 654 3102 sui
665 3038 955 3118 dilecti,idcirco'fl
969 3037 1143 3100 israelitico
1162 3037 1207 3100 ait
1226 3038 1264 3101 de
1284 3039 1347 3102 Deo
1361 3062 1371 3123 3
1389 3037 1548 3120 Numquid
1567 3058 1631 3103 non
1650 3039 1718 3122 ipse
1735 3061 1799 3103 aeae.
1803 3071 1867 3110 ιιιιιι

158 3137 219 3216 eis,
236 3138 316 3200 dum
341 3146 488 3221 peccant,
509 3139 593 3201 Deus
617 3138 825 3202 correctionis
850 3157 914 3200 suae
970 3147 1018 3199 est
1033 3144 1122 3219 pater
1143 3145 1227 3215 tuus,
1243 3137 1297 3219 qui
1321 3137 1461 3219 possedit
1482 3142 1535 3201 tel
1551 3138 1691 3220 ltemque
1709 3162 1716 3200 :
1732 3128 1753 3168 ⁶·

159 3254 292 3316 poenam
307 3234 427 3316 infligit
442 3258 450 3298 ε
466 3244 624 3317 quatenus
637 3235 671 3298 in
688 3236 834 3316 praesenti
849 3234 915 3297 vita
971 3236 1054 3298 t'tdit
1068 3235 1271 3315 Dominus,et
1281 3236 1320 3298 ad
1336 3236 1532 3299 iracundiam
1545 3236 1718 3301 concitatus
1734 3258 1791 3302 rara.
1807 3260 1839 3299 ra.

159 3334 207 3396 sic
236 3334 447 3415 castigentur,
478 3353 519 3397 ne
546 3334 740 3397 eternaliter
766 3335 916 3397 condem·
970 3342 1029 3412 est,
1052 3334 1128 3415 quia
1151 3344 1406 3417 provocaverunt
1429 3354 1503 3399 eum
1528 3334 1589 3398 filii
1615 3336 1664 3399 aui
1688 3345 1720 3399 et

159 3440 294 3510 nentur,
311 3432 367 3495 sed
387 3450 445 3514 per
469 3440 608 3516 peteme
628 3433 755 3515 pietatis
775 3432 831 3496 Dei
857 3431 916 3495 fla·
971 3430 1057 3495 filiae.
1084 3432 1119 3494 ln
1147 3432 1226 3495 lsaia
1253 3451 1379 3515 quoque
1407 3434 1548 3515 loquitur
1574 3432 1719 3497 Deuade

158 3531 246 3613 gella
276 3540 455 3614 purgentur
480 3552 499 3594 a
524 3532 632 3615 culpa,
658 3532 914 3614 impleanturque
970 3530 1049 3593 filiis
1062 3530 1158 3595 lsrael
1176 3556 1183 3594 :
1200 3531 1295 3595 Filios
1314 3532 1451 3595 enutrivi
1471 3541 1504 3595 et
1521 3531 1666 3595 exaltavi.
1683 3532 1817 3608 Et1.,.,2.

159 3629 277 3711 gratia,
304 3636 400 3710 atque
424 3630 464 3692 de
493 3638 600 3693 cetero
626 3628 784 3693 cautiores
813 3630 916 3693 consi·
972 3649 1082 3692 rursus
1096 3628 1191 3693 lanias
1205 3630 1282 3692 dicit
1299 3653 1305 3693 :
1323 3630 1379 3710 l'u,
1397 3629 1539 3711 Domine,
1557 3638 1646 3712 pater
1665 3648 1721 3693 no-
1743 3649 1868 3700 rosamo,

159 3737 260 3791 sunt.
291 3727 373 3791 llinc
400 3727 517 3790 etenim
548 3727 631 3791 Deus
659 3727 858 3790 invariabilis
885 3735 918 3789 et
971 3736 1089 3791 steret
1111 3728 1291 3810 redemptor
1311 3736 1428 3793 noster.
1444 3729 1510 3791 lmo
1532 3729 1616 3811 apud
1637 3729 1721 3792 lere-
1737 3717 1768 3756 ¹⁶·

160 3836 377 3908 eternuspcr
397 3826 551 3889 loannem
571 3825 801 3907 evangelistam
824 3833 918 3889 testa-
972 3826 1068 3888 miam
1084 3826 1236 3889 Dominus
1251 3834 1446 3891 contestatur
1462 3850 1469 3890 ε
1486 3826 1633 3909 Ephraim
1656 3826 1720 3908 pri·
1734 3850 1867 3897 reema.

32 3942 147 3997 amera.
163 3933 215 3988 tur
231 3947 239 3987 :
256 3924 327 4007 Ego
349 3943 431 4007 quoa
454 3942 537 4004 amo,
553 3943 652 4007 arguo
675 3933 708 3988 et
731 3924 863 4006 castigo.
879 3925 917 3987 Et
972 3925 1153 4005 mogenitus
1168 3944 1278 3999 meus3
1295 3933 1325 3987 et
1342 3926 1374 3987 in
1393 3925 1543 3988 blalacbia
1561 3948 1568 3989 ε
1585 3926 1616 3989 Si
1632 3933 1721 4007 pater
1745 3946 1867 3995 nauca...

43 4040 102 4081 rme.
118 4056 147 4091 a..
161 4024 318 4087 &lomna
346 4022 521 4105 loquitur:
546 4023 751 4106 Disciplinam
776 4024 915 4105 Domini,
971 4040 1032 4104 ego
1059 4042 1142 4102 sum,
1172 4022 1225 4085 ubi
1254 4033 1303 4086 est
1330 4025 1433 4088 bonor
1460 4028 1572 4087 meust
1596 4025 1720 4089 llideles
1735 4016 1755 4055 ⁰·

33 4106 60 4149 ¹¹·
73 4107 101 4147 '²'
160 4121 212 4183 frli
234 4122 298 4203 mi,
314 4141 355 4186 ne
375 4120 521 4204 abjicias,
536 4141 640 4205 neque
661 4122 797 4185 deficias
817 4142 916 4205 quum
972 4140 1049 4204 ergo
1064 4121 1162 4184 Deum
1179 4122 1334 4185 veraciter
1348 4123 1552 4203 honorantes,
1569 4132 1643 4186 sunt
1658 4124 1720 4188 filii

160 4221 203 4282 ab
216 4239 258 4283 eo
273 4219 447 4301 corriperis
464 4242 472 4282 ι
486 4238 582 4301 quem
597 4220 684 4283 enim
697 4220 803 4303 diligit
816 4220 917 4284 Domi·
931 4222 957 4285 D
973 4219 1055 4301 ejus.

161 4339 236 4397 nus,
255 4317 401 4401 corripit,
418 4326 451 4381 et
467 4318 559 4401 quasi
580 4319 719 4400 poterin
740 4319 810 4383 filio
831 4338 917 4383 com·
1013 4320 1052 4381 At
1073 4338 1159 4396 vero,
1176 4319 1259 4401 quod
1282 4320 1313 4381 in
1337 4338 1420 4384 novo
1442 4321 1653 4401 Testamenta,
1670 4324 1722 4390 Ju-

41 4428 103 4479 ω..
116 4436 147 4474 rr.
161 4417 272 4499 placet
294 4416 366 4480 sibi.
383 4416 445 4480 Sed
465 4424 499 4479 et
519 4417 553 4479 in
569 4416 626 4480 Job
647 4418 763 4499 legitur
779 4442 787 4480 ε
803 4417 917 4481 Beatus
972 4417 1050 4480 dreis
1073 4418 1115 4481 ob
1136 4436 1225 4480 suam
1249 4417 1418 4499 perfidiam
1440 4420 1612 4498 derelictis
1634 4422 1722 4485 Chri-

161 4517 262 4579 bomo
292 4515 348 4597 qui
378 4514 552 4597 corripitur
579 4534 598 4578 a
624 4516 769 4581 Domino.
794 4516 833 4579 Et
860 4536 918 4600 per
973 4515 1068 4578 atiani
1096 4516 1160 4578 sint
1188 4514 1250 4578 filii
1278 4515 1346 4594 Dei,
1379 4516 1534 4599 scriptura
1563 4520 1636 4583 novi
1665 4521 1721 4584 'fe-

161 4614 338 4677 Jcremiam
355 4615 543 4696 prophetam
558 4614 641 4677 Deus
654 4615 779 4679 locutus
793 4615 919 4678 est:Ca-
973 4614 1121 4676 stamenti
1138 4614 1358 4697 copiosissime
1374 4618 1721 4697 protestaturloannes

41 4725 80 4768 ar.
99 4742 124 4769 n
160 4714 292 4796 stigabo
315 4712 397 4775 lein
418 4712 551 4794 judicio,
566 4721 603 4775 ut
620 4733 684 4778 non
703 4714 761 4776 tibi
779 4715 917 4778 videaris
973 4732 1112 4794 namque
1137 4712 1334 4794 evangelista
1362 4713 1506 4795 loquens,
1520 4717 1559 4779 de
1584 4716 1718 4795 Christo,

33 4792 59 4829 ¹¹·
160 4812 329 4876 innoxius.
345 4811 426 4874 Dino
442 4830 552 4874 rursus
573 4815 714 4877 secundo
727 4813 918 4876 llachabaeo-
972 4810 1115 4875 affirmat
1132 4836 1138 4873 :
1156 4812 1314 4893 Quotquot
1327 4822 1517 4895 receperunt
1534 4834 1619 4892 eum,
1636 4816 1722 4879 dedit
1736 4832 1869 4883 loannem

32 4923 147 4976 uanae.
161 4932 233 4974 rum
249 4908 408 4973 asseritur
421 4908 567 4972 :Etenim
581 4910 681 4973 mralto
696 4920 837 4994 tempore
852 4932 916 4977 non
972 4911 1019 4974 eis
1045 4918 1232 4993 potestatem
1256 4911 1343 4974 filios
1370 4912 1425 4975 Dei
1446 4912 1529 4977 lieri.
1550 4913 1588 4977 Et
1613 4934 1721 4978 rursus

32 4992 58 5030 '²‘
160 5009 271 5073 sinere
301 5007 523 5091 peccatoribus
550 5027 590 5071 ex
616 5010 775 5073 sententia
809 5030 915 5092 agere,
973 5010 1005 5072 in
1035 5010 1139 5090 prima
1167 5028 1223 5071 sua
1251 5008 1386 5091 epistola
1416 5032 1423 5073 :
1451 5012 1561 5077 Videte
1589 5014 1720 5096 (inquit)
1742 5030 1870 5079 ramam.

158 5110 225 5171 sed
244 5107 355 5170 statim
380 5105 520 5169 ultiones
543 5106 705 5184 adhibere,
730 5109 838 5190 magni
862 5109 916 5171 be-
971 5106 1098 5190 qualem
1121 5106 1284 5169 caritatem
1307 5106 1393 5170 dedit
1414 5108 1506 5171 nobis
1521 5111 1603 5173 Deus
1618 5113 1717 5190 Pater,
1737 5096 1756 5136 ¹'

159 5205 278 5271 neficii
304 5212 354 5269 est
377 5204 546 5267 indicium.
572 5204 617 5268 De
641 5206 750 5288 impiis
779 5226 855 5271 vero
878 5227 915 5271 ac
972 5214 1007 5268 ut
1027 5204 1090 5267 filii
1115 5205 1170 5267 Dei
1195 5204 1398 5268 nominemur
1422 5213 1453 5267 et
1478 5207 1587 5269 aimus.
1603 5208 1719 5272 lterum

158 5304 309 5390 reprobis
329 5302 472 5387 loquitur
485 5302 568 5367 Deus
588 5323 646 5387 per
659 5303 757 5367 David
779 5306 915 5389 prophe
971 5306 1014 5368 ait
1035 5302 1179 5367 Salvator
1196 5325 1203 5363 :
1220 5301 1345 5385 Diligite
1366 5302 1514 5368 inimicos
1536 5314 1669 5386 vestros,
1686 5316 1722 5371 ut
1735 5261 1834 5377 ‘papa
1849 5274 1870 5313 '¹
