4309 6250
257 506 298 554 ua
319 505 527 555 nomonnxrs
547 507 641 556 anxur
662 509 829 558 ronrrrrcrs
850 511 887 558 rr
907 511 1076 560 sanamus
1097 513 1238 574 concino,
1259 515 1348 562 maan
1368 517 1412 564 m.
1434 534 1475 546 -
1494 517 1566 563 aar.
1587 517 1608 564 x
1659 499 1720 564 629

169 675 272 756 ciunt,
287 676 384 741 habet
397 679 616 742 auctoritatem
636 679 867 744 consiliativam
887 689 918 745 et
932 680 958 742 A
973 683 1189 746 asserentibus
1203 685 1237 747 in
1251 685 1482 749 Constantinum
1501 689 1638 751 coneilio
1658 690 1719 753 hoc

169 775 367 854 dictativam,
391 775 473 858 Papa
497 787 601 841 autem
628 780 861 843 exercitativam
887 790 918 844 et
972 799 1041 844 esse
1056 783 1271 846 conciliariter
1284 786 1632 869 determinatum,quod
1647 806 1720 852 con-

168 874 397 938 exsecutivam.
414 875 482 940 Non
502 876 588 939 enim
613 887 720 960 posset
743 879 917 942 concilium
972 879 1083 942 cilium
1102 880 1143 943 sit
1162 901 1258 963 super
1275 883 1402 964 Papam.
1419 885 1479 948 Sed
1503 887 1544 949 ad
1567 885 1627 949 hoc
1652 886 1719 967 jam

168 990 229 1052 per
247 992 281 1035 se
302 973 408 1055 ipsum
426 973 591 1038 absolvere
611 975 644 1037 in
664 976 734 1040 loro
754 977 918 1039 conscien-
971 977 1043 1040 dedi
1059 997 1246 1060 responsum
1263 981 1412 1063 :quiade
1426 984 1566 1064 generali
1580 983 1829 1049 conciliemus.

168 1069 232 1148 ria,
249 1079 304 1134 aut
326 1072 526 1154 presbyteros
549 1073 708 1151 ordinare,
731 1075 782 1137 vel
802 1094 917 1157 corpus
971 1074 1148 1140 lonnaliter
1175 1087 1313 1160 sumpto,
1343 1087 1375 1142 et
1402 1082 1505 1162 quoad
1533 1100 1719 1163 supremum

167 1169 282 1232 Christi
307 1170 480 1250 conficere,
496 1179 552 1234 aut
576 1171 724 1236 infideles
747 1192 844 1237 manu
868 1193 918 1236 ar·
971 1174 1056 1255 quod
1071 1176 1224 1256 competit
1238 1175 1280 1256 ei,
1297 1177 1421 1241 scilicet
1433 1177 1577 1260 judicare
1594 1188 1627 1242 et
1639 1179 1719 1242 deli·

166 1277 254 1330 mata
271 1267 452 1349 debellare;
468 1271 523 1333 sed
543 1271 582 1334 ad
607 1271 712 1353 ipsum
737 1280 859 1353 spectat
883 1273 916 1334 in
973 1273 1042 1335 nire
1063 1276 1240 1338 seeundum
1259 1275 1468 1340 directionem
1487 1277 1623 1360 Spiritus
1642 1278 1719 1342 San-

165 1365 352 1448 hujnsmodi
376 1368 543 1432 consulere
567 1369 618 1432 vel
643 1369 763 1433 dictare
789 1394 796 1433 :
824 1370 917 1451 cujus
972 1371 1015 1434 cti
1031 1371 1064 1433 in
1080 1374 1185 1435 causis
1199 1374 1369 1456 precipuis
1383 1377 1422 1438 ad
1437 1375 1509 1457 ejus
1523 1376 1628 1440 lorum
1647 1396 1719 1460 spe

166 1464 336 1528 dictamini
350 1465 404 1547 qui
419 1467 648 1530 contumaciter
667 1477 832 1551 repugnat,
850 1470 918 1551 Spi-
972 1469 1144 1550 etantibus,
1176 1471 1298 1534 dictum
1332 1482 1364 1535 et
1395 1473 1637 1556 intelligendum
1670 1484 1719 1538 est

167 1564 243 1626 ritui
272 1564 387 1628 Sancto
415 1574 580 1648 repugnat,
611 1567 703 1649 cujus
731 1575 779 1630 est
811 1569 917 1649 ipsum
972 1568 1032 1630 hoc
1046 1591 1054 1646 3
1070 1575 1103 1630 et
1124 1569 1210 1650 quod
1230 1569 1313 1651 Papa
1336 1571 1506 1653 subjicitur
1529 1573 1720 1636 determina-

169 1662 345 1726 coneilium
359 1663 392 1726 in
408 1663 603 1728 consulendo
622 1672 654 1728 et
674 1664 823 1730 dictando
843 1666 919 1729 diri·
972 1665 1052 1728 tioni
1074 1666 1216 1745 concilii,
1233 1687 1296 1732 non
1316 1676 1351 1731 ut
1370 1670 1543 1733 monarcha
1560 1678 1593 1734 et
1610 1689 1721 1754 supre-

167 1779 254 1842 gere.
271 1761 373 1842 liujus
396 1761 576 1845 exemplum
601 1763 701 1826 estin
723 1764 862 1843 bomine,
884 1765 917 1828 in
973 1783 1045 1826 mus
1069 1764 1235 1828 hierarcha
1259 1767 1450 1831 universalis
1477 1766 1639 1850 Ecclesia,
1665 1771 1720 1833 sed

167 1879 234 1941 quo
253 1860 332 1922 ratio
352 1867 539 1942 potestatem
559 1860 654 1924 habet
676 1861 862 1926 dietativam
887 1861 955 1926 etll
974 1871 1009 1926 ut
1022 1863 1204 1942 deviabilis,
1220 1884 1274 1928 rea
1294 1866 1507 1948 peccabilisve
1528 1886 1672 1948 persona,
1689 1877 1722 1932 et

169 1958 417 2038 consiliativam,
434 1959 580 2022 voluntas
603 1969 708 2024 autem
732 1961 918 2026 exercitium
974 1969 1008 2022 ut
1031 1961 1162 2041 quidam
1191 1960 1293 2044 ipsius
1320 1963 1468 2028 Ecclesiae
1497 1966 1719 2045 cancellarius,

168 2058 268 2122 habet
288 2065 321 2120 et
340 2057 588 2122 exsecutionem.
973 2059 1034 2123 boc
1049 2059 1145 2122 estin
1159 2068 1314 2143 quantum
1328 2061 1473 2142 inferior,
1488 2081 1553 2127 non
1568 2063 1602 2125 in
1621 2082 1721 2146 quan-

974 2164 1040 2220 tum
1056 2157 1211 2238 superior,
1228 2167 1262 2220 ut
1276 2158 1321 2222 ibi
1336 2159 1460 2241 plenius
1474 2160 1596 2224 dictum
1614 2169 1674 2242 est,
1689 2169 1722 2224 et

973 2255 1057 2318 inlra
1078 2264 1237 2338 tangetur.

387 2337 633 2404 ARTIGULUS
660 2339 703 2402 X·
1013 2353 1120 2432 Porro,
1135 2355 1220 2434 quod
1235 2354 1318 2436 Papa
1331 2355 1373 2417 sit
1387 2355 1489 2419 nihilo
1506 2354 1614 2419 minus
1634 2365 1723 2439 pote·

169 2477 385 2554 confirmatio
394 2479 612 2556 quorumdam
623 2479 792 2539 verboru„
806 2481 842 2540 ,·„
848 2481 920 2556 Pri,
973 2452 1063 2515 statis
1078 2461 1109 2514 et
1121 2452 1354 2533 jurisdictionis
1368 2473 1522 2536 supreme
1535 2455 1722 2519 auctoritate

211 2586 263 2626 mo
282 2569 434 2642 ορμεςμιο
451 2575 689 2638 contentorum,
708 2588 749 2628 a„
767 2570 866 2629 dicu,
883 2569 920 2630 ,¹72
974 2551 1142 2614 decoratus
1156 2551 1190 2614 in
1204 2561 1299 2630 terra,
1316 2552 1350 2615 in
1364 2552 1416 2616 bis
1436 2571 1508 2636 quse
1521 2561 1554 2617 et
1566 2563 1722 2635 quantum

208 2657 412 2732 praecedenti
424 2657 549 2716 articul
570 2704 577 2718 .
974 2648 1013 2713 ad
1029 2669 1118 2712 suam
1134 2649 1296 2730 pertinent
1310 2651 1493 2714 cathedram
1507 2670 1605 2733 super
1624 2661 1721 2715 totam

973 2747 1160 2826 Ecclesiam,
1180 2768 1219 2810 ex
1239 2748 1332 2811 dictis
1346 2750 1380 2810 in
1396 2749 1586 2832 precedenti
1605 2751 1723 2814 articu-

235 2843 353 2907 ClllPSl
368 2841 401 2906 in
417 2843 519 2925 primo
535 2845 712 2927 tractatulo,
725 2846 859 2910 articulo
873 2847 920 2910 vi·
974 2847 1006 2910 lo
1030 2847 1276 2910 demonstratur.
1292 2848 1449 2912 Accidens
1469 2868 1607 2930 namque
1628 2869 1721 2913 suum

173 2951 203 3008 k
249 2943 368 3006 oesimo
382 2951 481 3022 sexto,
497 2943 763 3026 quemadmodum
778 2945 817 3007 ad
836 2964 920 3026 quae-
974 2945 1166 3026 subjectum,
1187 2944 1219 3006 in
1244 2964 1307 3027 quo
1331 2946 1458 3009 realiter
1482 2946 1723 3028 formaliterque

170 3041 311 3104 stionem
339 3059 402 3121 qna
426 3041 588 3122 quaeritur,
615 3061 656 3103 an
681 3041 853 3105 concilium
879 3043 956 3108 sill}
975 3044 1131 3122 consistit,
1140 3043 1305 3124 potissime
1319 3045 1504 3109 denominat
1516 3052 1611 3128 atque
1625 3045 1724 3109 veris-

170 3160 270 3225 super
284 3142 459 3223 Papam,an
475 3140 579 3223 potius
593 3160 779 3222 econverso,
791 3144 919 3224 quidam
975 3143 1140 3221 sime,imo
1154 3151 1186 3205 et
1201 3143 1610 3227 propriissime,praesertim
1626 3163 1722 3226 quum

170 3257 259 3302 nunc
275 3238 418 3303 absolute
433 3240 603 3320 loquendo,
621 3241 770 3303 audacter
791 3261 921 3324 respon·
974 3241 1148 3304 accidentis
1166 3260 1237 3303 esse
1257 3240 1299 3303 sit
1316 3242 1432 3305 inesse.
1449 3242 1551 3317 Quum
1565 3262 1641 3325 ergo
1654 3242 1721 3324 jam

171 3338 262 3415 dent,
279 3340 363 3418 quod
387 3337 537 3419 generale
562 3338 734 3401 concilium
760 3339 802 3402 sit
825 3360 921 3421 super
974 3340 1095 3402 dictum
1120 3339 1172 3416 sit,
1197 3339 1281 3421 quod
1307 3340 1530 3404 ecclesiasticae
1556 3342 1722 3423 potestatis

170 3436 301 3517 Papam,
317 3436 456 3519 itemque
477 3436 610 3517 majoris
635 3438 797 3518 potestatis
816 3448 846 3501 cl
866 3458 922 3501 au·
975 3436 1139 3519 plenitudo
1168 3437 1202 3498 in
1230 3438 1299 3501 solo
1323 3456 1448 3501 summo
1470 3437 1625 3501 Pontilice
1648 3438 1722 3502 sub·

171 3534 330 3597 ctoritatis
357 3552 452 3617 quam
481 3534 547 3615 ille,
573 3534 669 3597 etiarn
698 3535 857 3617 loquendo
881 3536 920 3599 de
974 3536 1092 3618 jective
1110 3536 1166 3613 sit,
1185 3535 1443 3599 exsistentialiter
1460 3544 1556 3617 atque
1581 3535 1723 3600 formali·

170 3631 312 3695 concilio
326 3640 358 3695 et
371 3632 454 3714 Papa
469 3650 610 3695 seorsum
626 3634 766 3714 acceptis
781 3654 837 3697 seu
852 3654 921 3698 con·
974 3642 1033 3715 ter,
1050 3642 1175 3697 constat
1188 3634 1271 3714 quod
1287 3653 1361 3695 eum
1376 3634 1538 3697 dumtaxat
1556 3630 1722 3698 verissime

170 3729 331 3793 sideratis.
357 3730 476 3805 Quibus
501 3730 607 3793 verbis
630 3731 733 3813 adjeci
760 3756 767 3794 :
791 3734 918 3815 Verum,
975 3731 1259 3815 propriissimeque
1284 3732 1468 3795 denominat
1494 3756 1502 3794 ε
1529 3740 1663 3815 ergoet
1690 3733 1719 3795 ei

169 3830 248 3912 quia
274 3830 437 3911 hucusque
462 3830 627 3911 probatum
652 3840 683 3893 et
708 3839 829 3895 tentum
859 3842 919 3911 est,
975 3831 1111 3911 (scilicet
1143 3828 1247 3911 Papae)
1281 3838 1401 3892 tantum
1436 3829 1539 3893 taliter
1572 3830 1722 3893 convenit

170 3928 258 4009 quod
273 3928 355 4008 Papa
370 3928 411 3989 sit
424 3927 521 3991 totius
535 3947 591 3991 seu
606 3928 794 3992 universalis
813 3931 921 3993 Eccle-
975 3937 1129 4010 quantum
1150 3929 1189 3990 ad
1208 3927 1310 4009 ipsius
1334 3927 1535 4009 pontificium
1559 3948 1597 3992 ac
1621 3928 1722 4011 magi-

171 4027 228 4091 siae
243 4027 340 4089 etiarn
359 4025 454 4089 simul
474 4034 617 4108 sumptae,
634 4045 698 4090 non
718 4028 820 4091 solum
839 4029 921 4091 divi·
975 4026 1107 4091 sterium
1128 4034 1260 4108 spectat.

170 4127 235 4189 sim
251 4133 400 4205 acceptae,
418 4132 524 4205 pastor
545 4144 751 4208 summusque
766 4127 917 4209 pontifex,
1015 4124 1178 4202 rraerarea,
1195 4124 1228 4186 in
1244 4124 1495 4211 precedentibus
1514 4125 1659 4188 habitum
1673 4134 1721 4189 est
1743 4136 1780 4178 tib·
1791 4135 1808 4188 1.
1823 4140 1866 4209 up·

170 4224 323 4307 praelatus
337 4232 370 4286 et
383 4231 488 4304 capnt,
506 4224 668 4305 potestatis
688 4225 919 4306 plenitudinem
937 4226 961 4289 b
976 4223 1104 4302 libellis,
1120 4223 1204 4305 quod
1218 4229 1357 4304 potestas
1377 4223 1577 4306 dignitasque
1598 4224 1721 4307 papalis
1734 4214 1762 4313 {1¹
1763 4198 1864 4307 ss*

169 4324 314 4402 babens;
331 4322 454 4385 videtur
467 4322 683 4405 periculosum
698 4332 761 4387 tam
778 4326 921 4389 absolute
976 4321 1142 4385 universas
1163 4329 1284 4383 ceteras
1303 4320 1533 4384 ecclesiasticas
1551 4321 1721 4403 dignitates

169 4422 423 4505 simpliciterque
439 4440 579 4485 asserere
594 4423 678 4503 quod
694 4423 865 4487 concilium
881 4426 921 4488 sit
975 4430 1008 4485 et
1021 4428 1192 4503 potestates
1210 4419 1389 4482 virtualiter
1409 4420 1443 4481 in
1461 4439 1496 4482 se
1515 4420 1722 4502 comprehen-

169 4542 270 4604 super
302 4519 430 4602 Papam,
461 4520 619 4601 loquendo
652 4524 853 4603 appropriate
881 4525 920 4587 de
976 4520 1023 4582 dit
1037 4529 1068 4583 et
1082 4518 1233 4595 continet,
1251 4518 1345 4581 etiam
1361 4517 1540 4582 sublimiori
1555 4518 1723 4601 perioche

170 4620 365 4702 majoritate,
380 4618 535 4700 dignitato
554 4626 586 4680 et
605 4626 759 4698 potestate
779 4622 817 4683 ad
838 4622 921 4684 dona
976 4618 1066 4699 rique
1082 4609 1176 4681 modo
1197 4636 1293 4699 quam
1311 4617 1345 4678 in
1365 4616 1434 4679 aliis
1453 4615 1515 4679 ille
1534 4617 1721 4698 consistant,

170 4720 282 4802 gratias
301 4717 400 4800 gratis
424 4716 503 4779 date
528 4716 719 4799 pertinente.
735 4718 921 4783 ldoderatins
977 4717 1059 4778 sicut
1080 4716 1114 4778 in
1136 4723 1201 4780 toto
1225 4716 1414 4798 potestativo
1437 4734 1511 4796 pars
1536 4716 1724 4797 potestativa

171 4835 251 4899 ergo
286 4816 457 4897 loquendo,
494 4814 630 4879 arbitror
666 4818 921 4897 respondendum
977 4814 1123 4898 superior
1144 4814 1305 4877 interioris
1332 4812 1561 4895 perlectionem
1589 4814 1725 4878 includit

171 4917 260 4999 quod
288 4915 334 4978 ibi
363 4914 403 4977 sit
430 4913 585 4977 excedens
615 4922 646 4977 et
673 4934 849 4997 excessum,
879 4917 923 4980 ita
977 4920 1009 4975 et
1023 4912 1145 4994 aliquid
1160 4911 1354 4994 superaddit,
1372 4912 1547 4975 secundum
1561 4912 1723 4975 Albertum

173 5016 260 5098 quod
276 5014 310 5076 iu
325 5012 485 5095 aliquibus
500 5012 673 5075 concilium
692 5022 741 5077 est
760 5034 855 5097 super
868 5014 923 5078 Pa·
979 5010 1011 5073 in
1027 5010 1110 5074 libro
1123 5012 1163 5073 de
1177 5010 1216 5071 lv
1231 5010 1529 5091 Coequeevis:quod
1543 5018 1575 5072 et
1589 5010 1724 5073 Thomas

42 5130 157 5203 uacua
174 5133 262 5199 pam,
279 5112 358 5175 etin
373 5110 533 5191 aliquibus
547 5129 721 5175 econverso
738 5136 744 5175 :
762 5114 845 5194 quod
860 5133 924 5195 quo
979 5130 1076 5193 super
1108 5110 1284 5173 secundnm
1307 5109 1548 5195 ,Sententiarum
1580 5116 1722 5172 testatur.
1739 5136 1832 5178 anast„

31 5192 160 5298 2522?ssss
175 5211 313 5275 dixerim
336 5228 444 5289 sensu,
460 5209 575 5290 saepius
597 5217 717 5272 tactum
738 5221 795 5274 est.
979 5209 1048 5273 Non
1065 5228 1141 5291 ergo
1154 5207 1298 5271 absolute
1314 5206 1473 5287 loquendo
1488 5207 1727 5270 concedendum

31 5288 113 5367 1¹¹2th
125 5332 147 5361 v·
217 5311 326 5391 ltaque
341 5308 474 5372 verbum
489 5308 573 5371 istud
589 5308 747 5389 aliquibus
765 5308 923 5391 displicet,
982 5308 1118 5387 videtur,
1132 5308 1216 5391 quod
1231 5307 1264 5369 in
1280 5305 1454 5368 universali
1467 5304 1609 5370 Ecclesia
1623 5314 1679 5370 aut
1693 5305 1727 5369 in
