4309 6250
485 506 606 556 norum
625 505 796 554 rmrnmrr
816 503 988 567 moueri,
1011 505 1101 554 maan
1121 507 1154 554 u.
1177 525 1217 538 -
1237 509 1308 556 rnr.
1331 509 1397 557 xru
1657 489 1717 554 ete

169 679 357 744 mendosam
380 698 418 742 ac
441 677 610 761 periidm
626 685 721 758 atque
745 695 803 740 vos
828 674 916 758 ipsos
930 677 957 740 Α
970 677 1011 740 ad
1034 676 1174 742 futuram
1198 678 1342 761 gloriam.
1360 679 1448 744 Unde
1472 678 1606 764 ipsemet
1630 677 1718 742 Chri·

170 775 277 857 perire
298 777 334 840 in
355 785 510 840 aeternum
530 777 563 840 in
584 795 633 840 ea.
971 783 1039 839 stus
1062 775 1108 840 ait
1130 777 1163 840 in
1187 777 1360 861 Evangelio
1387 803 1395 842 ε
1420 778 1508 844 Beati
1531 777 1586 860 qui
1613 795 1718 861 perse·
1744 805 1865 858 nativ,

209 873 271 938 Sed
291 873 399 938 forsan
420 874 573 938 indecens
591 893 630 937 ac
648 873 803 955 injustum
825 871 917 937 vohis
972 875 1133 940 cntionem
1147 877 1313 958 patiuntur
1326 885 1457 960 propter
1469 875 1720 960 justitiamque
1734 873 1767 913 ¹⁰·

170 971 310 1050 videtur,
325 973 411 1054 qnod
426 973 508 1035 Deus
522 972 632 1036 omnia
645 991 780 1035 cernens
798 991 836 1034 ac
850 991 919 1036 mo-
972 973 1059 1036 niam
1085 974 1226 1058 ipsorum
1251 983 1300 1039 est
1327 995 1460 1058 regnum
1489 975 1663 1053 coelorum3
1688 983 1720 1038 et

170 1070 504 1154 derans‚permisisset
515 1069 812 1134 innocentissimum
823 1078 917 1151 atque
973 1091 1083 1136 rursus
1114 1097 1121 1135 :
1150 1073 1237 1138 Beati
1266 1074 1343 1138 estis
1371 1093 1470 1156 quum
1498 1073 1720 1138 maledixerint
1735 1091 1866 1144 reicitur,

170 1169 410 1233 sanctissimum
433 1171 541 1234 lesum
560 1169 721 1231 Christum
744 1188 764 1231 a
785 1169 919 1232 seelera·
973 1171 1065 1234 vohis
1087 1171 1246 1251 homines,
1272 1180 1304 1236 et
1328 1171 1486 1256 persecuti
1510 1191 1568 1236 vos
1583 1159 1718 1249 luerint,

170 1267 304 1331 tissimis
332 1266 627 1348 crudelissimisque
650 1265 831 1330 hominihus
854 1275 919 1329 tum
974 1277 1006 1331 et
1033 1269 1172 1332 dixerint
1198 1287 1295 1333 omne
1322 1270 1443 1333 malum
1470 1270 1623 1334 adversus
1651 1287 1720 1350 vos,

170 1364 371 1429 amarissima
405 1384 442 1428 ac
477 1363 783 1446 ignominiosissime
817 1372 919 1427 morte
974 1367 1178 1446 mentientes,
1204 1376 1334 1452 propter
1358 1387 1430 1448 me3
1450 1369 1586 1451 gaudete
1610 1367 1643 1430 iu
1668 1367 1723 1430 illa

169 1463 287 1527 occidi.
973 1467 1054 1530 hora
1073 1474 1104 1528 et
1123 1465 1286 1544 exsultate,
1302 1467 1454 1549 quoniam
1475 1485 1598 1532 merces
1618 1475 1723 1530 vestre

114 1589 155 1620 m.
209 1562 328 1624 Verum
343 1563 382 1624 ad
397 1563 458 1625 hoc
472 1579 511 1624 ex
524 1561 619 1624 dictis
633 1561 665 1623 in
685 1559 790 1644 primo
808 1567 921 1624 tracta·
975 1563 1104 1646 copiose
1118 1572 1167 1628 est
1181 1563 1214 1627 in
1234 1565 1336 1628 coelis.
1352 1565 1471 1647 ltaque,
1488 1566 1639 1648 quoniam
1658 1573 1722 1628 tam

168 1668 202 1723 tu
218 1668 306 1742 patet
320 1659 547 1744 responsiolhi
561 1659 648 1723 euim
662 1666 710 1722 est
725 1659 919 1722 declaratum
975 1661 1152 1726 inellahilis
1176 1671 1208 1726 et
1229 1662 1405 1727 immensus
1427 1663 1488 1727 luit
1508 1663 1632 1726 fructus
1653 1682 1724 1745 pas·

167 1779 226 1822 cur
248 1778 351 1841 genus
372 1759 547 1822 humanum
569 1757 706 1840 indiguit
726 1756 841 1820 Christi
867 1757 921 1820 ad·
976 1759 1076 1824 sionis
1098 1760 1223 1841 Christi,
1240 1761 1389 1826 videlicet
1409 1769 1496 1825 tanta
1520 1763 1620 1844 ipsius
1640 1761 1724 1824 eral-

167 1865 279 1935 ventu‚
309 1863 343 1920 et
373 1856 509 1939 qualiter
540 1874 598 1937 per
628 1857 700 1937 ejus
738 1855 920 1938 passionem
938 1855 961 1916 B
976 1859 1053 1922 tatio
1067 1867 1161 1940 atque
1176 1859 1274 1923 totius
1287 1861 1414 1942 generis
1429 1860 1561 1924 humani
1576 1859 1721 1939 salvatio,

168 1956 372 2038 redemptum
399 1963 458 2019 est.
485 1955 524 2018 Et
547 1955 658 2035 utique
682 1954 716 2017 in
745 1955 806 2018 hoc
829 1955 921 2017 inno-
976 1957 1236 2021 decentissimum
1260 1958 1321 2022 luit
1346 1959 1430 2041 quod
1453 1959 1536 2022 Deus
1561 1977 1634 2023 cum
1658 1959 1723 2042 pati

167 2053 264 2117 tescit
286 2053 417 2118 infinita
441 2053 659 2118 misericordia
682 2051 749 2130 Dei,
766 2052 850 2134 quod
878 2053 921 2116 ita
975 2056 1132 2139 permisit.
1150 2055 1292 2139 Denique
1311 2077 1330 2120 ε
1348 2057 1508 2142 principie
1526 2057 1636 2121 mundi
1652 2076 1723 2140 per·

168 2171 227 2234 per
242 2151 452 2234 temporalem
474 2150 590 2215 Christi
611 2152 791 2234 passionem
808 2152 921 2215 snhve-
975 2155 1063 2218 misit
1076 2155 1158 2218 Deus
1174 2163 1300 2218 sanctos
1315 2163 1346 2217 ct
1361 2155 1548 2220 innocentes
1562 2155 1602 2218 ah
1617 2155 1723 2237 impiis

168 2251 216 2314 nit
245 2251 397 2314 universo
430 2250 541 2332 generi
573 2250 726 2330 humano,
756 2250 920 2314 liberando
975 2252 1138 2333 trucidari,
1163 2253 1324 2333 videlicet,
1350 2253 1427 2316 Ahel
1453 2273 1471 2316 a
1495 2253 1583 2333 Cain,
1608 2253 1722 2318 lsaiam
1738 2277 1861 2328 omma.

168 2348 251 2412 illud
278 2349 321 2412 ah
348 2347 514 2430 originalis
547 2347 669 2430 peccati
705 2356 794 2411 reatu
825 2357 920 2430 atque
974 2353 1161 2436 prophetem
1186 2371 1205 2414 a
1229 2371 1302 2435 rege
1326 2351 1478 2432 ldancssc,
1494 2353 1661 2416 Jeromiam
1682 2352 1722 2416 ah

167 2457 289 2512 aeterno
324 2446 475 2510 infernali
508 2445 650 2524 interitu,
675 2446 919 2529 reducendoque
975 2451 1131 2515 induratis
1152 2451 1276 2514 Judaeis.

168 2545 249 2608 illud
272 2547 313 2608 ad
338 2564 447 2608 veram
470 2543 617 2608 salntem.
643 2543 679 2606 ln
704 2545 765 2609 hoc
793 2562 919 2626 quoque
1013 2548 1052 2612 Et
1065 2567 1175 2630 quare,
1188 2567 1207 2612 o
1222 2549 1526 2627 Sarraceni,Chrlsti
1541 2549 1722 2632 passionem

167 2650 303 2726 apparet
320 2643 478 2707 immensa
496 2642 619 2724 justitia
637 2642 692 2704 ltei
707 2641 818 2720 Patris,
834 2643 918 2724 quod
975 2646 1109 2728 negatis,
1130 2665 1228 2728 quum
1250 2655 1355 2710 tamen
1376 2647 1466 2728 juxta
1486 2649 1649 2730 prophete
1671 2668 1725 2712 ve-

167 2742 284 2806 maluit
304 2741 506 2824 unigenitum
525 2740 640 2803 Filium
660 2759 753 2803 suum
772 2740 820 2804 sic
840 2740 917 2823 pati,
974 2742 1032 2806 stri
1055 2742 1233 2807 doctrinam
1258 2743 1403 2822 credatis,
1424 2752 1498 2807 ante
1523 2743 1621 2808 finale
1640 2745 1724 2827 judi-

166 2861 266 2923 quam
289 2849 421 2923 peccata
441 2840 543 2904 inulta
563 2839 753 2921 relinquere.
974 2842 1060 2904 cium
1090 2859 1200 2904 omnes
1228 2840 1461 2906 intellectuales
1489 2861 1525 2906 ac
1556 2843 1724 2907 rationales

206 2938 274 3002 Nec
294 2939 356 3002 hoc
377 2937 528 3003 indecens
542 2937 606 3002 lleo
625 2946 685 3016 est,
700 2938 785 3020 qnod
801 2938 919 3003 electos
974 2939 1147 3022 creaturis,
1178 2939 1274 3003 etiam
1304 2949 1430 3004 sanctos
1458 2961 1495 3005 ae
1524 2942 1722 3022 innocentes,

167 3047 265 3121 atque
280 3037 464 3100 carissimos
484 3055 559 3100 suos
578 3036 736 3118 permittit
755 3037 788 3099 in
803 3038 956 3108 seculoc
975 3037 1229 3118 interficiendos,
1256 3047 1287 3102 et
1310 3058 1367 3122 per
1391 3039 1598 3122 quadraginta
1624 3059 1724 3105 annos

167 3138 231 3200 isto
246 3136 385 3220 plurima
405 3136 483 3218 pati,
498 3144 531 3197 et
551 3134 592 3198 ah
611 3134 720 3217 impiis
742 3136 916 3199 trucidari:
976 3136 1007 3199 in
1030 3156 1095 3201 non
1120 3156 1190 3200 esse
1215 3140 1404 3201 mansurosl
1423 3136 1491 3201 Non
1516 3137 1642 3202 videtur
1662 3140 1723 3203 hoe

167 3236 230 3298 scit
254 3235 343 3298 enim
366 3253 462 3316 qnam
486 3233 565 3296 utile
587 3243 620 3296 et
644 3232 769 3297 salubre
793 3233 835 3296 sit
858 3234 918 3298 hoc
974 3235 1066 3299 vohis
1082 3234 1199 3297 divinas
1213 3235 1366 3317 derogare
1379 3234 1522 3317 justitio,
1540 3245 1660 3301 tantmn
1676 3238 1725 3300 in·

167 3333 237 3397 suis
262 3332 447 3412 carissimis,
465 3332 584 3415 quihus
606 3350 665 3414 pro
690 3332 857 3414 temporali
882 3352 919 3396 ac
974 3333 1088 3415 iligere
1110 3352 1238 3417 poenam
1259 3334 1356 3397 etiam
1371 3333 1494 3399 Christo
1516 3335 1586 3398 sine
1606 3336 1724 3419 culpat

166 3432 260 3495 brevi
287 3439 444 3501 tormento
468 3429 602 3513 largitur
622 3438 751 3507 rotoma,
767 3430 919 3513 copiosis
974 3432 1147 3509 Postremo,
1174 3432 1270 3495 etiam
1299 3440 1385 3497 sexto
1414 3432 1561 3497 Alcorani
1591 3434 1726 3498 hahetur

167 3532 253 3593 sima
277 3549 315 3592 ac
339 3528 566 3611 gloriosissima
590 3528 721 3610 praemia
747 3547 856 3591 secum
885 3528 917 3591 in
975 3530 1115 3613 capitulo
1139 3533 1302 3591 :Constat
1327 3534 1446 3592 multos
1468 3534 1724 3609 Prophetarum,

168 3629 265 3692 eoelo.
281 3628 370 3691 Unde
393 3626 433 3690 do
451 3626 575 3690 Christo
594 3626 739 3689 scribens
757 3628 919 3709 aposlolus
975 3633 1064 3690 viros
1077 3633 1440 3709 summates,pluresque
1456 3632 1633 3699 doroscoro
1646 3634 1725 3692 occi-

77 3739 97 3749 ''
124 3754 153 3790 r,
167 3726 299 3805 Paulus,
319 3726 404 3808 qnod
428 3724 609 3788 humiliavit
633 3725 851 3808 semetipsum,
872 3725 919 3789 ia·
974 3749 1034 3789 sos.
1045 3726 1146 3790 Nolite
1161 3746 1237 3808 ergo
1251 3727 1387 3806 caritati,
1399 3728 1541 3811 passioni
1558 3748 1594 3792 ac
1609 3731 1724 3793 ceteris

48 3833 54 3843 '
168 3834 240 3890 ctus
268 3824 423 3890 obediens
454 3823 536 3886 Patri
566 3840 666 3905 usque
698 3823 737 3886 ad
771 3833 917 3906 mortem,
976 3825 1143 3890 beneficiis
1164 3826 1278 3889 Christi
1301 3825 1420 3890 diutius
1442 3846 1511 3891 esse
1534 3828 1647 3910 ingrati
1670 3850 1725 3894 ne

166 3933 307 3989 mortem
329 3931 436 3986 autem
458 3922 574 4001 crucis,
590 3940 663 3985 mox
685 3922 725 3985 dc
746 3930 841 3985 unte
861 3923 920 3985 hu·
974 3945 1036 4008 que
1050 3925 1206 3988 increduli
1221 3948 1229 4003 ;
1246 3926 1301 3987 sed
1317 3925 1442 4007 abjecto
1457 3926 1597 3991 conficto
1613 3947 1649 3991 ac
1665 3928 1725 3991 lal-

166 4022 370 4102 miliationis,
386 4020 576 4085 obedientias
599 4019 819 4103 passionisque
842 4040 920 4103 prro·
975 4024 1101 4087 sissimo
1122 4023 1290 4103 Alcomno,
1306 4023 1479 4106 Evangelio
1498 4026 1617 4089 credits
1636 4026 1724 4097 Chri-

36 4140 152 4189 ruar-n.
166 4122 236 4186 mio
261 4118 452 4184 accidentali
478 4118 586 4181 suhdit
601 4141 609 4181 z
625 4118 755 4200 Propter
779 4121 863 4202 quod
887 4129 919 4184 ot
974 4123 1026 4199 sti,
1043 4122 1110 4204 qui,
1127 4129 1162 4183 ut
1183 4122 1319 4184 loannes
1340 4122 1548 4204 evangelista,
1570 4126 1609 4187 de
1631 4126 1723 4207 eujus

166 4222 253 4283 Dens
277 4216 429 4282 exaltavit
450 4217 553 4297 illum,
568 4225 601 4280 et
623 4217 711 4281 dedit
733 4217 780 4281 illi
801 4237 918 4282 nomen
933 4226 958 4289 Ι)
974 4221 1141 4283 sanctitate
1163 4238 1226 4283 non
1250 4219 1412 4299 dubitetis,
1430 4220 1462 4282 in
1479 4240 1536 4286 suo
1557 4224 1723 4306 evangelio

165 4318 255 4401 quod
283 4324 333 4379 est
360 4334 458 4397 snper
479 4332 575 4379 omne
599 4332 729 4393 nornen,
745 4324 780 4378 ut
804 4316 837 4378 in
863 4334 920 4379 no-
974 4318 1113 4401 scripsit,
1141 4318 1184 4381 ait
1210 4340 1217 4379 ε
1244 4318 1391 4381 Animam
1421 4338 1524 4383 meam
1553 4339 1637 4403 pono
1666 4342 1877 4405 pronominis

166 4417 258 4479 mine
288 4415 363 4478 Jesu
395 4432 491 4477 omne
522 4432 608 4495 genn
636 4412 795 4492 flectatur,
824 4414 920 4478 coele-
972 4418 1088 4481 ovibus
1110 4417 1199 4480 meis.
1217 4417 1304 4480 Unde
1319 4425 1352 4479 et
1371 4416 1455 4480 idem
1472 4418 1502 4481 S.
1519 4419 1655 4483 loannes
1669 4422 1724 4484 de-

165 4516 279 4591 stium,
301 4512 500 4576 terrestrium
520 4520 553 4575 et
571 4510 782 4591 infernorum,
798 4521 830 4575 et
852 4532 919 4577 om·
973 4535 1037 4580 nuo
1064 4524 1261 4579 contestatur
1291 4539 1298 4578 :
1325 4516 1415 4579 lesus
1444 4516 1585 4581 Christus
1613 4519 1723 4583 dilexit
1737 4540 1855 4595 apanis.

166 4615 219 4676 nis
234 4613 347 4694 lingua
360 4610 554 4677 confiteatur
567 4610 643 4691 quia
661 4610 814 4674 Dominus
828 4612 918 4674 Jesus
974 4634 1043 4694 nos,
1060 4623 1093 4677 et
1107 4614 1185 4677 lavit
1205 4632 1263 4677 nos
1278 4634 1297 4676 a
1316 4614 1456 4695 peccatis
1472 4616 1589 4679 nostris
1604 4617 1637 4680 in
1652 4638 1724 4681 san-

166 4714 201 4777 in
225 4712 331 4794 gloria
348 4718 399 4775 est
416 4710 472 4773 Dei
493 4709 603 4773 Patris.
619 4708 701 4773 Hinc
725 4709 823 4773 David
847 4729 920 4792 pro-
974 4714 1072 4794 guine
1087 4731 1155 4776 suo.
1166 4712 1349 4794 Rursusque
1363 4712 1530 4777 verissime
1545 4724 1639 4798 atque
1654 4717 1723 4780 dul-

39 4830 151 4885 rmvis.
165 4813 266 4893 pheta
288 4817 422 4875 testatus
445 4817 494 4872 est
520 4832 527 4870 :
553 4808 691 4871 Pretiosa
715 4808 819 4871 estin
844 4828 920 4872 eon·
973 4811 1103 4875 cissime
1119 4811 1260 4893 loquitur
1276 4834 1282 4871 :
1300 4810 1335 4872 In
1357 4811 1417 4875 hoo
1439 4813 1587 4895 apparuit
1608 4816 1722 4879 caritas
1746 4837 1868 4891 riman.

34 4896 144 4941 “Q
166 4919 282 4993 spectu
318 4907 455 4985 Domini,
484 4926 572 4971 mors
604 4906 793 4971 Sanctorum
825 4907 917 4990 ejus;
972 4910 1027 4973 Dei
1049 4910 1082 4971 in
1102 4910 1205 4987 nohis,
1222 4909 1374 4990 quoniam
1399 4910 1515 4973 Filium
1537 4932 1630 4976 suurn
1654 4914 1723 4976 uni·
1737 4906 1757 4955 ⁹·
1772 4906 1803 4945 ¹⁰·

38 5028 71 5071 rt.
83 5045 151 5081 un...
165 5006 453 5090 itemquemtuttae
467 5004 688 5069 tribulationes
701 5006 870 5088 justorum,
887 5016 920 5069 et
973 5008 1118 5090 genitum
1147 5008 1232 5071 misit
1260 5009 1293 5071 in
1323 5010 1491 5089 mundum,
1516 5020 1551 5073 ut
1577 5012 1722 5075 vivemus

33 5094 62 5135 ”¹
165 5108 207 5170 de
235 5104 386 5171 omnihus
414 5103 465 5167 his
492 5103 643 5167 liherehit
669 5122 725 5167 eos
752 5104 916 5168 Dominus.
974 5127 1032 5189 per
1045 5109 1172 5190 ipsum3
1189 5108 1221 5170 in
1243 5108 1302 5171 hoe
1319 5116 1367 5171 est
1388 5110 1503 5171 ceritas
1520 5132 1526 5171 :
1545 5128 1608 5173 non
1631 5112 1721 5192 quasi

42 5224 95 5268 aa..
109 5241 151 5277 m,
165 5206 257 5269 Unde
278 5213 311 5269 et
331 5203 446 5267 Paulus
470 5202 632 5285 apostolus
649 5226 656 5265 :
672 5202 741 5267 Non
763 5212 838 5266 sunt
857 5204 919 5283 (in-
974 5226 1033 5269 nos
1054 5206 1258 5269 dilexerimus
1280 5206 1390 5284 Deum,
1408 5208 1462 5269 scd
1482 5208 1631 5288 quoniam
1653 5209 1721 5291 ipse

34 5288 62 5329 ¹⁸·
164 5304 250 5389 quir)
265 5302 433 5385 condigne
456 5300 620 5384 passiones
642 5300 740 5383 hujus
764 5301 918 5386 temporis
974 5304 1063 5388 prior
1083 5304 1195 5382 dilexit
1216 5323 1284 5369 nos.
1301 5306 1388 5368 Hauc
1409 5305 1595 5369 Sanctorum
1618 5326 1655 5372 ac
1676 5316 1723 5373 to-
