4309 6250
439 470 501 537 312
758 490 879 541 oomni
898 492 1068 539 semrom
1088 491 1261 554 assensn,
1285 491 1374 540 urnas
1396 493 1429 539 u.
1452 511 1493 522 -
1513 492 1585 540 sar.
1607 493 1674 540 xxu

441 660 499 724 tibi
522 661 713 727 familiarem
736 662 879 727 fmxistit
905 663 1027 745 Nempe
1049 664 1118 728 haec
1142 662 1189 727 di·
1203 663 1228 725 Α
1244 662 1287 726 lle
1306 663 1367 727 hac
1388 663 1503 728 Christi
1523 664 1671 746 passione
1691 665 1726 730 in
1751 665 1832 729 libro
1854 664 1987 728 Psalmo

442 778 531 840 cens,
560 759 739 824 Gabrielem
767 761 874 826 fecisti
904 763 1104 841 mendacem,
1133 761 1188 843 qui
1243 779 1314 826 rum
1339 761 1498 826 uberrime
1524 763 1641 846 legitur
1663 764 1898 847 prophetatum,
1915 782 1987 846 pre

292 878 427 930 oannes.
442 857 476 921 in
490 858 621 923 Daniele
636 860 680 923 ait
695 885 703 922 :
719 860 791 925 Post
809 861 1025 925 hebdomades
1046 859 1190 942 senagin-
1243 861 1353 924 sertim
1385 860 1418 923 in
1450 860 1574 942 psalmo
1607 862 1762 927 vicesimo
1792 862 1907 945 primo,
1936 860 1985 924 uhi

442 966 474 1021 ta
500 959 579 1022 duas
608 959 772 1024 occidetur
795 959 959 1038 Christus3
982 967 1014 1022 et
1038 977 1104 1022 non
1129 958 1189 1022 erit
1243 958 1349 1040 passio
1374 958 1434 1022 ista
1457 967 1523 1022 tam
1548 960 1713 1024 evidenter
1740 960 1931 1042 praedicitur,
1955 968 1988 1023 ut

440 1057 513 1139 ejus
540 1058 688 1140 populus,
713 1059 768 1141 qui
797 1078 871 1122 eum
899 1058 1040 1141 negabit.
1065 1058 1100 1120 ln
1129 1058 1189 1120 hae
1244 1056 1350 1138 potius
1365 1057 1509 1121 videatur
1523 1067 1652 1124 sanetus
1666 1059 1763 1122 David
1784 1078 1852 1123 rem
1869 1067 1985 1141 mmm

441 1155 565 1220 visione
592 1157 780 1239 prophetica
801 1156 927 1221 Gabriel
956 1156 1111 1219 revelavit
1133 1157 1191 1218 lla-
1244 1173 1372 1218 narrare
1399 1174 1495 1237 quam
1524 1155 1664 1219 futuram
1691 1157 1916 1240 praenuntiare.
1943 1156 1985 1218 lbi
2114 1225 2115 1242 2

441 1253 519 1317 uieli
543 1255 705 1337 prophetae
728 1263 850 1318 certum
879 1263 1006 1337 tempus
1035 1256 1190 1317 adventus
1242 1253 1360 1316 etenim
1382 1253 1416 1316 iu
1435 1253 1550 1318 Christi
1571 1273 1707 1337 persona
1724 1256 1809 1319 inter
1826 1255 1985 1318 ceteradi-

441 1349 608 1433 Christi,et
621 1352 706 1434 quod
720 1372 778 1434 per
790 1352 905 1416 Christi
919 1352 1101 1435 passionem
1117 1371 1189 1434 peo-
1244 1351 1327 1414 citur
1343 1375 1350 1412 :
1367 1353 1432 1434 Ego
1447 1361 1553 1415 autem
1573 1372 1644 1415 sum
1658 1353 1790 1434 vermis,
1806 1363 1839 1416 et
1851 1372 1916 1418 uon
1935 1354 1986 1417 ho·
1998 1375 2097 1428 rane-s.
2114 1375 2115 1422 t

442 1458 512 1513 cata
533 1449 644 1513 mundi
664 1459 771 1513 essent
788 1450 939 1531 tollenda,
956 1458 1050 1533 atque
1071 1459 1190 1514 aeterna
1244 1468 1317 1528 mo;
1347 1450 1555 1533 opprobrium
1582 1451 1762 1532 homiuum,
1792 1460 1824 1514 et
1853 1451 1985 1533 abjectio

440 1548 565 1630 justitia
587 1548 784 1628 adducenda,
801 1549 946 1613 omnium
970 1567 1097 1632 quoque
1118 1548 1189 1612 Pro
1244 1547 1357 1630 plebis.
1365 1545 1481 1611 Omnes
1496 1548 1639 1612 videntes
1654 1568 1716 1628 me,
1727 1549 1908 1613 deriserunt
1922 1569 1983 1626 mo;

442 1647 608 1727 phetarum
623 1647 750 1711 oracula
764 1645 976 1730 adimplenda.
985 1647 1038 1710 Sic
1054 1666 1188 1729 namque
1243 1645 1340 1709 locuti
1356 1653 1431 1708 sunt
1445 1644 1548 1726 labiis,
1566 1655 1598 1710 et
1611 1655 1780 1711 moverunt
1795 1655 1901 1730 caput.
1917 1648 1986 1730 Spe-

306 1766 365 1809 rsu.
392 1744 574 1827 sapraefato
598 1744 739 1827 capitulo
760 1745 805 1807 ait
823 1743 1008 1827 Scriptura:
1024 1743 1109 1807 Dixit
1131 1745 1188 1809 Ca·
1236 1743 1326 1817 ‘revit
1353 1743 1386 1805 iu
1419 1743 1564 1822 Domino,
1595 1745 1710 1827 eripiat
1743 1765 1838 1825 eum3
1868 1745 1985 1808 salvum

295 1831 331 1875 Ἀ
441 1843 523 1906 hriel
537 1844 576 1906 ad
590 1842 753 1906 Danielem
770 1866 778 1905 ε
795 1842 999 1925 Septuaginta
1017 1842 1225 1905 hebdom-B
1244 1842 1340 1905 faciet
1363 1862 1449 1920 eum,
1473 1845 1626 1925 quoniam
1651 1844 1722 1909 vult
1745 1865 1831 1908 eum.
1854 1846 2095 1929 Aperueraauu.

440 1942 497 2006 des
511 1941 702 2005 abbreviata
717 1950 793 2004 sunt
812 1960 909 2022 super
922 1941 1075 2023 populum
1097 1948 1187 2003 tuum
1243 1948 1317 2002 runt
1336 1960 1432 2024 super
1451 1961 1503 2005 me
1523 1961 1558 2006 os
1579 1961 1685 2022 suum,
1702 1942 1787 2006 sicut
1801 1943 1851 2006 leo
1866 1943 1986 2026 rapiens

439 2050 472 2106 et
486 2060 583 2124 super
596 2040 708 2104 urbem
728 2047 870 2103 sanctam
885 2048 1026 2117 tuem,ut
1041 2058 1189 2103 cousum—
1242 2047 1275 2101 et
1302 2039 1441 2121 rugiens.
1469 2040 1557 2103 Siout
1584 2058 1666 2122 aqua
1694 2040 1820 2104 effusus
1849 2060 1931 2122 sum,
1959 2049 1987 2103 et

439 2147 544 2202 metor
557 2137 788 2222 praevaricatio,
804 2146 836 2202 et
850 2137 949 2200 finem
964 2138 1100 2220 accipiat
1115 2138 1189 2221 pecss
1242 2137 1387 2220 dispersa
1401 2146 1475 2201 sunt
1489 2139 1597 2202 omnia
1609 2157 1682 2202 ossa
1700 2159 1794 2216 mea3
1811 2139 1989 2204 factumest

439 2246 557 2316 catum,
573 2246 606 2301 et
620 2236 764 2300 deleatur
782 2235 946 2316 iniquitas,
963 2244 994 2298 et
1012 2236 1188 2299 adducatur
1242 2254 1298 2299 cor
1327 2256 1433 2300 meum
1462 2244 1613 2318 tanquam
1647 2256 1720 2300 cera
1748 2237 1931 2320 liquescens
1956 2237 1986 2300 in

437 2336 562 2418 justitia
585 2334 792 2418 sempiterna,
808 2341 841 2396 et
860 2332 1031 2415 impleatur
1053 2334 1134 2398 visio
1156 2343 1188 2398 et
1242 2334 1347 2398 medio
1373 2335 1492 2398 ventris
1516 2335 1603 2414 mei;
1625 2335 1708 2398 aruit
1732 2343 1886 2418 tanquam
1914 2345 1987 2400 testa

438 2432 616 2517 prophetia,
632 2441 665 2496 et
678 2440 817 2513 ungatur
830 2431 964 2494 Sanctus
985 2431 1184 2510 Sanctorum,
1242 2433 1344 2496 virtus
1367 2453 1449 2511 mea,
1476 2441 1508 2497 et
1531 2433 1641 2515 lingua
1663 2451 1737 2496 mea
1767 2434 1901 2497 adhsesit
1924 2433 1987 2497 fau·

438 2531 587 2595 videlicet
608 2529 761 2594 Christus.
788 2528 996 2611 Protinusque
1020 2530 1188 2612 subjungit
1243 2532 1332 2594 cibus
1357 2532 1448 2609 meis,
1465 2539 1497 2594 et
1519 2532 1553 2594 in
1577 2531 1743 2614 pulverem
1765 2533 1876 2596 mortis
1896 2533 1987 2596 dedu-

437 2630 535 2694 verba
558 2628 743 2712 praebabita,
759 2634 869 2708 utpote
886 2627 949 2690 :Et
972 2637 1045 2710 post
1069 2629 1188 2693 hebdo-
1243 2629 1316 2692 xisti
1346 2649 1397 2692 me
1424 2653 1431 2692 :
1457 2630 1609 2712 quoniam
1635 2629 1916 2694 circumdederunt
1939 2649 1985 2693 me

438 2729 548 2792 mades
583 2726 746 2808 sexaginta
783 2726 863 2788 duas
904 2725 1068 2789 occidetur
1102 2726 1188 2790 Chri·
1243 2747 1339 2792 oanes
1359 2726 1463 2809 multi,
1481 2727 1655 2792 concilium
1674 2727 1920 2810 malignantium
1937 2729 1986 2792 ob

439 2834 520 2906 stus,
542 2834 604 2888 ete.
1243 2827 1326 2889 sedit
1348 2846 1409 2889 me.
1426 2826 1587 2890 Foderunt
1607 2845 1721 2889 manus
1735 2844 1824 2889 meas
1843 2834 1877 2890 et
1896 2827 1985 2909 pedes

478 2923 517 2986 Et
547 2921 700 2999 breviter,
728 2921 839 2984 lishon
873 2920 959 2984 istud
995 2921 1187 3003 proferendo
1241 2944 1342 3004 meos,
1367 2925 1651 2988 dinumeraverunt
1675 2925 1785 2989 omnia
1808 2945 1881 2990 ossa
1909 2944 1984 2988 mea.

439 3021 655 3097 mendacium,
672 3020 811 3083 ostendit
824 3037 859 3081 se
877 3019 974 3082 totius
994 3039 1092 3083 sacrae
1106 3020 1188 3084 Sori—
1206 3023 1304 3105 Clpsi
1327 3041 1403 3086 uero
1427 3023 1712 3086 consideraverunt
1733 3032 1766 3086 et
1785 3023 1986 3107 inspexermt

439 3130 540 3206 pturae
563 3119 722 3202 ignarum,
746 3126 780 3181 et
803 3117 966 3200 utriusque
994 3119 1186 3183 Testamenti
1242 3141 1315 3200 me3
1340 3120 1518 3185 diviserunt
1546 3121 1607 3185 sibi
1632 3121 1827 3186 vestimenta
1854 3142 1936 3201 mea,
1959 3130 1987 3184 et

440 3220 573 3304 paginas
594 3226 730 3295 sanctas,
747 3225 901 3300 quantum
920 3217 955 3279 in
976 3236 1010 3279 se
1032 3216 1104 3296 fuit,
1120 3237 1189 3281 cas·
1243 3239 1339 3302 super
1359 3227 1480 3283 vestem
1502 3238 1606 3282 meam
1628 3220 1784 3283 miserunt
1805 3229 1934 3284 sortem.

441 3318 535 3382 savit,
549 3316 641 3396 Nam,
658 3316 742 3379 sicut
760 3315 795 3377 in
814 3314 946 3378 Actibus
964 3315 1188 3396 Apostolorum
1282 3316 1375 3391 Quasi
1412 3317 1657 3381 innumerabilia
1685 3317 1839 3381 vaticinia
1868 3338 1986 3401 possem

442 3414 690 3500 gloriosissimus
715 3413 878 3497 apostolus
901 3413 1011 3476 Petrus
1035 3423 1190 3495 protesta-
1243 3416 1295 3479 hic
1325 3415 1463 3498 allegare
1492 3436 1530 3479 ex
1556 3415 1647 3478 libris
1674 3416 1790 3479 veteris
1813 3418 1987 3481 Testamen-

295 3537 428 3589 reauau.
442 3523 506 3593 tur,
532 3516 614 3577 Deus
639 3532 697 3594 per
724 3530 760 3575 os
788 3511 933 3575 omnium
961 3510 1188 3592 Prophetarum
1243 3515 1278 3577 ti.
1296 3515 1335 3577 Et
1349 3514 1433 3577 sicut
1447 3514 1611 3595 Prophetae
1634 3514 1697 3577 ista
1714 3516 1754 3577 de
1768 3514 1895 3579 Christo
1915 3535 1987 3599 prn-

442 3611 668 3697 praenuntiavit
699 3610 765 3693 pati
796 3608 953 3672 Christum
984 3629 1088 3672 suum.
1112 3609 1190 3673 Prae·
1244 3613 1485 3693 nuntiaverunt,
1512 3614 1557 3675 ita
1581 3612 1724 3695 Apostoli
1749 3632 1786 3676 ea
1809 3614 1843 3675 in
1870 3614 1985 3677 Christo

443 3720 539 3789 terea,
555 3712 596 3773 de
610 3709 726 3774 Christi
741 3708 889 3791 passione
910 3707 1012 3769 sancti
1027 3706 1189 3788 Prophetae
1244 3710 1375 3793 impleta
1409 3729 1479 3773 esse
1506 3710 1761 3791 praedicaverunt
1776 3734 1784 3788 3
1813 3711 1986 3793 Christique

443 3809 642 3891 apertissime
669 3805 833 3891 prelocuti
860 3813 1087 3869 monstrentur.
1113 3806 1189 3869 lude
1245 3809 1426 3892 passionem
1455 3827 1491 3871 ac
1521 3809 1788 3873 resurrectionem
1816 3808 1985 3873 beatissimi

295 3928 429 3981 remees.
443 3908 562 3973 etenim
586 3906 671 3989 apud
693 3904 808 3967 isaiam
831 3904 984 3986 scriptum
1010 3911 1087 3966 est:
1110 3904 1189 3967 Vere
1244 3915 1380 3990 quatuor
1392 3905 1601 3989 Evangelistae
1615 3906 1853 3989 descripserunt
1867 3926 1987 3972 concor

444 4008 614 4090 languores
641 4012 767 4067 nostros
795 4002 864 4083 ipse
891 4001 974 4079 tulit,
1005 4010 1037 4064 et
1063 4001 1189 4065 dolores
1245 4005 1476 4087 dilectamque
1491 4022 1587 4085 supra
1601 4004 1768 4086 probatum
1783 4006 1913 4085 est‚dici
1927 4020 2059 4069 nonnae·

443 4116 569 4169 nostros
582 4104 652 4188 ipse
671 4100 830 4185 portavit;
845 4108 878 4164 et
896 4120 955 4164 nos
974 4100 1190 4183 reputavimus
1245 4122 1337 4186 posse
1352 4104 1525 4185 scripturas
1540 4102 1706 4184 utriusque
1717 4105 1910 4168 Testamenti
1924 4122 1986 4169 esse

445 4224 519 4268 eum
533 4203 623 4285 quasi
638 4202 812 4284 leprosum,
828 4207 859 4261 et
877 4218 1065 4281 percussum
1081 4218 1099 4261 a
1113 4197 1188 4279 Deo,
1205 4200 1230 4263 D
1245 4201 1415 4279 inficiatas,
1432 4208 1487 4263 aut
1507 4201 1569 4263 ista
1590 4201 1629 4263 de
1650 4200 1765 4265 Christi
1788 4206 1935 4284 passione
1950 4205 1986 4267 ab

443 4312 476 4367 et
489 4300 689 4365 humiliatum
702 4319 711 4379 ;
727 4298 794 4381 ipse
814 4305 919 4361 autem
939 4297 1124 4361 vulneratus
1143 4308 1191 4361 est
1245 4300 1351 4382 aliquo
1366 4319 1435 4363 esse
1450 4299 1588 4363 conficta
1601 4298 1848 4383 Evangeliisque
1863 4302 1983 4366 inserta

443 4409 574 4485 propter
600 4398 786 4480 iniquitates
818 4405 954 4474 nostras,
983 4396 1109 4459 attritus
1143 4406 1191 4459 est
1244 4400 1310 4462 lmo
1325 4398 1397 4481 quis
1412 4397 1660 4461 Christianorum
1675 4396 1736 4460 ista
1750 4396 1908 4479 finxisset,
1918 4420 1985 4483 pra

444 4509 573 4584 propter
597 4497 718 4562 scelera
740 4504 858 4559 nostra.
874 4495 913 4557 Et
937 4514 1046 4558 rursus
1071 4496 1190 4559 ibidem
1246 4496 1355 4561 sertim
1370 4515 1469 4578 quum
1484 4504 1548 4559 tam
1568 4496 1782 4577 ignominiosa
1796 4516 1834 4561 ao
1856 4498 1985 4564 acerbis

306 4618 366 4663 resa.
394 4600 578 4671 labebatur
608 4621 615 4661 ε
646 4595 786 4659 Tradidit
816 4595 850 4657 in
883 4602 1018 4658 mortem
1050 4595 1190 4659 animam
1246 4597 1326 4659 sima
1349 4594 1456 4678 passio
1481 4594 1596 4657 Christi
1621 4594 1744 4657 auxerit
1765 4594 1984 4668 difficultatem

295 4685 316 4735 ⁵·
330 4686 351 4727 ⁶·
443 4717 546 4779 suam,
564 4705 596 4761 et
621 4714 694 4759 cum
715 4693 877 4757 sceleratis
899 4700 1063 4775 reputatus
1084 4701 1143 4773 est,
1160 4701 1192 4756 et
1246 4692 1396 4757 credendi
1411 4692 1445 4755 in
1460 4712 1534 4755 eum
1553 4699 1704 4775 tanquam
1724 4693 1758 4757 in
1780 4695 1913 4759 unicum
1933 4694 1982 4758 oei

442 4798 513 4881 ipse
534 4802 664 4878 moesta
684 4792 858 4856 multorum
873 4791 955 4869 tulit,
973 4799 1004 4854 et
1018 4810 1076 4873 pro
1091 4798 1192 4853 trans·
1245 4791 1383 4854 Tiliuml

442 4894 641 4981 gresseribus
673 4891 817 4973 rogavit;
838 4890 932 4972 cujus
960 4889 1059 4953 livore
1089 4889 1190 4952 saneti
1285 4889 1308 4952 0
1330 4888 1507 4966 sarraceni,
1525 4888 1551 4951 si
1570 4887 1659 4969 juxta
1672 4898 1831 4972 precepta
1845 4889 1984 4957 Alcorani

442 5012 574 5070 sumus3
589 5000 622 5055 et
641 4990 796 5054 Dominus
815 4988 921 5071 posuit
937 4988 970 5050 in
990 5006 1028 5051 eo
1043 4988 1193 5070 iniquita·
1245 4987 1382 5051 firmiter
1406 4986 1535 5050 creditis
1556 4985 1729 5068 Evangelio
1754 4996 1786 5051 et
1811 4990 1984 5054 Testamen-

441 5103 506 5159 tem
520 5090 665 5157 omnium
679 5094 835 5151 nostrum.
851 5087 896 5150 lle
915 5086 1100 5150 innocentia
1114 5104 1191 5168 quo-
1244 5094 1288 5164 to,
1304 5085 1442 5148 firmiter
1456 5084 1575 5148 credite
1590 5085 1674 5167 quod
1689 5102 1747 5167 pro
1762 5089 1875 5152 mundi
1891 5090 1981 5151 salute

335 5212 392 5257 esu.
405 5215 426 5256 a.
440 5213 503 5277 que
517 5188 633 5256 Christi
648 5186 800 5251 scribitur
818 5185 863 5249 ibi
881 5209 888 5247 :
904 5185 1104 5267 Iniquitatem
1124 5204 1189 5250 non
1243 5203 1356 5268 passus
1380 5184 1420 5247 sit
1444 5183 1605 5261 Christus3
1622 5183 1717 5266 idque
1741 5186 1913 5267 eredendo,
1929 5187 1982 5250 sci-

438 5290 526 5372 lecit,
542 5308 603 5353 nec
621 5285 773 5350 inventus
792 5291 845 5348 est
860 5282 952 5348 dolus
972 5282 1006 5347 in
1025 5301 1081 5348 ore
1102 5282 1185 5364 ejus.
1245 5290 1309 5347 tote
1336 5281 1513 5347 certissime
1538 5281 1729 5365 scripturam
1747 5284 1897 5350 Alcorani
1919 5304 1981 5349 esse
