4309 6250
328 516 478 567 numus
500 519 729 567 DISPU'l'ATlONlS
750 518 841 567 matt
862 518 1071 568 castelletto!
1091 520 1129 567 ΕΙ·
1149 520 1364 568 semestres.
1386 536 1428 551 ···
1447 519 1517 567 ΛΚΤ.
1539 520 1561 566 1
1657 500 1718 567 ⁴69

163 688 309 771 sanguis,
326 688 391 754 imo
405 689 466 754 lex
480 691 585 755 carnis
603 700 635 755 et
656 690 819 773 sangarinis
841 708 915 755 con·
929 690 954 753 Α
970 692 1073 757 tudini
1097 693 1246 755 videntur
1272 692 1445 757 sufficeret
1467 690 1547 770 Quin
1578 695 1654 757 imo.
1677 728 1719 741 -

163 787 302 869 cupivit,
333 796 366 851 et
392 789 520 871 qualem
553 790 792 853 sordidissimus
821 797 915 871 atque
970 790 1051 854 Ecce
1075 792 1161 873 quod
1184 791 1362 874 corporalia
1381 791 1437 855 illa
1460 791 1605 857 affirmat
1627 790 1720 857 sulli-

163 884 396 967 spurcissimus
408 884 517 949 ldahon
533 886 593 949 sibl
609 886 778 969 praeparari
794 905 915 949 summe
972 906 1043 951 cere
1065 889 1105 951 ad
1127 888 1273 951 salutem.

162 984 302 1065 optavit,
326 984 477 1064 quoniam
505 984 730 1049 delectationes
755 985 917 1065 incompa-
1012 985 1226 1051 Senascsnus.
1241 1022 1282 1033 -
1296 987 1438 1051 ltudibus
1453 987 1534 1050 dixit
1548 988 1619 1051 hoc.

164 1082 314 1145 rabiliter
333 1082 492 1163 meliores,
513 1084 662 1166 majores,
683 1084 855 1147 nobiliores
879 1102 916 1145 ae
1011 1084 1360 1149 Clarissimus—Non
1375 1086 1519 1166 rudibus,
1529 1087 1584 1150 sed
1598 1086 1718 1165 Abdia,

163 1180 345 1244 diviniores
366 1200 565 1263 nequaquam
580 1181 642 1245 luit
655 1191 764 1245 tauram
779 1182 832 1245 ille
848 1181 918 1244 libi·
972 1182 1182 1246 callidissimo
1202 1183 1320 1264 Iudaeo,
1336 1203 1432 1265 quem
1456 1192 1488 1246 et
1512 1185 1721 1267 prudentissi·

162 1278 301 1342 dinosus
315 1286 476 1360 expertus,
491 1279 546 1361 qui
562 1278 594 1341 in
610 1279 740 1343 servitio
755 1279 811 1343 Dei
827 1298 916 1341 suam
971 1299 1059 1344 mum
1086 1280 1254 1362 reputavit,
1271 1281 1349 1344 dixit
1372 1282 1445 1361 hoc,
1462 1290 1497 1344 ut
1520 1282 1554 1345 in
1580 1282 1721 1365 praealle-

163 1376 337 1440 libidinem
366 1376 612 1459 cupidinemque
646 1377 822 1457 constituit,
852 1395 916 1440 non
972 1385 1043 1461 gata
1078 1379 1236 1461 scriptura
1267 1379 1468 1462 apertissime
1496 1388 1593 1462 patet.
1623 1381 1661 1443 Et
1692 1381 1721 1445 si

163 1476 424 1540 sincerissimum
453 1476 508 1539 Dei
536 1475 702 1557 honorem,
732 1476 858 1540 laudem
887 1484 919 1540 et
973 1476 1171 1559 spiritualem
1198 1476 1358 1559 posuisset
1385 1477 1581 1559 felicitatem,
1607 1478 1721 1543 saltem

162 1574 307 1657 gloriam
328 1574 521 1639 aeternalem.
972 1574 1080 1637 Iudaeo
1094 1573 1142 1636 illi
1157 1574 1234 1637 binc
1248 1574 1372 1656 aliquid
1386 1576 1552 1658 tetigisset.

207 1674 424 1737 stammana
440 1708 481 1719 —
499 1672 557 1735 lliu
577 1680 608 1735 te
624 1672 839 1754 disputantem
865 1692 920 1754 pa·
1013 1672 1228 1737 sineremus.
1248 1708 1289 1719 -
1313 1672 1368 1735 Vis
1392 1691 1469 1755 ergo
1492 1674 1721 1738 beatitudinem

162 1772 287 1834 tienter
300 1769 429 1847 audivi,
445 1778 477 1833 et
494 1789 532 1832 ea
550 1788 620 1850 quaa
639 1769 785 1849 intulisti,
802 1771 917 1852 partim
974 1770 1006 1834 in
1021 1771 1099 1834 solis
1114 1770 1334 1854 spiritualibus
1349 1790 1469 1853 ponere
1483 1770 1597 1835 bonisl

163 1888 246 1932 vera
265 1888 336 1931 esse
355 1868 507 1931 concedo.
523 1867 639 1930 Dicunt
657 1868 775 1931 etenim
795 1868 919 1950 sapien·
937 1868 960 1933 B
1014 1868 1232 1932 Caarsrrarvus.
1246 1904 1287 1917 --
1307 1868 1484 1932 Essentiale
1505 1870 1670 1951 premium
1691 1878 1724 1933 et

163 1977 215 2031 tes
242 1966 324 2049 legis
349 1974 475 2045 nostrae,
491 1974 523 2028 et
546 1965 707 2029 dviceuua
730 1984 767 2028 ac
792 1964 918 2047 Algazel
975 1986 1099 2041 summa
1113 1967 1250 2031 felicitas
1264 1969 1450 2045 electorum,
1467 1968 1501 2031 in
1516 1968 1645 2031 Deitatis
1659 1968 1724 2031 cla·

162 2066 292 2128 eisdem
310 2064 485 2127 rationibus
505 2064 622 2145 quibus
644 2072 676 2127 et
698 2073 730 2127 tu
752 2082 809 2146 pro
831 2073 919 2145 parte
975 2084 1010 2128 ra
1028 2073 1059 2127 et
1084 2064 1216 2128 lruitiva
1238 2064 1363 2128 visione
1382 2063 1540 2128 consistit.
1556 2066 1723 2129 Praemium

162 2164 235 2245 jam
251 2182 329 2225 usus
344 2182 390 2240 es,
407 2162 543 2244 probant
556 2162 640 2243 quod
656 2162 766 2243 utique
781 2162 823 2224 sit
837 2180 920 2243 que·
974 2182 1050 2226 vero
1073 2163 1271 2226 accidentale
1293 2170 1326 2225 et
1349 2162 1456 2226 minus
1480 2163 1667 2245 principale,
1689 2164 1723 2225 in

163 2264 244 2325 dam
259 2260 376 2325 melior
394 2260 560 2323 hominurn
583 2260 745 2323 beatitudo
765 2280 861 2341 quam
882 2280 920 2323 ea
974 2262 1128 2342 adspectu
1143 2260 1350 2324 humanitatis
1364 2260 1490 2339 Christi,
1507 2260 1540 2323 in
1555 2260 1724 2324 intuitione
1800 2296 1806 2303 ·

163 2380 267 2443 quam
283 2359 388 2441 tetigit
401 2358 557 2421 ldahomet
570 2382 577 2420 ε
590 2376 661 2440 quae
677 2358 710 2421 in
726 2358 920 2440 contempla·
976 2359 1117 2440 Virginis
1135 2358 1281 2441 gloriosae
1305 2367 1338 2421 et
1360 2359 1505 2422 omnium
1530 2360 1650 2423 civium
1673 2379 1726 2422 su-

164 2460 258 2523 lione
276 2457 387 2541 primae
401 2476 439 2520 ae
454 2476 585 2520 summe
600 2456 743 2521 veritatis
762 2457 918 2520 consistit.
976 2476 1160 2541 pemomm,
1187 2458 1221 2519 in
1248 2458 1377 2521 dotibus
1405 2451 1575 2540 corporum
1603 2457 1726 2540 glorifi-

164 2558 230 2620 Sed
248 2555 405 2638 propbeta
419 2574 456 2618 ac
472 2554 585 2636 legiler
606 2562 714 2619 noster
728 2554 767 2617 de
782 2574 819 2617 ea
833 2554 922 2635 loqui
976 2558 1149 2619 sanderum
1165 2554 1320 2619 consistit.
1329 2554 1446 2637 Estque
1458 2555 1633 2638 probabile,
1640 2556 1726 2637 quod

164 2653 293 2731 omisit,
318 2652 469 2735 quoniam
494 2652 636 2733 rudibus,
663 2652 920 2716 immaterialium
976 2654 1008 2716 in
1028 2654 1176 2736 paradiso
1194 2652 1316 2717 coelesti
1336 2662 1409 2737 post
1427 2653 1511 2715 diem
1536 2654 1726 2717 universalis

165 2771 280 2816 rerum
303 2750 519 2833 incapacibus,
543 2750 732 2831 loquebatur
747 2774 754 2811 :
770 2752 921 2832 quemad·
976 2752 1090 2835 Judicii
1110 2752 1171 2815 erit
1190 2751 1311 2815 vocalis
1333 2752 1402 2814 laus
1425 2751 1480 2815 liei
1505 2752 1728 2815 suavissimus·

165 2850 304 2915 modum
319 2850 438 2931 lloyses
453 2849 519 2912 sola
534 2857 660 2911 terrena
674 2849 757 2911 bona
772 2866 829 2929 pro
843 2868 922 2930 pre-
977 2870 1039 2933 que
1060 2858 1245 2914 concentus.
1261 2850 1331 2931 lpsa
1355 2867 1480 2931 quoque
1505 2868 1638 2932 corpora
1661 2850 1729 2932 glo-

167 2949 237 3013 mio
252 2948 357 3011 divini
372 2946 516 3029 obsequii
530 2946 741 3029 spopondisse
756 2946 892 3009 videtur.
979 2948 1061 3013 riesa
1086 2948 1275 3010 suavissime
1303 2946 1503 3011 redolebunt.
1530 2947 1590 3010 Sed
1619 2948 1727 3011 nullus

209 3048 432 3110 Guarsrrsuus.
447 3080 488 3091 —
507 3044 578 3108 Haec
601 3052 648 3107 est
667 3043 817 3107 coloratio
838 3063 923 3127 quea-
939 3046 961 3108 C
978 3047 1038 3111 erit
1053 3066 1129 3109 usus
1144 3065 1310 3124 venereus,
1323 3044 1429 3108 nullus
1443 3045 1644 3126 concubitus,
1657 3046 1728 3109 nul-

165 3149 258 3226 dam,
275 3164 340 3228 qua
363 3144 520 3227 sapientes
543 3151 603 3208 tuae
626 3143 705 3226 legis
727 3143 775 3206 sui
798 3144 923 3225 legisle-
979 3148 1008 3210 la
1029 3146 1194 3224 comestio,
1210 3144 1299 3207 nulla
1322 3143 1453 3226 potatio.

166 3246 248 3310 toris
279 3244 488 3306 deliramenta
519 3243 660 3306 colorare
695 3243 851 3320 nituntur,
881 3261 922 3304 ne
1018 3246 1232 3307 Sarracenos.
1248 3241 1412 3306 ——Nonno
1434 3242 1654 3326 unusquisque
1679 3263 1728 3306 re·

166 3341 302 3407 cunctis
330 3361 404 3404 vere
438 3339 635 3421 sapientibus
664 3339 745 3402 liant
767 3339 919 3402 ridicula.
979 3342 1141 3425 surgetis
1163 3340 1296 3424 pristino
1319 3343 1414 3403 sexul

165 3443 281 3518 Porro,
299 3439 327 3502 si
341 3440 390 3519 (ut
403 3440 560 3517 assemnt)
576 3456 666 3500 mons
687 3437 807 3500 exstitit
821 3436 924 3500 ltlabo-
1019 3442 1237 3504 Gnmsrrsrms.
1251 3473 1292 3486 -
1306 3439 1430 3520 Utique.

166 3539 249 3604 meti
271 3555 392 3620 ponere
415 3536 643 3600 beatitudinem
668 3535 866 3618 spiritualem
892 3544 924 3597 et
1020 3539 1290 3602 Sarracenos-
1308 3535 1347 3598 Et
1367 3555 1426 3598 cur
1445 3536 1518 3615 hoo,
1535 3536 1562 3599 si
1582 3555 1647 3600 non
1668 3536 1730 3600 erit

167 3636 308 3721 prestare
345 3634 501 3718 corporali
540 3632 692 3697 felicitate
729 3633 924 3715 prestantio-
980 3657 1057 3700 usus
1078 3637 1295 3699 membromm
1317 3634 1468 3697 illoruml

168 3757 240 3802 rem
264 3759 272 3798 :
296 3754 354 3797 cur
371 3733 403 3796 in
426 3741 491 3796 toto
517 3751 574 3796 suo
597 3733 753 3795 Alcorano
775 3739 830 3794 aut
852 3731 923 3794 aliis
1021 3735 1237 3798 Gnarsrrsrms.
1256 3768 1297 3778 —-
1316 3731 1362 3794 Ob
1383 3732 1500 3813 speciei
1525 3733 1672 3796 decorem
1698 3740 1729 3796 et

167 3837 240 3899 suis
260 3832 430 3915 scripturis
451 3831 572 3894 nullam
592 3830 667 3894 inde
690 3829 767 3892 lacit
791 3830 926 3892 mentio·
981 3833 1264 3915 complementum.

168 3955 260 4012 nem,
288 3930 556 4013 quemadmodum
582 3930 701 4012 Moyses
721 3929 754 3991 in
773 3929 843 4010 lege
868 3947 925 3990 sua
1021 3932 1291 3994 sanaremus-
1305 3930 1406 4005 Quum
1426 3929 1652 3994 delectationes
1672 3950 1730 4012 gu·

167 4033 288 4098 inserit
310 4031 416 4112 aliqua
434 4049 472 4093 ex
494 4029 611 4110 quibus
636 4029 800 4092 evidenter
821 4036 927 4091 osten·
982 4039 1048 4093 stus
1077 4038 1109 4092 et
1138 4037 1239 4092 tactus
1268 4029 1333 4090 sint
1360 4029 1595 4109 intensissime),
1625 4029 1651 4090 si
1679 4029 1729 4092 bar

168 4136 272 4210 ditur,
295 4129 381 4212 quod
404 4147 511 4192 veram
536 4127 675 4191 bominis
697 4126 926 4191 beatitudinem
982 4130 1116 4192 deerunt
1130 4127 1163 4190 in
1178 4127 1293 4205 beatis,
1310 4145 1373 4189 non
1389 4127 1451 4190 erit
1471 4126 1570 4189 ineis
1590 4126 1729 4190 delecta·

170 4231 343 4298 constituit
363 4229 395 4292 in
414 4229 500 4291 claro
514 4235 547 4292 et
560 4226 667 4290 laciali
689 4225 804 4288 intuitu
825 4225 927 4288 Deita-
943 4225 968 4287 Ι)
983 4228 1027 4291 tio
1049 4227 1143 4309 plena
1164 4234 1196 4289 et
1216 4224 1418 4288 universalis.

171 4333 238 4397 tisl
255 4331 325 4396 lmo
339 4335 470 4411 apparet
483 4328 567 4410 quod
589 4344 654 4390 non
675 4325 772 4388 luerit
794 4324 927 4388 intentio
1022 4325 1292 4388 urrisanana-
1304 4323 1414 4386 Omnis
1427 4323 1597 4386 delectatio
1610 4324 1728 4387 decens

170 4432 292 4495 blabon
318 4427 501 4510 promittere
523 4422 720 4506 spiritualem
743 4423 927 4489 felicitatem
983 4423 1105 4501 Beatos,
1121 4423 1181 4485 erit
1195 4422 1227 4483 in
1242 4421 1309 4499 eis,
1325 4429 1357 4484 et
1370 4428 1457 4483 tanta
1471 4421 1533 4484 erit
1553 4419 1587 4483 in
1608 4421 1656 4483 eis
1676 4422 1730 4484 de-

171 4539 205 4595 et
221 4528 402 4602 meliorem,
418 4543 517 4605 quum
536 4523 569 4585 in
585 4523 740 4586 suadicat
757 4521 925 4586 Doctrina:
984 4521 1112 4585 lectatio
1146 4517 1332 4603 spiritualis,
1362 4528 1397 4581 ut
1430 4518 1535 4582 omnis
1562 4519 1731 4583 delectatio

172 4630 289 4693 Solum
307 4623 444 4707 paradisi
459 4641 601 4698 aureum,
618 4623 794 4703 smaragdis
809 4629 840 4683 et
855 4621 929 4702 hya·
984 4619 1095 4682 mundi
1119 4619 1216 4699 buius
1240 4638 1278 4682 ac
1301 4617 1469 4697 sensualis,
1496 4618 1731 4700 comparatione

173 4725 299 4792 cinthis
318 4722 429 4786 crebro
446 4719 641 4803 interpositis
662 4727 711 4782 est
730 4719 927 4797 distinctum,
985 4719 1072 4781 illius
1088 4718 1206 4780 nullius
1220 4725 1320 4779 exstet
1334 4717 1499 4779 momenti.
1515 4716 1547 4778 Si
1561 4725 1666 4779 autem
1682 4716 1732 4778 vis

173 4825 268 4891 omni
294 4819 459 4885 iructilera
486 4819 597 4882 arbore
623 4817 793 4898 consitum,
819 4819 931 4880 decur-
985 4817 1149 4880 allirmare
1163 4815 1248 4896 quod
1263 4815 1333 4877 sine
1348 4814 1535 4896 exceptione
1553 4813 1658 4877 oannis
1678 4814 1733 4876 de-

174 4923 327 4990 rentibus
343 4939 400 5001 per
412 4937 537 4982 amoena
555 4917 698 4997 fluentis,
714 4935 848 4998 quorum
868 4917 930 4979 alia
986 4913 1112 4978 lectatio
1127 4913 1220 4974 inerit
1234 4912 1292 4990 eis,
1309 4920 1458 4993 sequetur
1471 4911 1556 4993 quod
1575 4919 1607 4974 et
1626 4913 1733 4975 multae

174 5023 313 5108 quidem
339 5019 399 5097 lac,
419 5017 481 5080 alia
505 5016 568 5079 mel
592 5015 711 5094 album,
736 5016 798 5078 alia
821 5015 930 5078 vinum
986 5011 1214 5076 delectationes
1238 5010 1434 5072 innaturales
1456 5029 1494 5072 ac
1518 5009 1652 5087 vitiosas,
1668 5011 1733 5074 imo

175 5118 394 5207 purissimum
416 5115 575 5192 lundunt3
591 5113 661 5178 dies
680 5113 749 5194 ejus
770 5113 858 5176 mille
878 5133 933 5176 an·
987 5120 1018 5174 et
1033 5119 1144 5174 contra
1157 5109 1352 5185 naturam,in
1368 5109 1484 5190 quibus
1499 5108 1643 5170 nonnulli
1660 5128 1735 5189 prae

175 5235 431 5296 norum,annus
451 5212 659 5298 quadraginta
677 5211 814 5274 millium
836 5231 934 5274 anuo·
988 5212 1084 5293 cipue
1115 5209 1323 5287 delectantur,
1353 5217 1446 5270 erunt
1475 5207 1508 5269 in
1536 5207 1592 5269 eis.
1624 5208 1734 5270 llirum

177 5339 269 5386 rum.
284 5315 367 5391 Quid
382 5316 479 5396 ergo't
495 5311 653 5394 Numquid
669 5329 733 5375 non
755 5311 816 5374 ista
837 5310 935 5374 beati-
989 5307 1073 5392 quod
1098 5327 1163 5372 non
1188 5306 1351 5370 embescis
1375 5307 1414 5368 de
1439 5305 1676 5368 carnalitatibus
1704 5314 1736 5369 et
