4309 6250
462 897 598 1050 DE
659 897 1383 1052 AUCTORITATE

175 1268 394 1381 suuur
439 1265 813 1468 rouruurs
851 1267 930 1378 ur
968 1265 1345 1378 sursulus
1383 1266 1667 1380 uouuur

580 1589 813 1698 LIBER
860 1589 1263 1699 SECUNDUS

387 2307 634 2373 PROOEMIUM
905 2266 1113 2355 Adelensare
1141 2273 1276 2344 tenetur,
1303 2274 1337 2328 ut
1364 2273 1470 2348 patres
1498 2267 1692 2332 sanctissimi

603 2359 613 2371 ’
638 2356 646 2370 ’
944 2365 1139 2448 Augustinus
1162 2373 1257 2446 atque
1280 2364 1489 2446 Hieronymus
1514 2375 1693 2430 contestan-

237 2465 409 2543 Ojustitr'a
424 2467 600 2543 apoaiwre
614 2483 677 2542 pre
692 2467 805 2526 anime
820 2474 890 2536 tue,
945 2471 996 2526 tur
1012 2488 1019 2525 ε
1037 2463 1195 2545 siquidem
1218 2462 1253 2526 in
1277 2461 1354 2526 fidei
1375 2462 1563 2528 defensione
1581 2483 1693 2531 omncs

217 2573 249 2624 et
265 2567 419 2643 usquead
429 2572 562 2623 mortem
577 2564 890 2640 certaprojustitia,
945 2581 1054 2626 sumus
1073 2561 1222 2644 aquales.
1237 2560 1276 2623 Et
1299 2559 1333 2623 in
1352 2561 1413 2624 boc
1431 2581 1508 2624 casu
1526 2564 1692 2645 potissime

140 2671 170 2721 et
184 2665 275 2724 Deus
289 2663 490 2738 eapupnabit
502 2679 565 2736 pro
581 2670 619 2722 te.
637 2659 734 2723 Eccli.
752 2679 794 2733 rr,
810 2659 860 2722 33.
943 2661 1110 2724 veritatem
1139 2659 1269 2722 sortitur
1301 2660 1385 2740 quod
1420 2659 1574 2742 scriptum
1603 2673 1651 2727 est
1680 2687 1688 2726 :

180 2759 455 2835 Quemadmodum
470 2758 610 2821 secundo
624 2759 663 2821 de
677 2757 803 2822 Officiis
818 2759 890 2821 Tul·
944 2759 1105 2841 Sapientia
1126 2758 1312 2822 abscondita
1336 2764 1368 2820 et
1384 2757 1558 2825 ,tesaurus
1583 2763 1691 2825 occul·
1717 2785 1836 2839 carran,

139 2858 200 2920 lius
229 2857 382 2938 loquitur,
411 2857 518 2920 omnia
546 2855 623 2920 ficta
651 2857 798 2920 celeriter
820 2865 889 2920 tau·
943 2863 1004 2934 tus,
1034 2875 1104 2939 quae
1127 2855 1246 2918 utilitas
1274 2855 1307 2917 in
1331 2855 1496 2938 utrisquat
1519 2858 1630 2938 Porro,
1648 2861 1689 2924 de
1705 2852 1737 2894 ¹⁷·

137 2975 234 3036 quarn
265 2954 391 3018 flosculi
420 2955 581 3033 decidunt,
612 2973 670 3018 nec
704 2955 887 3018 simulatum
942 2956 1022 3018 Sede
1037 2954 1212 3036 apostolica
1226 2954 1306 3016 bene
1328 2954 1446 3018 sentire
1467 2964 1598 3020 eatenus
1619 2978 1690 3042 spe·

137 3055 261 3139 aliquid
276 3061 379 3138 potest
393 3053 567 3118 consistere
588 3053 783 3116 diuturnum.
801 3054 889 3116 Veri·
943 3063 1005 3118 ctat
1030 3055 1068 3118 ad
1093 3053 1205 3134 fidem,
1221 3061 1256 3115 ut
1280 3053 1362 3118 male
1387 3054 1558 3119 sentientes
1577 3058 1617 3120 de
1638 3077 1686 3139 ea,

137 3162 184 3216 tas
210 3171 350 3235 namque
377 3152 530 3235 paulatim
559 3160 614 3215 aut
641 3154 770 3215 tandem
799 3172 889 3217 mon·
942 3154 1150 3233 schismatici,
1167 3154 1230 3216 imo
1251 3160 1283 3216 et
1303 3153 1456 3235 haeretici,
1479 3174 1498 3217 a
1519 3156 1597 3219 viris
1618 3178 1690 3221 san-

137 3260 312 3316 straturae
333 3250 493 3335 prevalet.
514 3250 636 3315 ldcirco
657 3250 718 3314 sibi
738 3260 887 3315 constans
942 3254 1000 3316 ctis
1016 3260 1180 3317 vocentur.
1197 3252 1332 3315 Peccaut
1345 3253 1492 3334 equidem
1514 3262 1624 3317 contra
1639 3275 1689 3318 ar-

136 3351 266 3413 animus
291 3350 455 3432 pulchrius
471 3349 565 3413 floret
579 3349 761 3431 etamplius
781 3350 814 3412 in
834 3352 888 3414 ad·
942 3350 1073 3413 ticulum
1089 3348 1165 3412 fidei
1180 3366 1244 3429 quo
1265 3347 1406 3411 creditur
1419 3347 1562 3414 Ecclesia
1579 3361 1688 3416 sancta

137 3450 252 3527 versis,
283 3450 396 3531 suique
425 3448 484 3512 rite
513 3466 644 3531 compos
674 3467 712 3513 ee
746 3448 924 3513 securiorB
942 3466 1012 3511 esse
1034 3465 1109 3527 una,
1126 3444 1295 3508 catholica.

136 3556 232 3629 atque
257 3547 417 3629 potentior
436 3546 586 3624 redditur,
608 3564 672 3628 quo
697 3546 766 3609 siue
791 3547 888 3610 inter·
980 3545 1083 3619 Quum
1110 3561 1187 3625 ergo
1215 3544 1255 3605 de
1282 3542 1432 3625 dignitate
1464 3564 1503 3607 ac
1535 3554 1689 3628 potestate

135 3645 292 3709 missione
314 3645 410 3707 minis
431 3652 485 3707 aut
506 3644 632 3726 injuriis
656 3645 792 3729 amplius
817 3665 888 3729 pro
942 3642 1047 3726 papali
1070 3642 1214 3724 quasdam
1238 3641 1304 3723 jam
1326 3640 1456 3722 legerim
1477 3662 1549 3724 quae
1567 3656 1691 3711 uncto·

44 3766 105 3810 rme.
136 3751 280 3807 vocatur.
298 3743 377 3805 Hinc
398 3743 502 3825 justus
523 3742 613 3825 quasi
634 3742 684 3807 leo
706 3744 885 3823 confidens,
943 3762 1012 3805 rum
1027 3740 1152 3804 Petrum
1168 3748 1262 3821 atque
1277 3739 1505 3805 catholicorum
1525 3742 1620 3806 dictis
1635 3746 1691 3808 do

37 3844 61 3879 ¹¹¹·
76 3835 93 3873 ¹·
133 3842 257 3923 absque
271 3849 391 3905 terrore
411 3841 483 3921 erit,
499 3848 531 3903 et
552 3860 663 3904 secura
684 3861 775 3905 meus
796 3843 886 3924 quasi
942 3849 1064 3903 ctorum
1085 3856 1226 3901 consona
1246 3856 1311 3900 non
1335 3837 1493 3917 videntur,
1509 3840 1636 3905 decrevi
1656 3842 1689 3905 in

36 3892 118 4009 lsjnull
131 3938 211 4022 juge
228 3940 422 4003 convivium.
439 3938 587 4021 Nequitia
601 3958 676 4004 vero
691 3948 738 4003 est
753 3941 884 4019 timida3
942 3936 1108 4000 tractatulo
1136 3936 1198 3999 isto
1225 3934 1378 4016 colligere
1401 3956 1440 3999 aa
1463 3957 1534 4019 quse
1561 3939 1601 4002 de
1628 3941 1688 4003 hac

36 4206 42 4246 l
132 4136 322 4220 provehitur
343 4160 350 4198 :
372 4156 488 4219 nempe
511 4137 566 4218 qui
593 4136 683 4200 timet
706 4138 816 4217 Deum,
840 4139 886 4201 nil
942 4133 1148 4217 scripserunt,
1178 4140 1232 4194 aut
1259 4151 1297 4195 ex
1325 4131 1450 4214 scriptis
1479 4134 1606 4197 illorum
1641 4158 1691 4201 se-

132 4236 247 4317 ntique
268 4234 448 4317 trepidabit.
941 4240 1084 4315 quuntur
1109 4239 1141 4293 et
1168 4230 1241 4293 elici
1270 4230 1387 4294 ualent.
1417 4232 1532 4314 Aliqua
1562 4254 1689 4318 quoque

172 4334 237 4397 Sed
253 4351 316 4414 quo
330 4333 412 4395 istat
428 4352 469 4395 sn
492 4342 527 4397 ut
546 4332 667 4415 justum
690 4352 741 4397 ma
754 4334 884 4416 jactem,
941 4330 1083 4393 miscebo
1104 4329 1143 4392 de
1165 4328 1339 4391 universali
1358 4328 1502 4393 Ecclesia
1520 4351 1576 4395 scu
1595 4353 1691 4416 gena-

131 4433 187 4513 qui
218 4430 517 4495 defectuositatihus
546 4432 707 4513 squalens,
738 4432 886 4515 imperfe
941 4428 998 4491 rali
1024 4427 1288 4509 conciliozquod
1311 4426 1397 4490 etin
1418 4428 1518 4510 priori
1541 4429 1623 4496 libro
1644 4432 1691 4496 la-

130 4540 223 4593 cturn
241 4550 346 4593 meum
361 4530 478 4593 nedum
494 4529 614 4609 videre,
631 4532 686 4593 sed
706 4539 738 4593 et
757 4532 885 4614 palpare
941 4538 1027 4591 ctum
1052 4536 1122 4604 est3
1148 4528 1204 4591 sed
1228 4526 1321 4589 novis
1346 4527 1463 4590 exortis
1483 4528 1551 4609 jam
1573 4534 1687 4612 causis,

128 4631 198 4713 jam
226 4631 331 4710 queof
354 4628 421 4703 Quo
445 4628 543 4709 igitur
563 4628 641 4709 baec,
666 4627 726 4691 nisi
748 4638 784 4691 ut
804 4649 885 4695 vano
901 4636 922 4699 C
941 4627 1000 4689 ista
1015 4626 1146 4708 adjicio.
1161 4626 1259 4708 idque
1273 4626 1439 4708 potissime
1453 4648 1540 4691 nunc
1555 4631 1689 4711 probare

129 4727 266 4792 excluso
290 4726 412 4807 timore,
441 4726 474 4789 in
496 4726 630 4790 Domino
655 4746 778 4790 sumam
802 4726 887 4791 fidu·
940 4726 1081 4803 intendo,
1106 4724 1192 4808 quod
1215 4724 1298 4806 Papa
1325 4726 1433 4807 praesit
1456 4727 1513 4789 toti
1538 4728 1688 4793 militanti

130 4827 230 4907 eiam,
248 4824 356 4907 sicque
371 4844 451 4907 opus
472 4825 639 4907 aggrediar
660 4826 698 4887 ad
714 4826 798 4907 quod
818 4845 885 4889 oru-
939 4824 1090 4887 Ecclesia
1114 4823 1210 4885 simul
1234 4833 1456 4906 acceptasse
1480 4826 1638 4890 collectim
1657 4837 1689 4891 et

129 4926 182 4988 nis
209 4923 445 5003 Christifidelis,
468 4932 579 5006 utputa
603 4923 783 4987 christianae
806 4924 883 4989 fidei
941 4922 1059 5006 pariter
1073 4930 1217 5003 sumptas.
1230 4922 1318 4996 Quod
1333 4922 1462 5003 quidam
1475 4923 1542 5004 jam
1557 4936 1686 5007 negant,

128 5033 162 5087 et
186 5041 302 5087 earum
325 5040 396 5104 qum
419 5022 459 5085 ad
485 5022 572 5084 illam
592 5022 753 5103 pertinent
772 5022 887 5087 verita·
940 5021 1116 5084 scribentes
1141 5029 1173 5083 et
1192 5028 1370 5083 asserentes
1389 5023 1474 5103 quod
1496 5042 1560 5087 non
1582 5026 1688 5106 praesit

128 5132 198 5185 tum
223 5121 387 5198 defensor,
403 5121 585 5203 obligaturi
600 5120 682 5194 Quas
704 5120 759 5201 qui
780 5122 885 5202 gladio
940 5118 995 5183 toti
1016 5118 1166 5182 Ecclesiae
1191 5138 1248 5182 suo
1267 5127 1410 5201 tempore
1431 5120 1606 5201 exsistenti,
1623 5123 1686 5186 nisi

36 5254 70 5285 tt.
84 5254 111 5293 e,
128 5219 291 5283 materiali
306 5220 413 5301 nequit
427 5218 635 5301 tueri,gladio
650 5219 883 5302 spiritus,quod
938 5217 1067 5280 divisim
1092 5226 1242 5299 accepta,
1268 5217 1301 5281 id
1329 5226 1377 5280 est
1401 5218 1591 5302 cuicumque
1614 5240 1686 5303 par-

128 5329 179 5383 est
202 5318 339 5382 verbum
365 5318 430 5396 llei,
453 5326 484 5381 et
508 5316 650 5381 oratione
676 5338 731 5381 seu
757 5318 884 5403 scriptia
939 5316 1062 5379 ticulari
1087 5315 1245 5379 Ecclesia.
1269 5315 1313 5378 Ex
1337 5336 1400 5398 que
1424 5318 1513 5400 sequi
1537 5319 1686 5385 videntur
