4309 6250
244 524 285 572 ns
304 525 513 574 suaromrarn
534 525 629 573 soum
649 524 817 572 romanus
837 523 875 570 m
895 524 1065 572 ammaus
1086 523 1228 584 conum,
1249 523 1338 573 arnan
1359 525 1403 571 m.
1426 543 1467 556 -
1487 525 1556 571 aar.
1578 525 1616 572 m
1644 504 1705 590 tlt

159 714 204 774 rc,
215 695 382 778 perficere,
392 696 569 779 gubernare
583 716 620 761 ac
633 696 789 780 judicare,
800 695 904 760 eidem
921 695 946 758 Α
961 703 1028 759 trus
1043 697 1206 780 apostolus
1220 697 1309 780 prius
1324 695 1386 760 fuit
1398 695 1541 780 pontifex
1562 715 1707 760 summus

157 795 333 879 praecipere
346 815 383 859 ac
398 796 500 878 legem
516 796 694 879 praefigere,
710 796 906 878 generalem·
959 813 1055 877 quam
1079 796 1247 879 episcopus
1271 797 1451 875 liemarum
1472 803 1641 877 utrumque
1662 802 1708 856 ta·

158 912 222 974 que
242 913 395 958 canonem
415 903 448 958 et
466 894 726 958 constitutionem
746 893 903 970 formare;
961 913 1033 957 men
1049 896 1268 977 episcopatum
1282 916 1301 959 a
1315 894 1439 958 Christe
1454 893 1638 957 immediate
1656 911 1708 956 ac·

159 1000 323 1074 praeterea,
340 993 424 1075 quod
439 993 522 1076 Papa
536 993 577 1056 sit
596 992 784 1056 universalis
799 991 906 1055 Eccle-
961 991 1056 1074 cepit.
1072 993 1175 1068 Quum
1197 994 1284 1057 enim
1306 994 1447 1057 Christus
1467 992 1549 1055 dixit
1561 992 1600 1055 ad
1619 1011 1705 1071 eum,

159 1091 215 1153 sias
236 1101 333 1173 caput
355 1100 386 1154 et
410 1111 557 1174 sponsus,
573 1099 681 1174 pastor
700 1099 731 1153 ct
750 1087 903 1172 pontifex,
961 1088 1055 1154 Pasce
1070 1109 1147 1154 ores
1168 1109 1266 1168 meas,
1284 1091 1371 1154 dedit
1392 1091 1422 1154 ei
1444 1097 1631 1172 potestatem
1645 1089 1708 1152 eri·
1725 1113 1855 1166 amnt.

158 1188 308 1270 praelatus
331 1197 363 1252 et
386 1198 500 1266 rector,
518 1208 661 1252 summus
685 1187 850 1251 hierarcha
875 1195 906 1250 et
960 1188 1054 1269 gendi
1070 1189 1177 1252 sedem
1193 1188 1386 1270 ubicumque
1401 1188 1507 1266 vellet,
1515 1195 1550 1250 ut
1563 1186 1609 1250 ibi
1624 1193 1709 1250 esset
1722 1179 1756 1220 ¹⁷·

157 1295 261 1369 pater,
282 1296 443 1370 purgator,
463 1287 671 1366 illuminator,
692 1285 852 1370 perfector
874 1291 906 1348 et
962 1287 1163 1366 particularis
1187 1288 1368 1370 episcopus.
1386 1287 1484 1365 Unde,
1501 1286 1585 1348 sicut
1606 1285 1708 1348 eccle

156 1385 277 1466 judex3
301 1387 386 1467 quod
411 1387 487 1450 item
512 1385 546 1448 in
568 1385 652 1468 Papa
675 1385 717 1447 sit
740 1384 904 1466 plenitudo
962 1383 1096 1447 siasticae
1109 1386 1238 1448 tradunt
1252 1385 1391 1450 historiae
1412 1395 1444 1449 et
1457 1395 1639 1448 sanctorum
1652 1383 1710 1446 Pa-

157 1484 381 1548 ecclesiasticae
405 1483 570 1566 potestatis
594 1503 650 1547 seu
674 1501 798 1545 summa
820 1489 906 1563 pote-
962 1489 1045 1544 trum
1060 1482 1188 1546 decreta
1201 1491 1367 1564 testantur,
1382 1484 1491 1547 Petrus
1504 1491 1641 1565 quatuor
1654 1502 1709 1545 an-

158 1590 224 1644 stas
248 1581 408 1661 Ecclesiae,
433 1583 592 1664 loquendo
616 1582 656 1644 de
681 1587 834 1663 potestate
856 1581 907 1661 ju·
962 1581 1013 1642 nis
1028 1581 1130 1644 tenuit
1144 1583 1326 1646 cathedram
1342 1582 1631 1660 Ecclesiae,nullam
1647 1581 1709 1644 sibi

157 1679 353 1744 risdictionis
367 1689 399 1744 et
413 1679 616 1764 praelationis.
632 1679 820 1761 Huiusmodi
836 1697 908 1761 pro-
963 1679 1187 1761 particularem
1201 1680 1377 1744 Ecclesiam
1398 1681 1556 1764 eligendo,
1572 1681 1627 1744 sed
1643 1688 1711 1742 tan·

159 1778 335 1861 positiones
349 1787 381 1842 et
395 1779 457 1842 alia
478 1779 621 1861 quadam
644 1777 764 1859 pluries
780 1777 906 1859 scripsi,
964 1797 1058 1860 quam
1075 1778 1223 1859 praelatus
1237 1786 1270 1842 et
1290 1787 1388 1861 caput
1405 1779 1548 1842 omniurn
1564 1778 1710 1842 fidelium

159 1887 255 1960 prout
288 1879 476 1960 opportunis
505 1878 538 1939 in
573 1877 652 1942 locis
685 1873 945 1959 particulariusB
965 1876 1300 1959 sedebatubicumque
1322 1876 1459 1940 volebat.
1476 1876 1563 1938 Unde
1578 1877 1611 1938 in
1626 1875 1714 1938 Jeru-

159 1976 388 2058 tangam.Haec
409 1976 507 2059 igitur
526 1995 613 2038 nunc
632 1974 814 2038 evidentius
835 1982 909 2037 sunt
965 1976 1075 2054 salem,
1106 1975 1159 2038 ubi
1190 1975 1307 2058 legitur
1333 1975 1469 2040 lacobus
1501 1974 1608 2037 statim
1643 1981 1715 2055 post

161 2074 338 2157 probanda,
355 2082 386 2137 ct
406 2075 549 2157 quedam
571 2074 739 2137 obscurius
754 2080 809 2135 aut
824 2078 909 2135 certe
964 2073 1077 2137 Christi
1108 2074 1329 2138 ascensionem
1363 2093 1381 2136 a
1413 2074 1504 2138 Petro
1537 2071 1715 2153 ceterisque

159 2174 289 2236 brevius
305 2173 499 2254 celeriusque
515 2170 821 2255 prolata‚resolutius
837 2178 910 2232 sunt
964 2173 1125 2255 Apostolis
1147 2170 1248 2235 fuisse
1272 2173 1440 2255 episcopus
1464 2172 1639 2250 ordinatus,
1660 2172 1716 2252 Pe-

160 2271 341 2354 pandenda.
965 2279 1032 2334 trus
1061 2269 1136 2332 licet
1159 2269 1308 2333 omnibus
1336 2269 1379 2333 ibi
1409 2269 1582 2353 praefuerit,
1609 2278 1715 2332 tamen

968 2369 1054 2432 illam
1080 2367 1256 2431 Ecclesiam
1280 2376 1432 2450 tanquam
1456 2367 1518 2430 sibi
1543 2366 1715 2449 specialem

867 2511 876 2520 -
967 2485 1030 2531 non
1056 2466 1164 2548 elegit,
1186 2467 1240 2528 sed
1266 2475 1339 2549 post
1361 2474 1497 2547 quatuor
1519 2464 1587 2528 fere
1616 2481 1717 2527 annos

371 2561 615 2626 ARTIGULUS
640 2561 701 2624 Ill.
967 2565 1143 2630 Antiochia
1158 2564 1239 2627 sedit
1253 2564 1344 2626 annis
1359 2571 1493 2645 septem,
1506 2571 1538 2627 et
1551 2563 1639 2626 illam
1655 2562 1718 2626 sibi

163 2713 377 2788 Confirmatio
392 2711 641 2787 predictorum,
659 2709 809 2768 videlicet
827 2710 914 2786 quod
968 2663 1143 2727 E⁰⁰¹⁰⁵i⁸m
1158 2662 1388 2744 ειΡΡῙὈῙπῨΜῆ·
1405 2661 1524 2724 Deinde
1545 2668 1718 2744 apparente

202 2802 299 2875 Papa
310 2800 425 2875 pmii
441 2799 502 2858 2052·
515 2817 553 2858 ac
568 2798 751 2858 universal,-
763 2796 913 2858 Ecclesia,
968 2771 1000 2825 et
1015 2761 1175 2824 revelante
1190 2759 1252 2823 sibi
1267 2760 1400 2838 Christo,
1411 2759 1542 2822 llomam
1558 2757 1721 2821 transtulit

203 2891 305 2950 etiam
320 2891 420 2949 simut
437 2897 574 2964 sumptae
590 2907 645 2948 seu
665 2887 827 2948 collective
840 2905 913 2944 con·
969 2860 1076 2923 ⁵⁰d⁰¹¹¹
1106 2877 1208 2938 sum>
1234 2867 1266 2920 0¹
1288 2858 1332 2920 ibi
1356 2858 1461 2921 faetus
1485 2865 1533 2920 0⁸1
1557 2856 1718 2920 R⁰¹¹¹⁸¹ll¹⁸

203 2981 371 3047 siderate,
395 2997 436 3037 ex
462 2980 561 3038 dictis
586 2979 745 3054 preclari
772 2976 914 3036 doctoris
969 2958 1150 3039 episcopus.
1167 2956 1316 3019 Εῑίῑᾶθῑ
1336 2964 1412 3018 ἲῦὓθ
1434 2955 1468 3017 ῙῙῙ
1489 2955 1579 3018 ΡθῑΓθ
1600 2963 1720 3018 θῑῦῑῑθ·

205 3069 441 3149 reuerendique
462 3067 570 3143 pet-ris
598 3067 727 3127 domini
750 3067 847 3129 Petri
874 3053 951 3124 (ἰεῦ
970 3055 1150 3120 sessoribus
1175 3053 1241 3116 suis
1268 3055 1332 3116 duo
1360 3053 1561 3136 episcopatus
1586 3071 1720 3117 concur-

205 3159 334 3221 Attioco
349 3158 542 3217 cardinatis.
971 3164 1091 3234 rerunt,
1118 3153 1272 3217 videlicet
1298 3152 1485 3215 universalis
1512 3152 1665 3215 Ecclesia
1688 3159 1720 3215 et

970 3252 1172 3339 particularis
1188 3251 1338 3315 Ecclesiae
1359 3251 1519 3315 Romanae.
1535 3250 1651 3331 Sicque
1666 3270 1720 3333 pa-

238 3354 356 3417 Uthlll
371 3353 460 3417 velut
480 3353 512 3415 in
535 3372 592 3415 sua
613 3351 787 3416 subtilitate
802 3369 838 3413 ac
854 3349 915 3413 sci·
971 3362 1025 3433 tet,
1055 3352 1140 3434 quod
1170 3350 1372 3413 beatissimus
1400 3348 1509 3411 Petrus
1537 3348 1626 3431 prius
1659 3348 1721 3410 fuit

168 3352 336 3565 Qentia
364 3452 547 3533 gloriantes,
573 3450 680 3513 dicere
710 3450 823 3526 solent,
850 3466 914 3511 non
970 3451 1135 3535 episcopus
1151 3446 1548 3524 universalisEcclesice,et
1563 3445 1720 3529 perprius

165 3552 228 3613 nisr
246 3551 400 3632 quosdam
415 3568 542 3631 grossos
551 3549 683 3630 juristas
697 3548 764 3611 suis
779 3546 915 3609 textibus
964 3556 1173 3632 comparatur
1187 3547 1226 3610 ad
1241 3565 1310 3610 eam
1326 3564 1422 3627 quam
1436 3544 1475 3607 ad
1486 3562 1720 3626 quamcumque

167 3648 415 3732 superficialiter
429 3648 613 3726 innitentes,
631 3666 790 3709 summum
813 3644 916 3708 Ponti·
971 3647 1196 3731 particularem
1216 3644 1403 3707 Ecclesiam.

166 3748 264 3812 sicem
280 3746 337 3810 toti
353 3766 389 3809 ac
405 3745 578 3809 universali
593 3745 742 3828 praeferre
753 3742 914 3821 Ecclesia,
1011 3748 1050 3809 ht
1063 3764 1141 3808 vero
1155 3743 1356 3827 praeallegato
1371 3742 1453 3804 libro
1466 3740 1551 3804 idem
1571 3740 1722 3802 disseruit

169 3866 206 3910 ac
231 3865 289 3928 per
312 3846 373 3909 hoc
399 3844 594 3927 generalium
624 3843 834 3907 conciliorum
863 3861 918 3904 au·
972 3846 1084 3908 doctor
1105 3866 1112 3905 z
1136 3841 1226 3904 Prius
1250 3839 1449 3904 Antiochena
1470 3847 1502 3901 et
1523 3839 1639 3901 deinde
1662 3838 1722 3901 he

169 3944 350 4009 cleritatem
379 3943 568 4025 deprimere.
599 3942 637 4004 Ut
664 3959 739 4023 ergo
768 3948 918 4021 appareat
972 3962 1066 4007 mana
1081 3940 1226 4005 Ecclesia
1241 3958 1337 4021 super
1357 3946 1479 4001 ceteras
1493 3936 1652 4000 Ecclesiae
1667 3936 1723 3999 ob-
1771 3954 1776 3963 ·

168 4062 266 4125 quam
285 4061 397 4105 verum
416 4040 458 4103 sit
480 4042 553 4119 boc,
569 4040 815 4123 disputationem
836 4040 917 4101 hane
973 4041 1067 4103 tinuit
1088 4038 1319 4122 principatum
1335 4044 1369 4098 et
1385 4056 1405 4097 a
1424 4044 1566 4117 tempore
1585 4053 1650 4115 quo
1669 4036 1724 4097 Pe·

168 4164 187 4206 a
212 4140 474 4225 profundissimis
499 4158 597 4202 sacrae
621 4138 789 4219 theologie
812 4137 918 4200 docto
973 4149 1040 4203 trus
1061 4146 1094 4201 et
1116 4137 1164 4199 sui
1190 4152 1390 4198 successores
1416 4133 1532 4195 summi
1550 4132 1722 4197 Pontifices

169 4243 271 4320 ribus,
281 4240 336 4321 qui
351 4248 425 4303 ante
439 4256 557 4320 paucos
572 4256 672 4300 annos
687 4236 827 4313 fuerunt,
840 4235 918 4298 suis·
933 4231 959 4293 D
973 4238 1104 4301 fuerunt
1131 4244 1163 4299 et
1190 4242 1283 4297 erunt
1305 4232 1454 4296 llomanae
1478 4231 1628 4295 Ecclesia
1656 4231 1724 4313 epi·

169 4360 233 4423 que
268 4338 463 4421 temporibus
497 4336 646 4399 babuisse
682 4335 819 4417 majores
854 4353 917 4397 non
974 4335 1075 4417 scopi,
1099 4334 1169 4416 ipsa
1193 4333 1335 4395 lfomana
1358 4329 1500 4394 Ecclesia
1525 4329 1587 4392 fuit
1607 4337 1640 4391 et
1663 4328 1723 4392 erit

170 4440 380 4515 aestimantur,
400 4435 596 4519 generalium
621 4452 746 4516 quoque
770 4432 921 4495 concilio
975 4442 1071 4516 caput
1085 4431 1229 4496 omnium
1249 4430 1488 4511 particularium
1508 4426 1722 4491 Ecclesiarum

172 4557 245 4600 rum
269 4535 370 4599 fuisse
395 4535 534 4597 fautores
559 4540 735 4596 noscuntur
754 4531 918 4614 praecipui,
975 4552 1011 4595 ac
1037 4530 1134 4595 totius
1159 4528 1350 4591 universalis
1374 4527 1536 4605 Ecclesia,
1551 4526 1611 4588 hac
1636 4526 1723 4587 vide·

173 4637 342 4713 inchoabo,
359 4642 470 4715 utputa
494 4651 512 4694 a
534 4632 625 4694 Petro
649 4631 790 4712 praefato,
807 4630 921 4692 deinde
976 4632 1052 4693 licet
1080 4628 1215 4707 ratione,
1244 4627 1394 4710 quoniam
1424 4627 1494 4706 ejus
1523 4623 1723 4707 particularis

173 4736 214 4799 ab
229 4732 539 4798 exercitatissimam
555 4730 753 4793 scholasticis
769 4730 923 4806 viro,ma·
977 4730 1148 4812 episcopus
1162 4727 1301 4807 (scilicet
1316 4726 1411 4807 Papa)
1426 4732 1474 4786 cst
1488 4730 1584 4804 caput
1597 4723 1726 4785 univer-

174 4837 275 4917 gistro
306 4834 426 4897 loanne
454 4830 593 4893 Gersone
622 4828 812 4891 cancellario
840 4828 923 4889 Pari·
978 4828 1053 4890 salis
1068 4827 1228 4904 Ecclesiae,
1245 4844 1283 4888 eo
1298 4824 1393 4886 modo
1414 4822 1564 4904 loquendi
1583 4840 1647 4901 quo
1661 4838 1726 4881 una

175 4933 274 4997 siensi
293 4931 367 5012 :qui
384 4929 478 4993 ambo
493 4929 524 4989 in
540 4926 770 4991 constantiensi
786 4926 924 4989 concilio
979 4926 1223 5008 metropolitana
1247 4922 1388 4986 Ecclesia
1408 4920 1526 4983 dicitur
1547 4928 1642 5000 caput
1659 4936 1727 4981 om·

174 5034 293 5116 inclyte
317 5028 465 5094 floruisse
488 5038 520 5090 et
542 5028 582 5090 de
602 5026 662 5089 ista
684 5025 815 5088 materia
834 5026 925 5108 plura
980 5026 1068 5088 nium
1098 5023 1313 5086 Ecclesiarum
1338 5018 1625 5099 suffraganearum,
1652 5018 1728 5100 quia

176 5130 345 5214 scripsisse
367 5127 521 5190 sciuntur.
981 5124 1151 5205 episcopus
1173 5121 1243 5201 ejus
1265 5125 1313 5181 est
1332 5124 1428 5199 caput
1446 5136 1501 5179 seu
1516 5115 1729 5198 archiepisco-

218 5230 327 5310 ltaque
356 5227 389 5289 in
418 5225 499 5289 libro
527 5224 567 5285 de
592 5222 812 5287 Ecclesiastica
841 5232 927 5304 pote·
982 5242 1041 5306 pus
1066 5219 1354 5300 suffraganeorum.
1378 5214 1416 5276 Et
1439 5214 1472 5275 in
1496 5214 1577 5276 hanc
1603 5222 1729 5277 senten-

180 5336 261 5393 state
284 5327 393 5391 Petrus
415 5324 454 5387 de
479 5322 598 5387 rilliaco
623 5322 771 5387 disseruit
793 5322 851 5385 :B.
874 5322 928 5384 Pe·
983 5320 1057 5383 tiam
1080 5318 1275 5382 concordant
1295 5312 1517 5377 ecclesiasticae
1537 5311 1677 5377 historiae
1697 5321 1730 5376 et
