<?xml version="1.0" encoding="UTF-8"?>
<!DOCTYPE html PUBLIC "-//W3C//DTD XHTML 1.0 Transitional//EN"
    "http://www.w3.org/TR/xhtml1/DTD/xhtml1-transitional.dtd">
<html xmlns="http://www.w3.org/1999/xhtml" xml:lang="en" lang="en">
 <head>
  <title>
</title>
<meta http-equiv="Content-Type" content="text/html;charset=utf-8" />
  <meta name='ocr-system' content='tesseract 3.04.00' />
  <meta name='ocr-capabilities' content='ocr_page ocr_carea ocr_par ocr_line ocrx_word'/>
</head>
<body>
  <div class='ocr_page' id='page_1' title='image "./doctorisecstati03unkngoog_0507.png"; bbox 0 0 4309 6250; ppageno 0'>
   <div class='ocr_carea' id='block_1_1' title="bbox 320 492 1726 559">
    <p class='ocr_par' dir='ltr' id='par_1_1' title="bbox 320 492 1726 559">
     <span class='ocr_line' id='line_1_1' title="bbox 320 492 1726 559; baseline 0.002 -4"><span class='ocrx_word' id='word_1_1' title='bbox 320 508 472 557; x_wconf 65' lang='lat' dir='ltr'><strong>lelffllls</strong></span> <span class='ocrx_word' id='word_1_2' title='bbox 492 509 722 557; x_wconf 72' lang='lat' dir='ltr'><strong>bisaurartoms</strong></span> <span class='ocrx_word' id='word_1_3' title='bbox 742 510 833 557; x_wconf 75' lang='lat' dir='ltr'><strong>lum</strong></span> <span class='ocrx_word' id='word_1_4' title='bbox 852 509 1059 557; x_wconf 71' lang='lat' dir='ltr'><strong>cuutsrmtul</strong></span> <span class='ocrx_word' id='word_1_5' title='bbox 1081 510 1118 557; x_wconf 73' lang='grc' dir='ltr'><strong>ΕΤ</strong></span> <span class='ocrx_word' id='word_1_6' title='bbox 1138 510 1353 559; x_wconf 71' lang='lat' dir='ltr'><strong>saumcnuul.</strong></span> <span class='ocrx_word' id='word_1_7' title='bbox 1375 529 1415 543; x_wconf 92' lang='lat'><strong>···</strong></span> <span class='ocrx_word' id='word_1_8' title='bbox 1436 512 1506 559; x_wconf 73' lang='lat' dir='ltr'><strong>Alt&#39;t.</strong></span> <span class='ocrx_word' id='word_1_9' title='bbox 1528 512 1583 559; x_wconf 75' lang='lat' dir='ltr'><strong>xvi</strong></span> <span class='ocrx_word' id='word_1_10' title='bbox 1666 492 1726 558; x_wconf 63' lang='lat'><strong>485</strong></span> 
     </span>
    </p>
   </div>
   <div class='ocr_carea' id='block_1_2' title="bbox 175 677 1873 5388">
    <p class='ocr_par' dir='ltr' id='par_1_2' title="bbox 175 677 1873 5388">
     <span class='ocr_line' id='line_1_2' title="bbox 178 677 1729 765; baseline 0.002 -24"><span class='ocrx_word' id='word_1_11' title='bbox 178 677 287 743; x_wconf 88' lang='lat' dir='ltr'><strong>firmat</strong></span> <span class='ocrx_word' id='word_1_12' title='bbox 302 679 441 761; x_wconf 88' lang='lat' dir='ltr'><strong>capitulo</strong></span> <span class='ocrx_word' id='word_1_13' title='bbox 458 702 465 742; x_wconf 93' lang='lat'>:</span> <span class='ocrx_word' id='word_1_14' title='bbox 481 678 546 743; x_wconf 85' lang='lat' dir='ltr'><strong>ileo</strong></span> <span class='ocrx_word' id='word_1_15' title='bbox 564 679 691 743; x_wconf 89' lang='lat' dir='ltr'><strong>dicente</strong></span> <span class='ocrx_word' id='word_1_16' title='bbox 709 681 747 744; x_wconf 89' lang='lat' dir='ltr'><strong>ad</strong></span> <span class='ocrx_word' id='word_1_17' title='bbox 767 680 886 758; x_wconf 81' lang='lat' dir='ltr'><strong>lesum,</strong></span> <span class='ocrx_word' id='word_1_18' title='bbox 901 680 926 742; x_wconf 89' lang='lat'>0</span> <span class='ocrx_word' id='word_1_19' title='bbox 940 680 966 743; x_wconf 76' lang='grc' dir='ltr'><strong>Α</strong></span> <span class='ocrx_word' id='word_1_20' title='bbox 981 681 1129 763; x_wconf 93' lang='lat' dir='ltr'><strong>quodque</strong></span> <span class='ocrx_word' id='word_1_21' title='bbox 1156 681 1281 745; x_wconf 90' lang='lat' dir='ltr'><strong>dicatur</strong></span> <span class='ocrx_word' id='word_1_22' title='bbox 1307 681 1485 765; x_wconf 86' lang='lat' dir='ltr'><strong>perfectum</strong></span> <span class='ocrx_word' id='word_1_23' title='bbox 1509 702 1607 765; x_wconf 92' lang='lat' dir='ltr'><strong>quum</strong></span> <span class='ocrx_word' id='word_1_24' title='bbox 1637 690 1729 764; x_wconf 93' lang='lat' dir='ltr'><strong>potu-</strong></span> 
     </span>
     <span class='ocr_line' id='line_1_3' title="bbox 177 776 1728 863; baseline 0.001 -22"><span class='ocrx_word' id='word_1_25' title='bbox 177 776 263 855; x_wconf 86' lang='lat' dir='ltr'><strong>Jesu,</strong></span> <span class='ocrx_word' id='word_1_26' title='bbox 289 778 391 841; x_wconf 78' lang='lat' dir='ltr'><strong>ldariae</strong></span> <span class='ocrx_word' id='word_1_27' title='bbox 414 777 477 858; x_wconf 85' lang='lat' dir='ltr'><strong>fili,</strong></span> <span class='ocrx_word' id='word_1_28' title='bbox 498 780 654 860; x_wconf 76' lang='lat' dir='ltr'><strong>persuade</strong></span> <span class='ocrx_word' id='word_1_29' title='bbox 677 778 861 842; x_wconf 90' lang='lat' dir='ltr'><strong>bominibus</strong></span> <span class='ocrx_word' id='word_1_30' title='bbox 884 798 926 841; x_wconf 91' lang='lat' dir='ltr'><strong>ne</strong></span> <span class='ocrx_word' id='word_1_31' title='bbox 979 779 1041 842; x_wconf 91' lang='lat' dir='ltr'><strong>erit</strong></span> <span class='ocrx_word' id='word_1_32' title='bbox 1067 779 1129 842; x_wconf 90' lang='lat' dir='ltr'><strong>sibi</strong></span> <span class='ocrx_word' id='word_1_33' title='bbox 1157 780 1262 843; x_wconf 89' lang='lat' dir='ltr'><strong>simile</strong></span> <span class='ocrx_word' id='word_1_34' title='bbox 1290 800 1454 863; x_wconf 87' lang='lat' dir='ltr'><strong>generare,</strong></span> <span class='ocrx_word' id='word_1_35' title='bbox 1478 801 1573 845; x_wconf 90' lang='lat' dir='ltr'><strong>causa</strong></span> <span class='ocrx_word' id='word_1_36' title='bbox 1602 799 1728 863; x_wconf 92' lang='lat' dir='ltr'><strong>quoque</strong></span> 
     </span>
     <span class='ocr_line' id='line_1_4' title="bbox 175 876 1729 961; baseline 0.001 -22"><span class='ocrx_word' id='word_1_37' title='bbox 175 876 232 939; x_wconf 85' lang='lat' dir='ltr'><strong>Dei</strong></span> <span class='ocrx_word' id='word_1_38' title='bbox 248 877 365 941; x_wconf 89' lang='lat' dir='ltr'><strong>locote</strong></span> <span class='ocrx_word' id='word_1_39' title='bbox 379 884 412 940; x_wconf 90' lang='lat' dir='ltr'><strong>et</strong></span> <span class='ocrx_word' id='word_1_40' title='bbox 425 886 559 940; x_wconf 83' lang='lat' dir='ltr'><strong>matrem</strong></span> <span class='ocrx_word' id='word_1_41' title='bbox 573 886 660 940; x_wconf 90' lang='lat' dir='ltr'><strong>tuam</strong></span> <span class='ocrx_word' id='word_1_42' title='bbox 675 886 826 959; x_wconf 86' lang='lat' dir='ltr'><strong>tanquam</strong></span> <span class='ocrx_word' id='word_1_43' title='bbox 845 878 925 941; x_wconf 91' lang='lat' dir='ltr'><strong>duos</strong></span> <span class='ocrx_word' id='word_1_44' title='bbox 980 896 1038 941; x_wconf 92' lang='lat' dir='ltr'><strong>suo</strong></span> <span class='ocrx_word' id='word_1_45' title='bbox 1066 877 1186 941; x_wconf 91' lang='lat' dir='ltr'><strong>effectu</strong></span> <span class='ocrx_word' id='word_1_46' title='bbox 1210 879 1334 941; x_wconf 90' lang='lat' dir='ltr'><strong>dicatur</strong></span> <span class='ocrx_word' id='word_1_47' title='bbox 1363 880 1579 961; x_wconf 73' lang='lat' dir='ltr'><strong>praestantior3</strong></span> <span class='ocrx_word' id='word_1_48' title='bbox 1605 886 1729 943; x_wconf 89' lang='lat' dir='ltr'><strong>constat</strong></span> 
     </span>
     <span class='ocr_line' id='line_1_5' title="bbox 175 975 1730 1058; baseline 0.001 -20"><span class='ocrx_word' id='word_1_49' title='bbox 175 976 258 1039; x_wconf 84' lang='lat' dir='ltr'><strong>Deos</strong></span> <span class='ocrx_word' id='word_1_50' title='bbox 286 976 425 1039; x_wconf 90' lang='lat' dir='ltr'><strong>babeant</strong></span> <span class='ocrx_word' id='word_1_51' title='bbox 452 994 489 1039; x_wconf 91' lang='lat' dir='ltr'><strong>ac</strong></span> <span class='ocrx_word' id='word_1_52' title='bbox 518 984 732 1055; x_wconf 62' lang='lat' dir='ltr'><strong>venerantum</strong></span> <span class='ocrx_word' id='word_1_53' title='bbox 762 975 925 1058; x_wconf 87' lang='lat' dir='ltr'><strong>respondit</strong></span> <span class='ocrx_word' id='word_1_54' title='bbox 978 977 1064 1057; x_wconf 89' lang='lat' dir='ltr'><strong>quod</strong></span> <span class='ocrx_word' id='word_1_55' title='bbox 1079 976 1140 1040; x_wconf 87' lang='lat' dir='ltr'><strong>ista</strong></span> <span class='ocrx_word' id='word_1_56' title='bbox 1154 977 1421 1041; x_wconf 83' lang='lat' dir='ltr'><strong>excellentissime</strong></span> <span class='ocrx_word' id='word_1_57' title='bbox 1436 978 1501 1041; x_wconf 91' lang='lat' dir='ltr'><strong>sint</strong></span> <span class='ocrx_word' id='word_1_58' title='bbox 1516 978 1549 1040; x_wconf 92' lang='lat' dir='ltr'><strong>in</strong></span> <span class='ocrx_word' id='word_1_59' title='bbox 1564 977 1730 1058; x_wconf 87' lang='lat' dir='ltr'><strong>Deo,sicut</strong></span> 
     </span>
     <span class='ocr_line' id='line_1_6' title="bbox 175 1072 1726 1159; baseline 0.001 -23"><span class='ocrx_word' id='word_1_60' title='bbox 175 1073 267 1136; x_wconf 82' lang='lat' dir='ltr'><strong>lesus</strong></span> <span class='ocrx_word' id='word_1_61' title='bbox 283 1099 291 1135; x_wconf 94' lang='lat'><strong>:</strong></span> <span class='ocrx_word' id='word_1_62' title='bbox 308 1072 393 1137; x_wconf 89' lang='lat' dir='ltr'><strong>Nolit</strong></span> <span class='ocrx_word' id='word_1_63' title='bbox 409 1073 493 1136; x_wconf 85' lang='lat' dir='ltr'><strong>Deus</strong></span> <span class='ocrx_word' id='word_1_64' title='bbox 511 1081 547 1135; x_wconf 91' lang='lat' dir='ltr'><strong>ut</strong></span> <span class='ocrx_word' id='word_1_65' title='bbox 565 1092 625 1154; x_wconf 88' lang='lat' dir='ltr'><strong>ego</strong></span> <span class='ocrx_word' id='word_1_66' title='bbox 644 1073 720 1154; x_wconf 94' lang='lat' dir='ltr'><strong>quid</strong></span> <span class='ocrx_word' id='word_1_67' title='bbox 740 1081 855 1156; x_wconf 75' lang='lat' dir='ltr'><strong>praeter</strong></span> <span class='ocrx_word' id='word_1_68' title='bbox 871 1093 926 1137; x_wconf 83' lang='lat' dir='ltr'><strong>re·</strong></span> <span class='ocrx_word' id='word_1_69' title='bbox 979 1081 1012 1137; x_wconf 92' lang='lat' dir='ltr'><strong>et</strong></span> <span class='ocrx_word' id='word_1_70' title='bbox 1035 1074 1202 1156; x_wconf 88' lang='lat' dir='ltr'><strong>sapientia,</strong></span> <span class='ocrx_word' id='word_1_71' title='bbox 1228 1075 1389 1155; x_wconf 77' lang='lat' dir='ltr'><strong>sanctitas,</strong></span> <span class='ocrx_word' id='word_1_72' title='bbox 1410 1076 1563 1159; x_wconf 88' lang='lat' dir='ltr'><strong>potentia,</strong></span> <span class='ocrx_word' id='word_1_73' title='bbox 1590 1074 1726 1157; x_wconf 89' lang='lat' dir='ltr'><strong>justitia,</strong></span> 
     </span>
     <span class='ocr_line' id='line_1_7' title="bbox 175 1169 1727 1255; baseline 0.001 -22"><span class='ocrx_word' id='word_1_74' title='bbox 175 1190 247 1233; x_wconf 86' lang='lat' dir='ltr'><strong>rum</strong></span> <span class='ocrx_word' id='word_1_75' title='bbox 261 1170 378 1235; x_wconf 88' lang='lat' dir='ltr'><strong>dicam.</strong></span> <span class='ocrx_word' id='word_1_76' title='bbox 394 1171 456 1233; x_wconf 89' lang='lat' dir='ltr'><strong>lsta</strong></span> <span class='ocrx_word' id='word_1_77' title='bbox 470 1179 545 1233; x_wconf 91' lang='lat' dir='ltr'><strong>sunt</strong></span> <span class='ocrx_word' id='word_1_78' title='bbox 558 1169 697 1235; x_wconf 88' lang='lat' dir='ltr'><strong>conficta</strong></span> <span class='ocrx_word' id='word_1_79' title='bbox 710 1180 807 1253; x_wconf 89' lang='lat' dir='ltr'><strong>atque</strong></span> <span class='ocrx_word' id='word_1_80' title='bbox 822 1170 926 1233; x_wconf 90' lang='lat' dir='ltr'><strong>falsis·</strong></span> <span class='ocrx_word' id='word_1_81' title='bbox 979 1172 1079 1254; x_wconf 87' lang='lat' dir='ltr'><strong>pietas</strong></span> <span class='ocrx_word' id='word_1_82' title='bbox 1096 1172 1265 1235; x_wconf 87' lang='lat' dir='ltr'><strong>sublimius</strong></span> <span class='ocrx_word' id='word_1_83' title='bbox 1280 1182 1465 1255; x_wconf 91' lang='lat' dir='ltr'><strong>competunt</strong></span> <span class='ocrx_word' id='word_1_84' title='bbox 1478 1173 1616 1238; x_wconf 77' lang='lat' dir='ltr'><strong>Creatori</strong></span> <span class='ocrx_word' id='word_1_85' title='bbox 1631 1190 1727 1255; x_wconf 90' lang='lat' dir='ltr'><strong>quam</strong></span> 
     </span>
     <span class='ocr_line' id='line_1_8' title="bbox 175 1268 1727 1354; baseline 0.001 -22"><span class='ocrx_word' id='word_1_86' title='bbox 175 1268 259 1332; x_wconf 89' lang='lat' dir='ltr'><strong>sima</strong></span> <span class='ocrx_word' id='word_1_87' title='bbox 283 1269 392 1349; x_wconf 84' lang='lat' dir='ltr'><strong>verba,</strong></span> <span class='ocrx_word' id='word_1_88' title='bbox 413 1269 600 1333; x_wconf 73' lang='lat' dir='ltr'><strong>recitatione</strong></span> <span class='ocrx_word' id='word_1_89' title='bbox 624 1270 778 1351; x_wconf 85' lang='lat' dir='ltr'><strong>indigna;</strong></span> <span class='ocrx_word' id='word_1_90' title='bbox 803 1278 835 1334; x_wconf 90' lang='lat' dir='ltr'><strong>et</strong></span> <span class='ocrx_word' id='word_1_91' title='bbox 858 1269 926 1351; x_wconf 89' lang='lat' dir='ltr'><strong>pla·</strong></span> <span class='ocrx_word' id='word_1_92' title='bbox 979 1269 1144 1333; x_wconf 71' lang='lat' dir='ltr'><strong>creaturis.</strong></span> <span class='ocrx_word' id='word_1_93' title='bbox 1161 1269 1318 1335; x_wconf 82' lang='lat' dir='ltr'><strong>Generum</strong></span> <span class='ocrx_word' id='word_1_94' title='bbox 1341 1290 1416 1353; x_wconf 90' lang='lat' dir='ltr'><strong>ergo</strong></span> <span class='ocrx_word' id='word_1_95' title='bbox 1436 1292 1509 1335; x_wconf 92' lang='lat' dir='ltr'><strong>cum</strong></span> <span class='ocrx_word' id='word_1_96' title='bbox 1529 1272 1727 1354; x_wconf 86' lang='lat' dir='ltr'><strong>incompara-</strong></span> 
     </span>
     <span class='ocr_line' id='line_1_9' title="bbox 175 1367 1725 1449; baseline 0.001 -19"><span class='ocrx_word' id='word_1_97' title='bbox 175 1387 253 1431; x_wconf 90' lang='lat' dir='ltr'><strong>num</strong></span> <span class='ocrx_word' id='word_1_98' title='bbox 292 1369 377 1449; x_wconf 90' lang='lat' dir='ltr'><strong>quod</strong></span> <span class='ocrx_word' id='word_1_99' title='bbox 414 1368 558 1431; x_wconf 85' lang='lat' dir='ltr'><strong>Christus</strong></span> <span class='ocrx_word' id='word_1_100' title='bbox 590 1387 656 1432; x_wconf 91' lang='lat' dir='ltr'><strong>non</strong></span> <span class='ocrx_word' id='word_1_101' title='bbox 691 1368 800 1431; x_wconf 90' lang='lat' dir='ltr'><strong>docuit</strong></span> <span class='ocrx_word' id='word_1_102' title='bbox 834 1386 924 1431; x_wconf 89' lang='lat' dir='ltr'><strong>suam</strong></span> <span class='ocrx_word' id='word_1_103' title='bbox 979 1367 1036 1433; x_wconf 95' lang='lat' dir='ltr'><strong>bili</strong></span> <span class='ocrx_word' id='word_1_104' title='bbox 1057 1368 1244 1432; x_wconf 81' lang='lat' dir='ltr'><strong>excellentia</strong></span> <span class='ocrx_word' id='word_1_105' title='bbox 1267 1378 1299 1433; x_wconf 88' lang='lat' dir='ltr'><strong>et</strong></span> <span class='ocrx_word' id='word_1_106' title='bbox 1320 1370 1387 1433; x_wconf 93' lang='lat' dir='ltr'><strong>sine</strong></span> <span class='ocrx_word' id='word_1_107' title='bbox 1409 1369 1496 1435; x_wconf 91' lang='lat' dir='ltr'><strong>omui</strong></span> <span class='ocrx_word' id='word_1_108' title='bbox 1517 1368 1725 1433; x_wconf 84' lang='lat' dir='ltr'><strong>mutabilitate</strong></span> 
     </span>
     <span class='ocr_line' id='line_1_10' title="bbox 175 1465 1727 1551; baseline 0.002 -25"><span class='ocrx_word' id='word_1_109' title='bbox 175 1465 396 1547; x_wconf 86' lang='lat' dir='ltr'><strong>dignissimam</strong></span> <span class='ocrx_word' id='word_1_110' title='bbox 410 1466 539 1529; x_wconf 87' lang='lat' dir='ltr'><strong>lfatrem</strong></span> <span class='ocrx_word' id='word_1_111' title='bbox 554 1485 624 1529; x_wconf 88' lang='lat' dir='ltr'><strong>esse</strong></span> <span class='ocrx_word' id='word_1_112' title='bbox 637 1467 736 1529; x_wconf 82' lang='lat' dir='ltr'><strong>Deum</strong></span> <span class='ocrx_word' id='word_1_113' title='bbox 751 1475 805 1529; x_wconf 82' lang='lat' dir='ltr'><strong>aut</strong></span> <span class='ocrx_word' id='word_1_114' title='bbox 815 1466 924 1547; x_wconf 87' lang='lat' dir='ltr'><strong>Deam,</strong></span> <span class='ocrx_word' id='word_1_115' title='bbox 979 1468 1130 1549; x_wconf 89' lang='lat' dir='ltr'><strong>competit</strong></span> <span class='ocrx_word' id='word_1_116' title='bbox 1143 1466 1310 1543; x_wconf 83' lang='lat' dir='ltr'><strong>fleo.0uod</strong></span> <span class='ocrx_word' id='word_1_117' title='bbox 1325 1476 1356 1532; x_wconf 91' lang='lat' dir='ltr'><strong>ct</strong></span> <span class='ocrx_word' id='word_1_118' title='bbox 1370 1468 1438 1549; x_wconf 89' lang='lat' dir='ltr'><strong>ipse</strong></span> <span class='ocrx_word' id='word_1_119' title='bbox 1453 1468 1486 1531; x_wconf 93' lang='lat' dir='ltr'><strong>in</strong></span> <span class='ocrx_word' id='word_1_120' title='bbox 1500 1466 1727 1551; x_wconf 89' lang='lat' dir='ltr'><strong>lsaiapropbe-</strong></span> 
     </span>
     <span class='ocr_line' id='line_1_11' title="bbox 176 1565 1869 1650; baseline 0.003 -22"><span class='ocrx_word' id='word_1_121' title='bbox 176 1574 329 1647; x_wconf 86' lang='lat' dir='ltr'><strong>tanquam</strong></span> <span class='ocrx_word' id='word_1_122' title='bbox 348 1565 437 1628; x_wconf 91' lang='lat' dir='ltr'><strong>cultu</strong></span> <span class='ocrx_word' id='word_1_123' title='bbox 461 1565 561 1629; x_wconf 83' lang='lat' dir='ltr'><strong>latriae</strong></span> <span class='ocrx_word' id='word_1_124' title='bbox 584 1566 788 1629; x_wconf 76' lang='lat' dir='ltr'><strong>adorandam.</strong></span> <span class='ocrx_word' id='word_1_125' title='bbox 805 1566 925 1628; x_wconf 86' lang='lat' dir='ltr'><strong>Postre·</strong></span> <span class='ocrx_word' id='word_1_126' title='bbox 979 1577 1012 1632; x_wconf 92' lang='lat' dir='ltr'><strong>ta</strong></span> <span class='ocrx_word' id='word_1_127' title='bbox 1025 1566 1142 1647; x_wconf 88' lang='lat' dir='ltr'><strong>innuit,</strong></span> <span class='ocrx_word' id='word_1_128' title='bbox 1156 1567 1289 1647; x_wconf 90' lang='lat' dir='ltr'><strong>loquens</strong></span> <span class='ocrx_word' id='word_1_129' title='bbox 1305 1590 1312 1629; x_wconf 75' lang='grc' dir='ltr'><strong>ε</strong></span> <span class='ocrx_word' id='word_1_130' title='bbox 1329 1566 1487 1649; x_wconf 84' lang='lat' dir='ltr'><strong>Numquid</strong></span> <span class='ocrx_word' id='word_1_131' title='bbox 1502 1586 1561 1649; x_wconf 89' lang='lat' dir='ltr'><strong>ego</strong></span> <span class='ocrx_word' id='word_1_132' title='bbox 1576 1569 1630 1650; x_wconf 94' lang='lat' dir='ltr'><strong>qui</strong></span> <span class='ocrx_word' id='word_1_133' title='bbox 1646 1570 1725 1634; x_wconf 87' lang='lat' dir='ltr'><strong>alios</strong></span> <span class='ocrx_word' id='word_1_134' title='bbox 1741 1590 1836 1642; x_wconf 64' lang='lat' dir='ltr'><strong>raam.</strong></span> <span class='ocrx_word' id='word_1_135' title='bbox 1847 1592 1869 1633; x_wconf 84' lang='lat' dir='ltr'><strong>c.</strong></span> 
     </span>
     <span class='ocr_line' id='line_1_12' title="bbox 177 1662 1725 1750; baseline 0.003 -25"><span class='ocrx_word' id='word_1_136' title='bbox 177 1682 242 1740; x_wconf 90' lang='lat' dir='ltr'><strong>mc,</strong></span> <span class='ocrx_word' id='word_1_137' title='bbox 273 1662 427 1727; x_wconf 85' lang='lat' dir='ltr'><strong>vicesimo</strong></span> <span class='ocrx_word' id='word_1_138' title='bbox 459 1672 572 1727; x_wconf 85' lang='lat' dir='ltr'><strong>octavo</strong></span> <span class='ocrx_word' id='word_1_139' title='bbox 604 1663 752 1728; x_wconf 73' lang='lat' dir='ltr'><strong>alcorani</strong></span> <span class='ocrx_word' id='word_1_140' title='bbox 784 1663 925 1746; x_wconf 91' lang='lat' dir='ltr'><strong>capitulo</strong></span> <span class='ocrx_word' id='word_1_141' title='bbox 980 1684 1091 1750; x_wconf 88' lang='lat' dir='ltr'><strong>parere</strong></span> <span class='ocrx_word' id='word_1_142' title='bbox 1106 1663 1200 1745; x_wconf 90' lang='lat' dir='ltr'><strong>facio,</strong></span> <span class='ocrx_word' id='word_1_143' title='bbox 1216 1664 1285 1746; x_wconf 93' lang='lat' dir='ltr'><strong>ipse</strong></span> <span class='ocrx_word' id='word_1_144' title='bbox 1305 1682 1369 1728; x_wconf 92' lang='lat' dir='ltr'><strong>non</strong></span> <span class='ocrx_word' id='word_1_145' title='bbox 1388 1665 1532 1747; x_wconf 83' lang='lat' dir='ltr'><strong>pariaml</strong></span> <span class='ocrx_word' id='word_1_146' title='bbox 1548 1665 1651 1748; x_wconf 90' lang='lat' dir='ltr'><strong>Siego</strong></span> <span class='ocrx_word' id='word_1_147' title='bbox 1670 1669 1725 1750; x_wconf 93' lang='lat' dir='ltr'><strong>qui</strong></span> 
     </span>
     <span class='ocr_line' id='line_1_13' title="bbox 176 1761 1727 1846; baseline 0.006 -23"><span class='ocrx_word' id='word_1_148' title='bbox 176 1762 337 1824; x_wconf 90' lang='lat' dir='ltr'><strong>mentiens</strong></span> <span class='ocrx_word' id='word_1_149' title='bbox 359 1762 403 1825; x_wconf 90' lang='lat' dir='ltr'><strong>ait</strong></span> <span class='ocrx_word' id='word_1_150' title='bbox 425 1785 433 1823; x_wconf 92' lang='lat'><strong>:</strong></span> <span class='ocrx_word' id='word_1_151' title='bbox 457 1762 603 1826; x_wconf 82' lang='lat' dir='ltr'><strong>[licentes</strong></span> <span class='ocrx_word' id='word_1_152' title='bbox 626 1761 724 1825; x_wconf 88' lang='lat' dir='ltr'><strong>Deum</strong></span> <span class='ocrx_word' id='word_1_153' title='bbox 751 1762 925 1844; x_wconf 80' lang='lat' dir='ltr'><strong>sumpsisse</strong></span> <span class='ocrx_word' id='word_1_154' title='bbox 980 1765 1096 1832; x_wconf 88' lang='lat' dir='ltr'><strong>ceteris</strong></span> <span class='ocrx_word' id='word_1_155' title='bbox 1123 1766 1361 1846; x_wconf 80' lang='lat' dir='ltr'><strong>generationem</strong></span> <span class='ocrx_word' id='word_1_156' title='bbox 1389 1766 1506 1843; x_wconf 88' lang='lat' dir='ltr'><strong>tribuo,</strong></span> <span class='ocrx_word' id='word_1_157' title='bbox 1533 1766 1649 1830; x_wconf 87' lang='lat' dir='ltr'><strong>sterilis</strong></span> <span class='ocrx_word' id='word_1_158' title='bbox 1679 1787 1727 1832; x_wconf 90' lang='lat' dir='ltr'><strong>re-</strong></span> 
     </span>
     <span class='ocr_line' id='line_1_14' title="bbox 175 1859 1873 1945; baseline 0.004 -22"><span class='ocrx_word' id='word_1_159' title='bbox 175 1859 296 1939; x_wconf 92' lang='lat' dir='ltr'><strong>filium,</strong></span> <span class='ocrx_word' id='word_1_160' title='bbox 313 1870 404 1942; x_wconf 86' lang='lat' dir='ltr'><strong>turpe</strong></span> <span class='ocrx_word' id='word_1_161' title='bbox 419 1860 552 1924; x_wconf 89' lang='lat' dir='ltr'><strong>verbum</strong></span> <span class='ocrx_word' id='word_1_162' title='bbox 567 1880 602 1923; x_wconf 87' lang='lat' dir='ltr'><strong>se</strong></span> <span class='ocrx_word' id='word_1_163' title='bbox 620 1860 790 1943; x_wconf 91' lang='lat' dir='ltr'><strong>protulisse</strong></span> <span class='ocrx_word' id='word_1_164' title='bbox 810 1865 963 1941; x_wconf 83' lang='lat' dir='ltr'><strong>cogno-ll</strong></span> <span class='ocrx_word' id='word_1_165' title='bbox 981 1864 1138 1928; x_wconf 81' lang='lat' dir='ltr'><strong>manebot</strong></span> <span class='ocrx_word' id='word_1_166' title='bbox 1159 1863 1244 1926; x_wconf 92' lang='lat' dir='ltr'><strong>Unde</strong></span> <span class='ocrx_word' id='word_1_167' title='bbox 1265 1871 1298 1926; x_wconf 91' lang='lat' dir='ltr'><strong>et</strong></span> <span class='ocrx_word' id='word_1_168' title='bbox 1319 1863 1487 1945; x_wconf 81' lang='lat' dir='ltr'><strong>Apostolus</strong></span> <span class='ocrx_word' id='word_1_169' title='bbox 1513 1864 1592 1927; x_wconf 85' lang='lat' dir='ltr'><strong>dixit</strong></span> <span class='ocrx_word' id='word_1_170' title='bbox 1612 1866 1728 1929; x_wconf 87' lang='lat' dir='ltr'><strong>:Pater</strong></span> <span class='ocrx_word' id='word_1_171' title='bbox 1750 1885 1873 1942; x_wconf 69' lang='lat' dir='ltr'><strong>opacam,</strong></span> 
     </span>
     <span class='ocr_line' id='line_1_15' title="bbox 177 1951 1826 2045; baseline 0.002 -24"><span class='ocrx_word' id='word_1_172' title='bbox 177 1966 269 2021; x_wconf 88' lang='lat' dir='ltr'><strong>seent</strong></span> <span class='ocrx_word' id='word_1_173' title='bbox 294 1957 457 2038; x_wconf 81' lang='lat' dir='ltr'><strong>(videlicet</strong></span> <span class='ocrx_word' id='word_1_174' title='bbox 484 1956 519 2019; x_wconf 92' lang='lat' dir='ltr'><strong>iu</strong></span> <span class='ocrx_word' id='word_1_175' title='bbox 546 1958 599 2021; x_wconf 94' lang='lat' dir='ltr'><strong>die</strong></span> <span class='ocrx_word' id='word_1_176' title='bbox 625 1958 773 2038; x_wconf 86' lang='lat' dir='ltr'><strong>judicii);</strong></span> <span class='ocrx_word' id='word_1_177' title='bbox 797 1957 840 2022; x_wconf 93' lang='lat' dir='ltr'><strong>ob</strong></span> <span class='ocrx_word' id='word_1_178' title='bbox 864 1958 926 2021; x_wconf 91' lang='lat' dir='ltr'><strong>boc</strong></span> <span class='ocrx_word' id='word_1_179' title='bbox 980 1962 1107 2026; x_wconf 83' lang='lat' dir='ltr'><strong>Domini</strong></span> <span class='ocrx_word' id='word_1_180' title='bbox 1130 1961 1230 2024; x_wconf 88' lang='lat' dir='ltr'><strong>nostri</strong></span> <span class='ocrx_word' id='word_1_181' title='bbox 1249 1961 1322 2024; x_wconf 84' lang='lat' dir='ltr'><strong>lesu</strong></span> <span class='ocrx_word' id='word_1_182' title='bbox 1336 1960 1463 2041; x_wconf 86' lang='lat' dir='ltr'><strong>Christi,</strong></span> <span class='ocrx_word' id='word_1_183' title='bbox 1484 1981 1521 2025; x_wconf 88' lang='lat' dir='ltr'><strong>ex</strong></span> <span class='ocrx_word' id='word_1_184' title='bbox 1540 1982 1603 2045; x_wconf 93' lang='lat' dir='ltr'><strong>quo</strong></span> <span class='ocrx_word' id='word_1_185' title='bbox 1624 1964 1728 2027; x_wconf 88' lang='lat' dir='ltr'><strong>omnis</strong></span> <span class='ocrx_word' id='word_1_186' title='bbox 1745 1952 1778 1999; x_wconf 72' lang='lat'><strong>¹⁴·</strong></span> <span class='ocrx_word' id='word_1_187' title='bbox 1794 1951 1826 1992; x_wconf 75' lang='lat'><strong>¹⁸·</strong></span> 
     </span>
     <span class='ocr_line' id='line_1_16' title="bbox 175 2055 1727 2145; baseline 0.005 -27"><span class='ocrx_word' id='word_1_188' title='bbox 175 2058 297 2140; x_wconf 90' lang='lat' dir='ltr'><strong>quippe</strong></span> <span class='ocrx_word' id='word_1_189' title='bbox 316 2057 437 2119; x_wconf 91' lang='lat' dir='ltr'><strong>dictum</strong></span> <span class='ocrx_word' id='word_1_190' title='bbox 461 2056 529 2120; x_wconf 90' lang='lat' dir='ltr'><strong>fere</strong></span> <span class='ocrx_word' id='word_1_191' title='bbox 554 2056 671 2121; x_wconf 85' lang='lat' dir='ltr'><strong>coelum</strong></span> <span class='ocrx_word' id='word_1_192' title='bbox 691 2076 726 2120; x_wconf 86' lang='lat' dir='ltr'><strong>se</strong></span> <span class='ocrx_word' id='word_1_193' title='bbox 744 2055 924 2137; x_wconf 92' lang='lat' dir='ltr'><strong>confundit,</strong></span> <span class='ocrx_word' id='word_1_194' title='bbox 981 2059 1153 2145; x_wconf 83' lang='lat' dir='ltr'><strong>paternitas</strong></span> <span class='ocrx_word' id='word_1_195' title='bbox 1172 2059 1206 2122; x_wconf 94' lang='lat' dir='ltr'><strong>in</strong></span> <span class='ocrx_word' id='word_1_196' title='bbox 1226 2059 1308 2122; x_wconf 89' lang='lat' dir='ltr'><strong>coelo</strong></span> <span class='ocrx_word' id='word_1_197' title='bbox 1327 2058 1411 2122; x_wconf 90' lang='lat' dir='ltr'><strong>etin</strong></span> <span class='ocrx_word' id='word_1_198' title='bbox 1432 2067 1515 2123; x_wconf 89' lang='lat' dir='ltr'><strong>terra</strong></span> <span class='ocrx_word' id='word_1_199' title='bbox 1534 2060 1727 2126; x_wconf 82' lang='lat' dir='ltr'><strong>nominatur.</strong></span> 
     </span>
     <span class='ocr_line' id='line_1_17' title="bbox 175 2154 1732 2239; baseline 0.003 -20"><span class='ocrx_word' id='word_1_200' title='bbox 175 2164 208 2219; x_wconf 88' lang='lat' dir='ltr'><strong>et</strong></span> <span class='ocrx_word' id='word_1_201' title='bbox 231 2155 327 2219; x_wconf 89' lang='lat' dir='ltr'><strong>tellus</strong></span> <span class='ocrx_word' id='word_1_202' title='bbox 351 2154 486 2237; x_wconf 76' lang='lat' dir='ltr'><strong>aufugit,</strong></span> <span class='ocrx_word' id='word_1_203' title='bbox 503 2154 671 2236; x_wconf 88' lang='lat' dir='ltr'><strong>omnisque</strong></span> <span class='ocrx_word' id='word_1_204' title='bbox 697 2174 789 2219; x_wconf 90' lang='lat' dir='ltr'><strong>mons</strong></span> <span class='ocrx_word' id='word_1_205' title='bbox 811 2154 923 2218; x_wconf 87' lang='lat' dir='ltr'><strong>cadit:</strong></span> <span class='ocrx_word' id='word_1_206' title='bbox 1021 2159 1235 2221; x_wconf 79' lang='lat' dir='ltr'><strong>Sannauanus.</strong></span> <span class='ocrx_word' id='word_1_207' title='bbox 1252 2192 1293 2203; x_wconf 91' lang='lat'><em>-</em></span> <span class='ocrx_word' id='word_1_208' title='bbox 1307 2154 1417 2219; x_wconf 90' lang='lat' dir='ltr'><strong>Nonne</strong></span> <span class='ocrx_word' id='word_1_209' title='bbox 1436 2157 1513 2221; x_wconf 90' lang='lat' dir='ltr'><strong>satis</strong></span> <span class='ocrx_word' id='word_1_210' title='bbox 1535 2159 1664 2239; x_wconf 89' lang='lat' dir='ltr'><strong>grandis</strong></span> <span class='ocrx_word' id='word_1_211' title='bbox 1685 2161 1732 2223; x_wconf 91' lang='lat' dir='ltr'><strong>fe·</strong></span> 
     </span>
     <span class='ocr_line' id='line_1_18' title="bbox 175 2252 1732 2337; baseline 0.003 -21"><span class='ocrx_word' id='word_1_212' title='bbox 175 2254 237 2317; x_wconf 91' lang='lat' dir='ltr'><strong>boc</strong></span> <span class='ocrx_word' id='word_1_213' title='bbox 251 2253 339 2316; x_wconf 90' lang='lat' dir='ltr'><strong>enim</strong></span> <span class='ocrx_word' id='word_1_214' title='bbox 360 2252 578 2335; x_wconf 86' lang='lat' dir='ltr'><strong>importunum</strong></span> <span class='ocrx_word' id='word_1_215' title='bbox 599 2260 633 2315; x_wconf 90' lang='lat' dir='ltr'><strong>et</strong></span> <span class='ocrx_word' id='word_1_216' title='bbox 653 2253 857 2316; x_wconf 89' lang='lat' dir='ltr'><strong>inhonestum</strong></span> <span class='ocrx_word' id='word_1_217' title='bbox 878 2259 928 2315; x_wconf 89' lang='lat' dir='ltr'><strong>est</strong></span> <span class='ocrx_word' id='word_1_218' title='bbox 981 2256 1129 2321; x_wconf 89' lang='lat' dir='ltr'><strong>eunditas</strong></span> <span class='ocrx_word' id='word_1_219' title='bbox 1143 2255 1199 2318; x_wconf 85' lang='lat' dir='ltr'><strong>Dei</strong></span> <span class='ocrx_word' id='word_1_220' title='bbox 1215 2256 1361 2337; x_wconf 89' lang='lat' dir='ltr'><strong>estquod</strong></span> <span class='ocrx_word' id='word_1_221' title='bbox 1378 2257 1532 2319; x_wconf 93' lang='lat' dir='ltr'><strong>mundum</strong></span> <span class='ocrx_word' id='word_1_222' title='bbox 1548 2256 1633 2320; x_wconf 89' lang='lat' dir='ltr'><strong>huuc</strong></span> <span class='ocrx_word' id='word_1_223' title='bbox 1656 2275 1732 2321; x_wconf 89' lang='lat' dir='ltr'><strong>con·</strong></span> 
     </span>
     <span class='ocr_line' id='line_1_19' title="bbox 175 2350 1083 2451; baseline 0 -35"><span class='ocrx_word' id='word_1_224' title='bbox 175 2351 340 2416; x_wconf 84' lang='lat' dir='ltr'><strong>Deo.Eoce</strong></span> <span class='ocrx_word' id='word_1_225' title='bbox 355 2370 452 2432; x_wconf 87' lang='lat' dir='ltr'><strong>quam</strong></span> <span class='ocrx_word' id='word_1_226' title='bbox 468 2350 712 2414; x_wconf 88' lang='lat' dir='ltr'><strong>vitiosissimum</strong></span> <span class='ocrx_word' id='word_1_227' title='bbox 727 2359 759 2414; x_wconf 91' lang='lat' dir='ltr'><strong>et</strong></span> <span class='ocrx_word' id='word_1_228' title='bbox 772 2350 928 2451; x_wconf 68' lang='lat' dir='ltr'><strong>infidelis·</strong></span> <span class='ocrx_word' id='word_1_229' title='bbox 981 2355 1083 2418; x_wconf 80' lang='lat' dir='ltr'><strong>diditi</strong></span> 
     </span>
     <span class='ocr_line' id='line_1_20' title="bbox 176 2448 1732 2535; baseline 0.002 -23"><span class='ocrx_word' id='word_1_230' title='bbox 176 2450 296 2513; x_wconf 91' lang='lat' dir='ltr'><strong>simum</strong></span> <span class='ocrx_word' id='word_1_231' title='bbox 320 2450 475 2513; x_wconf 90' lang='lat' dir='ltr'><strong>verbumt</strong></span> <span class='ocrx_word' id='word_1_232' title='bbox 502 2450 725 2513; x_wconf 83' lang='lat' dir='ltr'><strong>Verumtamen</strong></span> <span class='ocrx_word' id='word_1_233' title='bbox 756 2468 819 2512; x_wconf 89' lang='lat' dir='ltr'><strong>non</strong></span> <span class='ocrx_word' id='word_1_234' title='bbox 848 2448 929 2512; x_wconf 88' lang='lat' dir='ltr'><strong>dici·</strong></span> <span class='ocrx_word' id='word_1_235' title='bbox 1021 2454 1238 2517; x_wconf 82' lang='lat' dir='ltr'><strong>Cunrsrmnus.</strong></span> <span class='ocrx_word' id='word_1_236' title='bbox 1264 2488 1306 2499; x_wconf 93' lang='lat'>-</span> <span class='ocrx_word' id='word_1_237' title='bbox 1329 2452 1403 2527; x_wconf 82' lang='lat' dir='ltr'><strong>Quae</strong></span> <span class='ocrx_word' id='word_1_238' title='bbox 1428 2453 1623 2535; x_wconf 89' lang='lat' dir='ltr'><strong>comparatio</strong></span> <span class='ocrx_word' id='word_1_239' title='bbox 1648 2453 1732 2516; x_wconf 89' lang='lat' dir='ltr'><strong>finiti</strong></span> 
     </span>
     <span class='ocr_line' id='line_1_21' title="bbox 175 2547 1733 2629; baseline 0.001 -18"><span class='ocrx_word' id='word_1_240' title='bbox 175 2568 248 2611; x_wconf 90' lang='lat' dir='ltr'><strong>mus</strong></span> <span class='ocrx_word' id='word_1_241' title='bbox 268 2548 367 2611; x_wconf 83' lang='lat' dir='ltr'><strong>Deum</strong></span> <span class='ocrx_word' id='word_1_242' title='bbox 388 2547 574 2629; x_wconf 88' lang='lat' dir='ltr'><strong>sumpsisse,</strong></span> <span class='ocrx_word' id='word_1_243' title='bbox 591 2547 623 2609; x_wconf 93' lang='lat' dir='ltr'><strong>id</strong></span> <span class='ocrx_word' id='word_1_244' title='bbox 642 2556 690 2610; x_wconf 89' lang='lat' dir='ltr'><strong>est</strong></span> <span class='ocrx_word' id='word_1_245' title='bbox 709 2548 749 2609; x_wconf 88' lang='lat' dir='ltr'><strong>de</strong></span> <span class='ocrx_word' id='word_1_246' title='bbox 769 2566 853 2611; x_wconf 88' lang='lat' dir='ltr'><strong>novo</strong></span> <span class='ocrx_word' id='word_1_247' title='bbox 873 2554 928 2609; x_wconf 91' lang='lat' dir='ltr'><strong>aut</strong></span> <span class='ocrx_word' id='word_1_248' title='bbox 982 2552 1022 2615; x_wconf 90' lang='lat' dir='ltr'><strong>ad</strong></span> <span class='ocrx_word' id='word_1_249' title='bbox 1048 2550 1234 2614; x_wconf 80' lang='lat' dir='ltr'><strong>infinituml</strong></span> <span class='ocrx_word' id='word_1_250' title='bbox 1253 2548 1365 2613; x_wconf 89' lang='lat' dir='ltr'><strong>Nonne</strong></span> <span class='ocrx_word' id='word_1_251' title='bbox 1389 2550 1471 2613; x_wconf 85' lang='lat' dir='ltr'><strong>Deus</strong></span> <span class='ocrx_word' id='word_1_252' title='bbox 1496 2550 1733 2615; x_wconf 90' lang='lat' dir='ltr'><strong>incircumscri-</strong></span> 
     </span>
     <span class='ocr_line' id='line_1_22' title="bbox 175 2645 1732 2733; baseline 0.001 -22"><span class='ocrx_word' id='word_1_253' title='bbox 175 2667 216 2711; x_wconf 82' lang='lat' dir='ltr'><strong>en</strong></span> <span class='ocrx_word' id='word_1_254' title='bbox 230 2666 329 2710; x_wconf 86' lang='lat' dir='ltr'><strong>uxore</strong></span> <span class='ocrx_word' id='word_1_255' title='bbox 343 2665 523 2727; x_wconf 87' lang='lat' dir='ltr'><strong>generasse,</strong></span> <span class='ocrx_word' id='word_1_256' title='bbox 539 2645 655 2725; x_wconf 79' lang='lat' dir='ltr'><strong>filium,</strong></span> <span class='ocrx_word' id='word_1_257' title='bbox 670 2653 765 2728; x_wconf 90' lang='lat' dir='ltr'><strong>prout</strong></span> <span class='ocrx_word' id='word_1_258' title='bbox 778 2645 928 2709; x_wconf 89' lang='lat' dir='ltr'><strong>sordidis·</strong></span> <span class='ocrx_word' id='word_1_259' title='bbox 982 2649 1106 2733; x_wconf 90' lang='lat' dir='ltr'><strong>ptibilis</strong></span> <span class='ocrx_word' id='word_1_260' title='bbox 1129 2656 1161 2711; x_wconf 90' lang='lat' dir='ltr'><strong>et</strong></span> <span class='ocrx_word' id='word_1_261' title='bbox 1189 2647 1363 2711; x_wconf 91' lang='lat' dir='ltr'><strong>immensus</strong></span> <span class='ocrx_word' id='word_1_262' title='bbox 1388 2646 1460 2729; x_wconf 91' lang='lat' dir='ltr'><strong>plus</strong></span> <span class='ocrx_word' id='word_1_263' title='bbox 1484 2648 1609 2711; x_wconf 82' lang='lat' dir='ltr'><strong>excedit</strong></span> <span class='ocrx_word' id='word_1_264' title='bbox 1630 2657 1732 2712; x_wconf 91' lang='lat' dir='ltr'><strong>totum</strong></span> 
     </span>
     <span class='ocr_line' id='line_1_23' title="bbox 178 2744 1729 2829; baseline 0.001 -21"><span class='ocrx_word' id='word_1_265' title='bbox 178 2746 281 2809; x_wconf 90' lang='lat' dir='ltr'><strong>simus</strong></span> <span class='ocrx_word' id='word_1_266' title='bbox 301 2744 413 2808; x_wconf 84' lang='lat' dir='ltr'><strong>ldabon</strong></span> <span class='ocrx_word' id='word_1_267' title='bbox 434 2744 638 2827; x_wconf 78' lang='lat' dir='ltr'><strong>imaginatur.</strong></span> <span class='ocrx_word' id='word_1_268' title='bbox 983 2748 1138 2811; x_wconf 92' lang='lat' dir='ltr'><strong>mundum</strong></span> <span class='ocrx_word' id='word_1_269' title='bbox 1159 2746 1336 2827; x_wconf 85' lang='lat' dir='ltr'><strong>majestate,</strong></span> <span class='ocrx_word' id='word_1_270' title='bbox 1353 2745 1550 2827; x_wconf 80' lang='lat' dir='ltr'><strong>perfectione</strong></span> <span class='ocrx_word' id='word_1_271' title='bbox 1573 2754 1604 2810; x_wconf 90' lang='lat' dir='ltr'><strong>et</strong></span> <span class='ocrx_word' id='word_1_272' title='bbox 1617 2745 1729 2829; x_wconf 86' lang='lat' dir='ltr'><strong>gloria,</strong></span> 
     </span>
     <span class='ocr_line' id='line_1_24' title="bbox 219 2842 1732 2929; baseline 0 -22"><span class='ocrx_word' id='word_1_273' title='bbox 219 2845 434 2909; x_wconf 76' lang='lat' dir='ltr'><strong>Sannacsnus.</strong></span> <span class='ocrx_word' id='word_1_274' title='bbox 458 2878 500 2889; x_wconf 90' lang='lat'>-</span> <span class='ocrx_word' id='word_1_275' title='bbox 522 2844 567 2923; x_wconf 87' lang='lat' dir='ltr'><strong>Si,</strong></span> <span class='ocrx_word' id='word_1_276' title='bbox 587 2851 623 2905; x_wconf 92' lang='lat' dir='ltr'><strong>ut</strong></span> <span class='ocrx_word' id='word_1_277' title='bbox 647 2843 788 2925; x_wconf 87' lang='lat' dir='ltr'><strong>tetigisti,</strong></span> <span class='ocrx_word' id='word_1_278' title='bbox 814 2843 929 2925; x_wconf 80' lang='lat' dir='ltr'><strong>glorio</strong></span> <span class='ocrx_word' id='word_1_279' title='bbox 982 2865 1079 2929; x_wconf 89' lang='lat' dir='ltr'><strong>quam</strong></span> <span class='ocrx_word' id='word_1_280' title='bbox 1094 2853 1178 2908; x_wconf 89' lang='lat' dir='ltr'><strong>totus</strong></span> <span class='ocrx_word' id='word_1_281' title='bbox 1194 2844 1331 2907; x_wconf 91' lang='lat' dir='ltr'><strong>mundus</strong></span> <span class='ocrx_word' id='word_1_282' title='bbox 1346 2842 1536 2906; x_wconf 88' lang='lat' dir='ltr'><strong>vilissimam</strong></span> <span class='ocrx_word' id='word_1_283' title='bbox 1552 2843 1732 2907; x_wconf 88' lang='lat' dir='ltr'><strong>minimam-</strong></span> 
     </span>
     <span class='ocr_line' id='line_1_25' title="bbox 179 2940 1733 3027; baseline 0 -22"><span class='ocrx_word' id='word_1_284' title='bbox 179 2943 357 3021; x_wconf 87' lang='lat' dir='ltr'><strong>sissimum,</strong></span> <span class='ocrx_word' id='word_1_285' title='bbox 372 2940 634 3005; x_wconf 88' lang='lat' dir='ltr'><strong>decentissimum</strong></span> <span class='ocrx_word' id='word_1_286' title='bbox 648 2950 681 3005; x_wconf 91' lang='lat' dir='ltr'><strong>et</strong></span> <span class='ocrx_word' id='word_1_287' title='bbox 695 2940 929 3005; x_wconf 89' lang='lat' dir='ltr'><strong>convenientis·</strong></span> <span class='ocrx_word' id='word_1_288' title='bbox 983 2964 1045 3027; x_wconf 87' lang='lat' dir='ltr'><strong>que</strong></span> <span class='ocrx_word' id='word_1_289' title='bbox 1058 2942 1379 3007; x_wconf 87' lang='lat' dir='ltr'><strong>arenamlPrcductic</strong></span> <span class='ocrx_word' id='word_1_290' title='bbox 1395 2960 1470 3023; x_wconf 88' lang='lat' dir='ltr'><strong>crgo</strong></span> <span class='ocrx_word' id='word_1_291' title='bbox 1484 2950 1517 3004; x_wconf 88' lang='lat' dir='ltr'><strong>et</strong></span> <span class='ocrx_word' id='word_1_292' title='bbox 1530 2941 1630 3009; x_wconf 91' lang='lat' dir='ltr'><strong>moles</strong></span> <span class='ocrx_word' id='word_1_293' title='bbox 1646 2962 1733 3006; x_wconf 91' lang='lat' dir='ltr'><strong>mun-</strong></span> 
     </span>
     <span class='ocr_line' id='line_1_26' title="bbox 178 3039 1732 3124; baseline 0 -21"><span class='ocrx_word' id='word_1_294' title='bbox 178 3042 299 3104; x_wconf 90' lang='lat' dir='ltr'><strong>simum</strong></span> <span class='ocrx_word' id='word_1_295' title='bbox 323 3041 387 3104; x_wconf 84' lang='lat' dir='ltr'><strong>lleo</strong></span> <span class='ocrx_word' id='word_1_296' title='bbox 410 3048 469 3118; x_wconf 89' lang='lat' dir='ltr'><strong>est,</strong></span> <span class='ocrx_word' id='word_1_297' title='bbox 485 3039 601 3102; x_wconf 75' lang='lat' dir='ltr'><strong>uilium</strong></span> <span class='ocrx_word' id='word_1_298' title='bbox 625 3040 927 3103; x_wconf 82' lang='lat' dir='ltr'><strong>consubstantialem</strong></span> <span class='ocrx_word' id='word_1_299' title='bbox 945 3048 966 3110; x_wconf 81' lang='lat' dir='ltr'><strong>G</strong></span> <span class='ocrx_word' id='word_1_300' title='bbox 983 3044 1028 3121; x_wconf 90' lang='lat' dir='ltr'><strong>di,</strong></span> <span class='ocrx_word' id='word_1_301' title='bbox 1044 3040 1204 3124; x_wconf 91' lang='lat' dir='ltr'><strong>punctalis</strong></span> <span class='ocrx_word' id='word_1_302' title='bbox 1225 3049 1386 3122; x_wconf 83' lang='lat' dir='ltr'><strong>astatque</strong></span> <span class='ocrx_word' id='word_1_303' title='bbox 1406 3048 1560 3122; x_wconf 90' lang='lat' dir='ltr'><strong>punctum</strong></span> <span class='ocrx_word' id='word_1_304' title='bbox 1585 3047 1732 3123; x_wconf 90' lang='lat' dir='ltr'><strong>respectu</strong></span> 
     </span>
     <span class='ocr_line' id='line_1_27' title="bbox 178 3137 1733 3221; baseline 0.001 -19"><span class='ocrx_word' id='word_1_305' title='bbox 178 3138 438 3221; x_wconf 73' lang='lat' dir='ltr'><strong>coequalemque</strong></span> <span class='ocrx_word' id='word_1_306' title='bbox 468 3138 630 3220; x_wconf 89' lang='lat' dir='ltr'><strong>genuisse,</strong></span> <span class='ocrx_word' id='word_1_307' title='bbox 660 3157 736 3220; x_wconf 89' lang='lat' dir='ltr'><strong>ergo</strong></span> <span class='ocrx_word' id='word_1_308' title='bbox 764 3137 796 3200; x_wconf 92' lang='lat' dir='ltr'><strong>id</strong></span> <span class='ocrx_word' id='word_1_309' title='bbox 824 3147 929 3221; x_wconf 91' lang='lat' dir='ltr'><strong>potest</strong></span> <span class='ocrx_word' id='word_1_310' title='bbox 983 3142 1118 3206; x_wconf 78' lang='lat' dir='ltr'><strong>infinite</strong></span> <span class='ocrx_word' id='word_1_311' title='bbox 1137 3139 1343 3220; x_wconf 77' lang='lat' dir='ltr'><strong>excellentia,</strong></span> <span class='ocrx_word' id='word_1_312' title='bbox 1365 3139 1571 3218; x_wconf 88' lang='lat' dir='ltr'><strong>causalitatis,</strong></span> <span class='ocrx_word' id='word_1_313' title='bbox 1587 3139 1733 3203; x_wconf 91' lang='lat' dir='ltr'><strong>fecundi-</strong></span> 
     </span>
     <span class='ocr_line' id='line_1_28' title="bbox 178 3237 1568 3320; baseline -0.002 -18"><span class='ocrx_word' id='word_1_314' title='bbox 178 3237 321 3320; x_wconf 87' lang='lat' dir='ltr'><strong>probari.</strong></span> <span class='ocrx_word' id='word_1_315' title='bbox 983 3241 1055 3304; x_wconf 91' lang='lat' dir='ltr'><strong>tatis</strong></span> <span class='ocrx_word' id='word_1_316' title='bbox 1076 3237 1478 3319; x_wconf 85' lang='lat' dir='ltr'><strong>communicabilitatisque</strong></span> <span class='ocrx_word' id='word_1_317' title='bbox 1500 3237 1568 3300; x_wconf 86' lang='lat' dir='ltr'><strong>Dei.</strong></span> 
     </span>
     <span class='ocr_line' id='line_1_29' title="bbox 218 3333 1733 3418; baseline 0.001 -20"><span class='ocrx_word' id='word_1_318' title='bbox 218 3335 437 3398; x_wconf 80' lang='lat' dir='ltr'><strong>Canrsrrmus.</strong></span> <span class='ocrx_word' id='word_1_319' title='bbox 448 3369 489 3380; x_wconf 93' lang='lat'><em>-</em></span> <span class='ocrx_word' id='word_1_320' title='bbox 501 3334 589 3408; x_wconf 84' lang='lat' dir='ltr'><strong>Quod</strong></span> <span class='ocrx_word' id='word_1_321' title='bbox 604 3334 665 3398; x_wconf 87' lang='lat' dir='ltr'><strong>boe</strong></span> <span class='ocrx_word' id='word_1_322' title='bbox 680 3333 722 3396; x_wconf 91' lang='lat' dir='ltr'><strong>sit</strong></span> <span class='ocrx_word' id='word_1_323' title='bbox 736 3333 929 3397; x_wconf 85' lang='lat' dir='ltr'><strong>convenien·</strong></span> <span class='ocrx_word' id='word_1_324' title='bbox 1023 3340 1284 3401; x_wconf 69' lang='lat' dir='ltr'><strong>sineremus—</strong></span> <span class='ocrx_word' id='word_1_325' title='bbox 1296 3335 1546 3418; x_wconf 85' lang='lat' dir='ltr'><strong>Disputationem</strong></span> <span class='ocrx_word' id='word_1_326' title='bbox 1562 3344 1648 3398; x_wconf 87' lang='lat' dir='ltr'><strong>tuam</strong></span> <span class='ocrx_word' id='word_1_327' title='bbox 1664 3355 1733 3417; x_wconf 91' lang='lat' dir='ltr'><strong>pro·</strong></span> 
     </span>
     <span class='ocr_line' id='line_1_30' title="bbox 178 3430 1127 3518; baseline 0.003 -23"><span class='ocrx_word' id='word_1_328' title='bbox 178 3432 352 3509; x_wconf 90' lang='lat' dir='ltr'><strong>tissimum,</strong></span> <span class='ocrx_word' id='word_1_329' title='bbox 382 3430 643 3494; x_wconf 87' lang='lat' dir='ltr'><strong>decentissimum</strong></span> <span class='ocrx_word' id='word_1_330' title='bbox 678 3439 710 3495; x_wconf 92' lang='lat' dir='ltr'><strong>et</strong></span> <span class='ocrx_word' id='word_1_331' title='bbox 739 3430 928 3513; x_wconf 88' lang='lat' dir='ltr'><strong>gloriosissi·</strong></span> <span class='ocrx_word' id='word_1_332' title='bbox 983 3455 1127 3518; x_wconf 80' lang='lat' dir='ltr'><strong>sequere.</strong></span> 
     </span>
     <span class='ocr_line' id='line_1_31' title="bbox 179 3527 1731 3614; baseline 0.003 -22"><span class='ocrx_word' id='word_1_333' title='bbox 179 3549 269 3592; x_wconf 91' lang='lat' dir='ltr'><strong>mum</strong></span> <span class='ocrx_word' id='word_1_334' title='bbox 292 3529 368 3610; x_wconf 77' lang='lat' dir='ltr'><strong>lieo,</strong></span> <span class='ocrx_word' id='word_1_335' title='bbox 393 3529 498 3611; x_wconf 90' lang='lat' dir='ltr'><strong>primo</strong></span> <span class='ocrx_word' id='word_1_336' title='bbox 521 3548 559 3591; x_wconf 86' lang='lat' dir='ltr'><strong>ex</strong></span> <span class='ocrx_word' id='word_1_337' title='bbox 583 3527 649 3593; x_wconf 91' lang='lat' dir='ltr'><strong>fide</strong></span> <span class='ocrx_word' id='word_1_338' title='bbox 676 3537 708 3592; x_wconf 89' lang='lat' dir='ltr'><strong>ct</strong></span> <span class='ocrx_word' id='word_1_339' title='bbox 735 3528 927 3593; x_wconf 86' lang='lat' dir='ltr'><strong>revelatione</strong></span> <span class='ocrx_word' id='word_1_340' title='bbox 1022 3534 1238 3598; x_wconf 81' lang='lat' dir='ltr'><strong>Cnnrsrmnus</strong></span> <span class='ocrx_word' id='word_1_341' title='bbox 1254 3569 1294 3578; x_wconf 94' lang='lat'><em>-</em></span> <span class='ocrx_word' id='word_1_342' title='bbox 1309 3532 1445 3595; x_wconf 88' lang='lat' dir='ltr'><strong>Videsne</strong></span> <span class='ocrx_word' id='word_1_343' title='bbox 1460 3532 1597 3614; x_wconf 87' lang='lat' dir='ltr'><strong>qualiter</strong></span> <span class='ocrx_word' id='word_1_344' title='bbox 1611 3533 1644 3595; x_wconf 91' lang='lat' dir='ltr'><strong>in</strong></span> <span class='ocrx_word' id='word_1_345' title='bbox 1664 3552 1731 3596; x_wconf 89' lang='lat' dir='ltr'><strong>cre-</strong></span> 
     </span>
     <span class='ocr_line' id='line_1_32' title="bbox 178 3626 1730 3714; baseline 0.003 -24"><span class='ocrx_word' id='word_1_346' title='bbox 178 3627 340 3705; x_wconf 78' lang='lat' dir='ltr'><strong>innotuit3</strong></span> <span class='ocrx_word' id='word_1_347' title='bbox 355 3626 471 3690; x_wconf 90' lang='lat' dir='ltr'><strong>deinde</strong></span> <span class='ocrx_word' id='word_1_348' title='bbox 489 3626 589 3690; x_wconf 90' lang='lat' dir='ltr'><strong>multa</strong></span> <span class='ocrx_word' id='word_1_349' title='bbox 608 3627 809 3690; x_wconf 89' lang='lat' dir='ltr'><strong>rationabilia</strong></span> <span class='ocrx_word' id='word_1_350' title='bbox 830 3628 869 3688; x_wconf 88' lang='lat' dir='ltr'><strong>ad</strong></span> <span class='ocrx_word' id='word_1_351' title='bbox 894 3627 926 3689; x_wconf 93' lang='lat' dir='ltr'><strong>id</strong></span> <span class='ocrx_word' id='word_1_352' title='bbox 982 3633 1081 3697; x_wconf 81' lang='lat' dir='ltr'><strong>aturis</strong></span> <span class='ocrx_word' id='word_1_353' title='bbox 1101 3632 1350 3713; x_wconf 89' lang='lat' dir='ltr'><strong>unumquodque</strong></span> <span class='ocrx_word' id='word_1_354' title='bbox 1374 3631 1416 3693; x_wconf 93' lang='lat' dir='ltr'><strong>sit</strong></span> <span class='ocrx_word' id='word_1_355' title='bbox 1440 3638 1527 3694; x_wconf 91' lang='lat' dir='ltr'><strong>tanto</strong></span> <span class='ocrx_word' id='word_1_356' title='bbox 1552 3632 1623 3714; x_wconf 91' lang='lat' dir='ltr'><strong>plus</strong></span> <span class='ocrx_word' id='word_1_357' title='bbox 1644 3650 1730 3696; x_wconf 94' lang='lat' dir='ltr'><strong>com-</strong></span> 
     </span>
     <span class='ocr_line' id='line_1_33' title="bbox 177 3725 1730 3811; baseline 0.002 -21"><span class='ocrx_word' id='word_1_358' title='bbox 177 3733 367 3809; x_wconf 85' lang='lat' dir='ltr'><strong>argumenta</strong></span> <span class='ocrx_word' id='word_1_359' title='bbox 397 3725 653 3804; x_wconf 90' lang='lat' dir='ltr'><strong>intmducuntur,</strong></span> <span class='ocrx_word' id='word_1_360' title='bbox 681 3745 751 3807; x_wconf 83' lang='lat' dir='ltr'><strong>quaa</strong></span> <span class='ocrx_word' id='word_1_361' title='bbox 778 3725 839 3787; x_wconf 90' lang='lat' dir='ltr'><strong>etsi</strong></span> <span class='ocrx_word' id='word_1_362' title='bbox 867 3725 927 3788; x_wconf 92' lang='lat' dir='ltr'><strong>boc</strong></span> <span class='ocrx_word' id='word_1_363' title='bbox 982 3731 1212 3794; x_wconf 84' lang='lat' dir='ltr'><strong>munioativum</strong></span> <span class='ocrx_word' id='word_1_364' title='bbox 1241 3727 1495 3809; x_wconf 86' lang='lat' dir='ltr'><strong>diffusivumque</strong></span> <span class='ocrx_word' id='word_1_365' title='bbox 1523 3730 1583 3806; x_wconf 87' lang='lat' dir='ltr'><strong>sui,</strong></span> <span class='ocrx_word' id='word_1_366' title='bbox 1611 3738 1730 3811; x_wconf 89' lang='lat' dir='ltr'><strong>quanto</strong></span> 
     </span>
     <span class='ocr_line' id='line_1_34' title="bbox 177 3822 1730 3912; baseline 0.003 -24"><span class='ocrx_word' id='word_1_367' title='bbox 177 3844 243 3890; x_wconf 90' lang='lat' dir='ltr'><strong>nou</strong></span> <span class='ocrx_word' id='word_1_368' title='bbox 258 3824 489 3902; x_wconf 88' lang='lat' dir='ltr'><strong>demonstrent,</strong></span> <span class='ocrx_word' id='word_1_369' title='bbox 505 3822 713 3905; x_wconf 88' lang='lat' dir='ltr'><strong>probabiliter</strong></span> <span class='ocrx_word' id='word_1_370' title='bbox 730 3831 836 3886; x_wconf 88' lang='lat' dir='ltr'><strong>tamen</strong></span> <span class='ocrx_word' id='word_1_371' title='bbox 857 3842 928 3905; x_wconf 89' lang='lat' dir='ltr'><strong>per·</strong></span> <span class='ocrx_word' id='word_1_372' title='bbox 983 3829 1086 3912; x_wconf 88' lang='lat' dir='ltr'><strong>maj0r</strong></span> <span class='ocrx_word' id='word_1_373' title='bbox 1099 3837 1147 3891; x_wconf 92' lang='lat' dir='ltr'><strong>est</strong></span> <span class='ocrx_word' id='word_1_374' title='bbox 1161 3827 1285 3890; x_wconf 89' lang='lat' dir='ltr'><strong>bonitas</strong></span> <span class='ocrx_word' id='word_1_375' title='bbox 1299 3826 1381 3908; x_wconf 86' lang='lat' dir='ltr'><strong>ejus,</strong></span> <span class='ocrx_word' id='word_1_376' title='bbox 1398 3845 1460 3907; x_wconf 94' lang='lat' dir='ltr'><strong>quo</strong></span> <span class='ocrx_word' id='word_1_377' title='bbox 1477 3826 1509 3889; x_wconf 91' lang='lat' dir='ltr'><strong>in</strong></span> <span class='ocrx_word' id='word_1_378' title='bbox 1524 3828 1653 3892; x_wconf 84' lang='lat' dir='ltr'><strong>caritate</strong></span> <span class='ocrx_word' id='word_1_379' title='bbox 1669 3829 1730 3892; x_wconf 92' lang='lat' dir='ltr'><strong>flu-</strong></span> 
     </span>
     <span class='ocr_line' id='line_1_35' title="bbox 178 3920 1730 4010; baseline 0.003 -24"><span class='ocrx_word' id='word_1_380' title='bbox 178 3925 325 4004; x_wconf 84' lang='lat' dir='ltr'><strong>sundent,</strong></span> <span class='ocrx_word' id='word_1_381' title='bbox 340 3931 373 3985; x_wconf 88' lang='lat' dir='ltr'><strong>et</strong></span> <span class='ocrx_word' id='word_1_382' title='bbox 391 3921 474 3985; x_wconf 90' lang='lat' dir='ltr'><strong>sicut</strong></span> <span class='ocrx_word' id='word_1_383' title='bbox 495 3920 573 3985; x_wconf 93' lang='lat' dir='ltr'><strong>fidei</strong></span> <span class='ocrx_word' id='word_1_384' title='bbox 594 3921 720 3987; x_wconf 82' lang='lat' dir='ltr'><strong>veritas</strong></span> <span class='ocrx_word' id='word_1_385' title='bbox 733 3923 853 3986; x_wconf 86' lang='lat' dir='ltr'><strong>ratione</strong></span> <span class='ocrx_word' id='word_1_386' title='bbox 874 3923 929 3984; x_wconf 87' lang='lat' dir='ltr'><strong>de-</strong></span> <span class='ocrx_word' id='word_1_387' title='bbox 982 3928 1086 3991; x_wconf 92' lang='lat' dir='ltr'><strong>entius</strong></span> <span class='ocrx_word' id='word_1_388' title='bbox 1112 3935 1222 4004; x_wconf 84' lang='lat' dir='ltr'><strong>exstat,</strong></span> <span class='ocrx_word' id='word_1_389' title='bbox 1243 3933 1362 4006; x_wconf 90' lang='lat' dir='ltr'><strong>quanto</strong></span> <span class='ocrx_word' id='word_1_390' title='bbox 1386 3925 1522 4008; x_wconf 91' lang='lat' dir='ltr'><strong>plenius,</strong></span> <span class='ocrx_word' id='word_1_391' title='bbox 1549 3926 1730 4010; x_wconf 89' lang='lat' dir='ltr'><strong>opulentius</strong></span> 
     </span>
     <span class='ocr_line' id='line_1_36' title="bbox 179 4019 1731 4109; baseline 0.001 -23"><span class='ocrx_word' id='word_1_392' title='bbox 179 4021 350 4086; x_wconf 89' lang='lat' dir='ltr'><strong>monstrari</strong></span> <span class='ocrx_word' id='word_1_393' title='bbox 366 4039 431 4084; x_wconf 92' lang='lat' dir='ltr'><strong>non</strong></span> <span class='ocrx_word' id='word_1_394' title='bbox 445 4028 560 4103; x_wconf 87' lang='lat' dir='ltr'><strong>potest,</strong></span> <span class='ocrx_word' id='word_1_395' title='bbox 577 4019 621 4082; x_wconf 89' lang='lat' dir='ltr'><strong>ita</strong></span> <span class='ocrx_word' id='word_1_396' title='bbox 636 4039 694 4083; x_wconf 90' lang='lat' dir='ltr'><strong>nec</strong></span> <span class='ocrx_word' id='word_1_397' title='bbox 711 4020 884 4102; x_wconf 88' lang='lat' dir='ltr'><strong>reprobari.</strong></span> <span class='ocrx_word' id='word_1_398' title='bbox 982 4025 1244 4109; x_wconf 90' lang='lat' dir='ltr'><strong>splendidiusque</strong></span> <span class='ocrx_word' id='word_1_399' title='bbox 1268 4024 1433 4102; x_wconf 88' lang='lat' dir='ltr'><strong>exstiterit,</strong></span> <span class='ocrx_word' id='word_1_400' title='bbox 1454 4024 1516 4086; x_wconf 93' lang='lat' dir='ltr'><strong>nisi</strong></span> <span class='ocrx_word' id='word_1_401' title='bbox 1541 4025 1648 4089; x_wconf 81' lang='lat' dir='ltr'><strong>forsan</strong></span> <span class='ocrx_word' id='word_1_402' title='bbox 1673 4026 1731 4089; x_wconf 88' lang='lat' dir='ltr'><strong>ali-</strong></span> 
     </span>
     <span class='ocr_line' id='line_1_37' title="bbox 218 4117 1730 4204; baseline 0.004 -22"><span class='ocrx_word' id='word_1_403' title='bbox 218 4121 434 4183; x_wconf 78' lang='lat' dir='ltr'><strong>Sanaaceuus.</strong></span> <span class='ocrx_word' id='word_1_404' title='bbox 458 4155 499 4165; x_wconf 91' lang='lat'>-</span> <span class='ocrx_word' id='word_1_405' title='bbox 521 4118 714 4200; x_wconf 78' lang='lat' dir='ltr'><strong>Argumenta</strong></span> <span class='ocrx_word' id='word_1_406' title='bbox 737 4118 792 4181; x_wconf 91' lang='lat' dir='ltr'><strong>illa</strong></span> <span class='ocrx_word' id='word_1_407' title='bbox 816 4117 927 4181; x_wconf 89' lang='lat' dir='ltr'><strong>audire</strong></span> <span class='ocrx_word' id='word_1_408' title='bbox 983 4126 1067 4187; x_wconf 87' lang='lat' dir='ltr'><strong>unde</strong></span> <span class='ocrx_word' id='word_1_409' title='bbox 1083 4124 1123 4196; x_wconf 87' lang='lat' dir='ltr'><strong>sit</strong></span> <span class='ocrx_word' id='word_1_410' title='bbox 1139 4122 1401 4204; x_wconf 89' lang='lat' dir='ltr'><strong>impedimentum</strong></span> <span class='ocrx_word' id='word_1_411' title='bbox 1423 4141 1461 4186; x_wconf 85' lang='lat' dir='ltr'><strong>ex</strong></span> <span class='ocrx_word' id='word_1_412' title='bbox 1483 4125 1665 4204; x_wconf 89' lang='lat' dir='ltr'><strong>tenacitate,</strong></span> <span class='ocrx_word' id='word_1_413' title='bbox 1682 4125 1730 4188; x_wconf 91' lang='lat' dir='ltr'><strong>in-</strong></span> 
     </span>
     <span class='ocr_line' id='line_1_38' title="bbox 180 4218 1730 4304; baseline 0.005 -23"><span class='ocrx_word' id='word_1_414' title='bbox 180 4218 338 4281; x_wconf 86' lang='lat' dir='ltr'><strong>desidem.</strong></span> <span class='ocrx_word' id='word_1_415' title='bbox 944 4220 1069 4286; x_wconf 81' lang='lat' dir='ltr'><strong>llvidia</strong></span> <span class='ocrx_word' id='word_1_416' title='bbox 1094 4221 1345 4304; x_wconf 87' lang='lat' dir='ltr'><strong>incapacitateve</strong></span> <span class='ocrx_word' id='word_1_417' title='bbox 1370 4225 1498 4283; x_wconf 85' lang='lat' dir='ltr'><strong>reruml</strong></span> <span class='ocrx_word' id='word_1_418' title='bbox 1522 4221 1730 4296; x_wconf 81' lang='lat' dir='ltr'><strong>Quemadmo-</strong></span> 
     </span>
     <span class='ocr_line' id='line_1_39' title="bbox 982 4318 1730 4402; baseline 0.001 -17"><span class='ocrx_word' id='word_1_419' title='bbox 982 4324 1058 4386; x_wconf 92' lang='lat' dir='ltr'><strong>dum</strong></span> <span class='ocrx_word' id='word_1_420' title='bbox 1083 4339 1159 4402; x_wconf 87' lang='lat' dir='ltr'><strong>crgo</strong></span> <span class='ocrx_word' id='word_1_421' title='bbox 1178 4320 1260 4382; x_wconf 89' lang='lat' dir='ltr'><strong>Deus</strong></span> <span class='ocrx_word' id='word_1_422' title='bbox 1280 4318 1423 4382; x_wconf 86' lang='lat' dir='ltr'><strong>excelsus</strong></span> <span class='ocrx_word' id='word_1_423' title='bbox 1447 4328 1479 4382; x_wconf 91' lang='lat' dir='ltr'><strong>et</strong></span> <span class='ocrx_word' id='word_1_424' title='bbox 1502 4319 1657 4402; x_wconf 91' lang='lat' dir='ltr'><strong>gloriosus</strong></span> <span class='ocrx_word' id='word_1_425' title='bbox 1682 4332 1730 4386; x_wconf 89' lang='lat' dir='ltr'><strong>cst</strong></span> 
     </span>
     <span class='ocr_line' id='line_1_40' title="bbox 376 4417 1730 4500; baseline -0.006 -8"><span class='ocrx_word' id='word_1_426' title='bbox 376 4428 621 4492; x_wconf 81' lang='lat' dir='ltr'>ARTICULUS</span> <span class='ocrx_word' id='word_1_427' title='bbox 638 4427 730 4490; x_wconf 86' lang='lat' dir='ltr'><strong>XVI.</strong></span> <span class='ocrx_word' id='word_1_428' title='bbox 983 4418 1276 4500; x_wconf 89' lang='lat' dir='ltr'><strong>incomparabiliter</strong></span> <span class='ocrx_word' id='word_1_429' title='bbox 1296 4425 1328 4480; x_wconf 87' lang='lat' dir='ltr'><strong>et</strong></span> <span class='ocrx_word' id='word_1_430' title='bbox 1352 4417 1730 4500; x_wconf 87' lang='lat' dir='ltr'><strong>incircumscriptibiliter</strong></span> 
     </span>
     <span class='ocr_line' id='line_1_41' title="bbox 983 4515 1731 4600; baseline 0.001 -20"><span class='ocrx_word' id='word_1_431' title='bbox 983 4518 1097 4593; x_wconf 89' lang='lat' dir='ltr'><strong>bonus,</strong></span> <span class='ocrx_word' id='word_1_432' title='bbox 1110 4533 1285 4596; x_wconf 89' lang='lat' dir='ltr'><strong>amorosus,</strong></span> <span class='ocrx_word' id='word_1_433' title='bbox 1298 4515 1560 4597; x_wconf 90' lang='lat' dir='ltr'><strong>opulentissimus</strong></span> <span class='ocrx_word' id='word_1_434' title='bbox 1575 4525 1607 4579; x_wconf 91' lang='lat' dir='ltr'><strong>et</strong></span> <span class='ocrx_word' id='word_1_435' title='bbox 1621 4536 1731 4600; x_wconf 90' lang='lat' dir='ltr'><strong>super·</strong></span> 
     </span>
     <span class='ocr_line' id='line_1_42' title="bbox 984 4613 1729 4696; baseline 0.003 -18"><span class='ocrx_word' id='word_1_436' title='bbox 984 4615 1173 4694; x_wconf 91' lang='lat' dir='ltr'><strong>luminosus,</strong></span> <span class='ocrx_word' id='word_1_437' title='bbox 1190 4613 1235 4676; x_wconf 90' lang='lat' dir='ltr'><strong>sie</strong></span> <span class='ocrx_word' id='word_1_438' title='bbox 1251 4614 1404 4696; x_wconf 89' lang='lat' dir='ltr'><strong>competit</strong></span> <span class='ocrx_word' id='word_1_439' title='bbox 1419 4614 1447 4676; x_wconf 88' lang='lat' dir='ltr'><strong>ei</strong></span> <span class='ocrx_word' id='word_1_440' title='bbox 1462 4613 1658 4679; x_wconf 90' lang='lat' dir='ltr'><strong>diffusivitas</strong></span> <span class='ocrx_word' id='word_1_441' title='bbox 1673 4636 1729 4680; x_wconf 92' lang='lat' dir='ltr'><strong>seu</strong></span> 
     </span>
     <span class='ocr_line' id='line_1_43' title="bbox 984 4712 1822 4794; baseline 0.002 -17"><span class='ocrx_word' id='word_1_442' title='bbox 984 4713 1293 4777; x_wconf 88' lang='lat' dir='ltr'><strong>communicabilitas</strong></span> <span class='ocrx_word' id='word_1_443' title='bbox 1328 4712 1453 4794; x_wconf 91' lang='lat' dir='ltr'><strong>penitus</strong></span> <span class='ocrx_word' id='word_1_444' title='bbox 1482 4712 1609 4776; x_wconf 91' lang='lat' dir='ltr'><strong>infinita</strong></span> <span class='ocrx_word' id='word_1_445' title='bbox 1639 4738 1646 4776; x_wconf 92' lang='lat'>:</span> <span class='ocrx_word' id='word_1_446' title='bbox 1678 4715 1730 4778; x_wconf 92' lang='lat' dir='ltr'><strong>cui</strong></span> <span class='ocrx_word' id='word_1_447' title='bbox 1817 4723 1822 4730; x_wconf 90' lang='lat'>&#39;</span> 
     </span>
     <span class='ocr_line' id='line_1_44' title="bbox 219 4807 1733 4895; baseline 0.002 -22"><span class='ocrx_word' id='word_1_448' title='bbox 219 4809 437 4873; x_wconf 79' lang='lat' dir='ltr'><strong>dumsrrartus.</strong></span> <span class='ocrx_word' id='word_1_449' title='bbox 465 4807 689 4890; x_wconf 81' lang='lat' dir='ltr'><strong>-Quidquid</strong></span> <span class='ocrx_word' id='word_1_450' title='bbox 722 4807 929 4890; x_wconf 88' lang='lat' dir='ltr'><strong>perfectionis</strong></span> <span class='ocrx_word' id='word_1_451' title='bbox 985 4812 1109 4875; x_wconf 91' lang='lat' dir='ltr'><strong>nullum</strong></span> <span class='ocrx_word' id='word_1_452' title='bbox 1123 4830 1254 4894; x_wconf 88' lang='lat' dir='ltr'><strong>germen</strong></span> <span class='ocrx_word' id='word_1_453' title='bbox 1273 4810 1404 4873; x_wconf 89' lang='lat' dir='ltr'><strong>finitum</strong></span> <span class='ocrx_word' id='word_1_454' title='bbox 1425 4819 1527 4892; x_wconf 91' lang='lat' dir='ltr'><strong>potest</strong></span> <span class='ocrx_word' id='word_1_455' title='bbox 1546 4831 1733 4895; x_wconf 90' lang='lat' dir='ltr'><strong>correspon-</strong></span> 
     </span>
     <span class='ocr_line' id='line_1_45' title="bbox 181 4906 1732 4991; baseline 0 -17"><span class='ocrx_word' id='word_1_456' title='bbox 181 4911 213 4974; x_wconf 93' lang='lat' dir='ltr'><strong>in</strong></span> <span class='ocrx_word' id='word_1_457' title='bbox 228 4906 384 4974; x_wconf 84' lang='lat' dir='ltr'><strong>creaturis</strong></span> <span class='ocrx_word' id='word_1_458' title='bbox 405 4906 563 4986; x_wconf 90' lang='lat' dir='ltr'><strong>consistit,</strong></span> <span class='ocrx_word' id='word_1_459' title='bbox 580 4915 702 4969; x_wconf 89' lang='lat' dir='ltr'><strong>certum</strong></span> <span class='ocrx_word' id='word_1_460' title='bbox 721 4915 769 4970; x_wconf 90' lang='lat' dir='ltr'><strong>est</strong></span> <span class='ocrx_word' id='word_1_461' title='bbox 788 4907 820 4969; x_wconf 92' lang='lat' dir='ltr'><strong>in</strong></span> <span class='ocrx_word' id='word_1_462' title='bbox 839 4909 930 4970; x_wconf 84' lang='lat' dir='ltr'><strong>Crea—</strong></span> <span class='ocrx_word' id='word_1_463' title='bbox 984 4911 1070 4985; x_wconf 91' lang='lat' dir='ltr'><strong>dere,</strong></span> <span class='ocrx_word' id='word_1_464' title='bbox 1088 4928 1186 4990; x_wconf 94' lang='lat' dir='ltr'><strong>quum</strong></span> <span class='ocrx_word' id='word_1_465' title='bbox 1206 4908 1248 4971; x_wconf 90' lang='lat' dir='ltr'><strong>sit</strong></span> <span class='ocrx_word' id='word_1_466' title='bbox 1266 4907 1393 4970; x_wconf 92' lang='lat' dir='ltr'><strong>infinite</strong></span> <span class='ocrx_word' id='word_1_467' title='bbox 1410 4907 1543 4971; x_wconf 91' lang='lat' dir='ltr'><strong>inferius</strong></span> <span class='ocrx_word' id='word_1_468' title='bbox 1565 4909 1732 4991; x_wconf 90' lang='lat' dir='ltr'><strong>minusque</strong></span> 
     </span>
     <span class='ocr_line' id='line_1_46' title="bbox 182 4997 1742 5089; baseline -0.002 -16"><span class='ocrx_word' id='word_1_469' title='bbox 182 5019 250 5074; x_wconf 90' lang='lat' dir='ltr'><strong>tore</strong></span> <span class='ocrx_word' id='word_1_470' title='bbox 268 5005 523 5072; x_wconf 88' lang='lat' dir='ltr'><strong>eminentissime</strong></span> <span class='ocrx_word' id='word_1_471' title='bbox 542 5005 710 5068; x_wconf 85' lang='lat' dir='ltr'><strong>contineri.</strong></span> <span class='ocrx_word' id='word_1_472' title='bbox 727 5006 828 5080; x_wconf 86' lang='lat' dir='ltr'><strong>Quum</strong></span> <span class='ocrx_word' id='word_1_473' title='bbox 854 5027 930 5089; x_wconf 91' lang='lat' dir='ltr'><strong>ergo</strong></span> <span class='ocrx_word' id='word_1_474' title='bbox 985 5008 1052 5070; x_wconf 85' lang='lat' dir='ltr'><strong>illa.</strong></span> <span class='ocrx_word' id='word_1_475' title='bbox 1068 5006 1132 5070; x_wconf 91' lang='lat' dir='ltr'><strong>Nec</strong></span> <span class='ocrx_word' id='word_1_476' title='bbox 1147 5007 1210 5070; x_wconf 93' lang='lat' dir='ltr'><strong>dici</strong></span> <span class='ocrx_word' id='word_1_477' title='bbox 1226 5015 1330 5089; x_wconf 89' lang='lat' dir='ltr'><strong>potest</strong></span> <span class='ocrx_word' id='word_1_478' title='bbox 1342 5007 1427 5088; x_wconf 94' lang='lat' dir='ltr'><strong>quod</strong></span> <span class='ocrx_word' id='word_1_479' title='bbox 1444 5006 1570 5070; x_wconf 86' lang='lat' dir='ltr'><strong>infinita</strong></span> <span class='ocrx_word' id='word_1_480' title='bbox 1591 4997 1742 5072; x_wconf 60' lang='lat' dir='ltr'><strong>commu-¹</strong></span> 
     </span>
     <span class='ocr_line' id='line_1_47' title="bbox 182 5102 1732 5189; baseline -0.002 -17"><span class='ocrx_word' id='word_1_481' title='bbox 182 5109 283 5172; x_wconf 87' lang='lat' dir='ltr'><strong>virtus</strong></span> <span class='ocrx_word' id='word_1_482' title='bbox 302 5102 440 5169; x_wconf 86' lang='lat' dir='ltr'><strong>causalis</strong></span> <span class='ocrx_word' id='word_1_483' title='bbox 464 5123 520 5167; x_wconf 91' lang='lat' dir='ltr'><strong>seu</strong></span> <span class='ocrx_word' id='word_1_484' title='bbox 541 5103 678 5166; x_wconf 85' lang='lat' dir='ltr'><strong>fecunda</strong></span> <span class='ocrx_word' id='word_1_485' title='bbox 697 5105 873 5187; x_wconf 89' lang='lat' dir='ltr'><strong>proprietas</strong></span> <span class='ocrx_word' id='word_1_486' title='bbox 892 5125 929 5168; x_wconf 88' lang='lat' dir='ltr'><strong>ac</strong></span> <span class='ocrx_word' id='word_1_487' title='bbox 984 5105 1167 5169; x_wconf 89' lang='lat' dir='ltr'><strong>nicabilitas</strong></span> <span class='ocrx_word' id='word_1_488' title='bbox 1181 5124 1245 5168; x_wconf 92' lang='lat' dir='ltr'><strong>non</strong></span> <span class='ocrx_word' id='word_1_489' title='bbox 1263 5105 1361 5186; x_wconf 88' lang='lat' dir='ltr'><strong>possit</strong></span> <span class='ocrx_word' id='word_1_490' title='bbox 1376 5105 1408 5166; x_wconf 95' lang='lat' dir='ltr'><strong>in</strong></span> <span class='ocrx_word' id='word_1_491' title='bbox 1424 5113 1529 5168; x_wconf 89' lang='lat' dir='ltr'><strong>actum</strong></span> <span class='ocrx_word' id='word_1_492' title='bbox 1545 5125 1581 5168; x_wconf 89' lang='lat' dir='ltr'><strong>ac</strong></span> <span class='ocrx_word' id='word_1_493' title='bbox 1601 5126 1732 5189; x_wconf 85' lang='lat' dir='ltr'><strong>germen</strong></span> 
     </span>
     <span class='ocr_line' id='line_1_48' title="bbox 182 5201 1734 5292; baseline -0.003 -20"><span class='ocrx_word' id='word_1_494' title='bbox 182 5205 367 5292; x_wconf 83' lang='lat' dir='ltr'><strong>genemtira</strong></span> <span class='ocrx_word' id='word_1_495' title='bbox 379 5211 517 5287; x_wconf 83' lang='lat' dir='ltr'><strong>potestas</strong></span> <span class='ocrx_word' id='word_1_496' title='bbox 538 5201 604 5264; x_wconf 89' lang='lat' dir='ltr'><strong>sint</strong></span> <span class='ocrx_word' id='word_1_497' title='bbox 623 5203 789 5285; x_wconf 79' lang='lat' dir='ltr'><strong>praecipuae</strong></span> <span class='ocrx_word' id='word_1_498' title='bbox 808 5213 931 5268; x_wconf 88' lang='lat' dir='ltr'><strong>creatu·</strong></span> <span class='ocrx_word' id='word_1_499' title='bbox 986 5205 1047 5268; x_wconf 91' lang='lat' dir='ltr'><strong>sibi</strong></span> <span class='ocrx_word' id='word_1_500' title='bbox 1063 5204 1348 5286; x_wconf 87' lang='lat' dir='ltr'><strong>proportionatum,</strong></span> <span class='ocrx_word' id='word_1_501' title='bbox 1364 5205 1615 5286; x_wconf 90' lang='lat' dir='ltr'><strong>correspondens</strong></span> <span class='ocrx_word' id='word_1_502' title='bbox 1634 5225 1670 5268; x_wconf 84' lang='lat' dir='ltr'><strong>ac</strong></span> <span class='ocrx_word' id='word_1_503' title='bbox 1686 5207 1734 5268; x_wconf 90' lang='lat' dir='ltr'><strong>in-</strong></span> 
     </span>
     <span class='ocr_line' id='line_1_49' title="bbox 184 5299 1734 5388; baseline 0.001 -22"><span class='ocrx_word' id='word_1_504' title='bbox 184 5325 291 5372; x_wconf 74' lang='lat' dir='ltr'><strong>mmm</strong></span> <span class='ocrx_word' id='word_1_505' title='bbox 314 5301 539 5388; x_wconf 88' lang='lat' dir='ltr'><strong>perfectiones,</strong></span> <span class='ocrx_word' id='word_1_506' title='bbox 560 5299 593 5363; x_wconf 91' lang='lat' dir='ltr'><strong>in</strong></span> <span class='ocrx_word' id='word_1_507' title='bbox 617 5309 739 5364; x_wconf 92' lang='lat' dir='ltr'><strong>tantum</strong></span> <span class='ocrx_word' id='word_1_508' title='bbox 764 5308 800 5365; x_wconf 89' lang='lat' dir='ltr'><strong>ut</strong></span> <span class='ocrx_word' id='word_1_509' title='bbox 818 5321 931 5366; x_wconf 90' lang='lat' dir='ltr'><strong>unum·</strong></span> <span class='ocrx_word' id='word_1_510' title='bbox 987 5304 1117 5366; x_wconf 92' lang='lat' dir='ltr'><strong>finitum</strong></span> <span class='ocrx_word' id='word_1_511' title='bbox 1153 5302 1336 5387; x_wconf 87' lang='lat' dir='ltr'><strong>procedere,</strong></span> <span class='ocrx_word' id='word_1_512' title='bbox 1365 5321 1463 5385; x_wconf 90' lang='lat' dir='ltr'><strong>quum</strong></span> <span class='ocrx_word' id='word_1_513' title='bbox 1492 5303 1665 5385; x_wconf 87' lang='lat' dir='ltr'><strong>unicuique</strong></span> <span class='ocrx_word' id='word_1_514' title='bbox 1693 5305 1734 5368; x_wconf 87' lang='lat' dir='ltr'><strong>sit</strong></span> 
     </span>
    </p>
   </div>
   <div class='ocr_carea' id='block_1_3' title="bbox 179 4560 929 4724">
    <p class='ocr_par' dir='ltr' id='par_1_3' title="bbox 179 4560 929 4724">
     <span class='ocr_line' id='line_1_50' title="bbox 179 4560 929 4638; baseline -0.004 -15"><span class='ocrx_word' id='word_1_515' title='bbox 179 4560 389 4624; x_wconf 81' lang='lat' dir='ltr'><strong>Introductio</strong></span> <span class='ocrx_word' id='word_1_516' title='bbox 408 4561 629 4634; x_wconf 80' lang='lat' dir='ltr'><strong>probabilium</strong></span> <span class='ocrx_word' id='word_1_517' title='bbox 654 4562 821 4619; x_wconf 81' lang='lat' dir='ltr'><strong>rationum</strong></span> <span class='ocrx_word' id='word_1_518' title='bbox 842 4563 929 4638; x_wconf 82' lang='lat' dir='ltr'><strong>quod</strong></span> 
     </span>
     <span class='ocr_line' id='line_1_51' title="bbox 274 4650 836 4724; baseline 0.004 -16"><span class='ocrx_word' id='word_1_519' title='bbox 274 4651 312 4708; x_wconf 79' lang='lat' dir='ltr'><strong>in</strong></span> <span class='ocrx_word' id='word_1_520' title='bbox 325 4652 392 4710; x_wconf 85' lang='lat' dir='ltr'><strong>Dee</strong></span> <span class='ocrx_word' id='word_1_521' title='bbox 405 4650 448 4708; x_wconf 82' lang='lat' dir='ltr'><strong>sit</strong></span> <span class='ocrx_word' id='word_1_522' title='bbox 464 4650 599 4709; x_wconf 81' lang='lat' dir='ltr'><strong>trinitas</strong></span> <span class='ocrx_word' id='word_1_523' title='bbox 611 4666 836 4724; x_wconf 83' lang='lat' dir='ltr'><strong>personarum.</strong></span> 
     </span>
    </p>
   </div>
   <div class='ocr_carea' id='block_1_4' title="bbox 0 0 2166 6244">
    <p class='ocr_par' dir='ltr' id='par_1_4' title="bbox 0 0 2166 6244">
     <span class='ocr_line' id='line_1_52' title="bbox 0 0 2166 6244; baseline 0 0"><span class='ocrx_word' id='word_1_524' title='bbox 0 0 2166 6244; x_wconf 95' lang='lat' dir='ltr'><strong> </strong></span> 
     </span>
    </p>
   </div>
  </div>
 </body>
</html>
