4309 6250
430 512 470 559 nn
490 512 654 559 oronnam
675 512 713 558 nr
733 512 881 559 mannus
902 513 930 559 a.
954 513 982 558 v.
1006 513 1123 570 naara,
1146 512 1235 560 unna
1255 514 1296 560 tv.
1318 532 1359 543 -
1380 513 1449 560 aar.
1472 515 1493 559 v
1674 496 1734 562 lto

183 700 266 763 rum,
283 683 323 745 ad
338 683 536 764 probandum
551 682 585 745 in
599 682 811 765 exspiratione
830 693 863 747 et
882 704 931 747 as-
946 683 971 746 h
986 685 1058 750 vite
1079 686 1235 769 principis
1259 684 1442 766 intelligunt
1465 703 1582 766 corpus
1604 684 1734 765 Christi,

183 782 364 862 sumptione
378 780 652 845 excellentissimas
666 780 805 863 Virginis
821 800 933 846 conve-
985 784 1070 863 quod
1087 784 1186 847 vitam
1200 784 1309 865 gratim
1323 782 1497 862 inchoavit,
1509 790 1541 845 et
1555 783 1654 847 Deum
1670 802 1735 846 sus

182 877 269 939 nisse
291 879 469 960 Apostolos,
485 879 641 961 allegatur
663 879 792 941 divinus
818 879 932 961 Diony·
986 882 1083 963 cepit,
1099 881 1250 964 quoniam
1270 882 1424 965 templum
1449 881 1570 944 exstitit
1594 881 1734 959 deitatis,

183 975 248 1038 sius
267 977 363 1039 tertio
384 976 522 1058 capitulo
545 978 585 1039 de
610 976 727 1039 Divinis
749 977 931 1041 nominibus
986 996 1049 1059 qua
1073 979 1232 1061 personali
1257 980 1376 1044 unione
1399 988 1596 1061 assumptum
1625 986 1672 1043 est
1701 979 1734 1041 in

183 1073 318 1154 loquens
339 1075 379 1137 ad
400 1075 601 1138 Timotheum
619 1098 626 1135 ε
643 1074 717 1155 Nos,
733 1084 768 1137 ut
789 1076 884 1155 nosti,
900 1084 932 1139 ot
986 1094 1122 1157 persona
1137 1077 1232 1141 Verbi
1256 1077 1376 1141 aeterni.
1391 1076 1473 1140 ilinc
1497 1077 1595 1141 abbas
1610 1076 1736 1140 Vercel-

183 1178 229 1249 tu,
246 1173 384 1235 etmulti
406 1192 445 1236 ex
463 1172 614 1235 fratribus
633 1174 761 1252 nostris,
778 1175 817 1237 ad
838 1174 932 1237 visio-
986 1174 1097 1255 lensis,
1112 1176 1168 1256 qui
1183 1176 1216 1238 in
1231 1176 1323 1239 libris
1338 1176 1439 1239 divini
1459 1175 1598 1258 Dionysii
1617 1176 1736 1239 studio-

182 1288 257 1331 nem
273 1271 416 1353 corporis
432 1270 587 1354 principis
601 1270 673 1333 vitan
688 1280 720 1334 et
733 1273 816 1354 quod
833 1271 931 1334 Deum
987 1271 1149 1335 sissimum
1167 1293 1202 1337 se
1222 1293 1279 1355 per
1302 1273 1415 1355 viginti
1439 1292 1539 1337 annos
1563 1272 1662 1336 fuisse
1690 1282 1736 1337 te

184 1369 336 1450 suscepit,
357 1370 587 1445 convenimus3
604 1378 718 1451 praesto
739 1379 844 1434 autem
866 1377 933 1433 erat
987 1379 1099 1447 statur,
1120 1373 1343 1453 transtulitque
1368 1372 1508 1451 eosdem,
1529 1391 1593 1437 non
1619 1380 1654 1434 ut
1680 1372 1734 1435 alii

22 1480 170 1532 canaam
183 1465 319 1529 lacobus
334 1466 432 1530 frater
445 1468 580 1544 Domini,
597 1475 629 1531 et
643 1467 751 1531 Petrus
766 1468 881 1531 eximia
901 1477 933 1529 et
986 1470 1191 1532 translatores
1206 1468 1239 1532 in
1255 1469 1326 1533 stilo
1340 1470 1483 1548 difficili,
1500 1470 1555 1532 sed
1570 1470 1608 1532 ad
1624 1469 1733 1533 stilum

183 1565 321 1627 maxima
350 1566 569 1646 theologorum
604 1566 782 1629 summitas.
812 1565 931 1629 Deinde
988 1566 1187 1645 facillimum,
1217 1566 1261 1629 ita
1294 1567 1519 1650 interpretatus
1551 1577 1599 1632 est
1628 1568 1733 1633 locum

184 1662 304 1745 placuit
326 1670 362 1725 ut
381 1671 453 1744 post
470 1662 625 1726 visionem
649 1663 789 1727 universi
814 1663 931 1726 summi
987 1664 1084 1727 istum
1105 1664 1361 1728 :Perfectionem
1383 1666 1543 1729 llierothei
1565 1667 1735 1749 Dionysius

183 1761 363 1824 sacerdotes
389 1761 617 1841 hymnizarent,
645 1769 738 1843 prout
762 1760 932 1842 unusquis·
987 1771 1116 1825 sanctus
1134 1762 1273 1826 insinuat
1288 1784 1327 1825 ex
1342 1765 1513 1827 excedente
1529 1773 1623 1846 atque
1638 1773 1736 1829 ecsta-

181 1877 245 1939 que
259 1866 344 1921 esset
359 1859 503 1939 idoneus,
519 1858 681 1922 immensae
697 1859 823 1922 virtutis
843 1856 968 1923 boni-B
987 1860 1050 1923 tica
1068 1860 1161 1923 laude
1179 1860 1297 1923 divinae
1316 1862 1467 1924 bonitatis
1491 1863 1663 1925 humanam
1687 1864 1736 1925 in-

182 1965 280 2019 tatem
301 1956 441 2020 vivifice
462 1956 667 2020 infirmitatis.
986 1956 1173 2021 firmitatem
1187 1959 1390 2039 assumentis,
1406 1960 1439 2021 in
1460 1960 1591 2024 civitate
1612 1961 1736 2025 Jerusa-

220 2055 308 2117 llano
323 2054 542 2117 auctoritatem
557 2055 704 2118 hibertus
720 2074 844 2137 quoque
859 2056 932 2119 alle·
987 2055 1050 2118 lem
1064 2056 1153 2136 juxta
1167 2057 1349 2138 sepulcrum
1364 2057 1501 2137 Domini,
1518 2058 1552 2120 in
1566 2061 1735 2141 praesentia

180 2161 233 2233 gat
247 2154 287 2216 ad
303 2153 555 2234 persuadendum
568 2154 693 2216 Mariam
710 2154 930 2235 dignissimam
986 2162 1170 2217 sanctorum
1197 2155 1412 2237 apostolorum
1442 2155 1536 2234 Petri,
1567 2156 1674 2220 Jacobi
1703 2166 1735 2219 et

180 2249 213 2311 in
235 2269 369 2332 corpore
383 2260 415 2314 et
429 2250 536 2313 anima
557 2270 627 2313 esse
647 2260 854 2334 assumptam,
871 2252 930 2314 hac
985 2250 1127 2331 loannis,
1156 2251 1309 2334 Dionysii,
1339 2252 1509 2333 Timothei,
1539 2262 1569 2317 et
1598 2254 1733 2318 aliorum

21 2370 154 2412 mustra
181 2358 274 2411 utens
297 2347 501 2411 translatione
518 2373 525 2411 :
541 2348 615 2428 Nos,
632 2356 666 2410 ut
681 2350 774 2422 nosti,
796 2358 828 2413 et
848 2350 928 2433 ipso,
986 2348 1201 2429 spiritualium
1231 2349 1381 2429 viromm,
1407 2350 1665 2414 convenientium
1695 2352 1734 2415 ad

9 2432 212 2537 {ffisffet
240 2446 333 2508 multi
363 2453 544 2509 sauctorum
572 2454 751 2509 nostrorum
783 2446 929 2527 fratrum,
985 2446 1185 2509 tractandum
1205 2447 1244 2509 de
1263 2448 1415 2528 mysterio
1429 2448 1659 2512 incarnationis
1679 2450 1735 2513 do-

180 2544 392 2607 convenimus
413 2544 452 2608 ad
467 2544 622 2607 visionem
645 2543 694 2607 vel
717 2544 929 2607 visitationem
986 2544 1123 2607 minicae.
1140 2544 1194 2607 Cui
1221 2544 1316 2608 etiam
1339 2546 1544 2628 disputationi
1568 2547 1602 2609 B.
1620 2548 1735 2611 Paulus

180 2642 323 2723 corporis
338 2641 410 2703 vite
426 2641 579 2724 principis
599 2650 631 2704 et
648 2643 732 2723 quod
748 2643 845 2706 Deum
863 2662 931 2705 sus·
986 2640 1169 2705 interfuisse
1184 2643 1370 2707 ostenditur.
1387 2645 1459 2707 llaec
1474 2645 1699 2709 Vercellensis.

180 2740 286 2821 cepit;
309 2740 418 2802 aderat
442 2748 547 2803 autem
571 2747 602 2802 et
620 2740 718 2803 frater
738 2740 862 2804 Domini
882 2742 930 2804 la·
1024 2740 1097 2803 llaec
1113 2741 1219 2821 magni
1234 2750 1329 2823 atque
1344 2742 1500 2823 seraphici
1511 2742 1653 2826 Dionysii
1669 2764 1736 2808 ver·

180 2838 291 2915 cobus,
312 2845 344 2899 et
367 2837 476 2899 Petrus
496 2857 620 2900 summa
639 2846 672 2900 et
690 2839 930 2919 protectissima
985 2838 1025 2901 ba
1041 2846 1104 2899 tam
1119 2838 1290 2920 diligenter
1309 2839 1590 2923 multipliciterque
1612 2842 1733 2921 induxi,

179 2935 400 3017 theologorum
417 2936 595 2999 summitas.
613 2936 714 3017 Super
728 2956 798 3017 quae
820 2938 927 3015 verba,
986 2943 1020 2997 ut
1054 2954 1165 2998 eorum
1200 2935 1318 2999 clarius
1353 2937 1533 3000 innotescat
1566 2941 1732 3002 sententia.

180 3042 215 3096 ut
250 3033 338 3095 addit
364 3032 524 3113 Albertus,
549 3032 660 3097 Glossa
693 3034 761 3097 vult
793 3035 929 3097 maxime
948 3037 969 3100 C
987 3032 1106 3114 Nempe
1134 3033 1159 3095 si
1188 3042 1348 3097 constaret
1370 3034 1606 3099 divinissimum
1630 3037 1735 3100 virum

178 3133 265 3214 quod
291 3133 324 3194 in
349 3132 543 3196 dormitione
568 3133 710 3197 Dominae
738 3141 852 3196 nostra
880 3133 931 3196 fu·
985 3131 1171 3213 Dionysium
1200 3133 1288 3196 omni
1314 3131 1381 3196 fide
1405 3133 1639 3216 dignissimum,
1657 3156 1736 3218 prae

178 3238 274 3294 erunt
289 3229 431 3311 predicti
447 3231 601 3312 Apostoli,
619 3240 651 3292 et
664 3231 697 3292 B.
715 3231 883 3312 Dionysius
898 3240 929 3295 et
986 3230 1125 3292 tendisse
1142 3249 1176 3292 se
1191 3231 1376 3294 dormitioni
1399 3240 1430 3294 et
1450 3235 1661 3317 assumptioni
1684 3256 1736 3299 ex-

180 3329 333 3410 magister
351 3347 427 3390 suus
446 3327 644 3390 hierotheus.
660 3329 699 3390 Et
718 3335 788 3408 post
808 3348 930 3391 assum·
985 3328 1220 3391 cellentissimae
1239 3329 1342 3392 blariae
1360 3329 1546 3395 interfuisse
1569 3353 1642 3396 cum
1664 3355 1735 3397 san-

179 3427 321 3508 ptioncm
337 3425 479 3507 corporis
501 3425 646 3488 fecerunt
668 3425 882 3505 collationem,
898 3435 930 3490 et
985 3427 1044 3489 ctis
1060 3427 1219 3509 Apostolis
1234 3427 1369 3510 aliisque
1383 3429 1560 3511 discipulis,
1578 3431 1629 3493 vir
1648 3431 1735 3513 quis-

179 3524 368 3587 hierotheus
383 3523 446 3586 fuit
461 3531 578 3605 raptus.
596 3523 709 3604 Sisque
728 3523 855 3588 videtur
875 3545 930 3606 ap·
984 3544 1079 3605 quam
1105 3524 1351 3604 Catholicorum,
1369 3536 1404 3591 ut
1428 3547 1510 3606 reor,
1526 3529 1619 3592 aliter
1635 3549 1732 3610 quam

180 3623 315 3705 probare
341 3621 394 3684 hic
418 3621 558 3703 Dionysii
585 3629 686 3684 textus
714 3641 787 3685 cum
815 3623 928 3704 glossis
985 3624 1069 3704 quod
1089 3623 1257 3705 Dionysius
1276 3625 1404 3707 scripsit
1423 3627 1564 3690 sentiret.
1582 3627 1732 3690 Praeterea

181 3720 260 3798 suis,
271 3720 356 3800 quod
372 3719 487 3801 legitur
499 3720 539 3782 de
554 3720 768 3800 assumptione
783 3721 928 3802 gloriosae
986 3718 1088 3782 fateor
1101 3741 1152 3784 me
1168 3740 1231 3784 non
1246 3722 1329 3785 scire
1344 3732 1442 3803 certo,
1457 3743 1553 3804 quem
1568 3745 1586 3788 e
1607 3727 1731 3790 duobus

181 3817 324 3900 Virginis
346 3817 514 3900 corporali.
531 3817 603 3881 llaec
617 3817 776 3880 albertus.
985 3819 1132 3882 sensibus
1158 3819 1260 3902 magis
1283 3821 1452 3903 Dionysius
1477 3832 1605 3887 sanctus
1630 3825 1732 3888 inten-

22 3940 154 3982 rmsnuo
221 3917 366 3997 Insuper,
384 3915 476 3978 tertia
491 3914 587 3978 habet
599 3915 764 3979 translatio
781 3939 788 3978 r
804 3915 877 3992 Nos,
896 3925 930 3978 ut
985 3918 1076 3980 derit.

8 4000 164 4046 ’ΝΜ
181 4015 367 4090 aestimatur,
384 4021 415 4076 et
438 4021 483 4091 tu,
500 4021 532 4076 et
550 4014 641 4076 multi
667 4023 848 4078 sanctorum
875 4033 930 4078 no
1025 4015 1178 4097 Denique,
1195 4023 1313 4079 tactum
1329 4026 1377 4079 est
1392 4037 1497 4100 supra,
1514 4021 1617 4100 primo
1636 4022 1729 4104 libro,
1745 4019 1846 4091 mua.

180 4121 320 4176 stromm
334 4111 479 4192 fratrum,
490 4112 521 4173 in
538 4112 693 4176 visionem
709 4113 806 4175 vitam
821 4113 930 4177 incho-
984 4114 1252 4195 quemadmodum
1267 4133 1402 4197 magnus
1422 4116 1477 4180 ille
1499 4117 1666 4201 Dionysius
1688 4121 1733 4184 le-

179 4212 264 4275 antis
283 4220 315 4274 ot
333 4210 432 4274 Deum
448 4211 631 4291 recipientis
652 4211 792 4293 corporis
814 4231 929 4275 conve·
946 4217 1076 4293 Dgatur
1097 4231 1115 4274 a
1133 4210 1253 4275 Graecia
1277 4213 1404 4276 venisse
1427 4215 1601 4279 Jerusalem
1622 4219 1661 4282 ad
1685 4220 1733 4282 vi-

178 4310 421 4387 nimus3aderat
435 4315 540 4371 autem
555 4318 587 4371 et
601 4309 655 4372 Dei
671 4309 768 4372 frater
781 4310 927 4390 lacobuS,
984 4310 1123 4372 dandum
1138 4311 1294 4392 corporali
1311 4312 1428 4376 intuitu
1440 4314 1656 4380 beatissimam
1668 4319 1734 4381 Vir-

177 4417 211 4472 et
231 4407 339 4471 Petrus
364 4417 471 4470 vertex
490 4415 522 4470 et
541 4407 818 4471 honorabilissima
841 4410 930 4474 theo
984 4410 1093 4489 ginem
1122 4408 1226 4471 adhuc
1255 4409 1289 4470 in
1318 4430 1414 4474 carne
1442 4413 1614 4477 viventem.
1644 4417 1732 4491 Quod

177 4506 325 4587 logorum
354 4505 531 4568 summitas.
563 4503 681 4568 Deinde
710 4505 828 4586 placuit
857 4517 930 4589 post
985 4506 1152 4569 ttberttnus
1174 4506 1255 4570 libro
1278 4518 1391 4588 quarto
1410 4511 1449 4572 de
1468 4511 1538 4574 Vita
1561 4513 1733 4578 Salvaton's

176 4603 338 4666 visionem
361 4602 491 4665 laudare
516 4621 658 4665 summos
685 4604 865 4668 sacerdotes
888 4606 929 4666 si·
984 4612 1117 4666 testatur
1138 4623 1176 4667 ac
1202 4605 1327 4685 plenius
1350 4607 1471 4687 recitat,
1488 4610 1598 4674 dicens
1621 4636 1628 4673 z
1652 4615 1732 4676 Dum

177 4700 245 4764 mul
273 4721 397 4779 omnes,
427 4701 586 4783 quomodo
615 4702 833 4784 unusquisque
861 4712 929 4766 erat
984 4701 1152 4784 Dionysius
1173 4703 1212 4764 ad
1232 4703 1405 4766 videndum
1425 4705 1551 4771 hlariam
1573 4710 1731 4792 virginem

177 4801 324 4878 idoneus,
341 4797 477 4862 multum
502 4807 664 4882 potentem
686 4800 860 4864 bonitatem
881 4802 929 4864 di·
984 4800 1217 4863 sanctissimam
1253 4801 1453 4866 introductus
1491 4804 1616 4886 fuisset,
1656 4811 1734 4873 vidit

176 4897 258 4960 vinae
282 4897 491 4960 infirmitatis.
983 4906 1106 4960 tantum
1121 4899 1322 4980 splendorem
1338 4909 1370 4962 et
1385 4902 1623 4968 multitudinem
1638 4927 1733 4990 ange·

215 4997 286 5060 flaec
313 4993 575 5076 theologicissimi
596 4995 735 5078 Dionysii
757 4997 853 5060 verba
872 4998 927 5060 ob-
983 4995 1087 5058 lorum
1113 4996 1381 5060 innumerabilem
1406 4999 1493 5063 circa
1517 5021 1600 5080 eam,
1617 5004 1734 5086 ipsam-

175 5115 267 5158 scura
289 5102 387 5168 sunt;
403 5101 436 5156 et
451 5092 554 5156 fateor
574 5095 658 5174 quod
679 5095 717 5157 ad
740 5103 925 5177 praetactum
983 5113 1044 5176 que
1060 5095 1224 5176 Virginem
1245 5104 1332 5158 tanta
1352 5097 1423 5159 luce
1442 5098 1578 5181 fulgere,
1596 5112 1630 5164 ut
1653 5104 1733 5168 refe-

175 5213 302 5257 sensum
327 5191 458 5256 valeant
481 5191 634 5274 applicari
660 5216 667 5254 :
692 5193 795 5256 nihilo
820 5195 926 5257 minus
984 5202 1071 5256 ratur
1099 5193 1218 5256 dixisse
1251 5196 1336 5274 quod
1369 5215 1439 5258 eam
1473 5199 1637 5263 adorasset
1667 5222 1732 5283 prae

174 5291 213 5356 ab
227 5292 297 5356 aliis
312 5291 410 5356 aliter
430 5298 640 5372 exponuntur,
656 5291 711 5375 qui
732 5311 789 5375 per
810 5309 925 5374 corpus
983 5291 1203 5375 magnitudine
1227 5291 1336 5374 gloriae
1354 5294 1388 5356 in
1408 5313 1471 5377 qua
1493 5316 1564 5361 eam
1590 5298 1730 5381 videbat,
