4309 6250
247 516 288 563 DE
309 516 518 565 Andromeda
538 519 635 567 sunt
655 518 823 567 romuleis
843 520 882 565 st·
901 519 1071 569 elusanus
1093 521 1233 582 coucthn,
1255 523 1344 571 uasa
1365 524 1385 571 Ι
1407 541 1449 557 -··
1467 526 1539 574 ΛΒΤ.
1561 526 1623 575 XXV
1650 506 1711 574 565

38 686 303 752 tteonndicitur:
296 689 480 774 ·Caput1n
509 690 654 754 tribubus
680 691 776 754 lsrael
806 690 949 756 tactust
1003 693 1154 769 Quamvis
1167 704 1273 759 autem
1288 698 1452 779 praemissa
1465 697 1628 761 distinctio
1644 717 1712 781 pos

62 804 205 871 ,mes
232 787 271 849 Et
293 788 390 851 lsaias
413 789 483 852 ait·
500 789 627 851 Senex
643 798 675 852 et
698 790 906 869 honorabilis,
963 789 1005 852 sit
1032 792 1147 855 salvari
1172 796 1368 877 (quanquam
1393 796 1476 878 Papa
1501 796 1625 860 sublato
1654 815 1710 861 seu

31 884 232 999 wemipse
249 894 299 949 est
313 896 427 970 caput;
444 887 520 950 item
535 888 654 950 Amos:
670 887 844 969 Optimates
858 908 910 951 ca·
961 898 1098 968 mortuo,
1115 891 1257 955 Ecclesia
1279 893 1320 955 sit
1340 893 1463 975 privata
1484 894 1627 958 membro
1652 913 1709 958 suo

34 764 64 865 ll!

98 952 229 1064 ''²¹pita
256 984 458 1067 populorum
487 984 567 1047 Hinc
595 985 731 1048 Thomas
763 994 907 1066 testatur,
962 988 1150 1069 dignissimo
1175 998 1270 1072 atque
1291 990 1458 1069 altissimo,
1479 1011 1539 1055 nec
1563 992 1632 1075 ipse
1656 1010 1710 1075 pa-

159 1083 246 1163 quod
260 1083 411 1147 dicuntur
424 1083 527 1165 capita
541 1083 799 1165 praesidentes,in
813 1103 911 1166 quan·
962 1085 1044 1167 palis
1072 1094 1210 1167 potestas
1236 1088 1278 1151 sit
1304 1088 1493 1167 formaliter,
1519 1090 1647 1172 proprie
1672 1109 1709 1153 ac

160 1188 229 1243 tum
263 1181 368 1245 vicem
401 1180 516 1245 Christi
550 1191 674 1263 gerunt.
703 1181 805 1256 Quum
833 1201 909 1265 ergo
962 1184 1112 1247 distinete
1134 1205 1325 1268 permanens
1344 1187 1377 1249 in
1397 1187 1551 1269 Ecclesia,
1567 1188 1712 1271 necipsa

159 1279 270 1341 nullus
289 1280 322 1342 in
341 1288 406 1343 tota
424 1280 568 1342 Ecclesia
592 1288 656 1342 tam
676 1280 854 1343 eminenter
872 1300 909 1343 ac
961 1282 1106 1345 Ecclesia
1119 1284 1240 1366 absque
1254 1284 1336 1367 Papa
1351 1285 1392 1347 sit
1404 1303 1630 1368 usquequaque
1646 1306 1712 1369 per-

158 1376 256 1457 plenc
271 1386 360 1459 gerat
378 1378 482 1441 vicem
501 1377 615 1441 Christi
639 1386 674 1439 ut
694 1378 786 1459 Papa,
804 1378 909 1459 palam
963 1379 1047 1444 fecta
1063 1404 1070 1442 ι
1089 1380 1164 1463 quia
1175 1383 1214 1445 ad
1229 1383 1506 1447 conservationem
1522 1384 1597 1447 honi
1612 1392 1712 1447 status

158 1477 246 1556 quod
261 1476 323 1557 ipsi
337 1496 403 1558 prae
418 1476 532 1539 ceteris
546 1484 706 1557 competat
723 1496 793 1539 esse
816 1484 911 1559 eaput
962 1478 1114 1543 Ecclesiae
1139 1489 1171 1543 et
1193 1482 1417 1545 ecclesiastieae
1446 1482 1576 1545 unitatis
1600 1483 1633 1545 in
1663 1502 1711 1563 ea,

157 1574 322 1653 Ecclesia,
346 1576 413 1638 imo
439 1574 537 1638 totius
560 1574 721 1637 Ecclesiae.
748 1574 811 1637 Nec
838 1576 910 1639 ideo
962 1586 1087 1660 oportet
1108 1598 1178 1641 esse
1202 1580 1236 1641 in
1260 1578 1404 1643 Ecclesia
1428 1599 1527 1643 unum
1552 1600 1712 1643 summum

158 1674 306 1754 sequitur
319 1674 404 1755 quod
419 1673 562 1745 Ecclesia
577 1672 619 1735 sit
630 1682 831 1737 monstruosa
845 1682 911 1736 tan·
962 1676 1165 1759 pontificem,
1187 1678 1225 1740 ad
1251 1696 1347 1759 quem
1373 1678 1406 1741 in
1431 1678 1600 1761 precipuis
1623 1679 1713 1741 diffi-

157 1790 256 1853 quam
280 1771 462 1854 bicipitalis,
479 1790 536 1834 scu
558 1772 621 1835 duo
646 1772 752 1855 capita
775 1773 907 1851 hahens,
963 1774 1454 1855 cultatihus,duhitationihusac
1469 1776 1712 1841 necessitatibus

156 1869 312 1951 queniam
326 1870 467 1933 Christus
481 1879 513 1932 et
526 1870 609 1952 Papa
627 1889 692 1933 non
711 1879 785 1932 sunt
804 1872 909 1953 capita
922 1876 946 1937 B
963 1880 1153 1953 recurratur,
1171 1882 1264 1955 prout
1278 1873 1413 1938 Thomas
1432 1874 1559 1956 copiose
1582 1876 1713 1938 demon-

156 1986 250 2048 aeque
265 1968 378 2049 prima,
396 1969 451 2031 sed
476 1968 691 2032 subordinate.
707 1967 772 2031 Nec
792 1978 842 2032 est
862 1969 910 2031 in·
963 1977 1041 2031 strat
1061 1970 1191 2051 jamque
1212 1972 1381 2053 probatum
1405 1980 1464 2053 est,
1480 1991 1539 2035 nec
1561 1972 1711 2035 eeclesia·
1724 1998 1859 2053 namma

157 2066 368 2146 conveniens,
381 2066 526 2147 ejusdem
541 2066 685 2148 eorporis
699 2067 824 2149 mystici
839 2087 909 2131 esse
963 2068 1034 2130 stici
1059 2068 1182 2131 ordinis
1201 2069 1425 2132 decentissima
1451 2070 1654 2151 pulchritudo
1678 2070 1711 2133 in
1731 2120 1735 2128 .

157 2164 254 2246 plura
272 2164 377 2246 capita
396 2165 613 2246 metaphorice
632 2165 729 2242 dicta,
750 2166 834 2229 sieut
854 2166 910 2229 ali·
964 2165 1114 2247 gradihus
1147 2166 1337 2247 dignitatum
1366 2176 1398 2230 et
1424 2167 1608 2232 ciliciorum
1643 2168 1713 2230 sine

158 2262 256 2343 cujus
284 2263 484 2343 particularis
516 2263 667 2327 Ecclesiae
699 2264 805 2346 capita
836 2273 911 2327 sunt
964 2264 1048 2348 Papa
1070 2264 1229 2346 completa
1252 2269 1325 2346 est),
1351 2273 1570 2329 verumtamen
1595 2285 1714 2347 nequa-

157 2361 318 2443 plebanus
348 2362 416 2425 sive
442 2362 594 2439 decanus,
620 2370 652 2423 et
676 2362 845 2443 episcopus
873 2382 910 2426 ae
963 2381 1061 2445 quam
1090 2371 1138 2425 est
1165 2382 1376 2445 consequens,
1406 2365 1523 2446 Papam
1551 2382 1616 2427 non
1645 2384 1714 2427 esse

157 2460 245 2541 Papa
267 2468 299 2521 et
319 2459 473 2522 Christus.
632 2516 636 2521 .
965 2455 1061 2543 caput
1083 2460 1233 2524 Ecclesia
1257 2461 1332 2543 quia
1362 2480 1425 2525 non
1450 2461 1559 2525 influit
1588 2462 1618 2525 ei
1644 2480 1716 2525 sen-

198 2557 374 2634 Postremo,
391 2558 611 2639 multipliciter
625 2558 659 2621 in
674 2558 845 2640 Scripturis
865 2559 912 2621 di·
965 2578 1036 2622 sum
1061 2566 1093 2622 et
1114 2566 1246 2622 motum.
1263 2559 1366 2623 Primo
1389 2559 1508 2622 etenim
1529 2560 1614 2639 dico,
1630 2560 1715 2641 quod

158 2655 246 2719 citur
268 2655 389 2738 aliquid
413 2663 520 2738 caput,
545 2656 669 2720 scilicet
693 2656 815 2720 ratione
839 2665 912 2720 aeta·
966 2657 1042 2720 licet
1055 2676 1119 2721 non
1136 2657 1252 2721 influat
1266 2658 1296 2720 ei
1311 2677 1439 2721 sensum
1460 2666 1492 2723 et
1506 2667 1628 2722 motum
1643 2658 1716 2722 effi·

158 2754 212 2833 tis,
242 2755 363 2817 ratione
391 2772 474 2817 curaa
501 2762 533 2817 et
558 2754 762 2836 provisionis,
790 2755 911 2819 ratione
965 2755 1088 2818 cienter
1103 2756 1232 2818 utlleus
1248 2756 1396 2835 Trinitas,
1413 2775 1473 2819 nec
1496 2756 1717 2838 principaliter

158 2852 369 2935 prelationis,
394 2852 514 2915 ratione
539 2852 796 2935 principalitatis,
819 2854 913 2917 ratio·
966 2853 1129 2917 meritorie
1151 2854 1234 2916 sieut
1252 2853 1395 2916 Christus
1420 2862 1455 2916 ut
1476 2853 1592 2933 homo;
1610 2862 1714 2917 tamen

158 2970 200 3013 ne
224 2951 401 3031 spiritualis
425 2950 686 3031 regenerationis,
711 2952 831 3015 ratione
858 2970 913 3033 pa·
966 2951 1076 3013 influit
1089 2951 1274 3033 dispositive
1289 2971 1326 3014 ae
1342 2952 1637 3029 instrumentaliter,
1646 2971 1715 3033 pur

158 3058 261 3112 ternae
274 3048 455 3112 dilectionis
472 3074 479 3112 :
497 3057 666 3112 etcertum
684 3058 733 3113 est
747 3051 831 3132 quod
845 3069 912 3113 om·
929 3055 950 3118 C
965 3051 1081 3132 gando,
1105 3049 1327 3132 illuminando,
1351 3047 1561 3133 perficiendo,
1582 3050 1712 3132 orando,

159 3149 260 3211 nibus
283 3148 334 3210 his
355 3149 459 3212 modis
477 3147 560 3230 Papa
578 3149 621 3211 sit
642 3157 697 3212 aut
720 3168 790 3212 esse
811 3150 912 3232 possit
966 3169 1023 3212 seu
1041 3148 1259 3230 gubernando,
1275 3157 1307 3211 et
1326 3157 1535 3227 sacramenta,
1551 3168 1621 3230 quse
1640 3157 1715 3211 sunt

159 3254 261 3329 eaput
285 3245 381 3310 totius
406 3246 557 3310 Ecclesiae
584 3267 654 3329 quaa
680 3266 738 3309 suo
763 3255 813 3310 est
834 3257 912 3310 tem-
965 3267 1042 3311 vasa
1065 3247 1184 3328 gratiae,
1200 3247 1416 3328 dispensando
1443 3266 1500 3328 per
1525 3266 1559 3310 se
1582 3255 1614 3310 et
1638 3265 1713 3309 suos

160 3364 253 3427 pore
967 3346 1141 3409 ministros.
1157 3345 1311 3426 Denique,
1327 3364 1392 3408 non
1407 3347 1510 3409 selum
1524 3345 1643 3408 dieitur
1657 3345 1714 3408 ali·

171 3471 174 3474 ⁴
965 3445 1038 3527 quis
1053 3452 1159 3527 caput,
1176 3444 1250 3525 quia
1265 3443 1445 3508 efficienter
1459 3443 1569 3506 influit
1583 3463 1713 3507 sensum

966 3551 998 3606 et
1021 3550 1154 3621 motum,
1171 3543 1226 3604 sed
1251 3549 1282 3604 et
1306 3541 1428 3605 ratione
1455 3541 1711 3624 principalitatis,

343 3617 588 3682 ARTICULUS
621 3617 730 3681 XXV·
967 3661 1003 3703 ac
1018 3641 1089 3703 aliis
1103 3641 1217 3720 modis,
1235 3649 1268 3702 ut
1282 3640 1402 3702 dictum
1421 3647 1480 3703 est.
1497 3639 1623 3722 Alioqui
1643 3641 1714 3703 nnl—
1727 3669 1815 3713 fibram,

187 3761 239 3819 De
263 3759 356 3817 modo
379 3757 535 3834 loquendi
556 3759 774 3835 quorumdam
796 3759 885 3815 circa
966 3739 1016 3801 lus
1031 3739 1179 3820 prelatus
1198 3745 1253 3800 aut
1271 3737 1418 3818 prinecps
1440 3737 1599 3800 diceretur
1619 3745 1715 3820 eaput

391 3846 564 3906 materiam
579 3847 685 3905 istam.
967 3837 1088 3900 ratione
1107 3837 1307 3899 subditorum
1324 3859 1331 3897 ε
1349 3837 1433 3917 quod
1452 3844 1562 3899 contra
1587 3836 1715 3899 canoni-

967 3954 1037 3999 cam
1053 3953 1123 3998 esse
1138 3934 1346 4017 Scriptumm,
1362 3933 1497 3997 articulo
1517 3935 1619 4017 patuit
1638 3954 1716 4017 prae-

236 4036 356 4100 UlDllll
379 4035 582 4115 distinguunt
601 4042 633 4096 et
654 4043 778 4116 ponunt
797 4035 913 4116 duplex
968 4032 1191 4098 cedenti.Nam
1206 4041 1238 4095 et
1252 4032 1409 4112 diabolus,
1417 4033 1593 4096 secundum
1604 4033 1717 4097 B.Gre·

163 4031 233 4232 O
251 4141 349 4217 eaput
362 4132 523 4210 Ecclesiae,
541 4132 690 4195 videlicet
706 4155 713 4194 :
730 4133 912 4210 essentiale,
968 4131 1105 4214 goriam,
1122 4131 1240 4193 dieitur
1266 4138 1361 4212 caput
1385 4130 1553 4208 malorum,
1570 4131 1716 4212 quamvis

159 4233 250 4312 quod
275 4239 325 4294 est
349 4231 503 4308 Christus,
528 4231 611 4312 quod
637 4250 743 4294 errare
766 4250 829 4294 non
859 4249 915 4313 po-
928 4237 954 4298 ll
969 4249 1033 4294 non
1053 4229 1169 4292 influat
1189 4228 1235 4292 eis
1254 4238 1376 4292 motum
1395 4239 1427 4292 et
1446 4248 1574 4292 sensum
1595 4248 1650 4292 sen
1670 4229 1717 4292 vi-

160 4339 238 4408 lest,
264 4328 526 4411 spiritualemque
555 4335 677 4391 motum
706 4330 858 4390 virtutum
883 4338 915 4392 et
969 4337 1044 4405 tam,
1062 4328 1125 4390 nisi
1141 4327 1222 4390 forte
1237 4327 1335 4389 vitam
1351 4326 1510 4389 carnalem
1531 4335 1716 4409 motumque

159 4429 265 4490 vitam
291 4427 400 4510 gratiae
425 4426 535 4490 influit
558 4426 717 4490 Ecclesiae.
743 4427 837 4490 Aliud
862 4447 915 4491 vo·
969 4428 1219 4508 vitiorumque
1238 4426 1346 4489 influit
1366 4429 1575 4508 suggerendo,
1592 4426 1717 4490 nonef-

160 4535 241 4590 cant
269 4533 365 4608 caput
392 4525 599 4602 accidentale,
623 4533 736 4605 utputa
762 4525 877 4607 Papam
905 4550 912 4588 :
970 4527 1122 4590 liciendo.

161 4626 253 4707 qued
268 4633 365 4706 caput
378 4643 477 4707 quum
496 4642 561 4686 non
581 4623 622 4685 sit
641 4623 865 4687 confirmatum
883 4625 914 4686 in
1010 4625 1142 4706 lnsuper
1162 4625 1283 4703 dieunt,
1299 4625 1384 4704 quod
1406 4624 1596 4686 universalis
1610 4623 1718 4686 Eccle-

160 4724 281 4808 gratia,
292 4731 395 4806 potest
408 4742 530 4801 errare,
543 4731 575 4785 et
588 4741 627 4785 eo
641 4723 915 4800 defuncto,adhuc
971 4723 1018 4785 sia
1036 4722 1255 4785 consideratur
1277 4721 1457 4802 dupliciter.
1475 4723 1541 4785 Uno
1561 4723 1666 4800 modo,
1685 4730 1719 4784 ut

162 4830 278 4886 manet
301 4821 444 4884 Ecclesia
463 4821 496 4882 in
515 4819 582 4883 vita
601 4820 757 4902 spirituali
779 4830 811 4883 et
830 4830 917 4903 pote
970 4829 1019 4883 est
1034 4839 1150 4902 corpus
1164 4820 1345 4902 mysticum,
1361 4829 1473 4901 utputa
1489 4830 1581 4901 prout
1600 4821 1719 4902 regitur

161 4929 250 4983 state
264 4918 481 4981 ecelesiastica
500 4917 561 4980 sihi
580 4917 737 4981 aChristo
751 4937 914 4982 concessa.
971 4919 1064 4982 donis
1090 4927 1122 4981 et
1142 4919 1386 4981 charismatibus
1408 4919 1589 5000 gratiarum,
1607 4919 1719 4980 vivens

160 5019 203 5082 Et
219 5019 284 5081 hoc
299 5017 519 5098 eaputdicunt
538 5016 663 5098 proprie
682 5017 744 5079 dici
767 5037 830 5080 non
846 5037 918 5099 pos·
972 5036 1098 5098 semper
1123 5017 1188 5079 vita
1213 5016 1369 5099 spirituali
1390 5035 1446 5096 per
1467 5015 1566 5079 fidem
1588 5025 1620 5079 et
1641 5017 1720 5079 cari-

163 5139 200 5181 se
232 5125 331 5198 caput
362 5114 523 5192 Ecclesiae,
553 5115 628 5197 quia
657 5134 722 5178 non
752 5115 861 5178 influit
888 5117 917 5180 ei
974 5115 1143 5193 tatem‚ita
1162 5115 1245 5196 qued
1265 5113 1407 5176 Christus
1429 5133 1498 5176 eam
1519 5123 1552 5176 ut
1571 5134 1718 5196 sponsam

163 5218 270 5279 vitam
294 5215 403 5296 gratiae
426 5221 457 5276 et
486 5221 607 5276 motum
635 5215 830 5295 operationis
858 5215 920 5276 vir·
974 5234 1064 5278 suam
1089 5213 1219 5294 respicit
1242 5221 1274 5274 et
1297 5201 1543 5293 gubernatrice
1569 5213 1723 5294 permittit
1772 5293 1774 5298 Α

163 5325 282 5380 tuosae.
976 5331 1047 5377 earn
1066 5311 1219 5374 maculari
1240 5319 1294 5374 aut
1316 5311 1455 5392 separari
1477 5330 1555 5389 ase,
1572 5311 1722 5393 quoniam
