4309 6250
196 1031 729 1102 unvdunrlnls,vullullaalnrslls
750 1030 963 1090 uxlllllsouu
984 1031 1095 1097 VIRIS,
1118 1029 1268 1080 noululs
1283 1030 1328 1079 AC
1347 1029 1744 1099 uadlsrnlS,b.10Arlrll

268 1149 516 1200 scuonllllllbr
545 1149 698 1216 ΒΕΕΑΝΟ,
728 1145 946 1205 cursulsoul:
974 1145 1163 1196 GANONlClS
1191 1144 1348 1195 OMNIBUS
1378 1145 1531 1197 lnslonls
1564 1145 1745 1196 FAECLESIAE

270 1265 395 1316 REATAE
413 1265 541 1316 MARIAE
566 1265 753 1328 AOUENSlS,
776 1261 968 1312 esulanus
988 1260 1253 1312 concinuisse
1273 1261 1421 1310 ΗΑΜΟΝΤ
1435 1262 1685 1332 Pnocunarou,
1704 1261 1747 1312 ΕΤ

270 1381 518 1434 runonoalcus
532 1381 624 1432 LOER
638 1382 662 1431 A
678 1379 824 1430 srnnrls
843 1377 1013 1430 vlcalrllls
1028 1377 1216 1428 CARTUSIAE
1229 1376 1474 1445 cotonlnbsls,
1497 1379 1528 1430 S.
1547 1380 1579 1428 P.
1597 1379 1633 1430 D.

331 1738 461 1820 generis
490 1737 524 1799 in
550 1736 656 1798 varias
678 1733 882 1798 calamitates
911 1737 943 1798 et
974 1750 1139 1798 aerumnas
1164 1732 1268 1814 elapsi
1292 1733 1480 1813 miseratus,
1501 1734 1672 1800 bominem
1692 1753 1752 1818 per

334 1843 502 1925 Unigeniti
527 1841 580 1906 sui
599 1845 740 1906 mortem
762 1859 780 1906 e
801 1841 952 1905 faucibus
978 1840 1072 1904 Erebi
1098 1841 1223 1921 eripere
1246 1841 1427 1919 statuisset,
1440 1841 1640 1906 incarnando
1664 1843 1751 1907 Filio

197 1971 258 2018 suo
321 1953 385 2016 lem
418 1949 550 2030 delegit,
578 1949 659 2030 quin
685 1949 798 2030 polius
824 1947 971 2010 condidit
1003 1950 1154 2026 matrem,
1180 1964 1254 2028 quae
1282 1948 1369 2012 esset
1386 1949 1479 2011 omni
1506 1949 1603 2013 laude
1627 1949 1752 2032 dignis-

198 2061 283 2124 sima
304 2079 311 2122 :
332 2075 450 2139 nempe
477 2056 678 2120 Genitricem
708 2055 781 2134 Dei,
806 2051 969 2135 Reginam
998 2053 1084 2132 cosli,
1111 2054 1291 2118 Dominam
1319 2054 1448 2119 mundi.
1470 2055 1551 2130 Quae
1578 2055 1750 2122 benedicta

199 2167 284 2229 inter
302 2181 417 2228 omnes
439 2163 595 2226 mulieres
614 2161 760 2242 adeoque
782 2161 873 2224 omni
893 2161 998 2242 gratia
1018 2161 1083 2224 luit
1102 2159 1210 2242 plena,
1227 2163 1264 2223 ut
1283 2178 1342 2224 nec
1358 2162 1500 2242 primam
1518 2162 1665 2227 similem
1678 2163 1751 2226 visa

201 1630 467 2018 QUANDO
496 1627 682 1692 misericors
714 1629 747 1692 et
774 1627 948 1690 miserator
978 1626 1155 1704 Dominus,
1181 1625 1337 1689 miseram
1362 1625 1584 1692 conditionem
1611 1627 1751 1692 humani

199 2273 254 2350 sit,
281 2289 340 2334 nec
362 2269 482 2332 habere
505 2271 709 2350 sequentem.
736 2268 815 2330 Erat
839 2267 993 2349 equidem
1018 2269 1109 2330 tanto
1136 2283 1273 2330 munero
1300 2266 1423 2347 dotata,
1453 2269 1491 2332 ut
1516 2270 1623 2334 mater
1649 2269 1751 2334 simul

199 2383 287 2442 essct
310 2380 408 2458 atque
428 2377 618 2456 incorrupta
636 2378 669 2438 ct
689 2375 811 2438 intacta
830 2375 935 2455 virgo,
957 2375 1048 2438 omni
1065 2375 1136 2438 viro
1155 2391 1291 2456 prorsus
1308 2375 1486 2456 incognita,
1506 2378 1583 2442 ante
1603 2379 1748 2459 partum,

200 2485 234 2548 in
257 2487 354 2567 partu
377 2482 477 2547 simul
501 2485 601 2562 atque
624 2484 700 2563 post
724 2483 855 2563 partum
880 2481 1006 2546 illibata
1032 2482 1067 2545 in
1091 2483 1290 2563 perpetuum
1312 2499 1529 2562 permansura
1550 2504 1558 2546 ι
1578 2502 1653 2566 quae
1676 2483 1749 2550 solo

199 2591 325 2673 Spiritu
347 2589 466 2655 Sancto
486 2589 520 2652 in
539 2607 575 2654 se
599 2589 851 2672 superveniente
876 2591 908 2660 el
927 2589 1048 2654 virtute
1067 2587 1233 2652 Altisslmi
1257 2587 1322 2652 sibi
1344 2589 1562 2655 obumbrante
1587 2590 1750 2674 concepit,

198 2715 297 2780 quem
324 2699 396 2762 suls
423 2698 522 2762 castis
548 2696 730 2761 visceribus
756 2695 852 2760 nobis
879 2696 994 2776 edidit,
1024 2695 1282 2777 Redemptorem
1311 2696 1439 2760 mundi.
1469 2696 1564 2762 Hanc
1591 2700 1681 2764 Deus
1710 2697 1752 2778 ab

199 2809 321 2870 aetemo
349 2804 613 2888 praedestinatam
644 2805 772 2867 tantum
795 2803 924 2882 dilexit,
951 2805 1108 2884 tantoque
1132 2802 1246 2866 divino
1274 2803 1469 2884 complexus
1495 2807 1546 2868 est
1568 2822 1692 2884 amore,
1715 2806 1753 2870 ut

200 2911 282 2974 nulli
301 2928 447 2992 unquam
467 2911 624 2974 creaturae
649 2909 800 2991 (excepta
818 2909 1023 2973 humanitate
1047 2925 1148 2989 quarn
1167 2907 1209 2971 ab
1226 2924 1266 2972 ea
1283 2907 1436 2972 Christus
1459 2910 1654 2994 assumpsit)
1678 2927 1751 2974 ma-

197 3019 306 3099 jorem
331 3018 590 3099 copiosioremve
616 3015 790 3080 contulerit
814 3015 864 3078 vel
890 3016 1031 3096 gratiam
1058 3015 1093 3078 in
1119 3015 1275 3096 praesenti
1295 3015 1373 3094 vita,
1401 3015 1453 3080 vel
1477 3016 1617 3097 gloriam
1641 3018 1677 3081 in
1695 3017 1753 3080 illa

200 3143 342 3209 superna
369 3126 486 3207 patria,
506 3123 584 3189 bulc
607 3140 720 3187 secum
743 3123 892 3204 regnanti
918 3121 1057 3204 Virgini.
1078 3122 1165 3186 Hinc
1187 3121 1490 3205 singularissimum
1509 3124 1571 3189 Dei
1589 3126 1752 3208 templum

202 3233 287 3297 facta
315 3235 375 3311 est,
406 3231 585 3295 sacrarium
615 3230 759 3311 Spiritus
790 3230 913 3310 Sancti,
934 3231 967 3293 ct
992 3228 1225 3293 dulcissimum
1254 3228 1331 3291 Filii
1359 3230 1413 3293 sni
1437 3231 1694 3312 reclinatorium,
1714 3234 1753 3297 ut

200 3340 329 3405 abunde
348 3338 555 3403 devotissimi
573 3339 723 3401 auctores
742 3336 857 3401 multis
875 3336 1050 3400 adstruunt
1072 3334 1323 3399 auctoritatibus
1341 3339 1374 3399 et
1392 3336 1576 3401 rationibus
1589 3358 1597 3401 ε
1608 3356 1751 3421 quorum

201 3447 242 3511 de
260 3446 361 3527 hujus
381 3445 598 3508 sanctissimae
615 3442 761 3522 Virginis
784 3443 970 3524 praeconiis,
990 3442 1151 3524 dignitate
1169 3444 1203 3505 et
1224 3441 1389 3523 laudibus,
1408 3462 1482 3525 quae
1500 3462 1672 3527 nunquam
1689 3463 1751 3511 suo

201 3554 347 3619 Creatori
369 3551 551 3633 displicuit,
571 3567 645 3631 quae
664 3549 793 3612 anullo
816 3550 1012 3629 (secundum
1030 3550 1287 3629 Damascenum)
1305 3548 1486 3615 illustrium
1505 3552 1660 3633 vincitur,
1675 3570 1750 3635 quae

201 3664 271 3725 tota
293 3659 430 3742 pulchra
453 3660 515 3737 est,
535 3656 653 3735 dulcis,
676 3656 768 3719 mitis
797 3658 830 3719 ct
852 3654 1017 3735 amabilis,
1036 3656 1145 3720 fidelis
1168 3657 1201 3719 et
1225 3656 1424 3735 misericors,
1446 3658 1513 3722 tam
1539 3658 1660 3738 lucida,
1683 3662 1751 3723 evi-

201 3768 312 3831 dentia
334 3768 366 3829 et
388 3764 546 3848 praeclara
569 3765 648 3826 sunt
669 3762 871 3841 testimonia,
886 3780 927 3826 ne
953 3763 1019 3826 mei
1042 3765 1157 3845 putem
1182 3780 1254 3827 esse
1279 3762 1378 3825 officii
1396 3763 1570 3846 quidpiam
1598 3766 1750 3830 omnium

202 3874 385 3937 notissimis
409 3872 561 3953 adjicere.
582 3870 719 3949 Verum,
739 3869 816 3933 licet
839 3868 910 3933 boec
933 3870 1157 3933 sacratissima
1180 3868 1282 3950 Virgo
1307 3868 1348 3932 ab
1371 3872 1494 3934 aeterno
1519 3870 1620 3937 luerit
1645 3872 1751 3939 Mater

202 3980 264 4044 Dei
287 3979 439 4061 praevisa,
460 3978 495 4041 in
519 3972 633 4058 figuris
658 3976 758 4040 variis
781 3977 961 4057 designata,
983 3976 1224 4057 Prophetarum
1249 3975 1393 4039 oraculis
1415 3977 1636 4058 praenuntiata
1658 3980 1750 4061 quod

203 4088 289 4151 esset
303 4104 322 4149 a
336 4086 425 4167 regia
438 4086 540 4166 stirpe
558 4083 666 4149 David
680 4100 717 4146 ac
731 4084 772 4147 de
790 4082 879 4146 tribu
895 4082 982 4146 luda
995 4083 1178 4165 proditura,
1198 4098 1272 4164 quae
1291 4082 1384 4164 virgo
1397 4082 1525 4147 illibata
1538 4102 1746 4167 permanens,

201 4194 328 4276 Spiritu
349 4194 468 4257 Sancto
487 4194 681 4273 cooperante
705 4190 829 4254 Filium
853 4190 915 4253 Dei
936 4190 1133 4271 conciperet,
1154 4188 1252 4271 plena
1268 4189 1374 4270 gratia
1398 4192 1431 4255 et
1453 4191 1644 4274 virtutibus,
1664 4210 1748 4275 quas

201 4318 315 4365 omnes
341 4300 375 4363 in
400 4316 531 4363 summo
557 4300 785 4379 assequeretur
806 4296 926 4378 (multa
950 4294 1190 4379 benedictione)
1207 4296 1332 4379 gradu3
1346 4297 1463 4362 babuit
1485 4299 1597 4363 tamen
1617 4318 1748 4383 semper

198 4410 427 4473 cacodoemone
450 4406 661 4487 malignoque
684 4405 912 4487 spirituactos
935 4404 1099 4483 homines,
1119 4404 1177 4485 qui
1197 4402 1271 4485 ejus
1292 4404 1446 4469 laudibus
1466 4406 1589 4471 mirum
1613 4408 1649 4471 in
1673 4425 1748 4473 mo·

198 4518 278 4581 dum
301 4516 547 4579 insidiarentur.
570 4512 765 4593 Cujusmodi
789 4513 881 4578 luere
907 4513 992 4576 inter
1017 4514 1125 4575 cetera
1149 4510 1378 4575 infelicissima
1399 4515 1562 4578 sectarum
1586 4519 1745 4598 monstra,

198 4624 382 4702 Nestorius,
407 4621 593 4700 Helvidius,
620 4621 827 4703 lorinianus,
849 4620 1060 4702 vigilantius,
1083 4619 1290 4699 Waldenses,
1310 4620 1470 4700 Piccardi,
1496 4622 1654 4703 Lollardi,
1670 4624 1745 4688 wi-

198 4730 355 4797 clcffistoe.
376 4729 526 4804 Quorum
545 4743 670 4791 encres
688 4744 776 4791 nunc
794 4728 856 4793 sub
874 4745 971 4791 auras
994 4726 1036 4790 ab
1058 4727 1143 4791 Orco
1167 4727 1334 4791 revocavit
1354 4727 1531 4809 Lutberus,
1550 4729 1745 4814 Zwinglius,

198 4840 369 4918 Butzerus,
390 4836 671 4918 OEcolampadius,
689 4837 916 4917 Grubnesyus‚
931 4838 964 4901 ct
981 4837 1039 4901 alii
1054 4836 1250 4900 Sanctorum
1264 4854 1390 4919 osores,
1406 4839 1464 4919 qui
1483 4839 1606 4905 nedum
1620 4842 1747 4907 ceteros

199 4948 318 5011 Beatos
345 4947 557 5023 insectantur,
578 4944 637 5008 sed
659 4946 692 5008 et
716 4946 780 5027 ipsi
808 4946 928 5027 virgini
955 4946 1066 5011 Mariae
1098 4944 1218 5026 dignos
1246 4946 1422 5010 debebunt
1447 4948 1589 5013 bonores
1609 4970 1617 5012 τ
1641 4966 1746 5030 quum

198 5058 310 5121 tamen
327 5058 400 5139 ejus
420 5054 510 5117 tanta
524 5054 568 5116 sit
587 5054 669 5135 laus,
692 5054 796 5134 gloria
815 5056 847 5117 et
866 5054 982 5133 honor,
1003 5057 1040 5117 ut
1061 5054 1153 5117 nulla
1175 5070 1312 5133 prorsus
1334 5056 1493 5137 creatura,
1513 5062 1634 5139 praeter
1654 5060 1746 5123 unici

198 5168 275 5231 Filii
294 5170 346 5233 sui
366 5166 618 5244 humanitatem,
635 5164 801 5227 ullatenus
819 5182 895 5227 cum
914 5181 952 5227 ea
971 5164 1154 5245 comparari
1168 5164 1278 5244 queat,
1294 5166 1333 5227 ut
1346 5163 1604 5246 praelibavimus.
1621 5166 1746 5232 Verum

201 5282 313 5343 contra
331 5276 523 5359 hujusmodi
543 5273 842 5357 perniciosissimos
860 5272 1039 5337 nebulones
1058 5273 1091 5335 et
1107 5271 1320 5351 blasphemos
1338 5271 1486 5335 caelitum
1505 5274 1742 5357 deturpatores,
