4309 6250
455 493 515 565 566
545 518 586 565 lttt
607 518 814 567 auctentum
835 518 931 566 Sllffl
952 516 1120 565 constituis
1141 518 1178 563 ΕΤ
1199 516 1369 564 nonnette
1391 516 1531 575 conetur,
1554 517 1641 564 blllEll
1662 514 1682 563 l.
1705 534 1746 545 -
1768 516 1838 561 Atti.
1860 514 1919 561 XXV

455 689 525 772 ipse
538 689 566 753 ei
582 690 762 773 specialiter
775 688 1044 772 spiritualiterque
1065 688 1201 766 adsistit,
1218 690 1315 751 Aues
1336 706 1401 751 uon
1423 686 1602 751 dicerentur
1624 686 1784 750 custodire
1808 693 1900 767 atque
1921 684 1983 747 diri-

455 791 497 853 ab
510 789 670 853 erroribus
691 809 761 852 eam
782 789 959 852 defendens
980 812 988 850 ι
1009 796 1041 851 et
1064 788 1111 849 sic
1132 806 1205 869 pro-
1258 805 1343 868 gere.
1374 786 1454 849 llinc
1483 786 1526 848 ait
1553 786 1733 869 Apostolus,
1760 784 1815 847 Ilei
1843 784 2075 865 adjutorestcem.

454 890 524 972 prie
538 896 635 971 caput
654 889 803 952 Ecclesiae
824 897 873 951 est
893 888 1046 968 Christus,
1062 906 1128 950 non
1150 888 1204 949 Pa·
1258 904 1368 947 sumus
1390 885 1498 948 :haud
1523 883 1654 947 dubium
1680 884 1757 966 quin
1783 884 1816 945 in
1840 881 1982 945 hominum

455 1006 507 1070 pa.
525 986 670 1050 Secundo
691 987 909 1050 consideratur
927 986 1067 1049 Ecclesia
1087 994 1122 1047 ut
1141 985 1203 1047 alia
1258 983 1432 1046 directione
1447 984 1485 1046 ad
1508 983 1656 1045 ultimum
1676 983 1788 1046 finem.
1804 981 1883 1063 Ergo
1896 981 1984 1043 Eccle-

455 1084 576 1167 quievis
598 1085 808 1148 communitas
829 1094 884 1148 aut
905 1085 1039 1149 societas
1060 1084 1200 1167 politica,
1259 1082 1313 1145 siae
1336 1082 1541 1145 considerata
1566 1082 1625 1143 sub
1650 1082 1772 1144 ratione
1796 1079 1913 1162 mystici
1930 1098 1985 1143 cor-

455 1202 526 1265 quae
540 1183 635 1246 etiam
650 1185 770 1265 absque
792 1184 917 1246 influxu
931 1183 1114 1246 divinorum
1131 1183 1205 1244 cha·
1259 1180 1345 1261 poris
1378 1182 1515 1263 desuper
1543 1182 1631 1260 recti,
1662 1199 1727 1244 non
1756 1188 1915 1262 repugnat,
1940 1179 1984 1241 sed

455 1280 621 1344 rismatum
635 1291 668 1344 et
682 1281 751 1344 sine
767 1282 899 1363 speciali
917 1281 1103 1344 adsistentia
1116 1280 1204 1343 Chri·
1259 1280 1387 1360 penitus
1402 1280 1549 1360 congruit
1571 1280 1746 1343 secundum
1768 1278 1906 1341 ordinem
1920 1277 1985 1339 diri-

454 1381 506 1459 sti,
523 1388 676 1462 quantum
698 1388 746 1442 est
767 1400 805 1443 ex
824 1380 963 1443 humano
983 1379 1118 1460 judicio,
1136 1387 1204 1461 pot·
1259 1377 1344 1439 nitus
1371 1378 1562 1457 institutum,
1579 1386 1693 1460 praetcr
1712 1376 1869 1440 Christum
1887 1375 1983 1437 habere

454 1486 503 1542 est
521 1478 627 1541 debite
645 1479 713 1560 regi
738 1478 809 1559 lege
832 1479 972 1540 humana
990 1488 1045 1541 aut
1063 1478 1173 1540 divina
1194 1501 1200 1538 :
1260 1482 1400 1557 caputet
1415 1484 1569 1539 rectorem
1584 1476 1617 1538 in
1633 1474 1793 1556 terra,qui
1809 1475 1849 1537 sit
1862 1494 1983 1537 summus

455 1578 565 1658 sicque
580 1575 662 1657 Papa
677 1584 784 1659 posset
798 1576 862 1640 dici
879 1584 975 1658 caput
988 1575 1150 1639 Ecclesiae.
1259 1592 1295 1635 ae
1325 1574 1437 1654 plenus
1466 1573 1579 1635 Christi
1608 1573 1743 1635 mentius
1774 1596 1782 1634 ε
1813 1580 1843 1635 et
1870 1571 1922 1634 iste
1946 1578 1984 1632 est

493 1677 579 1738 Istud
613 1675 739 1738 videtur
770 1674 1034 1758 impropriissime
1069 1674 1200 1737 dictum.
1259 1673 1352 1752 Papa,
1378 1671 1460 1734 sicut
1482 1672 1517 1733 B.
1543 1672 1677 1754 Cyrillus
1706 1670 1740 1732 in
1765 1669 1846 1733 libro
1868 1670 1984 1733 Thesau-

455 1774 537 1857 Papa
562 1774 661 1851 enim,
677 1775 851 1836 secundum
876 1773 975 1835 lidem
1001 1772 1201 1851 catholicam,
1260 1789 1365 1833 rorum
1402 1769 1577 1833 clarissime
1612 1778 1817 1833 contestatur.
1846 1772 1883 1831 dt
1911 1786 1982 1844 vero,

454 1881 503 1935 est
531 1872 670 1935 vicarius
697 1870 812 1933 Christi
838 1894 845 1933 :
871 1889 947 1952 ergo
971 1889 1009 1933 eo
1033 1871 1127 1933 modo
1155 1878 1204 1933 est
1222 1870 1245 1931 B
1260 1869 1356 1930 etiam
1371 1869 1443 1931 dato
1458 1870 1541 1949 quod
1557 1877 1622 1931 tota
1640 1867 1783 1930 Ecclesia
1796 1866 1985 1929 infallibiliter

456 1980 551 2052 caput
564 1970 714 2033 Ecclesiae
733 1988 797 2051 quo
819 1969 887 2051 ipsa
902 1968 1044 2031 Ecclesia
1065 1977 1114 2031 est
1128 1988 1203 2049 grex
1260 1974 1421 2047 regeretur
1439 1986 1457 2027 a
1472 1966 1605 2045 Christo,
1622 1974 1654 2029 et
1668 1965 1856 2030 confirmata
1874 1973 1945 2027 esset
1958 1963 1984 2025 in

455 2069 584 2146 Christi,
608 2078 641 2131 et
667 2067 752 2131 ovile
780 2087 838 2130 seu
866 2067 1070 2148 congregatio
1094 2067 1202 2130 ovium
1259 2066 1359 2147 gratia
1373 2075 1525 2148 quantum
1541 2067 1580 2129 ad
1596 2085 1707 2129 omnes
1721 2074 1753 2127 et
1767 2064 1905 2146 singulos
1917 2064 1986 2127 Chri·

455 2168 537 2249 ejus.
553 2166 623 2230 Neu
645 2174 750 2228 autern
773 2175 821 2227 est
841 2184 917 2246 grex
932 2165 1046 2228 Christi
1068 2172 1100 2227 et
1120 2165 1203 2228 ovile
1261 2166 1392 2245 stianos,
1404 2166 1487 2228 sicut
1501 2165 1534 2227 in
1549 2165 1812 2227 dlePeuteccstes
1827 2162 1985 2227 confirmati

455 2266 567 2347 ipsius,
589 2265 716 2346 proprie
737 2264 907 2344 loquendo,
923 2263 985 2325 nisi
1002 2264 1034 2325 in
1050 2272 1203 2345 quantum
1261 2262 1391 2325 luerunt
1411 2264 1564 2348 Apostoli,
1582 2264 1686 2326 adhuc
1711 2262 1839 2325 deceret
1861 2270 1891 2325 et
1912 2280 1987 2342 expe

456 2372 505 2426 est
525 2362 695 2444 mysticum
718 2380 834 2443 corpus
857 2361 968 2443 ipsius.
985 2361 1048 2423 Nec
1069 2360 1202 2423 dubium
1260 2361 1342 2424 diret
1365 2381 1434 2424 eam
1463 2362 1580 2425 habere
1605 2380 1704 2423 rmum
1729 2380 1886 2424 summum
1910 2368 1987 2442 caput

456 2461 647 2543 intelligenti
667 2460 745 2542 quin
760 2460 910 2522 Ecclesiae
929 2459 1031 2541 magis
1045 2467 1204 2542 competat
1260 2460 1292 2521 in
1315 2468 1408 2541 terre,
1425 2460 1574 2523 videlicet
1588 2461 1715 2542 Papam,
1732 2460 1787 2541 qui
1804 2460 1903 2522 adhuc
1919 2468 1987 2521 esset

456 2579 526 2622 esse
547 2578 676 2640 gregem
697 2557 844 2638 ovileque
859 2556 984 2633 Christi,
1002 2557 1034 2618 in
1050 2565 1203 2638 quantum
1260 2557 1418 2639 praelatus,
1436 2566 1543 2640 pastor
1564 2566 1596 2621 et
1618 2578 1761 2620 summus
1782 2558 1918 2639 pontifex
1931 2558 1988 2638 ejus

456 2666 505 2719 est
520 2656 688 2738 mysticum
708 2674 823 2737 corpus
838 2654 1082 2718 charismatibus
1096 2655 1204 2735 gratioe
1260 2656 1293 2717 in
1320 2657 1435 2719 saeculo
1452 2656 1531 2721 isto.
1549 2656 1691 2720 Praelatio
1711 2656 1798 2719 enim
1821 2674 1882 2719 non
1902 2654 1987 2717 solurn
2102 2700 2103 2739 ἐ

456 2754 663 2817 inlormetum
690 2761 722 2815 et
743 2761 875 2830 rectum,
899 2771 995 2833 quam
1020 2760 1055 2814 ut
1080 2761 1127 2815 est
1150 2772 1205 2834 po·
1259 2754 1422 2818 ordinatur
1443 2755 1482 2817 ad
1507 2754 1732 2817 retrahendum
1761 2754 1921 2817 inferiores
1942 2772 1988 2814 scu

457 2852 545 2916 litica
567 2853 713 2915 societas.
1260 2853 1402 2915 subditos
1425 2872 1443 2915 a
1468 2861 1611 2935 peccato,
1628 2853 1683 2915 sed
1708 2853 1804 2916 etiam
1823 2854 1861 2915 ad
1880 2853 1988 2915 hortan-

497 2952 659 3031 Praeteree‚
685 2951 745 3015 boc
770 2949 896 3012 videtur
920 2968 989 3012 esse
1018 2958 1128 3013 contra
1152 2950 1205 3011 de-
1260 2952 1335 3013 dum
1360 2970 1397 3014 ac
1422 2950 1636 3014 inducendum
1661 2970 1715 3014 eos
1744 2952 1783 3014 ad
1814 2950 1935 3014 meliora
1958 2968 1988 3011 ac

457 3050 558 3113 bitum
593 3048 716 3132 papalis
745 3048 861 3128 oflicii,
891 3067 1000 3130 regere
1029 3047 1203 3111 Ecclesiam
1224 3048 1450 3132 Cperlectiora
1467 3072 1474 3113 ε
1492 3049 1576 3113 unde
1598 3058 1630 3112 et
1652 3049 1730 3133 ipsis
1750 3048 1903 3133 Apostolis
1925 3067 1989 3130 pru

457 3149 527 3212 sine
548 3149 686 3230 gratiosa
705 3168 741 3210 ac
764 3147 896 3230 speciali
918 3146 1104 3210 adsistentia
1118 3147 1205 3209 Chri·
1261 3149 1342 3212 latus
1358 3148 1469 3211 initae
1485 3149 1600 3211 mansit
1622 3149 1823 3212 beatissimus
1838 3148 1947 3210 Petrus.
1961 3147 1988 3208 ln

457 3247 496 3310 sti
526 3271 532 3308 :
559 3247 635 3329 quia
664 3256 696 3309 et
725 3246 793 3328 ipse
818 3245 900 3327 Papa
928 3253 1053 3308 tenetur
1076 3265 1145 3308 esse
1172 3245 1204 3306 in
1260 3247 1551 3328 angelicisquoque
1567 3247 1728 3328 spiritibus
1740 3255 1841 3309 exstat
1854 3245 1988 3328 prelatio,

458 3345 588 3409 caritate
610 3353 641 3407 et
663 3345 775 3426 gratia,
792 3353 823 3406 et
842 3363 934 3406 suum
959 3344 1107 3407 exhibere
1132 3343 1206 3407 oili·
1261 3354 1295 3408 ut
1320 3345 1350 3407 S.
1374 3345 1542 3427 Dionysius
1566 3346 1659 3409 docet
1682 3345 1716 3406 iu
1744 3345 1826 3409 libro
1850 3344 2058 3426 hugelicautu

459 3445 546 3507 cium
561 3463 600 3506 ex
615 3443 756 3520 caritate,
773 3442 916 3505 subditos
930 3461 1057 3523 quoque
1072 3443 1109 3504 ad
1127 3443 1207 3505 cari·
1261 3443 1458 3506 hierarchiae.
1476 3443 1629 3506 Similiter
1654 3443 1686 3505 in
1712 3443 1897 3507 innocentie
1920 3450 1990 3504 statu

459 3551 556 3606 tatem
571 3551 754 3623 ceterasque
770 3541 912 3617 virtutes,
920 3549 1073 3621 quantum
1089 3542 1122 3603 in
1138 3542 1206 3623 ipso
1263 3541 1386 3621 luisset,
1404 3541 1578 3604 secundum
1603 3541 1755 3604 Thomam
1775 3550 1809 3605 et
1828 3541 1903 3604 alios
1924 3539 1992 3602 mul-

459 3649 518 3717 est,
545 3639 706 3702 inducere.
734 3639 794 3702 Sed
818 3646 849 3702 et
873 3639 941 3721 ipse
967 3639 1109 3702 Ecclesia
1137 3639 1206 3702 sine
1263 3649 1323 3704 tos.
1339 3640 1383 3703 Ex
1397 3639 1513 3722 quibus
1529 3640 1730 3703 concluditur
1743 3660 1857 3703 vanam
1870 3659 1935 3702 esse
1953 3658 1992 3700 ar-

460 3738 701 3802 charismatibus
725 3737 834 3820 gratiae
859 3737 1068 3814 considerata,
1091 3738 1208 3800 amittit
1263 3737 1792 3820 gumentationemaliquorum,qni
1807 3733 1992 3818 dicuntquod

460 3837 615 3899 rationem
630 3835 791 3915 Ecclesia,
808 3855 905 3917 quum
926 3834 1015 3916 juxta
1029 3835 1207 3897 doctrinam
1264 3836 1333 3917 ipsa
1347 3834 1488 3898 Ecclesia
1503 3843 1551 3898 est
1572 3834 1761 3898 confirmata
1783 3835 1816 3899 in
1838 3836 1929 3914 bono,
1944 3853 1993 3896 nee
2101 3821 2102 3892 l

460 3937 491 4000 S.
508 3934 675 4016 Augustini
692 3934 724 3996 in
748 3935 838 3996 libris
860 3934 899 3996 de
920 3933 1052 3996 Ciuitate
1067 3934 1134 4012 Dei,
1151 3934 1209 3996 Ec·
1263 3941 1366 4015 potest
1386 3952 1518 4014 peccare
1537 3951 1641 4014 neque
1663 3953 1780 4012 errare,
1797 3934 1941 4017 quoniam
1955 3951 1995 3994 re

460 4034 559 4097 clesia
579 4033 621 4096 sit
645 4033 754 4095 civitas
780 4031 847 4112 Dei,
869 4031 1030 4094 civitatem
1051 4051 1127 4094 vero
1152 4033 1207 4094 Dei
1263 4031 1348 4114 gitur
1370 4051 1389 4094 a
1414 4031 1532 4113 Spiritu
1556 4033 1683 4111 Sancto,
1701 4032 1822 4096 idcirco
1844 4033 1923 4116 Papa
1940 4049 1992 4094 non

460 4132 630 4196 constituat
657 4149 746 4193 amor
774 4129 828 4191 Dei
857 4148 1004 4192 crescens
1033 4149 1133 4210 usque
1167 4131 1206 4192 ed
1263 4138 1312 4192 est
1333 4139 1427 4211 caput
1447 4129 1560 4212 ipsius,
1577 4149 1636 4193 nec
1659 4130 1781 4213 indiget
1802 4151 1850 4195 eo.

461 4237 677 4311 contemptum
707 4227 767 4307 sui,
798 4228 1064 4309 quemadmodum
1100 4229 1248 4292 civita-t)
1302 4228 1408 4306 Porro,
1425 4229 1509 4309 quod
1525 4227 1700 4292 Ecclesiam
1715 4229 1825 4292 dieunt
1838 4249 1901 4294 non
1915 4247 1994 4311 posse

459 4338 524 4391 tem
559 4327 726 4410 babylonis
761 4346 817 4388 seu
852 4326 1004 4388 daemonis
1043 4327 1208 4389 constituit
1264 4345 1408 4407 peecare,
1426 4335 1457 4390 et
1478 4327 1562 4408 quod
1577 4326 1721 4390 Christus
1742 4329 1879 4411 adspicit
1891 4347 1954 4392 eam
1968 4335 1994 4388 ut

461 4446 550 4490 amor
571 4427 619 4488 sui
642 4443 788 4488 crescens
810 4425 969 4505 usquead
990 4433 1208 4507 contemptum
1264 4443 1424 4506 sponsam,
1441 4444 1504 4488 non
1530 4425 1717 4506 permittens
1738 4446 1809 4488 eam
1830 4447 1849 4490 a
1868 4447 1900 4490 se
1919 4443 1995 4506 sepa·

462 4525 529 4588 Ilei.
1264 4523 1326 4584 rari
1345 4542 1404 4585 nec
1430 4523 1594 4602 maculari,
1610 4523 1847 4588 discutiendum
1869 4532 1995 4606 estque

502 4623 645 4703 Insuper,
674 4620 860 4702 gubernatio
888 4638 952 4701 qua
977 4620 1119 4683 Christus
1151 4640 1209 4703 per
1266 4620 1359 4683 modo
1383 4621 1425 4682 sit
1448 4621 1701 4703 intelligendum.
1724 4622 1853 4686 Constat
1874 4639 1996 4702 namque

461 4721 634 4804 gratiarum
649 4719 837 4782 charismata
853 4720 934 4799 regit
947 4719 1207 4797 Ecclesiam,non
1264 4720 1347 4800 quod
1376 4719 1517 4783 Christus
1543 4720 1686 4801 quotidie
1716 4723 1868 4804 permittit
1896 4721 1996 4784 multas

461 4819 601 4882 excludit
619 4816 874 4900 cooperationem
894 4817 1082 4880 interiorum
1099 4837 1209 4898 regen·
1264 4817 1386 4880 animas
1412 4818 1469 4881 sibi
1497 4837 1552 4900 per
1577 4819 1740 4882 caritatem
1767 4822 1997 4902 conjunctas,et

459 4918 540 4980 tium
565 4935 603 4979 ac
627 4923 801 4998 pastorum,
823 4916 904 4977 sicut
926 4915 1016 4996 Hugo
1040 4916 1081 4977 de
1106 4917 1136 4978 S.
1158 4916 1210 4976 Vi·
1265 4935 1321 4997 per
1335 4935 1533 4997 consequens
1549 4936 1681 4999 sponsas
1702 4937 1776 4980 suas
1795 4918 1996 5001 particulares,

459 5025 547 5080 ctore
570 5034 666 5096 super
690 5014 874 5095 Angelicam
904 5014 1114 5077 hierarchiam
1140 5016 1209 5096 pul·
1265 5033 1331 5077 ase
1346 5015 1484 5096 separari
1499 5015 1776 5098 elinquinariper
1790 5026 1917 5099 peccata
1931 5033 1999 5078 mor·
2100 5039 2101 5052 ¹

460 5115 535 5178 chre
550 5113 699 5191 ostendit,
716 5121 748 5175 et
767 5112 860 5176 divus
882 5112 1050 5193 Dionysius
1071 5112 1105 5173 in
1128 5112 1208 5175 libro
1264 5113 1348 5192 talia,
1366 5112 1409 5175 ita
1423 5114 1508 5195 quod
1529 5113 1613 5177 liunt
1632 5114 1783 5178 adulteria
1797 5115 1925 5190 diaboli,
1939 5131 1997 5195 qua

366 5246 413 5290 up.
429 5250 443 5278 t.
459 5212 690 5276 Ecclesiasticae
719 5210 905 5273 hierarchia
933 5218 1065 5273 testatur
1091 5234 1098 5271 :
1129 5211 1207 5273 alias
1264 5212 1394 5274 luerunt
1422 5231 1546 5294 sponsae
1574 5213 1699 5276 Christi.
1730 5214 1791 5276 Sed
1820 5233 1928 5277 verum
1958 5221 1997 5272 est

459 5311 562 5394 angeli
582 5309 703 5373 iniimae
726 5308 911 5372 hierarebiae
935 5309 1085 5390 angelicae
1106 5309 1208 5372 homi·
1263 5311 1347 5391 quod
1367 5310 1509 5373 Christus
1530 5329 1594 5374 non
1615 5311 1770 5394 permittit
1792 5321 1890 5378 totam
1904 5311 1997 5376 lisele
