4309 6250
795 849 1095 946 CONTRA

224 1162 926 1320 PERFIDIAM
1007 1158 1663 1386 MAHOMETI

512 1877 801 2002 LIBER
878 1877 1371 2004 SECUNDUS

447 2221 628 2275 CONTRA
664 2220 897 2273 anconam
934 2219 1150 2274 ERRORES
1187 2221 1432 2274 SINGULOS.

412 2587 671 2654 PROOEMIUM·
927 2547 1008 2610 Ade
1026 2555 1059 2609 et
1075 2564 1136 2628 ego
1161 2547 1303 2658 tantillus
1327 2547 1472 2612 servulus
1497 2545 1623 2660 Christi,
1646 2549 1717 2630 ejus

967 2653 1141 2725 utcumque
1170 2663 1302 2728 cupreus
1330 2653 1449 2708 unrtarr
1477 2655 1624 2729 vestigia,
1651 2665 1716 2710 uon

164 2746 292 2946 QUI
300 2747 447 2806 converti
458 2745 575 2820 fecerit
585 2752 785 2820 peecatorem
804 2743 844 2802 ab
863 2763 915 2803 er·
968 2742 1071 2806 solum
1093 2742 1250 2806 malorum
1270 2743 1531 2824 Christianorum,
1549 2744 1715 2808 sedetiam

249 2863 328 2905 rore
342 2845 404 2902 uice
421 2843 653 2912 samantneme
674 2842 821 2901 unimam
841 2841 915 2918 ejus
968 2840 1213 2904 Sarraceuorum
1229 2841 1434 2904 vehementer
1448 2849 1523 2924 opto
1535 2842 1718 2906 couversio-

161 2965 181 3004 a
201 2951 318 3012 morte,
337 2950 368 3001 et
386 2941 492 3017 operit
511 2941 761 3000 multitudinem
772 2947 915 3015 pcccato-
967 2957 1042 3001 uem
1056 2939 1215 3020 cupioque
1231 2937 1375 3002 salutem.
1393 2939 1468 3014 Quis
1483 2939 1569 3002 euim
1591 2939 1718 3004 christi-

162 3063 250 3102 rum.
267 3039 376 3102 Jacob.
392 3055 423 3116 r,
439 3035 490 3100 20.
967 3057 1036 3100 ane
1050 3037 1178 3119 pietatis
1192 3037 1369 3100 visceribus
1384 3035 1535 3118 affluens,
1546 3046 1610 3102 tam
1628 3039 1718 3101 inuu-

199 3140 363 3215 Quantum
378 3137 460 3199 Deus
473 3134 587 3217 diligat
602 3134 747 3198 homines
768 3134 844 3197 hinc
866 3133 915 3196 in·
967 3135 1111 3198 merabili
1135 3135 1254 3219 populo
1276 3153 1340 3199 uon
1360 3136 1529 3200 condoleat
1548 3138 1718 3220 pereuntil

160 3236 313 3316 notescit,
328 3234 413 3317 quod
427 3234 518 3296 Pater
535 3240 673 3296 aternus
691 3232 781 3294 misit
801 3232 915 3312 Unige-
967 3234 1087 3314 ltaque,
1103 3233 1187 3315 quod
1202 3233 1300 3297 verbo
1320 3232 1425 3297 iacere
1447 3252 1582 3316 nequeo,
1600 3234 1718 3317 scripto

160 3337 268 3399 nitum
294 3332 446 3397 suumin
473 3332 642 3409 mundum,
668 3338 703 3393 ut
729 3337 913 3412 peccatores
968 3330 1073 3394 lacere
1088 3330 1293 3413 concupisco,
1311 3339 1422 3414 utputa
1441 3332 1623 3395 Sarracenis
1643 3350 1717 3395 suos

160 3438 364 3496 converteret
378 3438 410 3491 et
423 3428 570 3491 salvaret.
586 3426 708 3491 Idcirco
722 3427 807 3508 apud
821 3427 914 3490 Joan·
966 3448 1091 3493 errores
1106 3430 1285 3508 ostendere,
1299 3428 1383 3492 viam
1398 3430 1509 3493 salutis
1524 3448 1715 3513 proponere,

38 3551 236 3605 omanem
252 3529 497 3612 scriptumest:
514 3525 565 3588 Sic
586 3526 669 3588 Deus
690 3524 802 3587 dilexit
822 3544 914 3587 mun·
967 3526 1007 3588 ad
1024 3526 1217 3607 evangelice
1236 3526 1315 3608 legis
1334 3526 1569 3610 susceptionem
1590 3546 1644 3591 eos
1669 3528 1717 3591 in-

34 3616 58 3656 16.

160 3630 250 3709 dum,
267 3635 305 3689 ut
325 3626 441 3688 Filium
465 3642 559 3686 suum
583 3622 786 3705 unigenitum
811 3622 911 3703 daret,
966 3624 1095 3703 ducere,
1119 3632 1155 3687 ut
1179 3642 1285 3687 veram
1312 3626 1485 3689 sortiantur
1507 3626 1652 3689 salutem.
1678 3626 1717 3689 Et

159 3736 195 3788 ut
208 3724 319 3789 omnis
333 3724 388 3805 qui
404 3721 505 3785 credit
519 3721 552 3782 in
570 3719 688 3803 ipsum,
704 3737 769 3783 non
790 3728 910 3802 pereat,
925 3727 949 3789 Β
966 3722 1040 3805 quia
1063 3722 1098 3784 in
1121 3722 1313 3803 precedenti
1337 3721 1448 3787 libello
1473 3724 1644 3787 deductum
1668 3732 1717 3787 est

160 3824 216 3885 sed
231 3822 351 3885 trabem
364 3819 463 3881 vitam
476 3826 640 3881 eternam.
656 3817 771 3880 Paulus
785 3834 912 3898 quoque
966 3819 1043 3900 quid
1061 3819 1101 3882 de
1120 3818 1243 3883 Christo
1264 3826 1296 3882 et
1314 3818 1500 3883 Christianis
1522 3820 1636 3883 sentiat
1655 3821 1716 3884 lla-

34 3941 147 3993 rmms.
160 3919 328 4003 apostolus
345 3942 352 3980 :
368 3916 486 3980 Fidelis
499 3915 631 3997 (inquit)
646 3932 762 3991 sermo,
778 3914 911 3977 etomni
966 3916 1125 3997 hometus‚
1156 3917 1233 3998 quid
1264 3916 1339 3979 item
1369 3918 1544 3981 secundum
1572 3919 1647 3982 novi
1677 3938 1714 3983 ac

159 4020 351 4101 acceptione
386 4016 514 4097 dignus,
544 4014 620 4095 quia
652 4012 795 4075 Christus
822 4012 913 4075 Jesus
965 4014 1082 4077 veteris
1106 4014 1297 4077 Testamenti
1320 4004 1444 4078 divinas
1470 4016 1647 4099 Scripturas
1675 4018 1714 4080 de

158 4118 252 4180 venit
270 4117 306 4178 in
324 4116 410 4177 hunc
426 4114 580 4177 mundum
601 4120 785 4197 peccatores
807 4112 911 4175 salvos
965 4113 1088 4176 Christo
1107 4132 1144 4177 ac
1169 4113 1354 4177 Christianis
1379 4114 1488 4177 sentiri
1513 4124 1666 4197 oporteat,
1683 4124 1716 4179 et

157 4216 279 4279 lacere.
295 4214 356 4276 Sed
370 4221 403 4276 et
416 4212 553 4294 ipsemet
565 4211 708 4274 Christus
722 4211 754 4273 in
770 4210 913 4292 Evange·
966 4212 1042 4293 quid
1061 4213 1101 4275 de
1120 4211 1261 4275 trinitate
1287 4230 1493 4295 personarum
1517 4213 1550 4274 in
1577 4214 1714 4295 simplici

52 4327 131 4373 nure.
158 4314 203 4377 lio
217 4312 364 4395 loquitur
380 4334 387 4373 ε
404 4309 473 4373 Non
493 4310 567 4372 veui
589 4328 704 4373 vocare
724 4308 839 4390 justos,
855 4308 910 4370 sed
966 4310 1029 4372 Deo
1044 4310 1087 4371 sit
1105 4310 1280 4372 secundum
1302 4310 1480 4392 Scripturas
1502 4320 1627 4375 sanctas
1647 4331 1715 4376 cre-

35 4402 52 4437 1,
66 4395 94 4434 ll.

156 4421 360 4495 peccatores.
388 4408 467 4471 Hinc
503 4406 700 4471 sacrificium
729 4406 913 4489 acceptissi·
965 4408 1126 4487 dendum;
1152 4407 1311 4471 declarata
1339 4409 1469 4471 demum
1495 4418 1569 4472 sunt
1593 4410 1713 4473 ibidem

156 4530 249 4573 mum
278 4509 345 4571 Deo
367 4506 453 4569 aelus
480 4515 529 4569 est
556 4506 748 4586 animarum,
774 4505 834 4568 hoc
862 4512 911 4566 est
964 4514 1151 4588 argumenta
1170 4505 1248 4568 lidei
1269 4505 1448 4570 christiane
1464 4507 1497 4569 in
1512 4508 1666 4588 generali,
1683 4517 1715 4573 st

156 4607 359 4673 desiderium
385 4606 514 4669 fervens
549 4604 770 4667 conversionis
803 4623 911 4666 erran·
965 4602 1102 4684 qualiter
1129 4603 1211 4666 fides
1235 4624 1254 4667 a
1278 4604 1438 4687 principio
1466 4606 1506 4667 sit
1530 4606 1711 4687 praedicata,

157 4709 253 4787 tium,
268 4704 514 4789 perseverantie
529 4703 611 4766 bene
625 4702 815 4781 viventium,
827 4702 911 4764 salu·
964 4700 1139 4782 divulgata,
1148 4708 1180 4763 et
1193 4720 1295 4783 usque
1311 4702 1343 4763 in
1358 4722 1498 4784 praesens
1513 4714 1711 4785 conservata,

156 4807 266 4889 tisque
284 4804 440 4868 omnium.
457 4803 599 4884 Denique
620 4802 765 4865 omnium
786 4800 911 4865 divino-
965 4819 1022 4862 cur
1035 4799 1133 4861 etiam
1148 4800 1335 4881 Unigenitus
1349 4800 1405 4863 Dei
1420 4799 1523 4864 factus
1543 4802 1585 4865 sit
1602 4803 1710 4884 homo,

155 4924 230 4968 rum
260 4902 500 4966 divinissimum
527 4908 577 4963 est
599 4899 664 4963 ileo
688 4899 852 4981 cooperari
875 4898 909 4962 in
924 4896 947 4960 C
964 4907 996 4960 et
1014 4896 1099 4980 quod
1119 4898 1227 4960 nullus
1248 4908 1319 4979 post
1342 4900 1535 4981 evangelice
1559 4901 1640 4985 legis
1665 4902 1713 4965 di-

155 5002 348 5066 reductione
363 4999 566 5063 rationalium
579 4998 757 5061 animarum
772 4999 907 5060 adeum.
966 4996 1181 5077 vulgationem
1210 5005 1306 5076 queat
1334 4998 1449 5060 salvari
1479 4998 1542 5061 nisi
1568 4999 1600 5061 in
1624 5000 1713 5064 Chri·

155 5101 330 5182 Propterea
350 5098 390 5161 ad
409 5097 656 5160 Christianorum
676 5095 814 5177 pertinet
831 5096 911 5157 cari-
966 5105 1049 5157 stum
1060 5112 1135 5156 vere
1149 5093 1307 5156 credendo
1318 5100 1412 5175 atque
1424 5096 1598 5159 secundum
1611 5098 1711 5179 ipsius

154 5208 258 5264 tatem
278 5216 317 5260 ac
335 5196 497 5279 pietatem,
512 5194 693 5258 infidelium
712 5212 838 5276 quoque
857 5194 911 5257 de-
965 5194 1068 5274 legem
1083 5192 1219 5255 vivendo
1237 5213 1243 5251 :
1260 5210 1346 5254 nunc
1362 5200 1459 5255 restat
1480 5194 1651 5276 procedere
1671 5198 1712 5259 ad

155 5300 302 5362 siderare
316 5296 560 5361 conversionem
573 5303 668 5377 atque
686 5296 833 5358 salutem.
848 5295 911 5357 Un·
964 5288 1218 5373 reprobationem
1252 5308 1407 5373 errorum,
1437 5290 1646 5373 perfidiarum
1681 5303 1712 5358 et
