4309 6250
253 517 293 562 DE
314 514 522 562 numentanae
542 516 635 563 Sffll
657 513 822 562 ronalrtcts
843 513 880 559 E'l'
900 511 1071 560 censeatis
1092 511 1232 572 conditu,
1253 513 1342 560 tiana
1362 514 1407 560 lll.
1430 531 1470 542 -
1491 513 1561 559 aar.
1583 515 1615 560 vt
1655 493 1714 560 621

164 686 246 750 meis
267 686 417 750 videntur
436 685 593 750 contraria
615 695 743 768 tangere
770 701 912 766 propono
927 684 953 747 A
969 703 1084 767 corpus
1099 686 1159 748 sub
1173 685 1267 769 l‘apa,
1283 685 1338 767 qui
1360 684 1456 748 habet
1469 683 1549 747 illud
1564 683 1713 766 dirigere,
1771 675 1773 682 ’

163 803 201 846 ιι
223 783 359 847 solvere.
968 784 1077 866 sicque
1109 784 1214 847 eidem
1247 803 1394 867 praeesse,
1424 783 1599 848 secundum
1631 783 1716 864 quod

204 883 311 963 ltaque
326 882 360 944 in
375 881 455 946 libro
469 882 509 946 de
524 881 745 945 Ecclesiastica
760 887 913 961 potestate
969 901 1067 944 unum
1090 890 1139 945 ιιι
1160 902 1216 965 per
1235 882 1454 946 reductionem
1475 881 1514 944 ad
1534 882 1650 963 ipsum,
1668 888 1717 943 ut·

163 989 298 1043 testatur
314 1003 321 1042 :
339 982 465 1043 Αιιιιιιι
479 980 592 1042 Christi
614 979 766 1062 primaria
787 977 913 1041 ordina·
968 988 1044 1061 puta
1066 989 1102 1042 ut
1122 989 1171 1042 est
1191 1000 1291 1042 unum
1316 998 1432 1062 corpus
1456 979 1516 1042 sub
1541 978 1622 1061 ipso,
1639 986 1716 1060 puta

162 1079 263 1158 tione,
279 1078 381 1141 voluit
405 1078 578 1141 Ecclesiam
603 1077 668 1157 regi
693 1075 914 1158 principaliter
969 1077 1063 1140 simul
1083 1085 1261 1159 acceptum,
1278 1077 1425 1158 quamvis
1446 1097 1485 1140 ιι
1506 1075 1713 1157 consequenti

163 1179 225 1240 suh
243 1195 309 1240 uno
327 1184 359 1240 et
382 1177 424 1239 ab
444 1195 508 1239 nno
531 1175 747 1252 monarchiae,
764 1173 847 1238 sicut
865 1181 914 1236 est
968 1175 1064 1237 etiam
1078 1175 1207 1238 divisim
1227 1175 1341 1237 haheat
1361 1174 1391 1237 ei
1412 1193 1558 1256 preesse.
1574 1175 1648 1237 ldeo
1668 1173 1716 1236 di-

107 1327 111 1336 .
163 1295 229 1337 una
244 1273 337 1352 fides
347 1292 446 1337 unum
460 1273 620 1356 Baptisma
634 1281 665 1336 ιι
681 1291 743 1335 una
758 1271 909 1348 Ecclesia,
968 1281 1129 1351 ctumest,
1145 1282 1177 1336 et
1199 1272 1283 1336 inira
1301 1272 1612 1356 magisprobabitur,
1628 1273 1713 1384 quod
1739 1297 1803 1350 ιιι.,ι
1818 1302 1860 1344 ιιι.

163 1375 287 1436 unitate
301 1373 414 1454 caprtrs
430 1381 494 1435 tam
516 1371 671 1454 primarii,
688 1371 811 1434 scilicet
825 1369 913 1432 Chri
967 1391 1025 1453 per
1048 1371 1138 1453 prius
1162 1380 1365 1453 comparatur
1392 1372 1431 1434 ad
1460 1379 1558 1435 totam
1586 1371 1715 1434 univer·
1729 1424 1754 1472 u
1728 1361 1859 1475 ¹¹¹¹·gllf·

162 1471 217 1550 sti,
241 1489 336 1552 quam
361 1470 484 1548 vicarii,
508 1477 619 1551 utputa
637 1469 738 1551 Papae,
759 1467 911 1550 quoniam
966 1469 1066 1532 salem
1080 1488 1177 1552 quam
1187 1471 1227 1532 ad
1242 1488 1475 1551 quamcumque
1489 1470 1722 1551 particularem
1728 1487 1766 1533 ιιι,
1774 1487 1810 1538 ιιι
1817 1493 1860 1533 ιι.

161 1570 223 1632 iste
238 1578 288 1632 ιιι
304 1569 442 1651 optimus
457 1567 665 1650 principatus,
683 1565 856 1649 presertim
878 1564 911 1628 in
966 1567 1153 1632 Ecclesiam.
1727 1563 1757 1594 ¹¹¹·

161 1667 394 1749 spiritualibus,
415 1667 454 1730 ad
483 1665 757 1730 conservationem
783 1664 911 1727 unitatis
1007 1665 1194 1730 Preterea
1186 1687 1219 1729 ιιι
1248 1667 1360 1730 eodem
1387 1667 1470 1730 libro
1497 1667 1713 1730 Cancellarius

160 1765 254 1846 fidei,
271 1767 310 1828 ad
332 1784 428 1847 quam
450 1765 633 1847 obligantur
652 1782 775 1827 omnes.
967 1764 1101 1828 scribit:
1119 1765 1164 1828 Ex
1188 1764 1388 1828 institutione
1410 1765 1525 1828 Christi
1550 1765 1657 1828 nullus
1678 1765 1712 1827 in

202 1865 248 1927 En
262 1865 323 1928 hoc
338 1863 435 1928 verbo
452 1863 550 1926 multa
572 1869 705 1945 possunt
725 1871 912 1944 argumenta
928 1864 951 1926 B
966 1862 1107 1926 Ecclesia
1134 1862 1229 1926 debet
1250 1865 1326 1926 dare
1349 1863 1401 1927 vel
1424 1864 1569 1946 accipere
1596 1865 1713 1945 gradus

160 1963 306 2028 formari.
318 1962 432 2042 Primo,
444 1961 529 2044 quod
543 1962 626 2044 Papa
640 1969 754 2042 praest
768 1961 824 2026 toti
841 1962 912 2024 uni·
964 1960 1190 2041 hierarchicos,
1203 1962 1257 2044 qui
1272 1970 1347 2025 sunt
1361 1981 1508 2044 purgare,
1517 1962 1710 2040 illuminare,

160 2061 279 2126 versali
299 2060 449 2124 Ecclesiae
468 2060 564 2123 etiam
589 2061 785 2143 conjunctim
807 2061 912 2124 consi·
965 2059 1133 2142 perlicere,
1149 2061 1177 2123 si
1197 2080 1261 2125 non
1283 2062 1474 2125 interveniat
1494 2080 1568 2124 vere
1594 2060 1644 2123 vel
1664 2061 1713 2122 in-

159 2161 289 2223 derare.
312 2159 383 2241 lpsa
406 2157 493 2221 enim
518 2165 583 2222 tota
607 2158 759 2238 Ecclesia,
783 2159 822 2221 de
847 2178 910 2240 qua
965 2160 1169 2241 terpretative
1198 2161 1369 2224 auctoritas
1394 2159 1511 2222 summi
1538 2159 1712 2223 hierarchae

159 2257 313 2340 loquitur,
330 2276 394 2320 non
416 2264 464 2319 est
487 2277 550 2320 uua
574 2256 693 2320 unitate
712 2257 826 2338 capitis
847 2257 910 2339 pri·
966 2257 1015 2321 vel
1032 2259 1211 2322 monarchae
1226 2258 1258 2321 in
1274 2258 1416 2322 Ecclesia
1430 2258 1484 2322 llei
1500 2266 1620 2338 sancta,
1637 2277 1714 2340 qua·

159 2357 254 2420 marii
279 2365 333 2419 aut
356 2355 480 2436 vicarii,
505 2355 566 2418 uisi
596 2355 794 2438 conjunctim
820 2375 910 2419 acce·
965 2364 1056 2420 tenus
1086 2358 1203 2420 vitetur
1230 2358 1263 2420 iu
1293 2378 1331 2421 ea
1354 2357 1513 2435 conlusio,
1536 2365 1569 2420 et
1591 2359 1713 2439 optimo

160 2466 226 2540 pta,
237 2477 294 2520 sou
309 2455 477 2519 collective
492 2455 860 2536 considerata,videlicet
876 2463 909 2517 ιιι
965 2455 1121 2537 regimine
1141 2456 1336 2537 gubernetur
1359 2457 1399 2518 ad
1422 2457 1584 2537 exemplar
1602 2455 1714 2518 trium-

157 2575 260 2618 unum
276 2574 392 2637 corpus
407 2553 468 2617 sihi
484 2554 620 2618 invicem
636 2554 905 2638 compaginatum,
964 2554 1092 2636 phantis
1107 2554 1265 2618 Ecclesia.
1282 2556 1412 2636 Propter
1425 2555 1510 2636 quod
1530 2554 1608 2617 dicit
1621 2555 1713 2618 loan-

157 2663 256 2736 atque
270 2654 309 2716 ad
325 2671 423 2716 unum
446 2660 541 2735 caput
563 2653 727 2716 reductum
750 2661 781 2716 et
795 2653 825 2716 ei
840 2653 909 2716 uni·
965 2673 1021 2716 nes
1037 2653 1069 2716 in
1085 2653 1324 2735 Apoealypsi,se
1338 2652 1456 2716 vidisse
1470 2653 1629 2716 civitatem
1645 2673 1714 2716 san·
1733 2681 1802 2738 ΑΜ,
1813 2696 1856 2734 m,

157 2761 239 2815 tum.
256 2751 358 2828 Quum
373 2769 449 2833 ergo
463 2751 604 2814 Christus
619 2751 719 2814 voluit
733 2751 907 2814 Ecclesiam
964 2761 1058 2830 cmm,
1076 2752 1248 2815 Jerusalem
1268 2770 1396 2831 novam,
1412 2752 1658 2815 descendentem
1673 2753 1713 2815 de
1727 2747 1747 2787 ²·

158 2871 252 2915 suam
274 2851 320 2913 sic
343 2850 410 2932 regi
432 2849 635 2914 monarchice
657 2851 716 2914 sub
736 2869 800 2914 unc
819 2859 851 2913 et
868 2851 909 2913 ab
965 2851 1057 2914 coelo.
1084 2850 1213 2913 Constat
1236 2858 1342 2912 autem
1366 2851 1451 2931 qued
1475 2869 1532 2932 per
1555 2849 1712 2931 optimum

157 2970 237 3030 uno,
253 2969 316 3032 quc
330 2948 473 3012 Ecclesia
491 2957 539 3011 ιιι
553 2968 616 3010 una
631 2949 751 3011 unitate
766 2949 907 3031 praelata,
964 2948 1116 3030 regimen,
1134 2949 1245 3011 doctor
1259 2948 1319 3011 iste
1332 2947 1490 3029 intelligat
1504 2948 1648 3029 regimen
1664 2968 1712 3011 re-

157 3051 246 3131 quod
271 3057 320 3111 est
343 3066 400 3130 per
422 3047 566 3112 omnium
586 3048 847 3129 conjunctionem
869 3048 908 3110 ad
927 3048 1045 3131 Cgale,
1066 3067 1131 3129 quo
1153 3066 1236 3110 unus
1256 3048 1312 3110 toti
1331 3047 1529 3110 multitudini
1551 3049 1709 3131 presidet.

158 3168 262 3211 unum
277 3156 390 3231 eaput3
406 3155 493 3229 patet
507 3148 591 3228 quod
607 3145 689 3230 l'apa
703 3146 853 3211 Ecclesia)
868 3148 910 3209 si·
963 3149 1146 3229 Rursusque
1163 3154 1285 3210 eertum
1305 3147 1452 3228 estquod
1466 3147 1499 3209 in
1515 3147 1713 3229 triumphau-

159 3248 227 3309 mul
244 3254 382 3327 accepta
397 3245 574 3327 praesideat,
591 3254 702 3327 utputa
721 3245 906 3310 universali.
966 3246 988 3309 ti
1016 3245 1158 3309 Ecclesia
1185 3265 1268 3309 unus
1296 3246 1446 3308 omnibus
1479 3254 1543 3307 tarn
1578 3247 1713 3328 conjun-

158 3347 287 3409 Certum
303 3344 505 3426 estquidam,
521 3344 605 3425 quod
626 3344 666 3407 de
686 3364 724 3406 ea
744 3352 775 3407 et
790 3363 854 3407 non
870 3346 909 3409 de
966 3346 1041 3408 ctim
1057 3364 1153 3427 quarn
1167 3344 1293 3408 divisim
1309 3344 1485 3427 presideat.
1502 3345 1713 3409 Conlormiter

158 3445 269 3526 aliqua
289 3442 471 3525 particulari
493 3442 634 3507 Ecclesia
659 3442 711 3506 hic
733 3444 844 3507 doctor
865 3444 910 3508 lo
965 3463 1040 3526 ergo
1059 3444 1093 3505 in
1118 3443 1266 3505 militanti
1286 3443 1427 3506 Ecclesia
1446 3443 1505 3506 erit
1523 3444 1713 3525 gubernatio

157 3544 279 3625 quitur.
296 3542 448 3605 Similiter
470 3540 560 3623 argui
582 3549 685 3623 potest
706 3561 743 3604 ιι
765 3560 804 3605 ιο
825 3544 909 3623 quod
965 3563 1001 3607 ac
1017 3541 1220 3625 presidentia
1235 3542 1318 3605 talis.
1335 3541 1374 3604 Et
1387 3542 1448 3605 hcc
1471 3542 1504 3604 iu
1526 3543 1629 3624 primo
1651 3552 1801 3614 tra-m...

157 3642 203 3703 ait
221 3665 232 3716 ς
247 3640 336 3703 Sicut
350 3648 398 3703 est
412 3660 477 3703 una
498 3639 590 3702 lides.
607 3640 755 3703 Omnium
772 3659 910 3723 namque
966 3650 1051 3705 ctatu
1076 3660 1114 3704 ιι
1139 3641 1246 3704 verbis
1274 3640 1327 3703 SS.
1351 3640 1502 3703 Bcrnardi
1531 3649 1563 3703 et
1586 3642 1712 3705 Thcmae

157 3738 307 3801 fidelium
332 3737 415 3801 lides
439 3756 503 3801 non
523 3745 653 3799 estune
672 3756 710 3799 ex
729 3746 817 3819 parte
837 3740 910 3802 suh
965 3741 1082 3804 clarius
1102 3749 1152 3802 est
1171 3740 1355 3802 deductum.

156 3836 250 3919 jecti,
267 3836 323 3899 sed
344 3834 472 3917 objecti,
494 3836 554 3899 hoc
575 3844 623 3899 ιιι
647 3855 705 3918 per
730 3846 909 3918 respectum
1005 3839 1149 3921 Insuper,
1169 3838 1202 3899 in
1227 3837 1310 3900 libro
1334 3836 1374 3899 de
1397 3837 1629 3900 Ecclesiasticis
1653 3846 1715 3901 sta-

158 3944 190 3999 et
219 3934 437 3999 reductionem
466 3934 505 3996 ad
534 3952 633 3996 unum
661 3932 795 3996 formale
822 3934 910 4017 obje-
966 3938 1048 4001 tibus
1062 3936 1276 4000 Cancellarius
1290 3935 1430 4017 loquitur
1447 3960 1454 3997 :
1470 3936 1577 3999 Status
1591 3938 1714 4019 papalis

158 4042 259 4099 ctum.
277 4032 456 4115 Baptismus
471 4050 597 4113 quoque
612 4051 630 4093 a
645 4051 702 4095 sua
724 4032 826 4096 lorma
840 4034 911 4096 uni·
966 4036 1129 4099 institutus
1157 4043 1205 4099 est
1232 4054 1251 4097 a
1278 4034 1402 4097 Christo
1432 4036 1715 4117 supernaturaliter

157 4142 257 4195 tatem
274 4131 414 4195 sortitur.
431 4131 564 4212 iusuper
584 4149 623 4192 ex
637 4130 845 4212 praeallegatis
863 4152 911 4196 se
966 4144 996 4197 ιι
1017 4133 1210 4211 immediate,
1227 4141 1378 4214 tanquam
1404 4133 1574 4214 primatum
1593 4134 1714 4197 habens

156 4232 267 4315 quitur
281 4228 398 4309 verbis,
406 4229 490 4310 quod
504 4228 587 4310 Papa
601 4230 642 4291 sit
656 4228 750 4310 hujus
761 4229 910 4295 Ecclesia
925 4239 950 4303 D
967 4231 1206 4297 monarchicum
1231 4240 1263 4295 ιι
1284 4231 1422 4313 regalem
1444 4232 1478 4293 in
1498 4232 1714 4296 ecclesiastica

158 4327 347 4405 monarcha,
379 4325 412 4388 id
440 4334 488 4389 ιιι
515 4326 632 4389 unicus
660 4326 822 4409 princeps,
855 4348 911 4410 per
966 4328 1145 4393 hierarchia
1166 4352 1173 4391 ε
1191 4330 1367 4392 secundum
1388 4348 1485 4410 quem
1506 4337 1622 4391 statum
1644 4330 1715 4392 uni-

158 4427 306 4492 omnium
332 4424 589 4488 recollectionem
613 4444 668 4487 seu
687 4425 910 4489 adunationem
967 4448 1040 4491 cum
1069 4437 1102 4492 et
1129 4448 1315 4511 supremum
1343 4428 1485 4490 Ecclesia
1513 4428 1629 4491 dicitur
1651 4449 1715 4491 una

159 4528 236 4607 (hoc
262 4533 311 4588 est
335 4524 431 4586 simul
455 4522 688 4606 acceptionem)
712 4525 750 4586 ad
775 4526 879 4607 ipsum
900 4550 908 4588 ι
966 4528 1026 4590 sub
1040 4527 1164 4591 Christo
1180 4528 1308 4608 (deinde
1324 4527 1384 4590 sub
1398 4527 1469 4609 ejus
1485 4527 1616 4606 vicario,
1634 4528 1716 4592 sicut

159 4644 225 4707 quo
251 4630 338 4705 patet
362 4624 446 4704 quod
471 4622 577 4685 taliter
601 4622 736 4705 sumptis
761 4624 910 4688 omnibus
964 4626 1031 4707 jam
1047 4626 1168 4689 dictum
1183 4628 1369 4709 est);quem
1384 4626 1556 4708 primatum
1571 4626 1716 4708 quisquis

161 4722 272 4807 prmsit
291 4730 326 4783 ιιι
347 4721 402 4783 uni
425 4720 514 4802 gregi
539 4720 598 4783 sibi
619 4720 774 4802 subjecto.
791 4724 911 4786 llursus
966 4726 1154 4808 impugnare
1169 4726 1219 4787 vel
1234 4726 1413 4788 diminuere
1428 4726 1600 4807 presumit,
1613 4725 1640 4787 si
1654 4728 1716 4790 hnc

160 4828 289 4886 constat
311 4839 350 4883 ιι
374 4820 472 4883 verbo
496 4819 638 4899 inducto,
659 4821 744 4902 quod
768 4820 911 4886 Ecclesia
967 4824 1173 4907 pertinaciter
1187 4823 1294 4904 iaciat,
1307 4824 1474 4887 haereticus
1489 4832 1548 4901 est,
1565 4824 1716 4889 schisma·

159 4920 305 4984 militans
332 4937 395 4980 una
414 4918 538 4981 sitnon
557 4919 660 4981 solum
679 4938 736 5001 per
755 4921 912 4992 reductio-
967 4923 1060 5001 ticus,
1088 4922 1204 5005 impius
1232 4930 1326 5003 atque
1355 4921 1539 5003 sacrilegus.
1566 4922 1647 4985 Ecce
1676 4942 1714 4986 ιι

160 5040 237 5083 nem
253 5019 292 5081 ad
307 5018 477 5095 Christum,
495 5019 549 5081 sed
572 5018 668 5081 etiam
684 5038 741 5101 per
755 5020 912 5085 reductio·
966 5022 1072 5085 verbis
1095 5022 1146 5083 his
1171 5020 1352 5099 innotescit,
1376 5021 1460 5101 quod
1484 5020 1567 5102 Papa
1591 5023 1714 5085 ratione

160 5138 236 5182 nem
252 5118 291 5181 ad
307 5118 442 5199 Papam:
460 5116 607 5198 quamvis
622 5124 754 5199 utraque
769 5120 911 5184 reductio
966 5121 1014 5183 sui
1031 5128 1165 5203 papatus
1180 5120 1241 5182 sihi
1264 5118 1545 5201 supernaturaliter
1566 5120 1641 5201 dati,
1658 5121 1714 5184 ha·

160 5236 227 5281 non
248 5217 399 5297 sitaque
421 5215 655 5297 inseparabilis,
671 5224 706 5279 ut
725 5216 854 5297 patebit.
870 5254 911 5266 -
965 5221 1039 5283 beat
1067 5219 1237 5300 primatum
1261 5237 1317 5280 seu
1344 5218 1559 5299 principatum
1587 5238 1713 5284 monar-

160 5316 242 5380 lliuc
258 5315 403 5397 sequitur
415 5316 500 5397 quod
515 5314 657 5379 Ecclesia
677 5322 742 5379 tota
756 5316 796 5378 sit
810 5336 909 5383 unum
966 5318 1094 5382 alricum
1109 5324 1140 5380 et
1161 5316 1300 5400 regalem
1321 5316 1356 5378 in
1369 5315 1510 5379 Ecclesia
1523 5317 1592 5383 Dei.
1608 5318 1710 5396 Quum
