4309 6250
452 470 513 540 632
550 490 590 538 ΒΕ
611 489 819 540 admonistra
840 493 934 540 susm
955 491 1122 540 rottrtrtcts
1142 490 1181 536 ΕΤ
1200 489 1370 539 omarus
1390 490 1530 556 conatur,
1552 491 1642 540 URBE
1661 493 1707 540 lli.
1730 512 1771 523 -
1792 493 1862 540 aar.
1882 494 1915 540 xl

452 662 575 744 papalis
598 664 769 728 auctoritas
794 683 848 727 seu
874 671 1010 746 potestas
1032 664 1073 726 sit
1091 670 1197 727 actua·
1210 663 1236 724 A
1251 670 1396 744 papatus,
1425 663 1649 744 cardinalatus,
1676 664 1915 746 patriarchatus,
1942 685 1982 728 ar·

452 761 525 825 liter
538 762 606 826 sive
622 763 750 827 realiter
768 764 801 825 in
820 781 1022 844 quocumque
1043 763 1103 825 sub
1117 762 1194 826 sole.
1251 761 1517 844 cbiepiscopatus,
1538 764 1753 846 episcopatus,
1774 765 1979 840 sacerdotium,
2100 784 2101 847 i

451 861 574 924 Idcirco
593 862 740 944 generale
759 862 933 925 concilium
949 880 1013 925 non
1034 862 1077 924 ita
1092 861 1124 923 in
1140 880 1197 923 sua
1250 859 1346 922 babet
1370 860 1521 942 integrari
1545 880 1584 925 er
1604 861 1653 924 bis
1672 862 1834 942 omuibus,
1850 863 1892 924 ita
1908 865 1980 945 quod
2100 872 2101 881 ’

453 960 574 1024 ratione
597 960 724 1024 formali
749 961 886 1025 includit
910 961 1025 1043 Papam
1048 969 1103 1022 aut
1126 960 1197 1041 ejus
1251 958 1356 1021 ablata
1378 958 1505 1040 penitus
1530 979 1594 1022 una
1622 961 1807 1041 hujusmodi
1831 969 1979 1043 potestate,

452 1059 683 1139 auctoritatem,
709 1069 743 1123 ut
764 1079 834 1124 esse
859 1078 923 1123 non
948 1060 1051 1122 valeat
1075 1060 1137 1122 nisi
1163 1059 1196 1122 in
1250 1056 1316 1138 jam
1341 1075 1406 1119 non
1427 1065 1535 1120 manet
1554 1057 1699 1122 Ecclesia
1719 1067 1815 1142 prout
1834 1079 1852 1123 a
1873 1059 1980 1122 Cbristo

452 1158 522 1240 ipso
542 1159 669 1222 realiter
689 1179 725 1222 ac
745 1159 1001 1222 exsistentialiter
1015 1158 1199 1221 includatur
1252 1156 1449 1218 seminaliter
1470 1155 1500 1219 el
1526 1157 1613 1219 velut
1636 1157 1670 1220 in
1692 1159 1830 1239 quodam
1854 1159 1980 1239 germine

451 1264 483 1320 ct
508 1256 549 1320 sit
572 1258 654 1339 Papa
677 1257 728 1320 vel
750 1257 820 1339 ejus
842 1264 980 1338 potestas
997 1281 1004 1318 ι
1022 1257 1197 1338 praesertim
1253 1273 1311 1317 suo
1333 1254 1471 1335 perfecte
1493 1254 1554 1319 luit
1574 1256 1720 1319 instituta
1736 1281 1744 1319 :
1762 1267 1796 1319 ut
1815 1259 1841 1319 si
1864 1267 1979 1340 papatus

450 1374 549 1435 quum
574 1355 749 1418 secundum
773 1356 859 1418 hunc
888 1355 992 1438 ipsum
1021 1355 1195 1432 doctorem,
1253 1371 1310 1434 per
1325 1352 1582 1435 imaginationem
1597 1355 1979 1436 praescindaturareliquis

451 1452 485 1515 in
507 1453 616 1515 multis
639 1453 766 1516 casibus
785 1445 886 1535 possit
905 1453 1073 1516 convocari
1096 1461 1128 1515 et
1147 1473 1198 1515 ce·
1254 1453 1461 1533 potestatibus
1489 1453 1705 1532 inferioribus,
1729 1455 1760 1516 id
1782 1456 1864 1536 quod
1886 1475 1980 1536 super-

450 1550 566 1615 lebrari
590 1552 737 1632 generale
757 1551 941 1629 concilium,
956 1552 1039 1633 Papa
1060 1569 1124 1614 nou
1146 1569 1198 1613 ex·
1252 1559 1383 1614 estnon
1403 1550 1526 1614 dicetur
1539 1551 1690 1615 Ecclesia.
1706 1553 1840 1616 Proinde
1856 1553 1980 1634 sequitur

450 1649 581 1712 sistente
614 1650 663 1713 vel
696 1651 789 1712 etiam
825 1650 991 1712 renitente.
1021 1650 1130 1731 ltaque
1158 1651 1197 1712 de
1253 1649 1337 1729 quod
1365 1648 1392 1710 si
1417 1649 1564 1730 generale
1593 1650 1768 1712 concilium
1796 1657 1979 1732 representet

451 1749 573 1812 ratione
591 1749 750 1830 generalis
773 1748 903 1813 concilii
925 1757 974 1812 est
997 1757 1030 1811 ut
1050 1748 1197 1831 papalem
1254 1747 1465 1810 universalem
1481 1747 1655 1811 Ecclesiam
1675 1748 1876 1812 sufficienter
1890 1759 1917 1812 et
1938 1749 1977 1810 in-

450 1847 671 1912 auctoritctem
696 1847 848 1928 includat,
875 1866 913 1910 eo
938 1847 1032 1911 modo
1055 1865 1119 1928 quo
1143 1848 1198 1909 do
1215 1843 1238 1905 B
1254 1852 1351 1926 tegre,
1368 1865 1499 1908 necesse
1514 1854 1562 1908 est
1577 1854 1611 1909 ut
1625 1845 1767 1909 includat
1779 1846 1977 1910 auctoritatem

451 1955 519 2010 ctor
546 1947 607 2008 iste
634 1954 666 2008 et
689 1945 798 2009 Petrus
823 1947 862 2010 de
887 1946 1008 2009 ditiaco
1032 1944 1198 2008 eilirmant
1253 1944 1410 2024 papalem,
1426 1944 1495 2006 sive
1514 1945 1597 2026 Papa
1615 1944 1668 2023 sit,
1690 1944 1758 2007 sive
1778 1965 1847 2008 esse
1866 1945 1977 2008 desierit

449 2044 533 2107 banc
557 2044 774 2108 auctoritatem
797 2063 852 2106 seu
875 2045 1038 2124 potestatis
1061 2044 1198 2125 plenitu-
1253 2061 1311 2124 per
1324 2051 1458 2106 mortem
1479 2043 1656 2105 naturalem
1675 2051 1731 2105 aut
1754 2043 1890 2106 civilem.

450 2143 559 2206 dinem
584 2162 652 2205 esse
681 2142 715 2204 in
742 2141 882 2222 generali
911 2142 1059 2218 concilio,
1086 2150 1197 2224 utputa
1293 2141 1465 2220 Postremo,
1482 2149 1593 2204 contra
1616 2141 1795 2203 secundum
1819 2142 1861 2204 ita
1881 2141 1976 2221 objici·

451 2242 720 2322 repraesentativa,
735 2248 831 2321 atque
855 2239 1048 2303 insinuativa
1072 2260 1109 2303 ac
1134 2239 1198 2302 ele-
1254 2248 1304 2302 tur
1320 2263 1326 2300 :
1343 2239 1497 2313 Quoniam
1510 2239 1601 2320 juxta
1614 2238 1798 2320 prehabita,
1813 2241 1939 2321 dignitas
1949 2249 2080 2308 sternet

451 2339 546 2416 clive,
564 2347 595 2400 et
616 2338 768 2401 directive
793 2357 850 2400 seu
874 2337 1141 2419 dictative,·quasi
1164 2338 1196 2398 in
1253 2346 1391 2420 potestas
1407 2339 1476 2419 ipsa
1492 2337 1612 2418 papalis
1627 2345 1749 2400 ceteras
1769 2338 1976 2401 universaser-

452 2437 590 2500 iocunda
617 2436 722 2498 radice
739 2459 746 2497 :
763 2437 839 2516 quia
864 2436 1034 2498 concilium
1059 2436 1130 2498 vice
1152 2444 1197 2497 to·
1253 2435 1447 2499 clesiastices
1476 2443 1646 2519 potestates
1678 2444 1711 2498 et
1737 2437 1903 2518 dignitates
1925 2437 1976 2498 vir·

452 2535 515 2596 tius
531 2533 680 2597 Ecclesiae
695 2533 728 2595 in
744 2553 820 2596 casu
835 2542 938 2616 potest
954 2534 1013 2596 sibi
1030 2535 1198 2614 providere
1253 2533 1381 2596 tualiter
1400 2533 1569 2614 altiorique
1589 2534 1683 2596 modo
1701 2553 1798 2615 quam
1817 2535 1850 2596 in
1866 2534 1928 2596 aliis
1944 2535 1976 2596 sit

452 2633 491 2695 de
506 2633 587 2715 Papa
602 2651 660 2714 per
678 2632 879 2711 electionem,
894 2631 1041 2714 quamvis
1061 2633 1131 2714 ipsa
1144 2653 1200 2695 au·
1253 2633 1407 2709 continet,
1418 2631 1671 2713 comprehendit,
1682 2632 1829 2710 includit,
1841 2633 1977 2714 quomodo

452 2731 581 2794 ctoritas
614 2728 867 2793 allicientialiter
895 2731 937 2792 sit
969 2729 1152 2793 immediate
1181 2751 1199 2793 a
1253 2730 1412 2812 ergoaliaa
1432 2730 1527 2792 simul
1549 2750 1622 2792 cum
1641 2731 1831 2812 eamajores
1852 2732 1976 2793 sunteai

451 2830 525 2892 Deo.
559 2829 620 2890 Sed
650 2835 681 2890 et
712 2828 890 2910 suppletise
919 2848 956 2891 ac
980 2828 1198 2910 aptitudinali-
1293 2828 1331 2889 Et
1354 2828 1624 2910 respondendum,
1649 2830 1735 2909 quod
1760 2829 1837 2892 licet
1861 2830 1915 2892 boc
1937 2848 1978 2890 re

452 2937 573 3008 ter,seu
588 2927 819 3008 quodammodo
830 2926 1007 2989 virtualiter
1021 2927 1200 2989 continetur
1255 2944 1324 2987 rum
1354 2924 1405 3001 sit,
1435 2943 1500 2987 non
1528 2933 1635 2988 tamen
1669 2935 1803 3008 papatus
1830 2925 1977 2989 omnifarie

452 3027 485 3088 in
510 3025 645 3089 concilio
667 3026 706 3087 de
728 3025 917 3088 necessitate
935 3024 996 3086 ista
1015 3025 1196 3103 auctoritas,
1218 3022 1388 3092 Caliarum
1412 3031 1603 3103 potestatum
1631 3023 1759 3086 illarum
1789 3024 1977 3106 perfectiones

454 3145 552 3207 quum
567 3123 715 3206 generale
736 3123 908 3187 concilium
927 3123 1041 3187 debeat
1059 3126 1198 3187 exomni
1255 3121 1477 3203 complectitur
1490 3131 1522 3185 et
1535 3121 1681 3185 includit.
1699 3123 1759 3185 Sed
1775 3124 1900 3187 verbum
1913 3122 1975 3185 illud

456 3232 539 3287 statu
560 3223 769 3300 hierarchice,
787 3222 819 3284 in
839 3240 902 3303 quo
922 3222 1044 3305 papalis
1066 3223 1201 3286 auctori·
1255 3229 1407 3303 quantum
1424 3221 1537 3284 adhoc
1552 3240 1662 3284 verum
1677 3231 1736 3300 est,
1752 3224 1835 3303 quod
1853 3242 1939 3304 quum
1951 3220 1975 3282 id

456 3331 503 3385 tas
528 3341 652 3384 summa
675 3330 707 3384 ct
730 3320 832 3401 prima
852 3330 997 3397 estesse
1016 3321 1198 3385 collectum.
1256 3318 1340 3399 quod
1368 3326 1418 3380 est
1445 3318 1479 3379 in
1506 3318 1623 3400 aliquo,
1639 3319 1682 3382 sit
1704 3320 1738 3381 in
1762 3340 1801 3383 eo
1824 3321 1975 3384 secundum

455 3420 535 3483 llinc
549 3420 657 3483 Petrus
671 3419 711 3482 de
726 3418 844 3481 Alliaoo
858 3419 976 3481 fatetur
988 3443 996 3481 ι
1010 3419 1201 3482 Universalis
1257 3416 1386 3479 modum
1410 3416 1481 3497 ejus
1506 3416 1539 3477 in
1564 3435 1627 3497 quo
1651 3426 1700 3479 est
1724 3417 1803 3499 ipse,
1819 3419 1890 3499 quia
1909 3418 1976 3498 Papa

456 3518 598 3581 Ecclesia
613 3518 662 3580 vel
683 3516 887 3599 congregatio
906 3517 1006 3598 ipsam
1029 3537 1202 3598 repraesen-
1257 3534 1401 3577 summus
1428 3522 1478 3577 est
1505 3516 1538 3577 iu
1567 3515 1784 3580 ecclesiastica
1810 3516 1975 3592 hierarchia,

456 3625 538 3693 tans,
554 3616 750 3696 originaliter
774 3624 805 3678 et
830 3614 1048 3697 principaliter
1068 3615 1203 3678 habeta
1257 3614 1413 3676 universae
1436 3613 1660 3676 ecclesiasticas
1683 3622 1853 3696 potestates
1875 3614 1978 3695 inipso

456 3714 578 3776 Christe
596 3714 649 3794 jus
668 3713 805 3793 eligendi
825 3712 885 3774 sibi
909 3720 1015 3793 caput,
1031 3714 1146 3794 Papam
1162 3714 1202 3775 si·
1257 3712 1375 3774 babent
1397 3730 1467 3774 esse
1491 3712 1724 3792 quodammodo
1752 3715 1876 3796 dignius
1901 3723 1978 3793 atque

456 3830 495 3873 vc
510 3818 683 3888 rectorem;
700 3810 793 3891 cujus
809 3818 913 3872 tamen
934 3810 1047 3891 capitis
1066 3811 1203 3873 auctori·
1257 3809 1448 3890 simplicius,
1476 3828 1533 3871 seu
1557 3811 1686 3874 modum
1716 3812 1933 3895 simpliciorem
1953 3817 1979 3871 et

455 3918 503 3972 tas
531 3928 588 3972 seu
611 3916 749 3991 potestas
774 3926 838 3969 non
864 3907 903 3969 ab
928 3907 1078 3987 Ecclesia,
1103 3909 1157 3970 sed
1183 3928 1202 3971 a
1255 3907 1434 3989 digniorem
1449 3926 1544 3988 quam
1562 3907 1595 3969 in
1615 3908 1730 3971 ceteris
1743 3910 1896 3973 universis
1910 3933 1917 3970 ε
1931 3908 1979 3969 sic-

456 4008 580 4071 Cbristo
602 4006 783 4069 immediate
806 4006 974 4088 dependet.
1256 4014 1291 4067 ut
1314 4013 1345 4067 et
1367 4024 1418 4068 res
1443 4014 1566 4084 create,
1584 4008 1759 4069 secundum
1777 4008 1979 4089 Augustinum,

496 4106 649 4187 Denique,
666 4125 703 4167 cx
723 4104 772 4167 his
793 4123 864 4167 reor
886 4112 993 4185 patere
1013 4106 1096 4185 quod
1116 4106 1148 4167 in
1165 4105 1203 4167 li·
1256 4104 1406 4167 dicuntur
1419 4104 1525 4167 verius
1544 4124 1614 4168 esse
1634 4103 1751 4168 babere
1770 4105 1805 4167 in
1823 4107 1884 4169 Deo
1900 4122 1980 4186 quam

456 4209 512 4270 bro
527 4208 566 4269 de
580 4204 802 4268 Ecclesiastica
817 4212 971 4284 potestate
991 4203 1201 4268 Cancellarius
1216 4204 1241 4265 b
1257 4203 1289 4264 in
1304 4222 1338 4265 se
1354 4202 1442 4283 ipsis,
1456 4202 1530 4283 quia
1544 4203 1577 4264 in
1592 4203 1655 4265 Deo
1670 4203 1789 4265 babent
1803 4224 1870 4267 esse
1883 4202 1979 4275 idealc,

455 4306 499 4368 ait
515 4330 522 4368 :
538 4305 677 4368 Potestas
697 4302 912 4365 ecclesiastica
932 4303 1126 4365 considerari
1148 4324 1202 4385 po·
1257 4300 1456 4379 invariabile,
1473 4300 1649 4364 increatum
1662 4324 1671 4378 3
1686 4318 1751 4365 non
1770 4310 1874 4365 tamen
1897 4299 1982 4363 omni·
2019 4384 2024 4391 .

454 4411 516 4466 test
530 4411 561 4465 et
575 4403 669 4465 debet
683 4400 851 4482 tripliciter
864 4423 870 4460 :
884 4400 998 4481 primo,
1011 4399 1199 4481 formaliter,
1256 4399 1336 4462 ferie
1359 4400 1477 4462 babent
1497 4399 1604 4462 verius
1623 4418 1693 4463 esse
1711 4400 1743 4462 in
1763 4400 1839 4477 Deo,
1854 4418 1942 4481 quum
1955 4398 1981 4457 in

455 4502 489 4563 in
510 4520 543 4563 se
563 4509 595 4564 et
613 4498 756 4562 absolute
778 4498 847 4585 sine
863 4506 1030 4579 respectu3
1047 4501 1198 4581 secundo,
1258 4496 1326 4578 ipso
1354 4515 1418 4560 non
1446 4498 1583 4561 babeant
1611 4518 1682 4561 esse
1710 4506 1823 4575 ratum,
1846 4506 1979 4571 creatum,

455 4598 661 4662 materialiter
686 4617 742 4660 seu
767 4597 953 4677 respective,
979 4606 1073 4680 prout
1101 4598 1202 4680 appli—
1256 4596 1393 4678 propriae
1414 4596 1546 4677 speciei,
1561 4614 1634 4659 cum
1655 4596 1897 4678 proprietatibus
1916 4593 1980 4656 suis.

455 4706 546 4762 catur
564 4697 602 4759 ad
619 4697 702 4759 banc
716 4695 767 4757 vel
783 4695 871 4757 illam
886 4714 1053 4777 personam
1069 4720 1076 4774 3
1095 4697 1198 4774 tertio,
1256 4694 1473 4758 Parilormiter
1486 4693 1710 4757 ecclesiasticae
1721 4702 1886 4776 potestates
1900 4694 1930 4755 in
1942 4708 1983 4753 ce

453 4798 557 4880 quoad
573 4794 758 4859 exercitium
773 4794 823 4855 vel
839 4794 1086 4857 exsecutionem.
1098 4794 1201 4858 Primo
1256 4793 1331 4855 teris
1345 4793 1464 4856 habent
1477 4811 1548 4855 esse
1562 4792 1663 4874 magis
1677 4793 1922 4868 determinatum,
1931 4789 1980 4851 dis

454 4894 548 4957 modo
568 4900 707 4974 potestas
730 4892 790 4955 ista
809 4898 857 4953 cst
876 4890 1087 4969 invariabilis
1105 4900 1137 4953 et
1151 4912 1202 4954 ea·
1256 4892 1402 4971 tinctum,
1430 4891 1579 4973 divisum,
1606 4911 1680 4955 cum
1704 4911 1761 4954 usu
1788 4911 1844 4953 seu
1870 4889 1979 4953 actibus

453 4994 527 5056 dem
541 5011 560 5054 a
575 4990 734 5073 principio
752 4990 911 5051 nascentis
930 4988 1080 5052 Ecclesia
1101 5010 1201 5072 usque
1255 4990 1500 5072 proportionetis
1524 4999 1556 5053 ct
1580 4989 1727 5071 propriis,
1742 4988 1845 5159 oppon
1861 4989 1889 5051 in
1908 4986 1977 5066 Papa

454 5094 487 5154 in
515 5092 616 5154 linem
645 5095 836 5171 perseverat.
864 5086 1004 5149 Ecclesia
1030 5089 1199 5169 siquidem,
1255 5089 1427 5150 dumtaxat.
1444 5088 1566 5151 Idcirco
1585 5088 1765 5169 (lancellam
1794 5086 1976 5154 sscribitno

453 5192 529 5254 dum
549 5189 595 5251 sic
614 5187 833 5250 consideratur
850 5186 882 5247 iu
903 5185 969 5247 suis
991 5187 1132 5267 partibus
1152 5207 1201 5249 es·
1254 5195 1367 5263 tenter,
1388 5187 1471 5267 quod
1497 5186 1712 5250 ecclesiastica
1735 5202 1780 5267 po*
1795 5196 1872 5254 testas
1892 5183 1926 5244 sit
1947 5180 1972 5240 iu

453 5287 640 5353 sentielibus
668 5293 699 5348 ct
727 5283 997 5366 permanentibus,
1027 5302 1097 5365 quae
1125 5293 1199 5347 sunt
1254 5283 1395 5347 Ecclesia
1419 5284 1523 5365 major
1545 5303 1641 5365 quam
1665 5285 1698 5347 in
1722 5219 1823 5504 Pap}
1845 5288 1970 5365 quantun

1427 5781 1452 5850 ’κ

1455 5861 1475 5922 xfl

1472 5927 1750 6247 a,
