4309 6250
433 471 494 537 202
587 489 628 538 ll!
647 491 731 540 lotio
752 493 868 541 subdol
889 493 1126 555 enucesstottns,
1149 494 1389 550 sanoronuttoun
1409 495 1633 543 vttrttttttrlottl.
1656 513 1697 524 -
1718 497 1787 542 altr.
1812 495 1832 538 v

434 661 513 726 fidoi
524 663 607 727 inter
621 664 701 727 duos
720 683 844 728 errores
863 673 1020 729 extremos
1040 665 1182 729 medium
1197 666 1222 728 Α
1238 665 1338 728 seruit
1363 689 1369 727 :
1396 665 1578 730 Honoraudi
1602 673 1675 728 sunt
1699 665 1805 729 Sancti
1830 673 1865 728 ut
1893 664 1985 728 amici

435 769 533 841 tenet,
560 762 642 825 sicut
669 771 701 826 et
729 762 830 827 virtus
854 764 981 827 moralis
1009 764 1093 827 inter
1119 765 1181 826 duo

435 858 513 920 vitia
541 868 681 922 extrema
709 861 853 941 quaedam
887 869 988 923 exstat
1015 860 1179 925 medietas

434 956 487 1020 Sic
503 957 536 1019 in
558 957 720 1040 proposito
742 959 828 1021 circa
849 959 1087 1024 venerationem
1110 959 1182 1022 reli-

433 1057 580 1138 quiarum
601 1065 782 1120 sanctarum
804 1067 878 1120 sunt
899 1059 963 1120 duo
987 1077 1109 1121 errores
1130 1078 1183 1121 ex-

432 1155 678 1231 trami.0uidam
694 1176 832 1238 namque
848 1156 999 1237 baeretici,
1016 1166 1050 1219 ut
1064 1157 1181 1239 impius

431 1253 617 1332 Eunomius,
643 1264 675 1318 et
702 1265 774 1338 post
802 1275 875 1318 eum
899 1256 1102 1337 vigilantius,
1128 1257 1179 1319 vel

431 1353 537 1434 potius
565 1354 799 1433 Dormitantius,
826 1363 1031 1418 asseruerunt
1058 1355 1179 1418 nullam

431 1451 641 1515 reverentiam
669 1453 857 1516 Sanctorum
886 1452 1031 1534 reliquiis
1057 1453 1180 1534 impen-

432 1550 579 1612 dendam.
597 1550 657 1613 Alii
674 1550 761 1614 circe
776 1552 984 1632 reliquiarum
998 1551 1180 1614 honoratio-

432 1667 506 1710 nem
536 1649 753 1730 superstitioso
781 1669 815 1712 se
837 1650 966 1730 babent,
992 1650 1180 1712 arbitrantes

432 1766 467 1808 sa
495 1746 542 1809 eis
569 1748 724 1810 honorem
752 1749 936 1830 impendere
966 1768 1023 1830 par
1049 1767 1086 1810 oa
1111 1767 1180 1829 quaa

432 1844 557 1907 Sanctis
591 1846 739 1908 omnibus
774 1847 901 1928 penitus
935 1846 1116 1929 displicent,
1147 1855 1182 1908 ut
1199 1845 1370 1910 Bdubitet.
1388 1845 1418 1907 Si
1439 1846 1524 1908 enim
1546 1845 1610 1908 Deo
1630 1845 1773 1928 jubente,
1791 1863 1875 1926 aqua
1896 1845 2103 1972 ssuxitpffl

2001 1997 2029 2036 ll.
2118 1990 2119 2036 l

433 1951 507 2004 sunt
536 1942 724 2024 insolentie,
750 1944 962 2024 carnalitates,
990 1945 1182 2025 pomposita-

433 2049 492 2119 tes,
509 2042 626 2105 curiosi
642 2051 783 2120 omatus,
793 2042 976 2106 inordinata
992 2043 1180 2125 potationeS,

432 2159 469 2202 ac
495 2139 590 2202 variae
614 2140 838 2205 dissolutiones
855 2166 862 2205 ε
878 2162 948 2222 quaa
973 2141 1082 2205 omnia
1108 2161 1182 2204 con-

432 2239 605 2301 trariautnr
619 2239 680 2321 lagi
697 2241 832 2303 naturali
848 2250 942 2322 atque
957 2241 1085 2304 divina.
1099 2240 1182 2302 lnter

433 2337 491 2400 bos
506 2336 548 2400 ita
563 2348 715 2415 errantes,
734 2340 800 2402 veri
815 2339 1045 2403 Cbristilideles
1065 2340 1183 2403 babent

344 2456 348 2464 ·
434 2436 591 2499 semodio
614 2438 707 2501 modo
725 2461 732 2499 :
749 2438 900 2519 quoniam
923 2438 1008 2520 ipsas
1029 2458 1183 2501 veneran-

434 2535 490 2596 das
519 2534 669 2615 reliquias
699 2554 771 2598 cum
802 2536 923 2617 ingenti
954 2536 1123 2600 devotione
1152 2543 1184 2598 et

434 2633 521 2694 omni
550 2633 725 2712 alacritate,
746 2634 901 2716 spirituali
924 2655 1050 2716 quoque
1071 2635 1184 2716 jucun-

434 2729 544 2809 ditate,
574 2731 784 2813 laudibusque
819 2742 851 2795 et
886 2733 1020 2796 canticis
1051 2733 1182 2811 divinis,

434 2831 680 2910 amplectuntur,
711 2832 956 2909 circumierunt,
987 2850 1185 2913 prosequun-

436 2938 496 3007 tur,
514 2931 691 3011 suscipiunt
704 2938 736 2992 et
756 2931 925 3010 honorant,
941 2939 1092 3011 tanquam
1116 2954 1184 2997 cor-

1237 771 1268 827 et
1284 763 1346 825 lilii
1361 772 1455 845 atque
1470 764 1603 827 heredes
1618 764 1685 842 Dei,
1701 772 1733 828 et
1748 772 1900 845 tanquam
1916 763 1986 844 ejus

1237 861 1385 924 ministri.
1402 862 1509 926 Honor
1523 861 1610 925 anim
1623 863 1678 943 qui
1695 861 1848 925 ministris
1863 862 1987 944 impen-

1236 960 1332 1038 ditur,
1341 961 1468 1042 signnm
1484 969 1532 1024 est
1546 962 1637 1024 bonae
1652 961 1825 1025 voluntatis
1839 979 1876 1024 ao
1889 980 1986 1024 vene-

1238 1059 1367 1122 rationis
1381 1060 1420 1123 ad
1435 1059 1615 1123 Dominum.
1624 1060 1731 1123 Sancti
1744 1059 1873 1122 luerunt
1884 1078 1987 1141 prom·

1236 1158 1361 1239 ptuaria
1384 1158 1438 1220 [lei
1463 1167 1494 1220 et
1519 1177 1598 1240 pura
1621 1157 1692 1239 ejus
1716 1158 1892 1236 coenaeula,
1921 1157 1987 1219 ani-

1239 1263 1384 1336 mataque
1412 1256 1531 1337 templa
1559 1264 1591 1318 et
1619 1255 1823 1318 tabernacula
1852 1255 1985 1338 Spiritus

1237 1354 1354 1416 Sancti.
1372 1353 1429 1416 Per
1443 1373 1578 1435 quorum
1595 1354 1745 1435 reliquias
1762 1361 1915 1434 tanquam
1931 1373 1987 1435 per

1237 1450 1342 1514 tontes
1366 1451 1531 1529 salutares,
1548 1451 1691 1514 Christus
1716 1451 1860 1514 omnium
1884 1451 1988 1514 domi-

1237 1558 1328 1611 nator
1347 1550 1489 1631 irrigavit
1508 1569 1566 1614 nos
1591 1549 1840 1614 multiformibus
1865 1550 1988 1612 beneti-

1238 1649 1306 1710 ciis.
1325 1648 1368 1710 Ex
1382 1650 1498 1730 quibus
1514 1649 1658 1730 reliquiis
1674 1649 1765 1712 nobis
1781 1659 1911 1712 emanat
1932 1669 1988 1710 un-

1237 1755 1389 1829 guentum
1414 1747 1486 1810 boni
1516 1748 1633 1810 odoris
1658 1747 1696 1809 Et
1723 1748 1763 1810 de
1791 1748 1852 1810 boc
1881 1746 1987 1810 nullus

1238 1943 1317 2005 liliis
1338 1944 1432 2006 lsrael
1452 1963 1489 2006 ex
1510 1963 1588 2026 rupe
1613 1952 1644 2006 et
1668 1953 1768 2026 petra,
1784 1952 1817 2006 et
1841 1943 1987 2007 Samsoni

1237 2063 1274 2107 ex
1305 2042 1433 2105 maxilla
1456 2042 1548 2122 asini,
1573 2061 1774 2124 nequaquam
1798 2042 1988 2106 incredibile
2012 2047 2119 2096 aitrau

1237 2149 1285 2204 est
1310 2160 1348 2202 ex
1372 2141 1558 2204 Sanctorum
1587 2141 1730 2221 reliquiis
1754 2161 1906 2205 emanare
1933 2121 2031 2203 un-¹⁰'

1237 2248 1389 2322 guantum
1414 2239 1490 2302 boni
1515 2239 1621 2302 odoris
1647 2239 1828 2302 sitientibus
1853 2241 1988 2322 gratiam

1238 2339 1291 2402 Dei
1312 2348 1343 2401 et
1363 2339 1495 2400 virtutes
1511 2339 1708 2401 Sanctorum.
1731 2339 1789 2402 Per
1809 2337 1898 2420 ipsas
1919 2339 1990 2401 reli-

1238 2437 1329 2517 quias
1353 2436 1490 2499 feliciter
1513 2437 1712 2499 suscitandas
1736 2437 1899 2499 demones
1926 2436 1990 2499 ebi-

1237 2543 1365 2618 guntur,
1397 2535 1518 2596 inlirmi
1554 2542 1716 2613 curantur,
1754 2534 1830 2598 caci
1866 2535 1989 2612 vident,

1239 2633 1354 2714 leprosi
1380 2634 1583 2710 mundantur,
1601 2633 1791 2696 tentationes
1817 2640 1916 2715 atque
1937 2634 1991 2694 tri-

1239 2731 1332 2794 stitia.
1353 2732 1583 2795 dissolvuntur.
1601 2733 1671 2794 Haeo
1694 2731 1923 2794 Damasceuus.

1279 2829 1359 2892 Ecce
1384 2829 1520 2911 qualiter
1543 2830 1735 2893 bonorandae
1760 2839 1835 2892 sunt
1860 2831 1992 2893 Sancto

1240 2947 1309 2990 rum
1326 2928 1560 3008 reliquia,cum
1574 2947 1647 2991 vera
1664 2927 1819 3009 religione
1835 2937 1869 2990 et
1883 2937 1992 2991 sancta

434 3048 512 3110 pore
546 3048 615 3110 qua
649 3028 726 3092 olim
766 3029 897 3092 luerunt
935 3031 1113 3093 sanctuaria
1153 3039 1183 3093 et
1203 3027 1494 3108 Gdarotione,per
1515 3045 1611 3107 opera
1633 3025 1786 3088 virtuosa.

434 3127 554 3211 templa
572 3126 605 3189 in
628 3127 744 3208 quibus
768 3128 924 3190 habitavit
950 3128 1087 3211 Spiritus
1109 3131 1186 3192 San-

435 3234 516 3303 ctus,
542 3245 578 3288 ac
603 3226 814 3289 instrumenta
840 3226 1004 3305 virtutum,
1030 3247 1089 3309 per
1115 3247 1184 3308 quae

435 3324 540 3387 Sancti
565 3324 641 3387 olim
666 3326 805 3387 virtuoso
819 3332 893 3386 sunt
912 3326 1044 3407 operati,
1065 3334 1097 3388 et
1118 3335 1184 3388 tau-

435 3442 530 3503 quam
567 3423 710 3503 proxime
745 3423 940 3503 pertinentes
981 3424 1019 3485 ad
1060 3424 1184 3487 animas

435 3531 572 3584 sanctas.

477 3620 617 3701 Denique
633 3628 661 3681 ct
677 3619 790 3682 animae
805 3628 921 3682 sanctae
936 3640 1005 3701 quaa
1021 3640 1106 3683 nunc
1122 3622 1184 3683 Deo

436 3718 584 3781 beatifico
609 3718 826 3801 perfruuntur,
848 3738 921 3779 suas
946 3728 1064 3797 amant,
1087 3720 1186 3784 bono-

437 3825 508 3880 rant
530 3817 719 3897 visitantque
739 3815 900 3896 reliquiae,
918 3825 949 3879 et
968 3818 1185 3898 gratissimum

436 3916 497 3979 sibi
519 3935 589 3978 esse
609 3916 781 3979 ostendunt
800 3916 883 3995 quod
909 3935 1018 3978 eorum
1045 3916 1186 3996 reliquia

436 4016 632 4077 honorantur
659 4014 830 4084 decenter,
857 4033 971 4094 magna
999 4033 1126 4095 quoque
1149 4034 1185 4076 ac

1460 3354 1705 3419 ARTICULUS
1731 3354 1771 3416 V.

1242 3522 1392 3587 Qualiter
1407 3523 1543 3600 quidum
1564 3524 1600 3580 irc
1616 3522 1878 3596 processionibus
1897 3531 1929 3581 et
1945 3524 1996 3579 de·

1278 3613 1523 3685 portationibus
1538 3630 1707 3670 sacrorum
1724 3613 1954 3685 superstitiose
1968 3620 1996 3669 et

1284 3702 1397 3760 vitiosa
1417 3721 1449 3759 se
1471 3702 1599 3761 liabent.

1312 3912 1436 3975 tuoto
1452 3931 1515 3975 uno
1531 3911 1624 3973 modo
1644 3928 1701 3991 pro
1723 3909 1815 3971 latria
1836 3910 1996 3987 sumitur3

1328 4011 1437 4092 sicque
1452 4010 1563 4091 religio
1578 4029 1632 4071 seu
1648 4009 1738 4071 latria
1753 4018 1801 4071 cst
1816 4009 1918 4072 uirtus
1935 4028 1998 4071 mo

436 4112 525 4175 varia
551 4112 711 4174 beneficia
740 4111 911 4192 impetrant
939 4122 971 4173 ct
998 4113 1188 4194 impendunt
1243 4112 1318 4174 ralis
1334 4129 1404 4190 quea
1419 4109 1482 4171 ileo
1497 4109 1616 4171 cultum
1633 4115 1662 4171 at
1678 4107 1895 4171 caerimoniam
1913 4107 1997 4171 exbi-

436 4212 514 4274 loeis
536 4220 568 4273 et
588 4210 719 4272 urbibus
739 4220 834 4290 atque
854 4210 1049 4291 bominibus,
1067 4210 1098 4272 in
1119 4211 1186 4292 qui·
1202 4210 1226 4271 b
1243 4212 1304 4272 bct.
1322 4209 1359 4270 Et
1374 4207 1521 4269 consistit
1534 4208 1601 4269 bac
1618 4206 1718 4269 virtus
1734 4206 1766 4268 in
1782 4206 1890 4269 medio
1912 4207 1998 4269 inter

436 4311 494 4373 bus
510 4319 542 4372 et
556 4330 574 4372 a
588 4309 704 4390 quibus
720 4328 830 4371 eorum
846 4308 989 4389 reliquiae
1004 4318 1186 4371 reverenter

436 4408 592 4485 locantur,
629 4406 734 4469 debite
766 4407 973 4485 honorantur,
1005 4426 1041 4468 ac
1070 4408 1185 4469 devote

436 4505 715 4569 circumferuntur.
736 4504 879 4584 Insuper,
906 4504 987 4565 lleus
1012 4504 1185 4566 altissimus

436 4624 493 4687 per
512 4604 641 4686 copiosa
660 4612 690 4665 et
710 4601 860 4684 praeclara
883 4603 1036 4665 miracula
1056 4605 1186 4666 Sancto-

436 4721 506 4763 rum
523 4700 671 4782 reliquias
687 4707 789 4778 ornat,
806 4708 987 4777 veneratur,
1000 4698 1132 4761 extollit.
1143 4699 1185 4761 lle

436 4802 496 4862 boc
522 4800 552 4862 S.
579 4800 789 4880 Hieronymus
817 4797 850 4858 in
880 4797 959 4859 libro
989 4816 1046 4859 suo
1076 4806 1186 4859 contra

436 4898 641 4981 vigilantium
663 4898 859 4976 taraucam,
876 4895 1087 4958 Tertullianus
1109 4915 1186 4976 quo-

436 5018 508 5079 que,
540 4998 589 5059 vir
621 4995 869 5073 eruditissimus,
902 4995 935 5056 in
964 4994 1047 5056 libro
1076 5003 1186 5056 contra

436 5099 624 5159 sceleratum
659 5094 860 5171 Eunominm,
891 5092 1016 5174 plenius
1045 5092 1185 5155 conscri-

436 5203 580 5279 pserunt.

476 5294 628 5360 Praeterea
652 5292 866 5355 Damascenus
887 5289 967 5353 libro
987 5297 1099 5372 quarto
1123 5289 1187 5351 dis·
1244 5289 1418 5373 quastione
1443 5287 1649 5369 nonagesima
1673 5288 1834 5369 secunde;
1850 5298 1883 5351 et
1904 5290 1993 5354 idem
2006 5312 2066 5352 ara.

1241 4308 1304 4369 duo
1325 4306 1439 4368 vitiosa
1466 4312 1616 4383 extrema,
1634 4324 1769 4386 quorum
1794 4323 1895 4366 unum
1924 4306 1997 4367 reli-

1240 4404 1326 4485 gioni
1346 4402 1518 4485 opponitur
1537 4420 1594 4483 per
1612 4420 1777 4463 excessum
1795 4425 1802 4461 :
1819 4420 1884 4463 non
1909 4402 1996 4483 quod

1241 4504 1304 4565 lleo
1330 4501 1432 4582 major
1455 4509 1549 4581 queat
1573 4499 1819 4562 honorificentia
1848 4499 1995 4563 exbiberi

1241 4621 1335 4681 quam
1361 4600 1476 4681 dignus
1501 4605 1558 4675 est,
1586 4598 1640 4659 sed
1665 4597 1740 4677 quia
1766 4598 1847 4661 lleus
1869 4598 1997 4661 indebi-

1242 4709 1272 4761 to
1297 4701 1392 4762 modo
1417 4699 1457 4760 ab
1483 4697 1667 4760 bominibus
1692 4698 1818 4775 colitur,
1836 4698 1879 4759 ita
1905 4698 1993 4779 quod

1241 4798 1273 4860 in
1295 4798 1365 4879 ejus
1380 4799 1501 4860 bonore
1522 4805 1554 4858 et
1576 4795 1664 4857 cultu
1685 4795 1790 4876 aliqua
1812 4795 1898 4857 liunt
1921 4816 1994 4878 quai

1240 4897 1309 4978 ejus
1322 4895 1516 4959 venerationi
1533 4902 1564 4957 et
1579 4894 1771 4976 evangelicae
1786 4894 1847 4976 legi
1858 4914 1894 4957 ac
1909 4915 1994 4959 varai

1241 4995 1386 5075 religioni
1408 4992 1564 5057 contraria
1589 5000 1683 5070 sunt3
1699 5000 1731 5055 et
1754 4994 1815 5055 boc
1842 4994 1993 5057 vitiosum

1240 5101 1414 5155 extremum
1430 5090 1612 5173 superstitio
1632 5090 1819 5173 appellatur.
1835 5092 1924 5154 Istud
1946 5101 1995 5156 est

1241 5192 1280 5253 de
1295 5199 1402 5253 mento
1417 5192 1448 5253 S.
1465 5191 1592 5277 'lbomaa
1614 5188 1647 5250 in
1669 5190 1808 5253 secunda
1827 5192 1991 5269 secunda,
