4309 6250
461 467 522 533 ³62
807 486 926 535 comm
946 487 1115 535 asasmrarr
1136 487 1306 546 ιιιιιοιιιιι,
1329 455 1416 534 erasa
1437 488 1481 536 ιιι.
1503 505 1545 518 -
1565 488 1633 536 ιιι.
1657 488 1668 536 ι

462 658 543 723 briel
562 668 691 722 sanctus
714 658 835 724 Danieli
859 659 1011 723 revelavit
1034 660 1208 743 propheta,
1225 659 1250 723 Α
1266 661 1333 723 chae
1347 660 1511 725 Montanus
1525 678 1563 723 ac
1577 659 1778 737 hlanichaeus,
1788 661 1837 742 qui
1850 659 1908 722 sibi
1923 657 1985 742 ipsis

325 773 449 826 uersae.
463 776 593 839 pmrsus
614 759 773 821 contraria
788 778 858 822 esse
872 759 1004 842 pmbata
1024 768 1109 838 sunt,
1133 779 1210 841 pre
1265 758 1412 840 spiritum
1427 758 1602 842 prophetin
1621 758 1816 832 mendaciter
1834 758 1986 839 adscripse-

315 851 367 881 uls.

317 1027 351 1070 27.

330 1659 348 1704 ll
355 1661 408 1704 eor.
419 1673 449 1712 ιι,

318 1724 352 1766 il.

372 1789 413 1829 ast.
425 1799 449 1829 ιι.

463 857 573 919 sertim
595 858 745 939 quoniam
765 857 878 920 Christi
896 857 1080 939 passionem
1098 857 1210 921 lliahon
1265 865 1348 920 runt.
1374 858 1598 920 Verumtamen
1622 856 1758 921 loannes
1783 857 1923 938 Baptista,
1942 856 1986 937 qui

319 963 450 1014 Dan-¹¹³¹·
463 955 601 1037 negarit,
618 974 713 1037 quam
728 958 778 1036 (nt
791 957 825 1017 in
839 955 969 1019 Daniele
991 956 1139 1035 babetur)
1153 955 1210 1020 Ga·
1265 955 1326 1019 luit
1349 957 1502 1038 propheta
1526 964 1556 1018 et
1582 957 1652 1037 plus
1677 975 1772 1038 quam
1797 956 1946 1037 pmpheta‚
1963 963 2091 1016 almus.

463 1053 542 1116 briei
557 1054 677 1117 Danieli
694 1054 1003 1135 prenuntiavit.hut
1018 1073 1094 1136 ergo
1110 1063 1209 1118 totum
1264 1055 1370 1132 Amos,
1402 1054 1538 1117 dicendo
1569 1073 1634 1118 non
1663 1073 1696 1116 se
1730 1072 1801 1117 csse
1827 1054 1987 1136 propbetas,

462 1150 546 1214 istud
566 1151 742 1216 confictum
760 1162 819 1230 est,
835 1153 886 1216 vel
913 1152 939 1215 si
964 1153 1036 1234 quis
1060 1152 1151 1235 quasi
1175 1153 1210 1215 in
1265 1155 1348 1236 quod
1377 1172 1415 1215 ex
1443 1152 1693 1235 profundissima
1720 1151 1893 1214 humilitate
1918 1152 1989 1212 dixe-

462 1269 597 1333 persona
612 1250 778 1331 formaque
792 1251 896 1333 angeli
913 1269 1010 1332 super
1023 1251 1135 1314 ldabon
1157 1251 1210 1313 de-
1265 1260 1349 1330 runt,
1367 1270 1431 1314 non
1446 1249 1575 1314 luerunt
1589 1251 1713 1314 mentiti
1727 1274 1734 1312 :
1748 1250 1823 1333 quia
1835 1251 1989 1313 secundum

461 1349 584 1413 scandit
598 1369 736 1431 eumque
750 1349 910 1428 salutavit,
926 1370 991 1414 non
1006 1350 1138 1431 angelus
1152 1350 1211 1415 Ga·
1265 1369 1375 1413 eorum
1395 1349 1605 1412 intentionem
1621 1358 1652 1412 et
1664 1349 1754 1430 juxta
1775 1367 1867 1411 unam
1887 1348 1990 1429 exposi-

460 1447 553 1526 briel‚
584 1467 644 1512 nec
671 1448 787 1530 aliquis
820 1448 952 1530 angelus
985 1456 1125 1529 sanctus,
1154 1450 1210 1512 sed
1265 1449 1385 1512 tionem
1407 1448 1634 1512 verbosorum
1656 1446 1931 1511 vereconsiatnnt.

463 1546 594 1609 &tanos
608 1544 681 1624 luit,
697 1545 752 1627 qni
767 1549 816 1626 (nt
834 1546 948 1610 Paulus
970 1545 1015 1608 ait
1034 1546 1210 1628 apostolus)
1305 1545 1509 1611 Praeinductis
1530 1552 1636 1609 autem
1660 1544 1769 1608 verbis
1793 1543 1898 1608 lishon
1919 1543 1992 1624 adje»

463 1645 497 1708 in
517 1646 599 1709 lucis
618 1645 768 1728 angelum
790 1665 824 1709 se
845 1645 1063 1728 transfigurat.
1081 1645 1211 1710 Verum·
1266 1646 1310 1709 cit
1335 1669 1342 1706 ι
1367 1647 1443 1708 Non
1470 1654 1517 1705 cst
1541 1645 1694 1722 possibile
1721 1643 1848 1704 homini
1871 1644 1993 1722 colloqui

463 1752 582 1825 tamen,
598 1752 633 1807 ut
646 1752 832 1827 pretactum
847 1752 896 1806 est
909 1743 1101 1826 praecedenti
1122 1743 1211 1808 libel·
1265 1749 1343 1814 Deo,
1363 1745 1432 1804 nisa·
1450 1762 1513 1820 per
1537 1743 1795 1808 internuntium.
1815 1739 1932 1803 Falsum
1953 1749 1992 1802 est

463 1843 505 1921 lo,
534 1842 632 1905 Judaei
661 1842 714 1904 isti
742 1849 899 1905 venerunt
926 1841 966 1904 ad
998 1842 1110 1905 lishon
1145 1860 1209 1905 non
1230 1841 1339 1922 Rhoe,
1356 1841 1430 1922 quia
1445 1840 1560 1903 lideles
1575 1839 1674 1902 Deum
1690 1840 1811 1904 orando
1832 1847 1920 1920 atque
1939 1837 1993 1902 lau-

463 1941 570 2004 animo
584 1948 682 2021 recto,
699 1940 754 2002 sed
768 1959 807 2003 ex
826 1939 1027 2003 simulatione
1041 1948 1073 2003 et
1088 1939 1211 2021 impiis·
1267 1941 1383 2018 dando,
1400 1959 1473 2002 eum
1498 1938 1678 2001 immediate
1699 1938 1849 2018 affantur,
1864 1937 1941 2000 sicut
1958 1936 1994 1999 ait

463 2039 544 2101 sima
575 2037 749 2101 calliditate
776 2037 974 2121 applicantes
1002 2057 1036 2101 se
1064 2039 1105 2116 ei,
1136 2037 1211 2120 quia
1268 2039 1298 2101 S.
1316 2037 1557 2120 Chrysostomus
1574 2060 1581 2098 :
1598 2036 1781 2115 Considera,
1798 2037 1900 2115 homo,
1914 2054 1995 2116 quen

462 2136 618 2200 timebant
631 2136 715 2218 quod
730 2155 825 2198 verus
836 2144 929 2218 atque
941 2137 1116 2200 catholicus
1128 2136 1212 2199 Chri·
1267 2145 1300 2200 ta
1313 2136 1370 2199 tibi
1385 2136 1523 2218 dignitas
1538 2142 1586 2198 est
1600 2134 1726 2215 collata,
1738 2133 1929 2198 orationibus
1942 2133 1996 2196 col-

463 2233 584 2297 stianus
598 2233 902 2315 eiliceretur,quum
918 2235 1122 2316 agnovissent
1136 2254 1210 2298 eum
1268 2235 1354 2317 loqui
1381 2235 1456 2312 Deo,
1482 2253 1556 2298 cum
1583 2233 1653 2316 ipso
1682 2234 1816 2296 miscere
1843 2232 1993 2313 colloquia.

462 2353 481 2395 a
497 2332 619 2415 Sergio,
636 2333 785 2397 haeretico
806 2331 1002 2411 Nestorisue,
1019 2333 1059 2396 ab
1081 2333 1211 2397 idolola·
1267 2335 1430 2411 Praeterea,
1444 2333 1533 2414 juxta
1551 2331 1697 2395 divinum
1717 2339 1749 2395 et
1767 2350 1914 2414 magnum
1936 2330 1996 2393 Dic
2016 2346 2095 2392 nne

462 2429 524 2493 tria
539 2431 578 2494 ad
594 2429 687 2493 unius
700 2431 755 2493 Dei
772 2430 893 2493 cultum
914 2449 985 2494 esse
1006 2450 1208 2510 conversum,
1267 2432 1405 2514 nysium‚
1420 2431 1554 2513 mystica
1568 2430 1727 2512 theologia
1741 2439 1790 2493 est
1803 2428 1996 2493 secretissima
2006 2416 2053 2468 ’μ
2064 2423 2095 2452 ‘l

461 2529 582 2592 etitem
598 2530 637 2592 ad
652 2529 871 2593 confitendum
886 2529 971 2609 quod
989 2529 1091 2608 lesus,
1107 2529 1210 2592 ldariae
1267 2529 1383 2593 mentis
1412 2548 1485 2593 cum
1512 2530 1577 2594 Deo
1605 2529 1735 2592 locutio.
1761 2527 1841 2592 Hinc
1867 2527 1996 2592 homines

461 2626 598 2708 virginis
614 2626 714 2708 iilius,
730 2634 814 2690 esset
828 2626 979 2689 Christus.
1267 2628 1380 2708 sancti,
1396 2627 1572 2710 presertim
1586 2627 1663 2689 dum
1683 2626 1716 2688 in
1739 2635 1831 2708 raptu
1848 2634 1879 2688 et
1898 2623 1997 2688 ecstasi

501 2725 622 2788 Deinde
635 2725 669 2788 in
683 2725 833 2788 Doctrina
846 2725 907 2788 ista
920 2725 1124 2807 subjungitur
1137 2744 1210 2807 qua·
1267 2735 1342 2789 sunt
1362 2725 1481 2804 statuti,
1498 2733 1592 2808 atque
1607 2724 1639 2788 in
1655 2725 1804 2807 abyssum
1826 2723 1905 2787 lucis
1923 2733 1998 2786 ater·

462 2823 535 2886 liter
548 2822 660 2886 hiahon
680 2823 768 2885 misit
787 2823 821 2885 in
842 2841 1010 2886 occursum
1031 2823 1211 2887 Judaeomm
1268 2843 1316 2886 nm
1331 2823 1410 2886 etin
1425 2822 1553 2886 divitias
1568 2822 1678 2904 gloriae
1692 2822 1760 2904 ejus
1774 2820 1911 2904 absorpti
1926 2827 1997 2900 snat,

463 2922 602 2999 illorum,
619 2930 650 2984 et
663 2923 823 3004 quomodo
842 2921 1031 3005 principalis
1052 2923 1210 2985 intereos
1267 2921 1478 2985 secretissime
1493 2939 1530 2984 ac
1552 2920 1760 2984 silentissime
1782 2938 1855 2984 cum
1876 2917 1999 2982 arctissi-

463 3021 503 3083 ad
526 3020 683 3083 llahomet
705 3019 784 3082 dixit
807 3042 814 3082 :
838 3023 907 3098 Epo
930 3031 962 3082 et
986 3022 1023 3081 ti
1045 3023 1126 3082 aecii
1149 3022 1247 3088 ecclc
1267 3039 1318 3082 ma
1338 3019 1508 3082 devotione
1529 3019 1593 3082 Deo
1614 3017 1771 3082 altissimo
1791 3017 1999 3100 colloquuntur

457 3121 564 3198 periti
584 3120 664 3197 lepis
683 3128 815 3190 uostroe,
831 3120 980 3181 uenimus
1000 3121 1101 3199 legati
1121 3140 1141 3181 a
1156 3138 1212 3197 pe·
1266 3118 1386 3183 directe
1400 3126 1432 3183 et
1447 3117 1639 3182 immediate.
1656 3116 1737 3181 ilinc
1758 3116 1804 3181 ait
1823 3116 1997 3181 Psalmista:

457 3222 539 3297 pulo
551 3222 740 3279 ludaeorum
757 3219 958 3298 exquirendi
970 3238 1069 3279 causa
1084 3240 1104 3279 a
1120 3229 1159 3280 te.
1266 3217 1448 3282 Confitebor
1479 3217 1547 3295 tibi,
1577 3216 1721 3296 Domine,
1751 3216 1785 3279 in
1820 3224 1885 3281 toto
1917 3214 2096 3279 cordcaasa.

465 3324 468 3328 '
501 3316 621 3380 Deinde
636 3324 764 3379 centum
778 3315 991 3397 questionum
1004 3335 1084 3398 quas
1101 3336 1210 3381 secum
1266 3334 1347 3379 meo.
1365 3316 1506 3397 Itemque
1529 3340 1536 3377 :
1557 3315 1691 3379 Audiam
1714 3314 1847 3397 (inquit)
1868 3312 1941 3396 quid
1962 3291 2097 3399 loffl'

463 3416 599 3499 scriptas
624 3416 706 3492 tulit,
732 3415 869 3497 primaru
897 3416 1074 3479 ldahomete
1097 3434 1212 3498 propo·
1266 3422 1382 3496 quatur
1395 3412 1428 3475 in
1448 3432 1498 3476 me
1512 3412 1666 3477 Dominus
1680 3412 1772 3475 Deus.
1790 3412 1929 3494 Denique
1947 3409 1999 3491 ipsi
2009 3423 2026 3461 t

462 3534 553 3593 nens,
570 3513 615 3576 ait
630 3537 638 3577 ε
653 3516 716 3590 Dic
735 3516 772 3573 in
787 3515 922 3591 primis,
937 3516 969 3574 si
976 3518 1096 3591 placet,
1111 3535 1129 3574 o
1142 3517 1212 3576 Ma·
1266 3510 1453 3574 internuntii
1481 3509 1655 3592 loquuntur
1682 3510 1746 3574 Deo
1773 3511 1892 3593 absque
1918 3509 2001 3573 inter-

462 3616 580 3683 hcmet,
593 3613 753 3689 propbeta
772 3632 816 3682 es,
832 3632 877 3672 ao
897 3614 1038 3672 nuntius
1051 3614 1114 3674 Dei
1124 3612 1139 3671 ἓ
1151 3616 1213 3675 Re·
1267 3608 1390 3671 nuntio.

462 3714 593 3789 spondit
613 3730 625 3771 .·
645 3713 689 3773 m
709 3712 902 3787 prophetam
926 3719 957 3770 et
982 3711 1138 3771 nuntium
1164 3730 1213 3770 me
1307 3706 1427 3769 Deinde
1448 3707 1573 3769 Judaeus
1587 3704 1631 3769 ait
1645 3706 1684 3769 ad
1697 3706 1811 3769 Mallon
1828 3728 1835 3767 :
1851 3708 1913 3769 Dic
1925 3724 2000 3783 erqo,

463 3811 633 3871 constituit
647 3814 745 3871 Deus.
757 3808 792 3871 ln
808 3807 905 3871 veteri
921 3808 1121 3871 Testamento
1136 3807 1214 3889 legi·
1267 3810 1365 3883 leqem
1380 3815 1472 3867 tuem
1482 3808 1657 3882 praedicas,
1673 3825 1715 3866 cn
1736 3809 1835 3883 legem
1851 3806 1935 3869 Dei?
1950 3807 2000 3866 Re·

465 3927 535 3970 mus
564 3906 648 3988 quod
677 3906 772 3970 Amos
799 3906 954 3989 propheta
987 3907 1026 3970 ad
1053 3904 1212 3968 Amasiam
1267 3907 1398 3981 spondit
1414 3925 1426 3964 .·
1440 3907 1556 3981 Leqem
1580 3905 1651 3966 Dei.
1675 3903 1740 3966 Hoc
1766 3903 1860 3985 plane
1884 3900 2002 3966 falsissi-

385 4034 449 4073 ma,
463 4006 544 4069 dixit
568 4028 575 4067 :
602 4003 670 4068 Non
698 4024 769 4068 sum
799 4005 963 4087 propbeta,
989 4013 1020 4067 et
1048 4023 1113 4068 non
1142 4024 1211 4067 sum
1268 4021 1355 4065 mum
1384 4010 1441 4065 est.
1468 4001 1530 4064 Lex
1555 4000 1641 4065 enim
1664 4002 1843 4079 hlabnmeD,
1869 4000 2001 4084 quamvis

347 4115 352 4126 ·
465 4103 554 4166 iilius
570 4102 784 4185 Prophetaeln
800 4102 966 4184 evangelio
980 4122 1106 4185 quoque
1120 4102 1213 4166 loan—
1267 4103 1411 4183 quaedam
1439 4120 1477 4163 ex
1506 4118 1590 4164 novo
1618 4119 1657 4163 ac
1684 4100 1785 4163 veteri
1814 4101 2001 4163 Testamenta

465 4202 514 4264 nis
536 4202 652 4284 legitur
671 4202 757 4284 quod
778 4200 980 4263 beatissimus
999 4202 1136 4264 loannes
1157 4199 1251 4264 Ba-D
1267 4200 1440 4279 contineat,
1456 4199 1490 4261 in
1512 4199 1658 4281 pluribus
1681 4206 1788 4263 tamen
1813 4199 1936 4280 utrique
1957 4217 2002 4261 ex·

430 4344 436 4356 .
464 4300 573 4383 ptista‚
588 4320 651 4382 quo
665 4303 713 4380 (ut
727 4300 869 4363 Christus
884 4307 1015 4362 testatus
1034 4303 1096 4380 est)
1110 4301 1213 4383 major
1267 4308 1328 4362 stat
1356 4298 1525 4377 contraria,
1556 4308 1590 4361 ut
1617 4298 1816 4361 abundanter
1848 4298 2099 4380 probinianum

318 4385 348 4423 ¹¹·
390 4404 397 4417 ⁸
465 4398 547 4461 inter
566 4407 657 4461 natos
676 4398 845 4461 mulierum
868 4416 932 4460 non
954 4398 1099 4476 surrexit,
1116 4399 1213 4462 inter·
1267 4407 1325 4461 est.
1352 4397 1470 4479 Estque
1497 4396 1697 4460 sufficienter
1725 4397 1904 4478 probatum,
1928 4395 2000 4478 quod
2011 4376 2101 4483 ’,ξζῇζ

407 4523 450 4560 .ι.
464 4503 595 4576 rogatus
616 4515 638 4558 a¹
655 4495 833 4559 iudeorum
858 4495 983 4577 legatis,
1000 4495 1153 4577 Propheta
1178 4517 1211 4560 es
1267 4497 1317 4560 lex
1350 4495 1477 4573 Christi,
1508 4496 1558 4558 lex
1591 4494 1688 4559 totius
1722 4496 1926 4578 perfectionis
1956 4494 1999 4573 sit,
2011 4515 2055 4546 tu·

345 4601 351 4613 '
465 4597 521 4657 tul
537 4594 701 4676 respondit
717 4618 724 4655 z
742 4593 809 4659 Non
825 4613 907 4657 sum.
923 4593 962 4656 m
982 4614 1056 4658 ecce
1077 4596 1131 4658 bic
1153 4596 1212 4659 lla-
1267 4614 1392 4658 summa
1415 4601 1509 4676 atque
1533 4593 1655 4672 linaiis,
1671 4594 1723 4657 cui
1748 4614 1767 4656 a
1790 4594 1854 4659 Deo
1880 4594 1926 4659 lex
1948 4593 2001 4656 alia

465 4694 529 4757 hon
554 4693 595 4756 ab
618 4693 705 4755 omni
730 4692 784 4754 Dei
807 4693 909 4774 gratia
933 4694 1069 4773 alienus,
1085 4693 1141 4776 qui
1164 4698 1213 4775 (ut
1267 4713 1331 4757 non
1347 4693 1506 4756 succedet.
1522 4690 1642 4773 Nempe
1657 4692 1725 4774 ipse
1740 4692 1907 4772 hlahomet,
1921 4710 2002 4757 neer

466 4789 684 4873 copiosissime
703 4798 750 4852 est
774 4791 953 4871 probatum)
974 4799 1073 4855 totam
1098 4794 1213 4855 utrius·
1267 4801 1333 4857 toto
1361 4790 1549 4854 inhonestus
1574 4797 1668 4871 atque
1691 4808 1845 4854 erroneus
1868 4791 2003 4873 prodere

464 4908 528 4970 que
555 4887 747 4951 Testamenti
765 4880 971 4969 'scripturam
1000 4891 1210 4971 verissimam,
1267 4900 1330 4971 tur,
1354 4889 1497 4972 quaedam
1523 4888 1651 4971 pietatis
1674 4906 1771 4969 opera
1799 4895 1831 4951 et
1857 4889 2002 4951 orationes

465 4985 621 5049 fabulosis
655 4992 750 5065 atque
784 4984 946 5048 mendosis
975 4988 1213 5053 recitationibus
1268 4989 1457 5053 collaudat:
1481 4987 1592 5069 sicque
1617 4986 1757 5066 undique
1781 4995 2000 5061 monstruosus,

465 5084 677 5167 perlidiisque
701 5082 734 5144 in
764 5102 821 5145 suo
848 5083 1005 5148 dlccrano
1034 5105 1214 5151 commacu·
1268 5090 1408 5151 humano
1423 5087 1520 5169 capiti
1534 5086 1692 5151 cervicem
1708 5086 1858 5168 equinam
1878 5088 2003 5171 plumas

465 5185 519 5262 lat,
542 5201 639 5246 ausus
662 5189 711 5243 est
729 5180 835 5245 dicere
857 5201 891 5244 sc
911 5202 982 5245 esse
1002 5183 1058 5245 Dei
1079 5188 1214 5267 propbe-
1268 5206 1331 5270 que
1352 5185 1460 5249 avium
1481 5184 1591 5249 nectit.

464 5292 541 5360 tam,
562 5280 831 5364 quemadmodum
851 5279 1033 5365 impiissimi
1054 5282 1215 5347 baeresiar-
1307 5282 1457 5367 Sequitur
1480 5306 1487 5345 ι
1508 5286 1551 5347 lit
1576 5284 1632 5343 ille
1652 5284 1771 5353 :Quid
1793 5293 1841 5345 eat
1866 5285 2004 5347 leclRe
