4309 6250
462 479 521 547 {72
686 504 726 551 nn
746 504 910 552 nreurmrn
930 504 968 551 nr
989 504 1137 551 nanninus
1157 504 1186 549 a.
1209 505 1240 549 v.
1262 503 1379 559 uentu,
1401 503 1489 549 arnan
1509 505 1551 550 rv.
1574 522 1614 533 -
1635 503 1705 550 aar.
1728 502 1794 548 xvu

463 674 607 753 virtutae,
628 674 791 754 miracula,
809 676 1018 740 fructificavit
1036 675 1142 757 passio
1160 674 1210 737 Fi·
1224 675 1249 737 Α
1264 674 1432 757 particeps,
1448 670 1691 757 glorificationis
1705 693 1829 756 quoque
1843 682 1875 735 et
1888 670 1993 755 premii

463 773 498 835 lii
515 774 572 851 tui,
589 782 621 836 et
636 775 771 838 mundns
786 794 958 839 conversus
974 784 1031 838 est.
1048 774 1209 855 Praecipue
1238 773 1322 836 „erit
1348 792 1488 836 consors.
1513 773 1601 835 Unde
1625 772 1703 835 dixit
1726 772 1892 854 Apostolus
1912 793 1919 831 ε
1938 769 2083 850 Sal-rrum

463 880 569 935 autem
598 874 717 954 gaudes
746 875 779 936 in
812 884 866 937 tuo
899 874 1048 955 adoptivo
1076 872 1146 935 filio
1179 881 1211 934 et
1264 880 1404 935 valorem
1443 880 1662 953 exspectamus
1700 871 1865 934 Dominum
1900 862 2058 931 tedulfi·

463 972 594 1034 custode
617 972 737 1035 loanne
761 974 916 1055 apostolo,
943 972 1210 1054 quemadmodum
1264 969 1434 1045 Christum,
1458 970 1512 1051 qui
1539 968 1723 1032 reformabit
1745 988 1859 1051 corpus
1883 966 1995 1029 bumili-

462 1077 494 1133 et
522 1069 554 1131 in
580 1072 796 1153 paranympho
824 1080 878 1135 tuo
906 1070 1050 1134 Gabriele
1080 1070 1212 1133 arcban-
1264 1069 1338 1130 tatis
1363 1076 1478 1131 nostrae
1506 1068 1742 1149 configuratum
1771 1066 1894 1148 corpori
1916 1065 1995 1128 clari-

463 1168 555 1249 gelo;
581 1168 627 1231 sic
657 1176 688 1231 el
714 1170 749 1232 in
772 1170 891 1233 sanctis
919 1168 982 1231 tuis
1012 1167 1209 1250 parentibus,
1265 1167 1338 1229 tatis
1353 1186 1438 1243 suae3
1456 1175 1487 1229 et
1502 1186 1611 1229 rursus
1628 1190 1635 1228 ε
1652 1166 1782 1248 Oportet
1800 1164 1926 1247 (inquit)
1938 1182 2095 1227 cor-lcornn

464 1266 496 1327 in
513 1267 757 1349 consanguineis
778 1268 841 1329 tuis
856 1266 1015 1349 Apostolis
1037 1286 1074 1328 ac
1096 1265 1211 1328 ceteris
1266 1265 1414 1347 reptibile
1442 1265 1504 1328 boc
1533 1265 1665 1328 induere
1694 1264 1946 1345 incorruptelam,
1971 1272 1997 1324 et

463 1372 580 1427 sanctae
611 1372 672 1429 tua
704 1366 874 1446 parentelae
906 1365 1016 1428 electis
1051 1364 1210 1446 personis,
1265 1364 1399 1426 mortale
1421 1364 1481 1425 boc
1504 1364 1637 1425 induere
1657 1361 1934 1425 immortalitatem.

463 1472 558 1543 atque
573 1464 606 1525 in
628 1463 818 1527 fidelissimo
838 1472 891 1527 tuo
907 1464 1064 1543 ministro,
1082 1462 1212 1525 custode
1305 1462 1414 1542 ltaque
1443 1471 1605 1544 ponuntur
1628 1470 1764 1543 quatuor
1792 1461 1879 1523 dotes
1903 1477 2000 1539 corpo

464 1582 500 1625 ac
526 1581 643 1644 sponso
667 1563 846 1625 castissimo
869 1562 1006 1645 losepb3
1026 1562 1059 1623 in
1085 1559 1213 1623 feminis
1267 1580 1337 1622 rum
1352 1559 1619 1641 glorificatorum,
1637 1558 1790 1623 videlicet
1809 1558 1938 1637 claritas,
1952 1556 2000 1617 irn-

464 1679 591 1743 quoque
615 1662 744 1739 sanctis,
762 1661 818 1723 tibi
845 1661 877 1723 in
903 1661 1022 1724 mundo
1048 1658 1214 1722 familiari·
1267 1657 1602 1741 passibilitas,agilitas
1617 1666 1709 1739 atque
1724 1658 2000 1721 subtilitasl'erum-

466 1760 536 1837 bus
559 1768 591 1822 et
612 1759 691 1823 Filio
717 1768 771 1822 tuo
796 1759 955 1837 fidelibus,
980 1758 1156 1841 praesertim
1179 1757 1213 1819 in
1269 1766 1374 1819 tamen
1390 1757 1559 1819 anselmus
1580 1757 1707 1820 videtur
1727 1776 1846 1838 ponere
1867 1764 1998 1839 septem:

465 1859 631 1940 praeelecta
646 1858 701 1921 illa
715 1858 1001 1939 llagdalcna3item
1018 1858 1050 1919 in
1067 1856 1214 1919 victorio·
1231 1856 1379 1933 BErunt,
1415 1856 1574 1937 inquiens,
1610 1856 1823 1919 beatitudines
1862 1855 1998 1936 corporis,

465 1956 509 2019 sis
525 1956 729 2038 martyribus,
741 1964 891 2037 tanquam
907 1956 940 2019 in
956 1956 1026 2018 Filii
1042 1955 1088 2017 tui
1105 1953 1215 2017 effica-
1269 1956 1482 2037 pulchritudo,
1505 1955 1669 2035 velocitas,
1690 1955 1854 2035 fortitudo,
1877 1955 1999 2026 libertas,

465 2055 602 2119 cissimis
628 2056 761 2118 testibus
791 2054 1082 2135 strenuissimisque
1107 2053 1216 2115 militi·
1270 2054 1400 2133 sanitas,
1421 2054 1613 2116 diuturnitas
1635 2061 1666 2116 et
1688 2054 1845 2136 voluptas.
1866 2054 1922 2115 Sed
1945 2052 2000 2113 bac

466 2154 547 2232 bus3
575 2154 608 2215 in
636 2153 875 2217 confessoribus
903 2152 982 2215 viris
1010 2151 1158 2231 heroicis,
1185 2159 1215 2213 et
1270 2161 1391 2235 septem
1417 2152 1456 2214 ad
1481 2160 1628 2234 praetacta
1651 2159 1788 2233 quatuor
1812 2152 1999 2228 reducuntur,

467 2253 630 2333 potissime
655 2252 686 2313 in
712 2252 811 2313 sacris
838 2251 1026 2333 virginibus,
1054 2250 1117 2311 tuis
1146 2268 1216 2330 spe
1269 2259 1302 2313 et
1323 2251 1527 2314 continentur
1548 2252 1608 2313 sub
1630 2252 1687 2331 eis,
1711 2258 1824 2333 utputa
1847 2274 1855 2313 t
1877 2248 2002 2333 pulcbri-

467 2350 600 2412 cialibus
622 2349 853 2426 dilectricibus,
875 2348 1110 2425 imitatricibus,
1133 2346 1222 2408 filia.
1270 2351 1356 2428 tudo,
1374 2350 1432 2412 sub
1459 2350 1622 2428 claritate;
1643 2350 1808 2427 velocitas,
1830 2350 1950 2413 libertas
1970 2366 2000 2409 ac

467 2449 538 2527 bus,
556 2447 802 2511 adolescentulis
823 2456 855 2509 et
869 2446 995 2509 ancillis
1017 2445 1214 2522 carissimis3
1270 2447 1434 2526 fortitudo,
1451 2450 1511 2512 sub
1532 2449 1691 2531 agilitate3
1708 2450 1830 2512 sanitas
1850 2459 1881 2512 et
1894 2448 2002 2510 diutur-

466 2546 577 2628 sicque
601 2546 633 2607 in
655 2546 782 2624 ceteris,
799 2552 917 2627 quanto
941 2545 996 2607 tibi
1019 2545 1051 2606 in
1071 2545 1131 2606 bac
1152 2543 1216 2605 vita
1271 2547 1365 2626 nitas,
1382 2547 1441 2609 sub
1457 2547 1731 2628 impassibilitate,
1749 2547 1895 2629 voluptas
1908 2553 2000 2608 autem

466 2645 597 2708 fuerunt
610 2644 799 2721 devotiores,
815 2651 847 2706 et
862 2644 894 2705 in
909 2650 963 2705 tuo
983 2650 1093 2705 sancto
1108 2660 1216 2704 amore
1271 2644 1435 2709 concernit
1448 2645 1556 2707 omnia
1576 2645 1641 2727 jam
1663 2644 1806 2728 praefata.
1824 2646 1920 2708 Erunt
1937 2660 2003 2724 quo

467 2742 689 2821 ferventiores,
699 2762 735 2805 ac
751 2743 818 2806 zelo
833 2742 979 2805 fraternae
995 2742 1106 2803 salutis
1122 2749 1215 2821 atque
1270 2764 1332 2825 que
1347 2762 1480 2825 corpora
1494 2743 1675 2825 glorificata
1688 2744 1796 2807 odoris
1810 2762 1936 2826 prorsus
1948 2740 2003 2803 dul·
2098 2737 2099 2806 Ῑ

465 2841 568 2904 divini
584 2842 715 2905 honoris
735 2842 836 2923 magis
858 2840 987 2903 fuerunt
1009 2839 1168 2916 succensi,
1185 2848 1216 2900 et
1269 2842 1401 2905 cissimi.
1418 2842 1456 2903 Et
1469 2841 1577 2905 omnia
1592 2842 1652 2904 ista
1667 2850 1761 2904 erunt
1781 2842 1815 2905 in
1831 2840 2002 2923 cerporibus

466 2958 524 3022 pro
538 2940 652 3002 Christi
676 2941 795 3003 honore
817 2960 853 3003 ac
876 2938 1092 3020 proximorum
1114 2938 1215 2999 salute
1270 2941 1387 3003 sanctis
1417 2960 1474 3022 per
1502 2940 1742 3003 redundantiam
1773 2942 1939 3022 quamdam
1969 2938 2002 2999 ab

466 3039 538 3120 plus
567 3036 802 3116 laboraverunt,
827 3047 858 3100 et
887 3038 977 3119 plura
1006 3056 1043 3100 ac
1071 3036 1215 3118 graviora
1232 3035 1254 3098 C
1270 3039 1387 3118 anima,
1404 3059 1461 3121 per
1485 3040 1614 3101 modum
1640 3039 1812 3102 meritoriae
1833 3036 2002 3117 causae,sed

327 3161 407 3210 rem,
421 3164 451 3204 ro.
467 3137 609 3219 perpessi
631 3147 715 3201 sunt.
732 3138 785 3200 llis
808 3138 955 3201 omnibns
978 3147 1127 3218 tanquam
1149 3135 1215 3198 dia·
1270 3138 1417 3202 effective
1446 3147 1539 3201 erunt
1566 3159 1584 3201 a
1612 3138 1685 3201 Deo.
1713 3139 1798 3220 Ideo,
1824 3158 1886 3221 quo
1914 3136 2002 3217 major

467 3237 592 3297 demate
614 3238 787 3314 coronaris,
804 3245 835 3298 et
856 3245 1005 3317 tanquam
1029 3255 1145 3318 sponsa
1166 3253 1215 3296 or-
1270 3237 1366 3299 fuerit
1385 3237 1497 3299 animae
1515 3237 1679 3300 beatitudo
1697 3245 1730 3299 et
1748 3238 1916 3300 essentiale
1934 3253 2001 3317 prae

467 3343 541 3396 nata
556 3334 621 3396 suis
642 3335 824 3415 monilibus,
841 3335 1011 3397 decoraris.
1029 3334 1080 3395 llae
1100 3333 1214 3394 animae
1269 3335 1370 3396 mium
1385 3335 1467 3417 ejuS,
1483 3354 1521 3398 eo
1543 3335 1591 3397 be
1611 3337 1701 3398 dotes
1715 3335 1908 3398 eminentius
1920 3340 2001 3397 erunt
2099 3320 2100 3343 ¹

320 3441 584 3498 r·.1uv.u.sanctai
609 3441 681 3514 post
703 3440 733 3494 te
756 3433 833 3514 Regi
863 3452 972 3512 regum
1002 3432 1212 3510 adducuntur,
1269 3434 1302 3495 in
1319 3452 1460 3515 corpore.
1478 3437 1578 3514 Atque
1592 3453 1655 3515 quo
1669 3432 1775 3495 anima
1789 3434 1933 3496 increatae
1946 3430 1999 3493 loci

467 3530 518 3594 cui
539 3531 748 3612 regratiantur
771 3550 808 3593 ae
831 3531 970 3612 jubilant
987 3530 1211 3592 incessanter:
1270 3532 1481 3614 propinquius
1505 3532 1594 3594 unita
1621 3531 1787 3608 exstiterit,
1814 3531 2000 3614 profundius-

467 3648 485 3692 a
507 3629 599 3712 cujus
619 3629 800 3712 superdulci
823 3628 970 3710 amplexu
992 3637 1023 3691 et
1047 3629 1215 3691 amorosis-
1269 3649 1331 3711 quc
1347 3631 1508 3710 immersa,
1521 3650 1557 3693 ac
1573 3630 1689 3692 clarius
1704 3650 1762 3712 per
1776 3628 2002 3712 contemplatio

468 3729 549 3792 simo
574 3748 704 3811 prorsus
729 3727 828 3790 affatu
853 3747 1015 3808 nunquam
1045 3727 1212 3804 avelleris3
1269 3749 1342 3790 nem
1378 3728 1511 3804 intenta,
1536 3747 1578 3791 -eo
1606 3747 1680 3791 care
1715 3728 1775 3790 erit
1808 3726 2000 3810 splendidior,

467 3831 562 3909 quem
585 3829 679 3890 corde
701 3835 793 3890 tenus
814 3824 960 3906 facieque
981 3835 1073 3887 tenus
1099 3825 1216 3887 indesi·
1269 3827 1442 3910 pulcbrior,
1473 3827 1596 3908 agilior,
1627 3827 1854 3909 voluptuosior,
1880 3825 1999 3898 dulcior,

470 3936 582 3991 uenter
601 3925 845 4008 gaudiosissimc
867 3924 1011 3987 intueris
1270 3925 1401 3987 liberior
1422 3935 1516 4006 atque
1538 3925 1705 3988 robustior.

1309 4024 1341 4086 Si
1358 4024 1455 4106 igitur
1477 4025 1670 4106 praeinducta
1691 4032 1875 4106 pensentur,
1893 4023 1924 4085 in
1943 4021 2003 4102 qui-

736 4193 744 4210 ,
972 4189 980 4207 ,
1269 4125 1329 4187 bus
1348 4132 1510 4186 ostensum
1536 4131 1584 4185 est
1607 4111 1702 4203 quain
1728 4119 2094 4204 incomparabilitermne

656 4191 901 4256 ARHCULUS
919 4190 1028 4252 XlH·
1230 4224 1300 4286 Det
1325 4221 1589 4284 inestimabiliter
1612 4222 1751 4302 grandis,
1777 4221 1915 4303 copiosa,
1939 4236 2002 4282 ean-

508 4345 555 4404 De
579 4341 708 4400 dotibus
730 4339 1007 4416 plori'ficetissimi
1031 4339 1176 4414 corporis
1271 4323 1384 4384 berans
1410 4322 1452 4382 sit
1475 4320 1635 4383 beatitudo
1659 4321 1772 4382 animai
1797 4318 2001 4382 sacratissima

648 4431 848 4507 felicissimae
876 4429 1033 4504 Virpirrr's.
1093 4444 1095 4447 ·
1272 4418 1866 4502 l'irginispostbeatitudinemanimae
1880 4415 2000 4489 Christi3

1272 4519 1446 4600 poterimus
1472 4526 1643 4598 utcumque
1668 4517 1839 4598 conjicere,
1863 4515 2002 4596 imagina-

334 4629 454 4686 ἕψω·
535 4621 776 4684 ULGEBIJNT
786 4619 887 4695 justi,
903 4627 932 4677 et
955 4627 1112 4697 tanquam
1134 4619 1216 4676 scin·
1273 4619 1309 4694 ri,
1327 4616 1514 4698 intelligere,
1537 4635 1632 4698 quam
1654 4616 1786 4678 omniuo
1808 4614 2003 4678 ineffabiliter

545 4723 626 4780 tillae
648 4721 682 4777 ic
705 4719 904 4776 arundineto
925 4719 1124 4777 discurrent.
1145 4716 1219 4778 Uni·
1272 4716 1411 4778 abundet
1438 4713 1541 4776 Mariae
1568 4713 1776 4776 sanctissimae
1804 4732 1919 4794 corpus
1946 4710 2002 4790 jam

321 4833 388 4877 rrae.
398 4847 454 4883 111¹.
470 4819 552 4882 versi
572 4815 738 4880 domestici
761 4814 859 4875 Patris
882 4815 1020 4876 coelcstis
1042 4813 1218 4877 vestientur
1271 4803 1497 4895 glorificatum,
1514 4812 1546 4873 in
1567 4810 1726 4873 universis
1746 4810 1874 4873 dotibus
1894 4820 1924 4874 et
1943 4825 2004 4892 pre

321 4899 355 4940 at.

469 4915 663 5000 duplicibus,
695 4913 755 4976 boc
785 4921 834 4975 est
862 4913 955 4993 plena
982 4913 1217 4995 glorificatione
1272 4911 1459 4993 prietatibus
1475 4930 1512 4973 ac
1528 4909 1732 4972 felicitatibus
1747 4929 1832 4972 nune
1849 4907 2002 4990 praetactis.

469 5018 583 5081 animae
608 5024 639 5078 et
659 5013 813 5094 corperis
836 5012 960 5074 Etenim
982 5032 1109 5094 corpus,
1131 5013 1217 5093 quod
1272 5010 1406 5090 tiquam
1421 5008 1676 5071 inenarrabiliter
1690 5008 1881 5090 speciosum,
1898 5011 2003 5072 clarum

469 5118 563 5181 modo
588 5121 775 5196 cooperatur
803 5111 916 5173 animae
941 5120 971 5173 et
995 5111 1024 5174 ei
1050 5111 1157 5175 obedit
1185 5111 1216 5172 in
1273 5117 1304 5172 et
1323 5107 1538 5189 splendidum,
1561 5107 1625 5170 imo
1644 5106 1949 5188 superclarissimum
1965 5113 2005 5167 est

470 5215 594 5280 actibus
623 5212 726 5286 bonis,
753 5219 785 5273 et
814 5209 1053 5272 tribulationum
1083 5229 1120 5272 ac
1149 5230 1220 5291 pas·
1273 5226 1389 5289 corpus
1418 5206 1612 5269 intemeratas
1639 5224 1676 5268 ac
1705 5205 1879 5268 benedictae
1904 5205 2003 5277 illaria,

471 5315 597 5380 sienum
626 5331 697 5393 quae
726 5310 779 5372 llei
809 5327 916 5372 amore
947 5307 1144 5372 sustinentur
1172 5318 1220 5371 est
1275 5307 1368 5388 cujus
1387 5306 1493 5368 anima
1512 5303 1624 5366 lumini
1649 5302 1790 5367 increato
1811 5313 1875 5366 tarn
1890 5303 2006 5387 profun-
