4309 6250
453 492 515 558 562
552 513 592 558 nn
613 510 821 558 armonicam
842 510 936 557 suurn
957 506 1124 556 rourrmcrs
1145 508 1182 553 cr
1203 505 1372 553 cananaeis
1393 504 1533 563 coscrm,
1555 505 1643 551 nram
1663 506 1683 551 1.
1707 522 1748 533 —
1769 504 1838 549 aar.
1859 502 1929 548 xxm

454 684 496 747 sit
514 683 612 746 frater
630 693 738 748 noster
756 702 812 747 seu
834 690 1020 747 cunctorum
1041 679 1199 743 fidelium.
1217 679 1242 741 Α
1257 676 1438 741 differentia
1453 677 1600 741 consistit
1614 676 1646 739 in
1661 676 1774 753 tribus,
1791 682 1866 757 puta
1880 698 1887 735 ι
1899 674 1929 735 ἱιι
1941 692 1979 736 or-

453 781 582 845 Eisdem
601 783 687 845 enim
706 782 810 845 modis
831 801 868 844 ac
890 779 1065 843 rationibus
1088 778 1203 841 dicitur
1256 777 1341 856 dine,
1358 777 1508 858 quoniam
1533 785 1629 860 caput
1653 784 1702 839 est
1726 776 1827 857 prima
1849 793 1916 855 pars
1937 773 1980 835 ho-

377 960 380 964 *
454 879 979 963 fraternnster,quihusEcclesiae
994 878 1084 940 filius
1100 877 1204 958 appel·
1258 876 1365 955 minis,
1396 875 1580 957 incipiendo
1607 894 1626 937 a
1656 872 1834 956 superiori3
1863 872 1930 933 item
1954 870 1979 931 in

455 979 559 1058 latur;
576 980 631 1041 sed
646 987 678 1041 et
692 987 821 1061 pmpter
835 977 1093 1042 communionem
1114 982 1203 1037 natu·
1258 973 1463 1054 perfectione,
1480 973 1632 1055 quoniam
1647 973 1679 1034 in
1695 972 1799 1053 capite
1814 970 1915 1051 vigent
1926 988 1979 1031 om-

456 1096 498 1140 rae
520 1076 686 1158 specificae
700 1077 879 1155 nobiscum,
896 1076 994 1138 frater
1015 1082 1062 1137 est
1082 1082 1201 1150 noster,
1257 1092 1313 1135 nes
1333 1090 1445 1134 sensus
1465 1071 1637 1134 exteriores
1656 1080 1687 1133 et
1707 1070 1882 1143 interiores,
1898 1087 1976 1149 quum

455 1184 487 1239 et
506 1183 634 1258 pmpter
652 1175 796 1238 eamdem
815 1174 1058 1239 Christianitatis
1080 1171 1203 1253 religio·
1257 1170 1290 1231 in
1312 1169 1426 1232 ceteris
1445 1168 1597 1232 membris
1620 1168 1705 1231 solus
1727 1167 1767 1229 sit
1781 1174 1896 1241 tactus3
1910 1174 1936 1227 et
1953 1166 1976 1226 in

456 1293 541 1336 nem.
557 1274 660 1337 fluitis
680 1275 799 1337 etenim
824 1274 927 1337 modis
949 1272 1067 1335 dicitur
1086 1270 1202 1351 aliquis
1257 1268 1384 1347 virtute,
1401 1267 1550 1349 quoniam
1576 1266 1675 1329 virtus
1700 1275 1733 1329 et
1756 1273 1858 1329 motus
1881 1274 1978 1327 octem-

455 1371 553 1433 frater
567 1371 795 1450 alterius,sicut
809 1373 841 1433 in
854 1372 935 1434 libro
950 1368 1203 1434 contraHelvidi-
1257 1386 1328 1429 rum
1352 1367 1579 1444 membmrum,
1597 1373 1628 1428 et
1646 1365 1835 1448 gubernatio
1857 1363 1977 1445 quaedam

454 1490 509 1532 um
525 1470 636 1533 scribit
649 1471 868 1553 hieronymus.
886 1471 948 1533 Sed
968 1489 1006 1532 ex
1019 1470 1080 1532 hoc
1097 1466 1203 1550 papali
1258 1465 1290 1526 in
1319 1465 1442 1527 actibus
1471 1484 1592 1542 eorum,
1619 1473 1666 1527 est
1689 1484 1707 1525 a
1736 1464 1849 1546 capite,
1872 1470 1979 1544 pmptcr

453 1568 627 1649 maioritati
642 1588 706 1633 non
721 1562 901 1651 derogatur,
914 1567 1089 1652 prasertim
1105 1584 1203 1647 quum
1257 1563 1321 1625 vim
1341 1563 1525 1627 sensitivam
1548 1570 1641 1645 atque
1663 1562 1813 1625 motivam
1836 1560 1867 1622 in
1886 1578 1919 1622 eo
1937 1560 1980 1621 do

454 1675 487 1729 et
509 1666 651 1729 Christus
674 1668 757 1730 lleus
786 1676 894 1731 noster
918 1666 1019 1730 factus
1042 1665 1083 1727 sit
1108 1664 1205 1727 frater
1259 1662 1445 1749 minantem.

453 1773 572 1845 noster,
589 1767 764 1829 secundum
789 1766 995 1829 Bemardum.
1018 1764 1107 1827 Unde
1132 1770 1204 1845 post
1296 1760 1395 1841 Igitur
1404 1759 1528 1823 Christo
1544 1759 1718 1823 secundum
1734 1758 1817 1840 quod
1833 1757 1920 1820 homo
1931 1764 1977 1831 est,

316 1882 439 1933 vom.
454 1864 720 1926 resurrectionem
735 1863 813 1926 dixit
826 1865 864 1927 ad
886 1863 1102 1945 Magdalenam
1120 1886 1126 1924 :
1145 1862 1204 1923 Va·
1220 1862 1244 1924 B
1259 1858 1409 1921 convenit
1433 1878 1502 1921 esse
1527 1866 1621 1939 caput
1649 1857 1800 1920 Ecclesiae
1827 1855 1978 1918 secuudum

305 1948 439 2059 amn·
453 1961 493 2023 de
507 1962 547 2024 ad
562 1961 675 2025 fratres
691 1981 790 2025 meos.
806 1962 844 2023 Et
857 1962 1026 2043 Apostolus
1046 1962 1090 2024 ait
1109 1985 1115 2023 :
1133 1959 1201 2024 Non
1256 1976 1367 2021 omnes
1392 1957 1448 2019 has
1470 1956 1678 2039 proprietates
1699 1975 1756 2018 seu
1778 1954 1977 2018 conditiones:

332 2071 391 2115 niv.
405 2074 438 2115 ¹⁷.
453 2056 661 2121 confunditur
675 2058 788 2121 fratres
804 2077 858 2122 eos
877 2076 1012 2137 vocare,
1028 2067 1070 2136 et,
1088 2058 1203 2121 Debuit
1255 2056 1330 2137 quia
1354 2064 1388 2117 ut
1410 2057 1516 2137 homo,
1543 2064 1591 2118 est
1614 2055 1759 2136 ejusdem
1786 2062 1898 2116 nature
1919 2072 1978 2114 cum

454 2175 514 2238 per
533 2158 643 2220 omnia
663 2156 813 2220 iratribus
835 2156 1016 2219 assimilari.
1257 2154 1370 2217 ceteris
1389 2154 1585 2234 hominihus,
1602 2154 1711 2235 sicque
1731 2152 1900 2215 naturalem
1919 2170 1980 2213 con-

491 2254 525 2317 ld
553 2262 659 2317 autem
688 2255 916 2337 adjiciendum,
947 2256 1030 2336 quod
1058 2254 1202 2318 Ecclesia
1255 2252 1449 2315 venientium
1465 2252 1560 2315 habet
1579 2271 1652 2314 oum
1673 2252 1729 2313 eis.
1747 2250 1859 2313 Differt
1874 2268 1979 2331 quoque

452 2352 548 2415 etiam
567 2352 640 2416 ideo
658 2353 721 2416 dici
741 2361 845 2436 potest
866 2354 995 2416 domina
1008 2354 1111 2435 Papae,
1127 2353 1202 2434 quia
1255 2349 1295 2411 ah
1319 2350 1366 2411 eis
1390 2350 1424 2412 in
1448 2349 1549 2412 tribus
1573 2348 1743 2431 predictis,
1768 2356 1843 2430 puta
1865 2371 1872 2408 ε
1894 2346 1924 2408 in
1941 2366 1981 2409 or-

451 2459 500 2513 est
518 2470 635 2533 sponsa
652 2451 778 2531 Christi,
794 2450 887 2532 cujus
912 2450 1057 2514 minister
1077 2460 1126 2514 est
1147 2452 1202 2513 Pa·
1255 2447 1339 2528 dine,
1356 2467 1393 2511 cn
1409 2448 1492 2529 quod
1507 2448 1608 2529 gratia
1622 2446 1692 2528 ejus
1707 2446 1750 2508 sit
1764 2446 1857 2509 altior
1869 2455 1898 2508 et
1911 2446 1980 2527 prior

450 2568 503 2631 pa,
519 2558 552 2611 et
565 2549 640 2630 quia
654 2550 687 2611 in
704 2549 797 2612 donis
811 2549 921 2631 gratias
939 2558 1064 2631 gratum
1081 2548 1200 2612 facien·
1255 2545 1418 2627 dignitate,
1445 2546 1591 2627 quamvis
1620 2565 1684 2608 non
1713 2552 1864 2627 tempore,
1887 2552 1915 2607 et
1936 2543 1980 2605 alii

450 2646 492 2709 tis
506 2666 580 2711 eum
595 2648 729 2727 excedit,
745 2656 777 2710 ct
791 2648 943 2729 quoniam
959 2647 992 2709 in
1008 2647 1198 2728 quibusdam
1254 2644 1437 2725 acceperint
1451 2643 1583 2725 gratiam
1605 2663 1661 2725 per
1679 2650 1858 2725 respectum
1876 2642 1910 2704 ad
1922 2660 1982 2722 gra-

449 2745 532 2828 Papa
552 2746 755 2827 acquiescere
776 2766 813 2809 ac
836 2766 946 2828 parere
967 2746 1062 2808 habet
1082 2745 1198 2828 cidem,
1254 2742 1331 2805 tiam
1346 2742 1429 2823 ejus,
1445 2743 1571 2805 dicente
1591 2742 1741 2824 Apostolo
1764 2742 1802 2804 ad
1818 2741 1979 2804 Romanos:

448 2852 484 2907 ut
505 2844 590 2906 infra
610 2845 729 2907 clarius
751 2854 936 2926 exponetur.
1254 2840 1337 2915 Quos
1360 2840 1529 2922 prescivit,
1555 2850 1585 2903 et
1612 2838 1848 2923 pradestinavit
1874 2838 1983 2901 confor-
2004 2859 2080 2900 ross·

1254 2958 1322 3001 mes
1346 2937 1419 3003 fieri
1442 2938 1590 3019 imaginis
1609 2938 1681 3001 Filii
1703 2938 1774 3017 sui;
1790 2946 1822 3001 et
1839 2937 1876 2999 ad
1896 2923 2019 3018 Ephe-³¹·

1215 3036 1317 3103 lisias
1348 3062 1355 3099 :
1385 3037 1468 3100 Deus
1497 3036 1593 3119 elegit
1626 3056 1684 3099 nos
1718 3036 1751 3100 in
1779 3036 1896 3099 Christo
1920 3042 2082 3109 subruet-„a

624 3118 871 3183 ARTICULUS
894 3119 1023 3182 XXIII·
1255 3137 1365 3199 mundi
1385 3135 1657 3199 constitutionem.
1673 3134 1848 3217 Differtque
1867 3134 1983 3197 chatiis

491 3261 653 3326 Quomodo
668 3268 825 3335 competat
841 3259 969 3318 Christo
984 3278 1049 3316 esse
1062 3267 1160 3333 caput
1256 3233 1288 3296 5¹¹
1304 3233 1669 3315 perfectione,quoniam
1685 3232 1909 3315 plenitudinem
1922 3251 1985 3313 8¹⁸·

744 3350 907 3408 Ecdeme,
1256 3332 1306 3394 tiae
1331 3331 1436 3410 habet,
1462 3332 1551 3413 juxta
1575 3331 1654 3393 illud
1678 3331 1807 3395 loannis
1830 3357 1836 3394 :
1857 3331 1984 3394 Vidimus
2005 3354 2083 3395 itata

632 3491 637 3498 .
1256 3449 1328 3493 eum
1344 3431 1473 3513 plenum
1489 3431 1598 3512 gratiae
1613 3439 1644 3493 et
1658 3431 1809 3494 veritatis.
1822 3431 1858 3493 Et
1869 3429 1985 3493 loannis
1997 3421 2019 3459 ¹⁸

520 3532 544 3594 Τ
558 3529 674 3594 clarius
689 3530 868 3594 innotescat
881 3533 1040 3613 quomodo
1054 3533 1137 3615 Papa
1151 3532 1199 3596 di·
1256 3529 1348 3592 tertio
1363 3529 1407 3591 alt
1420 3528 1556 3592 loannes
1571 3529 1713 3612 Baptista
1726 3530 1765 3592 de
1779 3529 1902 3593 homine
1912 3527 1987 3590 Chri·

535 3638 624 3692 catur
651 3637 747 3713 caput
774 3629 936 3711 Ecclesia,
958 3630 1063 3713 primo
1092 3632 1201 3694 viden·
1256 3637 1305 3690 sto
1319 3651 1326 3690 ε
1339 3627 1407 3691 Non
1422 3629 1460 3690 ad
1475 3646 1656 3691 mensuram
1673 3629 1727 3691 dat
1740 3628 1821 3691 Deus
1836 3626 1984 3708 Spiritum.
1997 3637 2078 3681 cmm

449 3729 525 3791 dum
556 3728 692 3808 qualiter
720 3727 861 3790 Christus
896 3728 937 3790 sit
967 3736 1062 3812 caput
1094 3729 1202 3793 Eccle-
1256 3727 1387 3803 Rursus,
1405 3733 1491 3788 tanta
1516 3734 1564 3788 est
1583 3726 1684 3807 gratia
1705 3726 1832 3806 Christi,
1847 3724 1926 3806 quod
1946 3723 1988 3785 in

450 3826 515 3890 sias.
537 3826 656 3907 ltaque,
678 3826 761 3888 sicut
782 3824 815 3886 in
837 3827 929 3889 tertia
952 3835 1041 3908 parte
1065 3827 1202 3890 Summa
1257 3823 1330 3886 fluit
1353 3824 1392 3886 de
1417 3824 1613 3905 plenitudine
1639 3823 1710 3905 ejus
1730 3824 1763 3885 in
1784 3823 1919 3886 membra
1938 3821 1988 3884 lic·

324 3951 366 3991 na.
380 3949 400 3998 r,
416 3949 437 3989 a.
452 3942 526 4001 suae,
543 3922 715 4004 questione
734 3930 857 4001 octava,
874 3923 1020 4001 Thomas,
1038 3932 1069 3985 et
1084 3923 1204 3986 Duran-
1257 3923 1373 4000 clesiae,
1392 3922 1475 3984 sicut
1495 3922 1631 3984 loannes
1653 3923 1696 3984 ait
1713 3947 1720 3984 :
1736 3923 1780 3984 De
1804 3921 1987 4003 plenitudine
2000 3941 2077 3986 levir.

331 4047 382 4089 orn.
392 4057 436 4088 ztir.
451 4021 511 4082 dus
526 4040 621 4102 super
635 4020 764 4082 tertium
780 4020 1024 4100 Sententiarum,
1038 4030 1201 4104 testantur,
1256 4021 1326 4103 ejus
1348 4040 1406 4084 nos
1427 4039 1538 4084 omnes
1560 4021 1755 4103 accepimus.

452 4118 718 4198 quemadmodum
737 4126 802 4180 tota
815 4118 959 4181 Ecclesia
972 4119 1089 4182 dicitur
1104 4139 1202 4182 unum
1296 4121 1390 4182 Porro
1414 4118 1555 4182 Christus
1581 4127 1616 4181 ut
1641 4119 1747 4198 homo,
1775 4117 1881 4180 influit
1901 4135 1989 4179 mem-

453 4235 567 4297 corpus
601 4215 769 4296 mysticum
803 4236 860 4299 per
893 4217 1133 4280 similitudinem
1163 4219 1202 4280 ad
1219 4217 1320 4285 Dhris
1342 4217 1490 4280 Ecclesiae
1504 4217 1638 4298 gratiam
1654 4236 1709 4278 seu
1725 4215 1918 4297 spiritualem
1932 4233 1990 4276 me

453 4331 568 4394 corpus
597 4312 736 4376 bominis
765 4315 920 4394 naturale,
945 4335 983 4379 eo
1009 4317 1094 4397 quod
1120 4316 1204 4378 sicut
1257 4324 1323 4377 tum
1357 4325 1387 4379 et
1420 4334 1561 4395 sensum,
1590 4335 1656 4378 non
1689 4315 1914 4394 auctoritative,
1942 4311 1988 4374 sed

453 4413 487 4476 in
515 4430 647 4495 corpore
674 4412 811 4474 naturali
837 4421 912 4474 sunt
936 4413 1037 4476 multa
1060 4414 1203 4477 membra
1257 4415 1541 4478 instrumentaliter
1554 4423 1586 4478 et
1600 4433 1656 4496 per
1676 4415 1806 4478 modum
1822 4433 1921 4477 causa
1935 4431 1991 4474 me

454 4511 596 4574 diversos
621 4519 710 4572 actus
738 4510 900 4590 habentia,
928 4513 974 4575 sic
1004 4513 1036 4574 in
1061 4513 1203 4576 Ecclesia
1257 4514 1390 4591 ritoriae3
1408 4515 1463 4576 sed
1483 4514 1625 4590 utlleus,
1644 4512 1752 4575 influit
1772 4511 1989 4576 auctoritative.

454 4618 530 4671 sunt
543 4609 651 4677 multas
670 4627 812 4690 personae
831 4610 984 4673 habentes
1003 4611 1130 4674 diversa
1148 4613 1204 4675 do·
1257 4611 1344 4674 Unde
1368 4611 1464 4673 etiam
1485 4612 1660 4673 secundum
1682 4611 1767 4692 quod
1787 4610 1879 4690 Deus,
1900 4609 1992 4690 magis

316 4733 381 4777 rom.
402 4727 496 4782 nana
523 4716 616 4788 atque
645 4706 767 4788 officia,
797 4717 892 4790 prout
919 4709 952 4770 in
986 4709 1095 4770 multis
1123 4709 1202 4772 focis
1257 4710 1318 4792 ipsi
1343 4709 1496 4790 competit
1520 4727 1588 4771 esse
1610 4717 1705 4790 caput
1727 4708 1889 4787 Ecclesia,
1905 4727 1994 4789 quan·

307 4797 440 4906 {dm}
454 4807 548 4869 docet
571 4805 760 4887 Apostolus,
787 4806 833 4868 sic
863 4807 896 4867 in
920 4805 1063 4868 Ecclesia
1088 4807 1205 4870 dicitur
1257 4817 1323 4869 tum
1340 4808 1378 4870 ad
1395 4807 1455 4869 tria
1469 4806 1536 4870 haec
1558 4807 1680 4887 ultima,
1697 4807 1812 4887 quihus
1834 4805 1994 4888 caputdil-

308 4926 387 4976 arcq.
455 4922 525 4966 esse
549 4903 676 4984 aliquod
702 4911 798 4984 caput
821 4904 859 4965 ad
885 4903 1127 4966 similitudinem
1154 4925 1204 4968 ca·
1257 4905 1318 4968 fert
1338 4925 1355 4967 a
1375 4903 1526 4967 membris
1544 4928 1551 4965 :
1568 4905 1643 4985 quia
1664 4911 1697 4965 ut
1715 4905 1808 4980 Deus,
1826 4904 1927 4986 magis
1940 4901 1993 4984 ipsi

454 5001 531 5083 pitis
542 5001 684 5063 humani.
700 5000 795 5063 Porro
810 5001 844 5062 iu
863 5001 966 5084 capite
984 5001 1126 5065 hominis
1141 5004 1203 5067 duo
1258 5011 1443 5084 competunt
1471 4986 1630 5084 prioritas,
1661 5001 1816 5083 perfectio
1844 5011 1877 5064 ct
1904 5000 1994 5064 virtus

454 5100 707 5163 considerantur.
723 5098 862 5160 Primum
885 5108 933 5161 est
953 5100 1107 5162 naturalis
1129 5120 1204 5164 con·
1257 5101 1425 5178 influendi,
1456 5118 1551 5181 quam
1587 5100 1762 5162 secundum
1796 5101 1881 5181 quod
1909 5099 1994 5162 homo

452 5197 617 5262 venientia
641 5197 711 5277 ejus
737 5215 811 5258 cum
834 5197 948 5259 ceteris
969 5197 1132 5260 membris.
1150 5200 1203 5262 Se·
1257 5208 1314 5262 est.
1341 5199 1401 5262 Sed
1430 5207 1584 5280 quantum
1608 5199 1646 5261 ad
1671 5198 1823 5280 primum,
1849 5198 1933 5279 quod
1954 5204 1995 5258 ast

454 5298 594 5364 eundum
616 5303 665 5358 est
684 5293 868 5357 differentia
887 5294 958 5377 ejus
978 5296 1019 5360 ab
1038 5296 1111 5361 illis.
1129 5297 1202 5374 Quae
1257 5298 1480 5362 convenientia
1509 5297 1673 5379 naturalis,
1699 5315 1763 5362 non
1794 5297 1945 5381 competit
1969 5294 1994 5358 ei
