4309 6250
442 478 481 544 34
686 497 727 544 ΒΕ
748 494 912 544 bttltttrxrs
932 495 970 542 ET
991 493 1141 541 munibus
1162 493 1190 538 Β.
1213 493 1244 537 V·
1267 491 1384 555 ΚΑΜ,
1406 491 1494 539 amah
1514 493 1536 539 1.
1558 510 1598 522 ···
1619 490 1691 538 ΑΜ.
1713 490 1755 536 XV

443 667 592 750 voluerit,
617 669 651 732 in
675 666 819 731 instanti.
845 667 960 748 Sisque
988 665 1115 748 corpori
1143 664 1191 727 illi
1205 665 1230 727 A
1246 665 1501 728 munificentiam
1526 665 1597 747 ejus
1618 664 1657 728 ad
1679 682 1780 745 genus
1804 661 1993 736 humanum,

444 766 643 831 instantanee
680 766 1024 850 supernaturaliterque
1056 763 1193 827 formato

444 873 476 928 et
499 867 690 948 organizato,
708 865 742 926 in
761 864 892 926 instanti
915 881 972 945 per
997 863 1192 925 creationem

444 963 562 1026 infudit
581 963 720 1026 animam
745 962 942 1039 rationalem,
959 979 1053 1043 quam
1079 961 1191 1023 eodem

445 1060 575 1124 instanti
592 1069 679 1124 tanta
699 1060 898 1142 plenitudine
918 1058 1026 1140 gratiae
1041 1076 1078 1120 ac
1093 1057 1193 1120 virtu-

445 1167 524 1236 tum,
541 1166 626 1222 tanto
648 1160 762 1222 decore
783 1157 940 1221 donorum
961 1163 993 1219 et
1015 1154 1189 1231 fruetuum,

444 1263 532 1318 tanto
547 1256 714 1338 splendore
729 1274 766 1318 ac
781 1253 954 1316 eminentia
969 1251 1133 1333 sapientise
1155 1268 1191 1312 ac

443 1354 624 1418 divinorum
658 1353 897 1430 charismatum,
926 1359 1014 1414 tanta
1049 1349 1193 1412 claritate

444 1451 602 1514 beatifice
627 1451 759 1514 visionis
784 1449 899 1512 divinae
924 1448 1081 1524 essentie,
1106 1454 1192 1508 tanta

443 1549 654 1613 delectatione
669 1557 763 1630 atque
777 1547 946 1611 dulcedine
962 1546 1106 1629 gloriosa
1118 1544 1193 1606 frui·

443 1649 540 1711 tionis
555 1649 702 1711 increatae
716 1646 877 1725 bonitatis,
894 1654 980 1709 tanta
994 1644 1192 1727 perfectione

444 1746 540 1810 totius
556 1744 844 1823 sanctitatis,donis
858 1762 984 1826 quoque
998 1743 1108 1825 gratiae
1122 1760 1194 1823 gra-

1246 770 1278 825 et
1301 763 1483 844 specialiter
1501 764 1540 825 ad
1560 782 1634 825 suos
1658 762 1787 840 electos,
1804 767 1836 822 et
1857 759 1896 820 ad
1921 775 1994 819 suas

1246 860 1522 941 praelectissimas
1537 857 1867 938 creaturas,videlicet
1879 854 1993 917 Christi

1247 957 1476 1021 humanitatem
1490 977 1527 1020 ae
1542 957 1670 1020 hlariam
1692 955 1922 1030 dulcissimam,
1938 952 1994 1014 sed

1248 1055 1324 1117 item
1343 1056 1383 1118 ad
1403 1055 1654 1118 subveniendum
1676 1052 1860 1135 indigentiis
1882 1069 1920 1113 ae
1941 1069 1996 1111 ne-

1248 1153 1461 1231 cessitatibus,
1477 1153 1603 1215 damnis
1619 1160 1713 1233 atque
1728 1149 1880 1233 periculis
1900 1147 1994 1211 totius

1247 1251 1378 1313 humani
1404 1251 1542 1332 generis,
1563 1251 1648 1331 quod
1671 1268 1731 1311 nec
1751 1245 1995 1311 convenientius

1247 1368 1350 1429 neque
1375 1348 1534 1411 salubrius
1560 1354 1682 1429 poterat
1705 1345 1855 1427 reparari,
1882 1343 1995 1406 redimi

1247 1456 1279 1508 et
1313 1446 1440 1526 salvari,
1470 1465 1566 1527 quam
1601 1464 1658 1525 per
1686 1443 1936 1506 incarnationem
1965 1449 1996 1503 et

1247 1545 1429 1626 passionem
1454 1544 1609 1625 unigeniti
1636 1543 1707 1604 Filii
1731 1542 1797 1604 Dei.
1820 1540 1883 1603 Nec
1908 1538 1994 1602 enim

1247 1663 1326 1724 pura
1345 1652 1488 1705 creatura
1508 1642 1570 1704 fuit
1587 1642 1701 1704 idonea
1721 1649 1753 1703 et
1773 1639 1930 1720 condigna
1951 1646 1997 1700 to-

1247 1750 1314 1803 tum
1336 1759 1436 1822 genus
1460 1741 1635 1802 humanum
1660 1739 1700 1801 ab
1725 1737 1872 1819 originali
1901 1736 1995 1818 culpa

443 1845 485 1907 tis
500 1846 591 1922 datas,
608 1843 762 1926 implevit,
780 1841 923 1925 perfudit
941 1861 977 1904 ac
996 1839 1193 1923 speciosissi-
1209 1840 1233 1902 B
1248 1840 1424 1920 ceterisque
1439 1839 1579 1920 peccatis
1600 1838 1666 1899 suis
1688 1838 1853 1913 mundare,
1870 1854 1889 1896 a
1910 1843 1996 1917 pote-

443 1963 494 2005 me
509 1942 680 2021 decoravit,
697 1949 851 2023 quantum
867 1940 937 2022 ipsa
952 1939 1059 2001 anima
1074 1937 1194 2000 exstitit

443 2059 542 2122 capax
557 2048 589 2102 et
603 2059 717 2122 capere
731 2039 845 2120 potuit,
862 2037 906 2099 ita
927 2036 1012 2117 quod
1034 2043 1100 2098 tota
1121 2035 1193 2115 ejus

443 2139 602 2220 capacitas
617 2147 692 2200 tunc
707 2136 769 2199 fuit
783 2134 1051 2218 impleta.Eodem
1066 2151 1193 2215 quoqne

443 2235 573 2298 instanti
593 2235 731 2297 animam
751 2233 839 2296 illam
864 2251 993 2314 prorsus
1015 2230 1193 2313 pulcherri-

443 2353 529 2396 mam
557 2351 594 2395 ae
623 2351 751 2395 carnem
779 2350 817 2393 ea
844 2330 1029 2408 animatam,
1055 2329 1116 2392 hoc
1144 2335 1193 2390 est

444 2430 618 2513 perfectam
644 2429 885 2506 humanitatem,
910 2447 973 2490 suae
999 2427 1109 2490 deitati
1133 2426 1193 2488 im-

443 2528 578 2592 mediate
593 2522 769 2609 conjunxit,
787 2527 865 2590 etin
880 2545 914 2588 se
929 2525 999 2607 ipso
1018 2544 1055 2587 ae
1078 2524 1111 2586 in
1133 2541 1191 2586 suo

443 2645 514 2689 esse
539 2625 701 2708 personali
724 2626 865 2688 increato
890 2621 1102 2706 suppositavit
1123 2645 1130 2683 :
1148 2621 1191 2683 ita

441 2724 526 2806 quod
552 2742 626 2787 vere
651 2722 754 2786 factus
783 2731 832 2785 est
860 2723 966 2800 homo,
992 2739 1031 2784 eo
1058 2738 1123 2802 quo
1150 2720 1191 2782 ab

441 2830 558 2885 aeterno
586 2821 812 2903 preordinavit
835 2827 995 2882 momento
1020 2837 1058 2881 ac
1082 2818 1188 2896 modo,

441 2921 560 3001 absque
576 2919 624 2981 sui
644 2919 829 2996 mutatione,
845 2926 1052 3001 permanente
1074 2916 1192 2979 utrius-

1248 1945 1327 2000 state
1346 1938 1527 2000 damonum
1549 1935 1696 2012 liberare,
1712 1935 1753 1997 ab
1771 1942 1888 1996 aetema
1908 1933 1996 1994 dam-

1248 2035 1376 2098 natione
1400 2035 1535 2117 eripere,
1551 2043 1584 2096 et
1601 2033 1734 2115 gratiam
1759 2031 1994 2094 reformationis

1247 2134 1351 2196 eidem
1368 2132 1493 2210 mereri,
1509 2151 1546 2195 aa
1562 2131 1746 2194 satisfacere
1769 2148 1825 2212 pro
1846 2128 1994 2192 omnibus

1249 2232 1282 2294 in
1298 2231 1471 2308 communi,
1488 2239 1582 2313 atque
1602 2238 1752 2292 aternam
1767 2226 1994 2290 beatitudinem

1249 2329 1373 2392 eunctis
1402 2347 1601 2410 recuperare.
1631 2329 1696 2390 lmo
1725 2327 1764 2388 ad
1792 2325 1860 2387 hoec
1887 2324 1994 2387 omnia

1247 2427 1438 2511 peragenda,
1455 2425 1779 2508 congruentissimum
1794 2422 1856 2485 fuit
1874 2422 1995 2505 ipsum-

1246 2533 1312 2588 met
1325 2524 1380 2588 llei
1399 2525 1526 2602 Filium,
1543 2525 1641 2586 Deum
1662 2542 1783 2603 verum,
1800 2521 1874 2584 fieri
1895 2519 1995 2583 homi-

1246 2643 1319 2685 nem
1333 2647 1340 2685 :
1353 2623 1405 2686 cui
1420 2642 1458 2685 ex
1473 2631 1561 2704 parte
1575 2631 1695 2685 naturae
1707 2607 1895 2701 ¹assumptae,
1912 2638 1994 2682 com·

1246 2721 1373 2802 petebat
1388 2719 1569 2783 satisfacere
1584 2729 1616 2783 et
1629 2717 1742 2781 mereri
1751 2741 1759 2794 3
1769 2738 1806 2780 ex
1820 2718 1908 2780 unita
1919 2735 1994 2779 vero

1245 2819 1361 2882 deitate
1376 2827 1407 2881 et
1421 2818 1599 2881 immediata
1613 2836 1650 2880 ac
1664 2817 1862 2899 hypostatica
1877 2817 1993 2879 unione

1245 2936 1318 2979 cum
1332 2917 1434 2980 Verbo
1448 2925 1577 2996 eterno,
1585 2915 1797 2978 conveniebat
1811 2915 1873 2996 ipsi
1889 2915 1992 2977 Verbo

440 3037 502 3100 que
517 3025 637 3080 naturae
652 3015 788 3079 naturali
809 3015 1002 3099 proprietate
1022 3013 1187 3077 inviolata.
1209 3014 1409 3078 Cincarnato
1437 3013 1559 3077 homini
1582 3011 1679 3091 facte,
1700 3012 1847 3076 efficacia
1870 3011 1992 3075 idonei-

480 3116 515 3179 ln
534 3115 594 3179 hac
610 3115 704 3178 Verbi
726 3113 836 3178 eterni
857 3113 1088 3191 incarnatione,
1105 3133 1191 3175 sum-

440 3234 492 3278 me
516 3223 548 3278 et
565 3213 832 3277 excellentissime
857 3210 1190 3294 incomprehensibili-

440 3322 550 3395 terque
570 3312 717 3395 apparuit
739 3331 776 3375 ac
800 3312 921 3374 relucet
941 3307 1118 3373 ineffabilis
1138 3330 1189 3372 ca-

440 3412 516 3474 ritas
550 3410 605 3473 Dei
635 3410 674 3473 ad
702 3427 772 3487 nos,
803 3406 1033 3471 inestimabilis
1061 3426 1189 3489 quoquo

439 3510 581 3591 dignatio
602 3527 640 3572 ac
659 3506 787 3570 infinita
805 3507 906 3587 pietas
930 3504 1002 3587 ejus
1025 3505 1058 3567 in
1082 3505 1187 3584 nobis,

439 3609 494 3671 sed
523 3615 555 3670 et
582 3606 802 3688 copiosissima
826 3603 1001 3667 liberalitas
1025 3604 1097 3684 ejus
1123 3627 1130 3665 :
1157 3611 1189 3666 et

439 3706 543 3788 primo
558 3725 595 3768 ac
609 3704 745 3767 maxima
760 3710 977 3786 apparuerunt
991 3701 1059 3765 hasc
1081 3701 1189 3765 omnia

439 3803 473 3865 in
487 3804 555 3885 ipsa
570 3810 682 3864 natura
696 3802 846 3879 humana,
864 3820 960 3882 quam
976 3800 1037 3862 sihi
1054 3800 1099 3861 ita
1118 3800 1189 3861 uni-

440 3902 501 3981 vit;
517 3900 631 3963 deinde
646 3900 678 3961 in
695 3900 937 3982 praeclarissima
951 3898 1077 3979 virgine
1092 3898 1188 3961 llario

439 3999 636 4081 dignissima,
665 4018 703 4061 ex
734 4017 796 4079 qua
830 4016 900 4059 eam
935 3996 1059 4079 accepit
1093 4003 1188 4077 atque

440 4096 623 4177 assumpsit,
646 4094 691 4156 ita
713 4095 797 4175 quod
823 4093 925 4174 ipsam
955 4092 1188 4156 venerandissi-

1245 3123 1355 3196 tasque
1370 3114 1527 3176 immensa
1546 3112 1585 3174 ad
1601 3111 1707 3175 taliter
1726 3111 1987 3188 succurrendum,

1245 3214 1436 3277 medendum
1455 3220 1550 3294 atque
1569 3210 1766 3288 salvandum,
1789 3218 1883 3291 prout
1905 3210 1989 3272 istud

1243 3313 1276 3375 in
1295 3312 1367 3374 aliis
1386 3309 1549 3393 opusculis
1569 3308 1721 3372 diffusius
1742 3317 1790 3371 est
1812 3318 1986 3372 ostensum.
2004 3332 2104 3389 cptxxr

1283 3411 1454 3489 Postremo,
1471 3409 1554 3472 sicut
1572 3426 1637 3472 non
1658 3408 1765 3471 decuit
1784 3407 1987 3489 Unigenitum
2001 3411 2020 3501 ξ
2037 3397 2098 3501 22³1

1244 3509 1298 3571 Dei
1332 3510 1504 3571 humanam
1537 3515 1682 3568 naturam
1714 3506 1754 3567 ad
1787 3506 1987 3587 personalem
2002 3489 2037 3571 ⁵2}
2057 3518 2104 3562 xxx

1243 3606 1292 3667 aui
1311 3623 1473 3668 assumere
1494 3603 1657 3681 unionem,
1674 3602 1735 3664 nisi
1757 3610 1845 3664 tanta
1865 3603 1988 3665 divino-
2001 3583 2113 3688 {ffiffi

1243 3724 1314 3766 rum
1328 3702 1554 3765 charismatum
1574 3700 1774 3783 plenitudino
1793 3701 1986 3779 decoratam,

1242 3802 1326 3884 quod
1360 3800 1492 3882 majoris
1521 3806 1651 3862 omatus
1679 3808 1711 3861 et
1739 3797 1988 3880 pulchritudinis

1242 3898 1403 3963 interioris
1427 3917 1526 3979 capax
1545 3917 1609 3961 non
1629 3897 1709 3976 luit3
1726 3897 1769 3960 ita
1792 3916 1857 3960 non
1882 3895 1990 3959 decuit

1241 3998 1347 4081 ipsum
1362 3996 1417 4059 Dei
1432 3996 1531 4058 Patris
1553 3996 1683 4058 unicum
1704 3996 1820 4057 Filium
1842 3994 1989 4057 humani·

1242 4104 1337 4158 tatem
1353 4112 1527 4171 assumere,
1544 4093 1606 4154 nisi
1623 4112 1660 4155 ex
1674 4092 1798 4174 virgine
1813 4100 1907 4154 tantae
1922 4110 1989 4173 per-

440 4213 525 4256 mam
541 4191 837 4272 sanctissimamque
852 4190 980 4252 llariam
994 4189 1107 4252 effecit
1120 4208 1189 4270 pro
1204 4193 1228 4254 D
1242 4192 1391 4256 fectionis
1404 4211 1441 4255 ac
1457 4190 1614 4273 puritatis,
1629 4191 1714 4271 quod
1730 4208 1817 4271 purae
1837 4198 1988 4252 creaturae

441 4292 543 4373 priam
562 4298 716 4368 matrem3
732 4288 884 4371 deinceps
907 4288 941 4349 in
962 4286 1111 4351 omnibus
1132 4307 1189 4351 no

439 4388 501 4469 bis,
530 4407 666 4470 quorum
701 4394 847 4448 naturam
881 4386 926 4448 sic
960 4384 1121 4465 exaltavit,
1156 4395 1188 4449 et

438 4486 555 4568 quihus
574 4486 608 4547 in
631 4485 737 4567 specie
753 4482 984 4565 specialissima
1005 4482 1051 4545 sic
1072 4483 1187 4546 similis

438 4592 488 4646 est
501 4582 688 4661 effectus‚et
701 4600 837 4662 quorum
850 4598 990 4643 sororem
1004 4580 1084 4643 feeit
1097 4600 1188 4643 suam

438 4682 600 4765 propriam
622 4680 822 4762 genitricem.

478 4780 640 4855 Praeterea,
658 4795 721 4840 non
744 4776 812 4839 sine
834 4776 1069 4859 sapientissima
1094 4778 1188 4840 ratio-

437 4896 490 4956 ne,
507 4896 570 4940 non
596 4876 664 4938 sine
689 4874 937 4957 profundissimo
957 4875 1103 4954 consilio,
1121 4894 1199 4940 non·

438 4977 508 5039 sine
529 4973 699 5056 multiplici
724 4991 832 5052 causa,
849 4992 912 5036 non
938 4974 1057 5056 absque
1079 4973 1186 5055 copie

436 5074 564 5137 sissimo
583 5071 690 5134 fructu
715 5071 762 5135 sic
786 5072 890 5134 factus
915 5079 964 5135 est
988 5072 1095 5134 homo.
1116 5071 1183 5134 Non

436 5173 523 5236 enim
539 5169 659 5235 factum
674 5179 722 5234 est
735 5171 797 5235 boc
811 5178 933 5233 tantum
955 5170 994 5232 ad
1016 5170 1185 5233 ostenden·

436 5273 513 5335 dum
536 5271 715 5348 caritatem,
733 5269 962 5351 dignationem,
980 5267 1131 5350 pietatem
1153 5276 1185 5330 et

1243 4290 1427 4353 subsistenti
1442 4290 1475 4352 in
1490 4308 1560 4353 esse
1581 4296 1687 4350 creato
1708 4306 1773 4351 non
1794 4287 1902 4350 decuit
1923 4306 1988 4349 am-

1242 4390 1377 4471 pliorem
1398 4387 1550 4452 conferri.

1443 4605 1687 4670 ARTICULUS
1710 4604 1786 4670 XV.

1243 4738 1334 4805 Quod
1346 4736 1495 4811 dignitas
1509 4743 1539 4793 et
1551 4736 1679 4811 pratia,
1692 4736 1826 4809 puritas
1839 4743 1870 4793 et
1889 4736 1987 4793 carcel-

1282 4826 1384 4883 lentia
1402 4824 1523 4884 illarioe
1545 4823 1744 4882 dulcissimae
1768 4824 1811 4881 sit
1833 4824 1987 4901 quodam·

1280 4915 1373 4972 modo
1388 4913 1533 4989 infinita.

1309 5074 1491 5134 DSTITIT
1513 5073 1629 5149 regino
1653 5092 1673 5130 a
1697 5073 1827 5132 dextris
1855 5073 1922 5132 tuis
1949 5073 1985 5132 in
2013 5094 2049 5138 p„
2068 5098 2110 5132 mv.

1323 5171 1442 5229 uestitu
1463 5171 1634 5239 deaurato,
1653 5171 1859 5230 circumdato
1883 5171 1987 5230 varie·
2003 5162 2032 5202 ¹⁰¹

1240 5278 1316 5329 tate.
1333 5265 1472 5347 Dignitas
1497 5272 1650 5329 creatura
1669 5274 1718 5329 ost
1738 5265 1906 5329 assimilari
1928 5284 1985 5331 suo
