4309 6250
446 467 506 532 274
786 484 905 532 conrad
926 482 1094 530 rnarromu
1114 479 1287 536 nanuum,
1310 480 1399 526 ιιιιιιιι
1420 479 1453 526 ιι.
1476 499 1518 510 -
1538 481 1611 527 aar.
1633 481 1657 526 ιι

446 661 676 738 exspectarent,
693 662 725 717 et
745 653 812 735 jam
832 673 851 716 a
871 653 1012 716 secunda
1034 670 1097 733 qua
1116 649 1195 714 obiit
1210 648 1235 711 A
1250 648 1390 712 blecham
1408 671 1414 711 :
1432 649 1470 711 in·
1485 668 1548 731 qua
1571 658 1647 712 tunc
1672 655 1763 712 erant
1788 647 1851 710 duo
1873 645 1983 728 populi,
2103 719 2104 740 Χ

448 752 539 831 feria,
564 753 729 836 usquead
755 770 920 835 vesperam
950 758 1070 832 quartae
1094 749 1193 828 ferias,
1250 767 1332 810 unus
1351 748 1455 810 cultor
1479 747 1650 826 idolorum,
1667 755 1699 810 et
1723 746 1804 809 alter
1827 745 1984 820 luduicus;
2103 747 2104 792 l

448 851 544 933 longa
571 851 808 934 exspectatione
836 849 971 931 fatigati,
996 848 1079 910 nihil
1108 847 1195 910 aliud
1249 843 1373 926 fuitque
1399 845 1443 907 ibi
1467 845 1623 909 llahomet
1643 845 1727 909 idola
1747 843 1864 906 colens.
1880 842 1986 906 Volens
2103 889 2104 904 2

447 949 480 1010 in
495 969 533 1013 eo
548 950 609 1012 nisi
624 948 747 1013 loetoris
762 947 1015 1030 magnitudinem
1032 964 1196 1027 supercre-
1250 942 1347 1023 igitur
1367 942 1495 1024 Sergius
1510 943 1565 1006 ille
1579 943 1701 1024 aliquid
1722 941 1830 1006 facere
1851 959 1910 1022 quo
1927 959 1986 1003 mo

448 1067 537 1111 scere
552 1055 730 1127 cernerent,
741 1046 969 1124 tandem,sicut
983 1045 1092 1108 retulit
1105 1043 1196 1105 Cum·
1249 1041 1362 1102 nachis
1393 1060 1412 1103 a
1441 1041 1557 1122 quibus
1588 1039 1649 1102 fuit
1678 1039 1831 1122 expulsus
1859 1039 1986 1122 placeret

342 1160 421 1205 saun
448 1146 691 1223 bram*,nudum
706 1163 779 1207 eum
794 1141 1195 1226 projeceruntllumbram*
1250 1145 1282 1200 et
1305 1137 1566 1201 reconciliaretur
1590 1141 1695 1218 (eraut
1718 1145 1826 1216 autem
1850 1137 1985 1200 monaehi

299 1219 435 1330 fffflu,
448 1251 566 1321 tamen,
583 1243 672 1305 lilius
692 1242 840 1322 Elusan*,
857 1240 938 1303 dixit
955 1241 1040 1323 quod
1061 1239 1146 1302 lotus
1165 1245 1197 1301 et
1250 1236 1296 1298 illi
1319 1237 1459 1300 heretici
1479 1235 1669 1316 Nestoriani,
1690 1235 1745 1318 qui
1766 1235 1874 1298 dicunt
1890 1234 1984 1296 lesum
2103 1277 2104 1292 2

300 1348 396 1392 m
449 1340 549 1403 tribus
570 1340 710 1403 vestibus
734 1339 865 1402 indutus
890 1339 1032 1420 sepultus
1057 1337 1109 1399 sit.
1125 1335 1196 1396 Fuit
1249 1334 1407 1396 Christum
1432 1354 1497 1398 non
1523 1353 1594 1398 esse
1618 1335 1731 1414 Deum,
1755 1334 1812 1396 sed
1836 1333 1984 1397 hominem
2103 1343 2104 1346 ’

301 1412 433 1517 fflffl'
447 1447 553 1500 autern
577 1458 635 1521 per
657 1437 897 1519 quatuordecim
922 1437 990 1499 dies
1015 1434 1163 1496 infirmus
1185 1456 1192 1492 ε
1249 1435 1389 1514 purum),
1410 1433 1497 1496 omni
1514 1433 1620 1496 studio
1635 1441 1731 1514 atque
1747 1432 1911 1496 conamine
1925 1451 1986 1514 per-
2103 1463 2104 1466 ¹

446 1545 479 1599 et
506 1536 608 1599 lemur
634 1538 719 1619 quod
747 1556 804 1618 per
831 1543 953 1618 septem
981 1535 1050 1596 dies
1083 1533 1195 1596 morbo
1249 1531 1401 1593 suadebat
1422 1529 1486 1592 illis
1513 1538 1548 1592 ut
1567 1530 1606 1592 ab
1627 1528 1787 1593 idolorum
1809 1529 1926 1591 cultura
1945 1547 1987 1590 re-

445 1634 616 1715 pleuritico
642 1633 818 1716 egrotavit,
847 1633 1016 1712 amisitque
1050 1649 1192 1705 sensum,
1249 1629 1409 1706 cederent,
1426 1637 1458 1690 et
1486 1629 1657 1692 Christiani
1682 1628 1862 1691 Nestoriani
1886 1626 1986 1690 effice·

444 1751 539 1814 quem
562 1733 699 1815 septimo
725 1733 778 1794 die
802 1731 1022 1813 recuperavit3
1039 1737 1071 1790 et
1095 1729 1193 1791 iratus
1250 1733 1368 1788 rentur.
1385 1725 1472 1799 Quod
1495 1745 1593 1807 quum
1616 1725 1748 1789 effectui
1772 1726 1984 1807 mancipasset,
2103 1743 2104 1810 }

443 1840 493 1894 est
510 1830 559 1893 Ali
579 1830 669 1893 filius
688 1829 837 1907 Abitalib,
855 1828 992 1910 eoquod
1013 1826 1194 1908 perdiderat
1210 1828 1233 1890 B
1249 1825 1424 1906 discipulus
1440 1824 1510 1904 ejus
1525 1824 1628 1887 laetus
1644 1832 1693 1886 est
1706 1824 1986 1905 llahometSicque
2103 1875 2104 1918 q

443 1947 584 1990 sensum¹
600 1927 671 1990 Alia
685 1929 813 1990 demum
832 1926 966 2008 septima
981 1925 1032 1987 die
1048 1935 1192 1988 mortuns
1248 1921 1370 1985 factum
1394 1931 1452 1999 est,
1470 1931 1506 1984 ut
1530 1924 1637 2005 aliqua
1662 1924 1702 1985 de
1726 1941 1812 1986 novo
1836 1942 1871 1985 ac
1895 1922 1985 1985 veteri
2103 1927 2104 2010 ]

442 2034 501 2104 est,
519 2033 550 2089 et
564 2027 718 2088 intumuit
733 2034 844 2087 venter
864 2025 947 2105 ejus,
963 2031 996 2086 et
1017 2032 1100 2087 retro
1122 2043 1192 2086 cur·
1248 2022 1448 2084 Testamenta
1463 2041 1481 2083 a
1497 2022 1653 2085 monacho
1669 2020 1726 2084 illo
1745 2022 1887 2098 edoctus,
1904 2041 1938 2083 ea
1958 2019 1986 2082 in
2103 2013 2104 2092 l

441 2132 597 2188 natusest
618 2124 770 2186 minimus
785 2123 905 2205 digitus
920 2122 1001 2202 ejus.
1022 2122 1089 2196 Quo
1109 2140 1193 2185 mor·
1247 2120 1401 2182 Alcorano
1417 2138 1475 2183 suo
1489 2118 1634 2184 fabulose
1654 2127 1685 2182 et
1705 2121 1857 2183 mendose
1878 2119 1987 2182 intexe
2103 2141 2104 2180 ι

443 2232 510 2301 tuo,
536 2241 647 2286 omnes
678 2223 781 2285 abeo
809 2221 946 2302 decepti,
973 2220 1093 2283 reversi
1119 2229 1192 2283 sunt
1248 2226 1305 2280 ret.
1322 2218 1385 2280 lloc
1401 2236 1527 2299 quoque
1549 2217 1677 2299 Sergius
1699 2217 1756 2281 ille
1778 2217 1942 2300 persuasit,
1957 2227 1987 2280 ut

443 2322 548 2384 statim
574 2321 794 2402 unusquisque
818 2321 858 2382 ad
883 2338 972 2381 suam
998 2337 1093 2400 quam
1118 2329 1191 2382 ante
1248 2316 1280 2377 in
1305 2316 1460 2379 Alcorano
1488 2335 1546 2379 suo
1574 2325 1707 2398 poneret
1731 2317 1854 2379 dietum
1876 2335 1895 2378 a
1918 2317 1985 2392 Deo,
2103 2329 2104 2342 ³

441 2425 588 2481 tenuerat
612 2426 730 2481 secum
752 2436 810 2479 seu
831 2415 1062 2495 idololatriam„
1077 2425 1192 2498 praeter
1247 2416 1331 2496 quod
1353 2415 1502 2479 monaehi
1517 2416 1740 2497 etpresbyteri
1763 2415 1926 2479 christiani
1947 2413 1987 2476 fa-

443 2535 561 2598 paucos
577 2535 641 2578 suae
663 2514 873 2597 cognationis,
889 2513 945 2595 qui
967 2515 1192 2595 exspectabant
1247 2513 1437 2576 miliariores
1452 2513 1481 2575 ei
1497 2531 1567 2576 esse
1581 2514 1746 2592 deberent,
1764 2513 1915 2595 quoniam
1930 2532 1986 2576 non

442 2633 477 2676 se
491 2631 695 2676 successuros
710 2612 743 2674 in
758 2630 867 2693 regno.
881 2612 1106 2674 Verumtamen
1121 2631 1193 2674 suc·
1247 2611 1448 2695 superbiunt.

441 2731 550 2776 eessor
562 2711 718 2775 llahomet
736 2711 823 2774 omni
845 2709 974 2791 ingenio
993 2719 1086 2792 atque
1108 2719 1192 2772 astu·
1284 2710 1418 2789 Interea,
1435 2729 1534 2792 quum
1549 2710 1776 2793 cognovissent
1792 2711 1888 2774 Judaei
1910 2709 1986 2792 quod

441 2811 495 2890 tia,
512 2810 585 2873 illos
610 2809 649 2871 ad
665 2809 818 2891 pristinas
840 2817 944 2871 sectas
969 2827 1125 2889 reversos,
1151 2808 1192 2871 ad
1247 2807 1350 2887 multi,
1366 2808 1462 2871 etiam
1485 2808 1653 2886 llahomet,
1669 2809 1709 2870 ad
1731 2809 1987 2890 qualemcumque

441 2908 545 2990 legem
559 2907 715 2970 llahomet
729 2907 901 2971 revocavit.
919 2905 1004 2968 Vixit
1022 2914 1128 2969 autem
1143 2926 1191 2970 se-
1246 2906 1337 2987 quasi
1367 2906 1513 2969 umbram
1538 2906 1786 2969 Christianitatis
1814 2907 1904 2969 illum
1929 2925 1987 2968 nio

441 3005 568 3086 saginta
593 3005 693 3068 tribus
719 3005 823 3085 annis,
840 3023 975 3086 quorum
995 3004 1107 3086 viginti
1127 3013 1191 3068 tres
1210 3005 1385 3069 Cnaohum
1408 3013 1627 3086 sequerentur,
1652 3011 1684 3068 et
1705 3023 1787 3086 pene
1813 3005 1890 3068 illud
1910 3004 1986 3085 quod

442 3103 477 3165 in
502 3123 558 3166 sna
582 3103 750 3187 prophetia
773 3103 933 3185 expendit.
1246 3111 1356 3185 postea
1377 3103 1497 3167 lactum
1512 3113 1560 3167 est
1574 3123 1630 3187 per
1644 3103 1815 3185 llahomet,
1827 3123 1883 3186 per
1898 3103 1985 3166 istum

1245 3202 1438 3265 monachum
1475 3200 1698 3265 Nestorianum
1739 3210 1986 3265 consummatum

1245 3299 1571 3461 {timetur
1585 3299 1986 3460 ‘statuisses

482 3517 631 3585 Qualiter
645 3524 677 3575 ει
686 3533 750 3591 per
763 3534 857 3594 quem
872 3524 981 3574 ortum
997 3515 1151 3574 papum-2¹3
1246 3496 1402 3559 llahomet
1426 3496 1592 3573 incideret,
1618 3504 1824 3559 accesserunt
1846 3496 1885 3559 ad
1908 3514 1986 3575 eum,

686 3608 740 3663 les
754 3604 941 3665 Madomcti.
1247 3603 1279 3658 et
1299 3594 1456 3657 malitiosa
1476 3594 1647 3657 calliditate
1667 3613 1701 3656 se
1721 3594 1792 3675 ejus
1817 3593 1920 3658 socios
1943 3592 1986 3655 rel

1246 3691 1422 3775 discipulos
1436 3711 1505 3755 esse
1521 3691 1554 3754 in
1569 3692 1629 3754 hae
1642 3700 1729 3754 secta
1741 3691 1987 3773 dicentes,eique

505 3790 689 3855 llAEl'A'lUS
703 3790 752 3853 vir
767 3789 960 3853 christianus
980 3790 1014 3851 in
1033 3790 1120 3853 omni
1143 3810 1190 3853 sa·
1246 3791 1355 3855 omnia
1369 3791 1472 3872 turpia
1488 3798 1520 3853 et
1533 3792 1688 3874 nequiora
1703 3810 1774 3872 quae
1790 3790 1823 3853 in
1838 3791 1987 3854 alcorano

519 3890 640 3972 pientia
667 3896 699 3951 et
727 3889 842 3952 virtute
871 3889 1052 3969 praeclarus,
1081 3908 1192 3953 conse·
1247 3896 1321 3953 sunt
1345 3890 1484 3952 scribere
1508 3890 1749 3971 persuadentes,
1773 3908 1874 3971 usque
1898 3890 1931 3951 in
1952 3888 1988 3952 fi·

443 3998 577 4071 quenter
601 3988 634 4050 in
654 4007 712 4050 sua
730 3986 841 4049 scribit
863 3986 1008 4067 epistola,
1026 3987 1190 4070 alloquens
1248 4007 1321 4050 nem
1340 3986 1412 4068 ejus
1434 4006 1560 4069 semper
1579 4006 1653 4050 cum
1672 4006 1711 4051 eo
1729 3986 1871 4051 fuerunt.
1887 3989 1985 4065 Porro,

444 4088 653 4149 Sarracenum
678 4086 730 4148 cui
755 4084 921 4166 respondit
942 4108 950 4147 ε
974 4085 1034 4146 Sed
1057 4084 1190 4149 forsitan
1248 4096 1319 4169 post
1333 4095 1467 4150 mortem
1483 4087 1649 4165 llahomet,
1661 4106 1760 4169 quum
1777 4089 1986 4170 unusquisque

445 4187 530 4249 dices
554 4185 630 4247 inde
651 4184 778 4265 probari
802 4184 885 4246 hanc
907 4183 1010 4264 legem
1036 4184 1231 4251 Mahometl)
1248 4190 1296 4266 (ut
1319 4186 1440 4249 dictum
1460 4188 1520 4265 est)
1540 4185 1674 4247 redisset
1693 4186 1731 4247 ad
1752 4194 1871 4249 sectam
1890 4204 1983 4260 suam,
1996 4202 2089 4261 meet

444 4302 515 4347 esse
539 4283 693 4363 divinam,
719 4282 795 4363 quia
817 4300 916 4363 quum
941 4281 1009 4363 ipse
1034 4282 1132 4345 idiota
1161 4293 1192 4347 et
1247 4285 1387 4367 praedicti
1402 4284 1499 4347 Judaei
1516 4282 1659 4347 volentes
1675 4302 1785 4346 rursus
1803 4286 1911 4348 omnia
1924 4304 1986 4367 per-

445 4383 514 4445 sine
529 4381 643 4443 litteris
658 4388 751 4458 esset,
768 4380 950 4443 nullatenus
965 4400 1036 4443 eam
1051 4382 1191 4446 seribere
1247 4384 1384 4461 turbare,
1406 4389 1610 4445 accesserunt
1631 4382 1669 4445 ad
1690 4382 1739 4444 Ali
1762 4381 1868 4446 filium
1888 4384 1986 4446 Abila-

445 4481 496 4544 vel
515 4480 707 4542 annuntiare
734 4478 918 4542 hominibus
946 4480 1103 4562 potuisset
1128 4482 1190 4544 nisi
1247 4480 1303 4559 lib,
1320 4480 1463 4542 dicentes
1481 4504 1487 4541 :
1505 4479 1617 4557 Quare,
1634 4499 1733 4561 quum
1752 4480 1846 4543 fortis
1860 4489 1892 4544 et
1905 4482 1987 4545 nobi-

445 4580 562 4641 virtute
576 4578 737 4640 divina.Et
751 4596 826 4640 ecce
841 4577 883 4639 ita
898 4585 932 4639 tu
948 4577 1098 4659 loqueris,
1115 4599 1190 4660 qua·
1246 4578 1286 4640 lis
1306 4578 1361 4657 sis,
1383 4597 1445 4642 non
1465 4578 1572 4640 elevas
1592 4586 1622 4640 te
1642 4578 1676 4641 in
1695 4580 1895 4661 prophetam,
1911 4582 1986 4643 sieut

444 4678 471 4740 si
491 4677 615 4739 nescias
635 4676 685 4739 vel
705 4695 869 4757 nunquam
891 4676 1031 4738 audieris
1054 4678 1138 4740 unde
1160 4688 1191 4741 et
1246 4676 1323 4740 fecit
1342 4677 1448 4740 socius
1466 4684 1540 4738 tuus
1561 4675 1726 4754 llahomet,
1743 4677 1799 4758 qui
1820 4688 1888 4741 erat
1907 4680 1988 4742 Chri·

443 4776 603 4856 quomodo
617 4774 668 4836 vel
683 4793 741 4856 per
761 4793 857 4856 quem
877 4773 1039 4857 prophete
1057 4775 1104 4838 tui
1125 4796 1191 4859 my·
1246 4775 1367 4838 stianus
1382 4773 1597 4853 Nestorianus,
1611 4784 1642 4837 et
1656 4775 1775 4838 erimus
1790 4784 1897 4841 tecum
1910 4778 1987 4841 sicut

444 4873 540 4936 steria
567 4872 736 4935 habuerint
761 4880 877 4936 ortum.
905 4872 951 4934 'lu
979 4892 1064 4955 ergo,
1095 4893 1190 4955 quem
1245 4873 1366 4937 fuimus
1385 4892 1458 4936 eum
1481 4873 1547 4954 illo,
1564 4883 1595 4936 te
1617 4874 1650 4935 in
1671 4872 1820 4937 omnibus
1840 4876 1986 4957 adjuvan·

442 4973 525 5036 Deus
541 4971 652 5049 salvet,
669 4971 735 5033 noli
750 4970 952 5033 dissimulare
967 4972 1041 5051 quia
1061 4972 1190 5054 Sergius
1210 5034 1224 5057 ‚
1245 4974 1313 5034 tesi
1329 4972 1438 5035 Postea
1460 4971 1511 5033 isti
1532 4971 1629 5035 Judaei
1654 4980 1785 5054 accepto
1807 4973 1890 5037 libro
1903 4974 1987 5037 hleo-

443 5071 630 5147 monachus,
656 5087 754 5150 quum
778 5069 811 5130 in
835 5069 1028 5132 monasterio
1051 5073 1191 5152 graviter
1245 5088 1322 5134 rano
1336 5070 1377 5133 ab
1391 5070 1453 5149 Ali,
1469 5088 1564 5151 quem
1585 5070 1615 5132 ei
1636 5071 1808 5153 reliquerat
1825 5072 1984 5151 ldahomet,

440 5176 615 5253 peccasset,
632 5175 727 5248 atque
748 5167 789 5230 ob
812 5168 873 5230 hoe
896 5170 1189 5235 excommunicatus
1244 5170 1399 5252 quidquid
1423 5170 1469 5231 eis
1494 5168 1598 5232 visum
1622 5177 1681 5249 est,
1707 5176 1762 5233 aut
1790 5171 1983 5252 addidemnt,

440 5276 472 5330 et
495 5267 646 5351 expulsus
674 5263 800 5342 fuisset,
827 5266 993 5329 descendit
1020 5287 1120 5350 usque
1149 5270 1188 5332 ad
1245 5277 1299 5333 aut
1320 5270 1533 5349 detraxerunt,
1549 5278 1603 5333 aut
1625 5278 1839 5334 mutaverunt.
