4309 6250
264 5113 354 5163 Contu.
363 5115 395 5158 lt.

414 476 455 541 8ss
649 497 689 543 nh
711 497 874 544 btuhlrara
894 497 932 542 ΕΤ
954 496 1103 542 taboratis
1123 497 1152 541 B.
1176 496 1206 540 V.
1228 495 1345 551 HARlAE,
1368 496 1456 542 alneu
1477 497 1509 542 ll.
1532 514 1573 525 ···
1593 496 1663 542 aar.
1686 497 1731 542 xlt

414 665 476 728 Sed
500 673 532 730 et
550 667 735 750 seraphicus
760 667 815 732 ille
836 667 1034 747 llrauciscus,
1051 666 1106 748 qui
1128 666 1161 728 in
1177 665 1325 729 arandae
1343 674 1374 728 et
1394 668 1602 747 praeamandae
1614 665 1718 729 llariae
1737 665 1803 746 jam
1823 663 1970 727 introdu-
2152 732 2154 736 ,

415 765 736 848 contemplationibus
760 765 826 828 suis
851 765 1035 848 frequenter
1058 765 1163 828 eleva·
1217 770 1268 825 cta
1282 773 1357 826 sunt
1375 765 1486 842 multa,
1502 771 1533 826 et
1554 763 1692 844 qualiter
1709 763 1780 846 ipsa
1797 762 1969 825 universos
1984 787 2110 826 mmet
2152 791 2154 818 ε

415 862 508 925 batur
526 863 559 925 in
581 882 664 941 aere,
681 871 713 926 et
733 863 890 926 interdum
913 873 978 926 tam
999 863 1061 926 alte
1075 865 1161 945 quod
1218 861 1250 922 in
1266 861 1317 923 his
1338 861 1514 942 ceterisque
1536 861 1781 925 charismatibus
1803 861 1971 944 superavit

415 959 515 1024 videri
544 962 597 1023 vix
625 968 758 1043 poterat,
788 979 894 1024 nonne
930 962 1162 1043 contemplator
1217 967 1249 1021 et
1283 959 1478 1022 transcendit
1512 959 1663 1038 illustres,
1696 968 1821 1022 tantum
1856 958 1970 1039 utique

415 1056 478 1121 iuit
491 1058 659 1121 sublimisl
674 1058 825 1122 Similiter
838 1058 938 1122 frater
950 1059 1105 1142 AEgidius,
1121 1059 1161 1121 de
1216 1065 1370 1137 quantum
1405 1058 1575 1121 condecuit
1608 1077 1715 1120 veram
1747 1056 1803 1120 Dei
1836 1056 1969 1120 Matrem

413 1174 476 1238 quo
498 1157 595 1220 relert
615 1157 845 1237 Bouaventura,
862 1157 946 1237 quod
968 1157 1061 1220 toties
1081 1156 1162 1219 vidit
1216 1155 1405 1238 praelulgere
1426 1156 1482 1218 Dei
1504 1156 1671 1220 ministris.

413 1272 487 1317 eum
516 1263 640 1336 raptum
669 1255 702 1316 in
731 1255 849 1318 divinis
878 1255 974 1318 etiam
1002 1273 1066 1318 uno
1094 1255 1158 1335 die,
1255 1253 1371 1316 Dicunt
1405 1263 1511 1317 autem
1550 1255 1696 1319 doctores
1736 1253 1966 1332 communiter,

412 1351 497 1433 quod
520 1352 692 1436 ,videbatur
714 1353 892 1434 angelicam
916 1354 1033 1416 ducere
1061 1355 1159 1416 vitam
1215 1353 1300 1433 quod
1314 1352 1433 1432 lloyses
1449 1353 1611 1434 legislator
1624 1354 1879 1433 llebraeorum,et
1892 1353 1969 1415 Pau-

412 1450 445 1512 in
460 1450 566 1514 terris.
1216 1449 1266 1511 lus
1281 1450 1424 1532 gentium
1439 1451 1559 1531 doctor,
1576 1452 1724 1514 viderunt
1737 1453 1836 1515 Deum
1852 1453 1885 1513 in
1903 1451 1967 1514 hac

450 1549 489 1611 Et
507 1567 593 1611 nunc
613 1548 690 1628 quid
714 1548 810 1630 digne
834 1550 968 1612 narrabo
990 1550 1028 1612 de
1051 1557 1160 1611 sancta
1217 1547 1282 1610 vita
1309 1567 1366 1628 per
1401 1549 1552 1629 speciem,
1583 1549 1695 1613 saltem
1725 1551 1835 1626 semel,
1865 1550 1967 1612 etad

411 1655 443 1710 et
470 1646 642 1710 innocente
669 1647 792 1728 virgine
821 1647 980 1710 Elisabeth
1008 1648 1047 1710 de
1072 1648 1160 1729 Spal-
1216 1653 1341 1726 tempus
1368 1646 1622 1709 determinatum.
1649 1647 1769 1728 Nempe
1797 1649 1836 1710 de
1861 1648 1967 1728 Moyse

411 1745 499 1822 beec,
517 1763 588 1826 quae
609 1744 751 1824 quotidie
772 1745 889 1826 septies
910 1745 957 1808 sic
979 1745 1161 1826 rapiebatur
1215 1742 1367 1804 Dominus
1388 1743 1456 1805 ait:
1473 1745 1593 1825 lloyses
1615 1745 1648 1806 in
1669 1745 1758 1807 omni
1779 1745 1874 1807 domo
1894 1763 1969 1807 mea
1999 1754 2068 1796 Nm
2085 1767 2114 1799 ιι

411 1841 445 1905 in
469 1842 580 1922 Deum,
605 1842 690 1922 quod
715 1849 814 1905 totum
840 1843 1063 1924 corpusculum
1089 1843 1159 1924 ejus
1178 1838 1200 1899 B
1217 1840 1426 1903 fidelissimus
1450 1851 1498 1905 est
1515 1867 1522 1904 :
1539 1861 1594 1905 ore
1618 1843 1703 1905 enim
1728 1844 1766 1905 ad
1791 1860 1827 1905 os
1851 1843 1968 1923 loquor
1984 1818 2041 1866 Μ·

410 1939 510 2021 jacuit
537 1941 675 2022 rigidum
705 1940 804 2003 instar
831 1942 919 2003 saxil
948 1940 1161 2004 Consimiliter
1215 1939 1262 2013 ei,
1276 1947 1307 2001 et
1321 1938 1437 2020 palam,
1450 1958 1514 2003 non
1530 1959 1586 2020 per
1599 1940 1768 2021 aenigmata
1781 1949 1814 2002 et
1828 1939 1965 2022 ligures,

411 2045 521 2099 sancta
552 2044 584 2099 et
611 2037 766 2101 innocens
801 2038 890 2118 virgo
919 2037 1088 2100 Catharina
1120 2039 1160 2100 de
1215 2036 1303 2098 videt
1318 2037 1426 2100 Deum.
1444 2037 1559 2118 Sicque
1581 2057 1637 2120 pro
1653 2047 1795 2120 tempore
1811 2038 1867 2101 illo
1889 2058 1967 2101 con-

412 2133 503 2196 Senis
519 2134 760 2215 contemplatrix
775 2135 836 2196 luit
857 2135 1024 2213 altissima,
1040 2154 1111 2217 quaa
1126 2134 1159 2196 in
1215 2153 1339 2221 cessum
1368 2144 1416 2196 est
1439 2136 1535 2217 lloysi
1561 2136 1645 2217 quod
1669 2145 1742 2199 ante
1766 2137 1829 2199 luit
1853 2137 1883 2199 ei
1908 2157 1967 2199 ue-

411 2231 733 2313 contemplationibus
756 2232 821 2294 suis
843 2232 1038 2313 quotidianis
1054 2233 1100 2294 sic
1118 2232 1158 2294 ab
1214 2240 1334 2313 gutum,
1349 2233 1537 2313 juxtaquod
1554 2234 1693 2314 legitur:
1711 2235 1794 2296 Dixit
1810 2235 1964 2298 Dominus
1996 2248 2075 2291 asoa.

410 2330 498 2393 omni
527 2348 623 2391 sensu
652 2338 683 2392 et
711 2338 800 2394 motu
834 2331 1042 2408 alienabatur,
1073 2332 1158 2411 quod
1214 2329 1253 2390 ad
1272 2329 1397 2411 Moysen
1421 2353 1428 2391 :
1448 2331 1599 2393 Invenisti
1617 2331 1751 2412 gratiam
1770 2351 1878 2395 coram
1897 2351 1963 2411 me,
1980 2324 2061 2415 ἷξῗω·
2088 2314 2115 2353 ¹⁷·

409 2427 556 2509 quamvis
571 2446 683 2489 manus
705 2436 760 2490 aut
778 2428 875 2508 pedes
896 2428 924 2490 ei
945 2428 1061 2490 abscisi
1081 2427 1160 2490 fuis·
1214 2435 1246 2488 et
1268 2434 1300 2488 te
1324 2427 1430 2508 ipsum
1453 2427 1529 2490 novi
1552 2448 1590 2491 ex
1615 2429 1755 2492 nomine.
1772 2430 1830 2505 Qui
1855 2431 1900 2492 ait
1923 2431 1965 2492 ad

410 2533 481 2588 sent
497 2533 588 2607 raptu
610 2525 755 2602 durante,
771 2543 971 2607 nequaquam
994 2527 1156 2589 sensisset.
1213 2524 1383 2586 Dominum
1406 2524 1569 2589 :Ostende
1594 2526 1673 2589 mihi
1698 2526 1832 2608 gloriam
1852 2537 1962 2606 tuam3

409 2622 454 2685 De
478 2621 655 2685 visionibus
680 2641 805 2704 quoque
829 2631 859 2684 et
885 2623 1160 2704 contemplationi·
1213 2629 1245 2683 et
1273 2625 1359 2700 [ante
1383 2623 1516 2701 dixerat]
1545 2646 1552 2684 ι
1579 2624 1611 2685 Si
1635 2623 1743 2686 iuveni
1767 2624 1902 2706 gratiam
1928 2626 1964 2688 in
1982 2649 2048 2691 rasa.
2064 2653 2093 2691 n.

411 2721 470 2783 bus
491 2719 522 2782 S.
538 2719 677 2802 Brigittae
699 2719 802 2782 viduae
824 2721 904 2782 mira
925 2729 957 2782 et
979 2740 1095 2802 magna
1116 2722 1160 2784 le-
1214 2727 1386 2801 couspectu
1401 2728 1467 2798 tuo,
1484 2722 1615 2783 ostende
1634 2721 1714 2784 mihi
1730 2722 1845 2786 faciem
1861 2731 1962 2803 tuam,

410 2825 538 2899 guntur.
1214 2825 1249 2880 ut
1277 2816 1375 2879 seiam
1403 2825 1445 2880 te.
1476 2818 1649 2899 Respondit
1676 2818 1829 2883 Dominus
1859 2845 1866 2882 :
1896 2821 1965 2902 Ego
1983 2847 2117 2893 [asanaa.

451 2915 522 2977 llaec
533 2934 634 2996 pauca
645 2916 684 2977 de
696 2915 805 2977 multis
817 2916 1040 2998 exemplariter
1051 2925 1156 2998 tango,
1213 2915 1379 2978 ostendam
1394 2914 1451 2976 tibi
1473 2934 1567 2979 omne
1589 2916 1720 2994 bonum,
1737 2927 1769 2980 et
1787 2918 1966 2982 miserebor

408 3021 445 3098 pt
459 3031 497 3074 ea
507 3032 577 3094 quae
591 3013 630 3076 de
646 3013 887 3095 incomparabili
900 3015 1073 3077 eminentia
1088 3034 1159 3077 con·
1174 3012 1196 3074 C
1214 3013 1266 3075 cui
1282 3013 1423 3092 voluero,
1441 3020 1472 3075 et
1486 3013 1626 3076 clemens
1641 3034 1695 3079 ero
1718 3015 1751 3076 in
1772 3034 1865 3097 quem
1883 3017 1963 3078 mihi

411 3110 626 3194 templationis
652 3111 918 3175 benedictissimae
944 3112 1078 3194 virginis
1100 3114 1160 3176 lla·
1213 3111 1389 3193 placuerit3
1424 3110 1541 3174 laeiem
1576 3120 1682 3175 autem
1715 3133 1819 3177 meam
1853 3115 1965 3178 videre

410 3210 465 3272 riae
480 3218 554 3272 suut
570 3211 760 3289 introducta,
778 3212 893 3273 melius
908 3213 1156 3293 perpendantur.
1214 3228 1278 3271 non
1298 3210 1417 3291 poteris
1434 3233 1441 3271 :
1460 3228 1522 3273 non
1545 3210 1630 3272 enim
1653 3212 1774 3275 videbit
1793 3232 1845 3275 me
1866 3214 1964 3277 homo

408 3308 479 3389 Ipsa
498 3309 650 3391 quippea
670 3309 758 3371 nullo
778 3309 947 3371 illustrium
968 3328 1032 3372 nou
1056 3311 1158 3373 solum
1214 3315 1246 3369 et
1263 3308 1359 3370 vivet.
1382 3307 1476 3369 Porro
1501 3307 1614 3370 Paulus
1638 3310 1678 3371 de
1697 3329 1731 3372 se
1752 3310 1823 3391 ipso
1843 3312 1882 3373 ad
1906 3312 1965 3375 Co-

409 3424 474 3469 uon
489 3406 639 3486 vincitur,
648 3406 712 3469 imo
730 3415 762 3469 et
775 3408 940 3469 universas
955 3428 1107 3489 personas
1123 3409 1159 3470 il·
1214 3405 1348 3468 rinthios
1369 3405 1502 3490 loquens
1525 3430 1531 3468 :
1553 3406 1625 3469 Scio
1647 3408 1777 3489 (iuquit)
1798 3409 1963 3472 hominem
1983 3432 2070 3476 ηοω.
2086 3447 2119 3480 ιιι,

408 3504 534 3581 lustreS,
545 3504 820 3585 contemplativas,
831 3505 986 3583 heroicas,
997 3507 1159 3588 incompa-
1216 3503 1249 3564 in
1277 3503 1399 3565 Christo
1428 3504 1510 3581 (sive
1540 3505 1572 3565 in
1606 3524 1738 3586 corpore
1773 3507 1840 3570 sive
1875 3497 2031 3571 extra²'⁴·

408 3602 550 3664 rabiliter
575 3601 685 3664 vincit.
706 3602 779 3666 ldeo
804 3603 1040 3684 contemplatio,
1063 3604 1155 3682 visio,
1214 3620 1341 3682 corpus,
1367 3601 1487 3681 nescio,
1510 3602 1591 3664 Deus
1616 3603 1689 3681 scit)
1714 3612 1837 3685 raptum
1862 3625 1964 3686 usque
2152 3569 2154 3710 l

408 3700 560 3763 revelatio
576 3700 657 3780 ejus,
674 3700 816 3762 omnium
840 3701 1062 3782 praedictorum
1084 3721 1159 3765 con·
1214 3699 1253 3761 ad
1282 3698 1412 3760 tertium
1442 3699 1581 3777 coelum;
1612 3708 1643 3762 et
1675 3701 1742 3765 scio
1777 3702 1964 3784 hujusmodi

409 3796 803 3878 templationes,visi0nes,
815 3798 1025 3862 revelationes
1041 3800 1158 3882 inclyte
1214 3796 1378 3857 hominem
1394 3796 1476 3875 (sive
1498 3796 1532 3858 in
1555 3815 1687 3877 corpore
1709 3797 1778 3861 sive
1792 3807 1880 3863 extra
1895 3819 1966 3863 ccr-

410 3895 570 3977 superavit
601 3919 608 3957 ε
638 3896 784 3975 quamvis
813 3914 877 3959 uon
906 3904 1049 3977 oporteat
1076 3898 1160 3960 aesti-
1214 3912 1284 3975 pus,
1309 3893 1429 3971 neseio,
1457 3893 1538 3955 Dens
1564 3895 1648 3974 seit),
1675 3895 1826 3976 quoniam
1854 3906 1967 3979 raptus
2152 3961 2153 3976 ,

410 4011 497 4055 mare
511 3993 595 4073 quod
617 3993 901 4075 contemplationes
923 3994 1024 4075 ipsius
1040 3996 1160 4058 luerint
1214 4000 1262 4053 est
1280 3992 1313 4053 in
1333 3991 1526 4072 paradisum,
1542 4001 1575 4054 et
1587 3993 1709 4055 audivit
1724 4012 1838 4057 arcana
1853 3997 1963 4075 verba,
2152 3981 2153 4058 l

411 4111 485 4155 cum
506 4091 691 4172 hujusmodi
713 4091 915 4169 alienatione,
933 4093 1058 4170 ecstasi,
1076 4094 1160 4175 rigo·
1213 4108 1283 4170 quaa
1311 4107 1375 4152 non
1405 4088 1479 4150 licet
1501 4090 1625 4153 homiui
1650 4091 1747 4172 loqui.
1774 4091 1964 4173 Huiusmodi

413 4208 510 4269 reque
524 4190 678 4269 corporis,
696 4197 730 4251 ut
750 4190 790 4251 de
811 4190 950 4271 praelatis
969 4191 1090 4253 dietum
1112 4201 1160 4254 est
1175 4193 1200 4255 D
1214 4204 1341 4267 quoque
1366 4186 1522 4249 visionem
1542 4187 1619 4249 dicit
1640 4188 1787 4251 hibertus
1812 4191 1965 4256 babuisse

413 4286 548 4367 Sanctis,
570 4296 664 4370 prout
687 4287 720 4349 in
746 4288 935 4369 precedenti
960 4289 1093 4352 articulo
1112 4298 1161 4352 est
1214 4285 1366 4348 loannem
1391 4285 1569 4364 apostolum
1593 4287 1626 4348 in
1650 4287 1709 4349 hac
1733 4288 1809 4351 vita.
1830 4288 1863 4351 Si
1886 4309 1965 4370 ergo

412 4393 587 4450 ostensum.
1215 4383 1297 4444 Deus
1325 4382 1475 4446 bonitatis
1503 4382 1667 4447 immense
1695 4404 1729 4447 se
1757 4386 1862 4468 ipsum
1898 4397 1963 4452 tam

1214 4480 1352 4562 gratiose
1366 4488 1398 4542 et
1412 4480 1496 4543 clare
1518 4481 1551 4543 in
1573 4482 1638 4544 vita
1659 4484 1806 4564 praesenti
1824 4487 1967 4550 ostendit

1215 4577 1344 4640 famulis
1370 4578 1447 4658 suis,
1469 4587 1589 4659 quanto
1617 4582 1717 4662 magis
1745 4582 1965 4648 dilectissimae

614 4648 859 4713 ARTICULUS
879 4648 956 4711 ΧΠ·
1215 4676 1302 4737 llatri
1327 4678 1412 4737 suael
1437 4676 1503 4739 lmo
1529 4676 1581 4757 pie
1605 4678 1798 4742 credendum
1824 4681 1962 4764 videtur,

411 4799 466 4859 An
486 4798 800 4874 glorificandissima
822 4796 914 4870 virgo
937 4797 1050 4855 Maria
1075 4798 1161 4856 uidit
1214 4774 1298 4854 q¹¹⁰d
1327 4773 1435 4854 ulique
1464 4793 1528 4837 ⁵¹¹ae
1555 4775 1750 4857 digniSSlfflffl
1783 4787 1878 4860 alqlffl
1905 4798 1965 4861 1³¹1·

508 4890 612 4948 Deum
624 4903 686 4960 per
700 4884 834 4959 speciem
849 4885 886 4943 in
901 4884 961 4942 aaa
976 4885 1055 4944 viva,
1214 4870 1348 4933 rissimae
1376 4870 1527 4934 Genitrici
1549 4881 1638 4936 tanto
1662 4874 1873 4956 frequentius,
1899 4876 1966 4939 cla-

1214 4968 1281 5030 rius
1306 4988 1341 5031 ac
1370 4970 1551 5033 diuturnius
1579 4972 1719 5034 ostendit
1745 4972 1780 5034 iu
1808 4974 1873 5036 vita
1901 4975 1965 5037 ista

481 5072 663 5135 STDNDE
684 5070 768 5129 mihi
793 5071 912 5146 faciem
942 5079 1044 5141 tuam,
1070 5080 1160 5130 sonet
1214 5086 1278 5129 suae
1297 5068 1467 5130 essentiam
1482 5068 1608 5131 deitatis
1623 5088 1680 5149 per
1694 5070 1846 5151 speciem,
1863 5090 1965 5153 quau-

496 5190 557 5229 uow
577 5179 634 5229 tuo
654 5169 689 5226 in
715 5167 854 5227 auribus
879 5170 967 5227 meis
989 5166 1032 5229 De
1057 5168 1159 5229 excel·
1213 5173 1245 5229 to
1270 5165 1304 5228 in
1328 5167 1387 5229 huc
1412 5168 1514 5247 gratia
1537 5168 1643 5231 decuit
1666 5168 1794 5231 Matrem
1819 5170 1874 5233 Dei
1896 5190 1962 5252 prus

408 5267 506 5331 lentia
525 5264 689 5349 sapientie
709 5271 741 5327 et
762 5263 1041 5347 contemplationis
1056 5264 1157 5327 admi·
1214 5264 1328 5329 ceteris
1349 5265 1497 5330 honorari
1517 5275 1612 5348 atque
1631 5268 1796 5332 excellere.
