4309 6250
455 485 516 550 640
551 502 590 548 tta
604 500 812 548 anmantuus
833 499 927 546 SDssl
949 493 1116 542 routlrlcts
1137 495 1174 540 ttr
1187 492 1358 540 athanasus
1379 494 1519 555 coactata,
1540 495 1629 542 blm
1649 496 1693 542 lll.
1716 513 1757 525 ·-
1777 497 1846 542 ΑΜ.
1868 497 1907 546 XV

457 673 504 756 git
517 692 588 736 eam
603 669 785 734 immediate
800 687 858 750 per
870 667 954 730 dena
965 665 1205 743 charismatum,
1222 663 1246 726 Α
1261 682 1326 726 uon
1350 663 1533 744 habuimus,
1554 667 1621 744 sed,
1642 685 1706 730 uon
1729 666 1882 730 habemns
1901 692 1908 730 ε
1927 669 1994 749 qnia

457 791 516 854 per
529 770 713 832 influentias
728 767 912 850 gratiarum,
930 783 986 845 per
1004 761 1206 826 infallibilem
1261 762 1331 825 sine
1344 763 1537 843 quotidianis
1551 764 1656 847 culpis
1669 765 1849 828 venialibus
1866 786 1921 829 uec
1935 777 1994 829 tarr

457 868 665 932 directionem
686 866 822 947 Spiritus
837 862 956 941 Sancti,
973 863 1017 924 ita
1037 860 1122 943 quod
1137 860 1208 941 ipsa
1260 869 1311 924 tus
1335 862 1537 944 Evangelista
1560 863 1632 926 fuit.
1649 866 1688 926 At
1712 883 1787 928 vero
1812 865 1845 926 in
1867 865 1941 928 libro
1958 867 1993 928 dc

457 966 599 1030 Ecclesia
614 983 719 1028 errare
734 981 798 1025 non
814 968 928 1042 potest,
945 959 999 1022 sed
1014 967 1063 1021 est
1084 958 1118 1020 in
1136 977 1207 1038 gra-
1260 959 1428 1024 Praesentia
1450 960 1505 1024 Dei
1529 962 1568 1024 ad
1593 963 1773 1025 Dardanum
1797 963 1909 1026 clarius
1929 965 1991 1026 ait:

457 1066 501 1128 tia
516 1063 705 1128 confirmata
726 1077 914 1142 semperque
936 1065 1055 1133 saneta,
1072 1075 1137 1121 uon
1151 1056 1206 1118 ha·
1259 1057 1347 1121 lianc
1361 1059 1550 1136 orationem,
1567 1060 1696 1123 Dimitte
1718 1061 1811 1124 nobis
1831 1062 1931 1124 debita
1943 1082 1993 1126 ue

457 1165 536 1228 bens
558 1161 717 1226 maculam
739 1178 843 1241 neque
865 1176 987 1238 rugam,
1005 1155 1088 1217 sicut
1110 1156 1149 1217 de
1168 1174 1205 1216 ee
1260 1169 1336 1238 stra,
1352 1159 1501 1223 universa
1520 1161 1564 1223 ait
1584 1161 1739 1240 Ecclesia,
1759 1182 1855 1243 quam
1875 1166 1993 1226 mundat

457 1262 535 1326 dicit
549 1261 588 1325 ad
611 1257 765 1342 Ephesios
787 1257 955 1339 Apostolus
972 1278 980 1317 ε
997 1253 1138 1316 Christus
1159 1253 1206 1315 di·
1260 1259 1403 1322 Salvator
1426 1259 1551 1324 lavacro
1575 1279 1664 1343 aquae
1689 1262 1723 1323 in
1748 1262 1846 1325 verbo
1868 1263 1943 1340 vila,
1961 1271 1991 1326 ur

456 1361 533 1425 lexit
559 1357 747 1438 Ecclesiam,
777 1364 808 1420 et
837 1354 965 1418 tradidit
998 1353 1205 1434 semetipsum
1259 1376 1329 1420 eam
1350 1357 1410 1420 sibi
1435 1357 1583 1421 exhibeat
1604 1359 1790 1442 gloriosam,
1806 1380 1869 1424 uon
1887 1361 1991 1424 habeu-

457 1479 514 1541 pro
543 1479 590 1538 ea,
618 1465 653 1520 ut
680 1455 768 1518 illam
796 1452 1023 1530 sanctificaret,
1046 1452 1205 1513 mundans
1259 1465 1323 1519 tem
1351 1457 1509 1519 maculam
1537 1476 1641 1538 neque
1669 1477 1781 1540 rugam
1808 1467 1861 1522 aut
1883 1459 1989 1542 aliquid

456 1577 526 1621 eam
542 1558 669 1620 lavacro
683 1573 773 1636 aqnae
795 1552 828 1615 iu
851 1551 947 1614 verbo
969 1550 1052 1629 vitra,
1069 1557 1104 1611 ut
1118 1549 1205 1612 exhi·
1258 1555 1441 1637 hujusmodi
1459 1578 1466 1617 :
1484 1563 1560 1619 tuno
1580 1556 1689 1638 utiquo
1708 1576 1808 1638 quum
1824 1557 1990 1639 perficiem

455 1659 544 1723 beret
568 1657 629 1720 sibi
653 1654 824 1738 gloriosam
849 1650 1037 1728 Ecclesiam,
1061 1669 1126 1713 non
1150 1650 1205 1712 ha·
1259 1653 1291 1715 iu
1315 1674 1361 1733 re,
1387 1654 1442 1717 ubi
1472 1674 1559 1717 nnnc
1586 1654 1787 1737 perficienda
1809 1657 1938 1719 ambulat
1959 1657 1989 1719 iu

455 1759 583 1822 bentem
608 1754 765 1818 maculam
791 1769 894 1833 neque
919 1768 1040 1831 rugam.
1062 1749 1149 1811 Unde
1173 1757 1205 1811 et
1258 1773 1325 1835 spe.
1343 1752 1421 1815 Nam
1440 1754 1600 1834 quomodo
1622 1763 1671 1817 est
1690 1774 1778 1818 nunc
1801 1774 1864 1819 nou
1883 1755 1989 1819 habeas

455 1856 608 1919 articulus
624 1853 700 1916 fidei
715 1860 774 1929 est,
791 1850 920 1912 eredere
935 1847 1110 1911 Ecclesiam
1133 1845 1240 1910 san-B
1259 1851 1417 1914 maculam
1441 1871 1545 1933 neque
1568 1871 1678 1935 rugam
1703 1861 1759 1916 aut
1783 1854 1898 1935 aliquid
1915 1855 1990 1935 ejus

456 1963 550 2034 ctam,
571 1951 770 2016 catholicam.
787 1949 858 2011 llaee
880 1966 955 2029 ergo
974 1945 1117 2009 Ecclesia
1139 1965 1203 2009 uon
1258 1951 1355 2028 modi,
1372 1969 1443 2032 qua
1463 1951 1514 2014 vel
1535 1951 1569 2012 in
1588 1951 1739 2015 omnibus
1760 1954 1801 2016 ad
1822 1972 1888 2016 eam
1905 1954 1990 2036 pcrti-

455 2054 582 2118 videtnr
595 2049 824 2133 gubernatione
839 2047 982 2128 indigere
996 2046 1147 2124 hrunana,
1161 2045 1204 2108 ita
1258 2049 1407 2112 uentibus
1422 2049 1618 2131 hominibus,
1628 2051 1684 2131 qui
1697 2051 1766 2132 jam
1782 2051 1895 2115 ratione
1908 2062 1990 2114 utun·

456 2153 540 2234 quod
560 2150 643 2232 Papa
664 2148 692 2211 ei
713 2167 777 2210 uon
797 2153 921 2229 praeest.
1257 2157 1309 2212 tur
1319 2158 1351 2211 et
1361 2148 1530 2212 voluntatis
1541 2149 1682 2228 arbitrio,
1690 2151 1888 2233 mortalisque
1900 2151 1990 2213 camis

377 2310 382 2322 ,
420 2291 441 2322 v.
492 2251 556 2313 Sed
568 2249 651 2311 sieut
666 2247 780 2328 partim
797 2245 830 2306 in
842 2245 943 2326 primo
958 2251 1092 2306 tractatu
1103 2251 1205 2306 osten·
1258 2247 1570 2329 sarcinamportant,
1587 2247 1639 2310 vel
1653 2257 1740 2312 certe
1754 2250 1852 2330 (quod
1871 2249 1987 2330 etipsos

456 2369 526 2412 sum
555 2356 614 2426 cst,
645 2363 795 2426 nuncque
822 2340 974 2406 diffusius
1006 2342 1202 2421 ostendetur,
1258 2346 1473 2409 contentiosos
1495 2365 1627 2408 necesse
1648 2355 1698 2409 est
1717 2346 1826 2427 fateri)
1844 2349 1876 2409 iu
1893 2347 1988 2409 multis

455 2449 577 2512 dietum
602 2445 686 2508 istud
715 2463 844 2526 prorsus
868 2441 1044 2504 invalidum
1070 2449 1129 2518 est,
1156 2461 1205 2503 ra·
1258 2443 1324 2506 suis
1348 2442 1510 2521 membris,
1527 2443 1607 2506 dicit
1629 2445 1784 2526 quotidie,
1800 2446 1919 2508 Dimitte
1938 2465 1988 2508 no

456 2546 534 2610 tioni
551 2543 763 2608 insufficienti
780 2541 929 2604 innitens.
940 2539 1053 2616 Primo,
1066 2539 1143 2620 quia
1157 2541 1205 2618 (ut
1258 2542 1308 2605 bis
1326 2541 1433 2605 debita
1455 2544 1586 2605 nostrat

351 2673 380 2714 ·r
410 2687 438 2715 m,
450 2644 570 2728 patuit)
584 2644 720 2706 Thomas
742 2648 773 2703 et
793 2639 941 2702 Nicolaus
962 2639 1001 2701 de
1016 2637 1114 2701 Gerra
1134 2637 1204 2719 plu·
1296 2640 1350 2704 His
1378 2641 1551 2704 eoncordat
1584 2642 1668 2723 quod
1701 2649 1815 2706 octavo
1841 2643 1986 2706 lloralium

455 2763 568 2825 resque
591 2741 646 2804 alii
671 2742 817 2803 doctores
841 2745 873 2800 et
897 2737 1092 2818 expositores
1115 2736 1204 2798 affir-
1256 2739 1424 2822 Gregorius
1438 2759 1535 2822 super
1556 2739 1635 2802 illud
1655 2740 1725 2820 lob,
1742 2741 1852 2804 lnduta
1870 2750 2087 2807 cstcaroreas

455 2851 541 2905 mant
558 2841 654 2904 verba
669 2839 724 2901 illa
745 2835 885 2918 Apostoli
906 2835 1081 2898 convenire
1095 2834 1204 2896 Eccle-
1258 2857 1328 2901 mea
1351 2838 1519 2920 putredine
1540 2846 1572 2901 et
1593 2838 1742 2902 sordibus
1767 2840 1912 2923 pulveris,
1925 2839 1984 2902 ait:

455 2942 507 3004 siae
523 2959 580 3022 pro
596 2946 678 3001 statu
699 2937 713 2998 f
715 2945 818 3014 utare,
835 2953 900 2998 non
915 2933 948 2996 iu
970 2933 1129 3016 prasenti,
1147 2933 1202 2996 ubi
1257 2937 1289 2999 si
1305 2937 1389 3000 istud
1404 2956 1442 3000 ex
1458 2955 1535 3000 voce
1550 2936 1699 3000 Ecclesia
1720 2938 1903 3001 universalis
1915 2938 1988 3000 acci-

393 3071 440 3108 m,
455 3041 482 3102 si
497 3038 670 3103 dixerimus
684 3035 759 3118 quia
774 3042 938 3118 peccatum
955 3033 1200 3110 non'habemus,
1217 3034 1238 3097 G
1256 3035 1374 3116 pimus,
1391 3035 1562 3117 aliquando
1583 3035 1667 3098 hanc
1689 3038 1800 3118 procul
1819 3037 1911 3099 dubie
1928 3055 1987 3098 aar·

455 3160 514 3204 nos
536 3140 623 3223 ipsos
645 3136 840 3201 seducimus.
1257 3136 1306 3199 nis
1334 3136 1511 3219 putredine,
1542 3136 1714 3218 aliquando
1742 3145 1848 3200 autem
1878 3135 1986 3219 gravari

494 3239 532 3302 lli
547 3256 674 3320 quoque
696 3236 815 3298 habent
836 3231 1074 3296 evidentissime
1097 3249 1154 3312 pre
1168 3250 1203 3293 se
1257 3235 1403 3299 sordibus
1418 3233 1559 3315 pulveris
1579 3234 1764 3297 invenimus
1781 3259 1788 3298 :
1805 3235 1892 3297 multi
1908 3233 1988 3317 quip

453 3336 664 3419 augustinum
686 3334 717 3396 iu
744 3331 889 3415 pluribus
915 3330 1005 3393 locis.
1021 3329 1055 3392 lu
1075 3330 1202 3393 exordio
1257 3353 1297 3417 pe
1312 3334 1434 3397 suntin
1449 3353 1486 3396 ea
1501 3332 1557 3414 qni
1572 3334 1649 3396 dum
1668 3334 1770 3397 amori
1788 3335 1890 3397 carnis
1902 3334 1988 3396 inser·

453 3436 570 3519 quippe
586 3433 659 3497 libri
674 3440 784 3496 contra
798 3428 974 3493 Donatistas
989 3428 1117 3507 latetur,
1134 3427 1203 3489 ubi·
1256 3432 1358 3511 viuut,
1379 3430 1492 3495 foetere
1516 3431 1647 3494 luxuriae
1671 3440 1943 3514 computrescuut;
1960 3440 1988 3493 et

453 3552 590 3615 cumque
615 3532 648 3593 in
674 3530 756 3592 libro
781 3537 890 3592 contra
915 3526 1092 3590 Donatistas
1116 3544 1203 3588 eom·
1256 3529 1401 3593 nonnulli
1421 3537 1495 3591 sunt
1514 3529 1569 3611 qui
1589 3548 1608 3591 a
1629 3529 1792 3612 voluptate
1811 3531 1910 3593 earnis
1927 3530 1988 3592 abs

453 3630 622 3696 memorari
648 3626 823 3692 Ecclesiam
849 3644 912 3689 non
939 3625 1110 3687 habentem
1136 3644 1202 3686 ma·
1255 3627 1369 3705 tinent,
1391 3628 1448 3689 sed
1472 3635 1579 3689 tamen
1600 3635 1797 3690 tetamento
1820 3628 1986 3691 interranis

453 3732 557 3796 culam
574 3748 678 3811 neque
694 3746 816 3808 rugam,
832 3744 897 3788 non
917 3723 962 3787 sic
978 3723 1201 3805 accipiendum
1255 3726 1380 3788 actibus
1394 3725 1513 3806 jacent.
1529 3725 1620 3788 Dicat
1639 3744 1716 3807 ergo
1737 3735 1847 3788 sancta
1864 3725 1987 3790 Ecclesia

451 3830 542 3912 qnasi
570 3829 636 3911 jam
662 3826 715 3904 sit,
741 3824 815 3905 quia
839 3842 924 3885 nuuc
949 3829 1143 3905 preparatur
1168 3829 1202 3884 ut
1258 3824 1334 3905 quid
1350 3824 1389 3886 de
1404 3831 1538 3904 utroque
1552 3841 1670 3904 genere
1684 3823 1851 3887 hominum
1865 3822 1984 3888 tolerat:

452 3928 494 3991 sit
508 3926 635 4010 qnando
649 3921 816 4007 apparebit
835 3922 930 3984 etiam
946 3922 1093 4002 gloriosa.
1111 3918 1201 3983 Nunc
1254 3923 1366 3985 luduta
1390 3930 1438 3984 est
1462 3940 1536 3985 caro
1560 3941 1631 3985 mea
1656 3922 1826 4004 putredine
1849 3932 1880 3985 et
1902 3922 1987 3986 sordi·

451 4028 538 4090 enim
558 4032 688 4109 propter
711 4022 864 4104 quasdam
886 4018 1082 4101 ignorantias
1100 4026 1132 4081 et
1153 4018 1203 4081 in·
1255 4020 1316 4083 bus
1343 4020 1501 4104 pulveris,
1528 4038 1566 4083 ac
1591 4020 1617 4082 si
1641 4029 1749 4102 aperte
1772 4022 1859 4085 dieat
1879 4046 1887 4083 :
1906 4020 1987 4083 Pleri-

452 4126 619 4190 firmitates
635 4124 850 4186 membrorum
864 4138 993 4182 suorum
1007 4118 1104 4181 habet
1117 4120 1201 4182 uude
1253 4139 1317 4202 qno
1342 4118 1422 4182 mihi
1451 4137 1509 4200 per
1535 4118 1635 4181 iidem
1665 4120 1809 4182 membra
1837 4118 1986 4200 suntsed

451 4224 592 4309 quotidie
615 4229 680 4285 tota
700 4220 786 4283 diest
803 4243 809 4281 :
827 4217 956 4279 Dimitte
977 4216 1069 4280 nobis
1093 4218 1200 4281 debita
1215 4217 1240 4279 D
1254 4228 1361 4283 tamen
1386 4238 1463 4281 sana
1487 4226 1519 4281 et
1538 4218 1657 4281 munda
1678 4238 1736 4301 per
1756 4219 1910 4283 actionem
1932 4238 1985 4283 uon

327 4340 333 4361 ¹
376 4340 382 4352 ·
451 4332 570 4389 nostra.
586 4318 766 4401 Insuperin
788 4324 900 4399 quarto
922 4316 1001 4378 libro
1017 4323 1127 4379 contra
1141 4318 1201 4380 Do-
1254 4326 1339 4397 sunt,
1361 4316 1437 4399 quia
1467 4324 1523 4379 aut
1548 4316 1693 4399 turpibus
1717 4318 1885 4382 desideriis
1907 4318 1983 4399 sicli,

452 4422 582 4486 natistas
598 4419 718 4503 prolixe
734 4415 872 4493 deducit,
888 4415 972 4496 quod
988 4422 1102 4495 prater
1115 4415 1200 4479 Chri·
1253 4416 1293 4479 ad
1318 4414 1532 4499 corruptionis
1551 4415 1751 4497 putredinem
1772 4417 1926 4496 defluunt,
1940 4424 1985 4481 aut

451 4531 536 4585 stum
564 4536 659 4581 neme
688 4514 786 4580 fuerit
813 4512 964 4576 immunis
989 4532 1007 4575 a
1034 4513 1140 4594 culpa,
1167 4522 1199 4577 et
1254 4514 1388 4579 terrenis
1418 4513 1540 4577 actibus
1563 4514 1672 4592 dediti,
1696 4515 1829 4595 pulvere
1852 4534 1986 4600 consper-

451 4621 523 4683 ideo
552 4636 615 4680 nou
644 4622 765 4678 tautum
794 4612 1015 4675 universaliter
1045 4612 1198 4675 fidelibus
1251 4620 1380 4696 guntur.

450 4716 611 4795 omnibus,
637 4732 749 4777 rerum
773 4711 869 4774 etiam
893 4709 1028 4790 singulis
1053 4729 1198 4773 neeessa-
1292 4712 1455 4789 Praeterea,
1467 4711 1541 4773 dato
1556 4710 1640 4792 qnod
1656 4718 1720 4775 tota
1735 4720 1846 4776 sancta
1859 4712 1988 4777 Ecclesia

451 4816 534 4881 rium
550 4815 592 4877 sit
605 4813 710 4877 dicere
729 4834 736 4874 :
753 4808 879 4873 Dimitte
900 4808 993 4871 nobis
1015 4808 1121 4872 debita
1142 4829 1198 4872 no
1253 4810 1298 4874 sic
1318 4818 1403 4873 esset
1418 4808 1607 4874 confirmata
1621 4808 1655 4872 in
1669 4812 1772 4891 gratia
1790 4820 1823 4874 et
1837 4822 1940 4876 saneta
1956 4831 1987 4874 ac

450 4924 524 4978 stra.
542 4914 585 4975 De
610 4911 670 4974 hoe
696 4910 787 4993 plura
812 4906 923 4971 scribit
947 4926 1043 4990 super
1062 4906 1197 4989 primam
1253 4909 1396 4991 simplex,
1415 4909 1498 4990 quod
1514 4907 1621 4970 nullus
1636 4907 1784 4972 fidelium
1798 4920 1905 4992 posset
1923 4930 1987 4994 pec·

449 5010 579 5077 loannis
602 5009 805 5085 Canouieam,
823 5015 960 5069 tractans
984 5006 1073 5083 illud,
1096 5006 1127 5068 Si
1151 5007 1199 5069 di·
1252 5028 1336 5089 care,
1353 5015 1481 5089 propter
1499 5007 1560 5069 hoc
1574 5026 1639 5070 nou
1655 5019 1847 5090 repugnaret
1861 5010 1890 5073 ei
1904 5010 1987 5072 habe·

448 5112 589 5175 xerimus
604 5107 688 5191 quod
704 5114 868 5189 peceatum
884 5122 948 5167 nou
964 5103 1197 5183 habemus,uos
1252 5126 1287 5169 re
1308 5106 1341 5167 in
1364 5114 1447 5169 terra
1468 5105 1643 5188 praelatum.
1665 5105 1782 5185 Primo,
1797 5109 1940 5189 quoniam
1957 5114 1985 5169 et

448 5211 537 5294 ipses
560 5207 740 5272 seducimus
767 5229 774 5268 :
798 5203 853 5268 ubi
879 5202 1020 5266 affirmet
1044 5202 1197 5267 loannem
1252 5205 1284 5267 in
1304 5204 1426 5269 coelesti
1451 5203 1641 5284 hierarchia,
1663 5204 1717 5268 ubi
1743 5206 1838 5287 plena
1859 5206 1981 5269 fidelitas
1990 5194 2088 5305 ζῇ

448 5328 513 5375 non
538 5307 666 5385 dixisse,
684 5306 715 5369 si
738 5304 910 5369 dixerimus
932 5303 1006 5386 quia
1029 5311 1198 5389 peccatum
1253 5311 1313 5383 est,
1324 5303 1464 5387 prelatio
1479 5304 1726 5385 est,seeundum
1739 5304 1841 5368 divini
1856 5296 2038 5389 Dionysiiua'
