4309 6250
422 505 462 552 li!
483 505 646 554 lllfllll'l'A'l‘li
668 505 704 551 Sl*
724 503 873 551 nubieus
893 504 922 549 B.
944 503 975 548 V.
997 504 1116 562 UAlllAE,
1138 504 1226 552 blm
1246 507 1266 552 l.
1289 525 1330 536 -
1350 508 1422 554 aar.
1444 509 1498 556 xlx
1691 487 1728 554 fl

26 691 108 736 aare.
121 705 169 743 m.
184 676 302 756 dicere,
318 675 494 760 presertim
509 675 543 739 in
562 676 657 739 domo
671 673 809 738 Simonis
828 671 969 756 lepre-d
988 674 1163 737 secundum
1178 674 1348 759 Prophetas
1368 676 1447 739 scivi
1463 675 1729 758 crucifigendum,

28 758 79 798 ³⁸²
93 767 143 811 ἠ’
184 776 313 855 si,fuso
334 795 523 858 supereum
545 773 684 856 pretioso
703 780 877 856 unguento,
894 791 930 835 ac
985 781 1062 836 tuno
1089 775 1175 838 oculi
1204 775 1268 838 mei
1293 775 1436 839 lacrimis
1464 776 1678 858 replebantur,
1700 782 1733 838 et

34 887 169 938 traua-su.
184 874 300 938 deinde
323 873 500 938 clarissima
521 872 555 936 iu
573 873 669 936 domo
690 871 825 934 Marthae.
842 871 932 934 Deci·
986 890 1042 935 cor
1070 891 1176 936 meum
1207 874 1299 955 quasi
1324 893 1389 956 praa
1413 873 1543 936 tristitia
1566 873 1733 937 scindeba-

28 953 80 992 ¹⁶¹
95 963 142 1006 '⁸²¹'
184 993 248 1051 mo,
264 972 392 1055 quando
414 971 446 1034 in
469 971 520 1035 die
541 971 644 1034 Coenae
666 969 798 1034 recessit
818 969 858 1031 ab
880 987 929 1046 eo,
984 976 1056 1046 tur;
1083 978 1115 1032 et
1141 970 1218 1032 dnm
1246 970 1345 1033 Filius
1373 990 1463 1034 meus
1491 971 1630 1054 inspexit
1656 989 1732 1034 ocu·

184 1071 290 1135 sciens
304 1090 375 1135 eum
390 1070 424 1133 in
438 1070 491 1133 die
505 1068 649 1152 sequenti
665 1067 928 1149 crucifigendum.
986 1067 1033 1130 los
1053 1086 1142 1131 meos
1167 1068 1382 1148 lacrimantes,
1403 1069 1568 1133 condoluit
1586 1069 1679 1148 mibi,
1699 1076 1731 1132 et

224 1169 407 1248 Undecimo,
415 1169 542 1252 qnando
556 1167 678 1230 audivit
692 1185 765 1229 eum
779 1167 845 1247 jam
860 1184 930 1228 esse
986 1166 1168 1229 tristabatur
1197 1167 1288 1248 qnasi
1316 1169 1354 1230 ad
1380 1175 1526 1232 mortem.
1546 1167 1649 1242 Quum
1678 1187 1731 1231 ve·

184 1277 324 1351 captum.
351 1267 555 1346 Duodecimo,
581 1267 656 1328 dnm
682 1263 827 1347 primitus
851 1263 931 1326 vidit
986 1284 1020 1328 ro
1040 1265 1282 1329 considerabam
1302 1267 1476 1348 potentiam
1498 1266 1625 1329 deitatis
1646 1265 1729 1347 ejus,

184 1387 259 1430 eum
283 1366 318 1428 in
346 1366 494 1428 manibus
519 1364 659 1428 bostium
685 1361 931 1426 lamentabiliter
986 1363 1103 1426 iterum
1127 1363 1326 1442 consolabar,
1348 1363 1455 1426 sciens
1479 1364 1565 1445 quod
1591 1362 1660 1446 ipse
1685 1362 1731 1427 sic

186 1465 409 1543 immutatum
435 1471 466 1527 at
488 1463 602 1526 exinde
627 1462 661 1524 in
689 1469 754 1524 tota
782 1459 855 1522 Filii
880 1459 929 1523 sui
986 1461 1093 1539 vellat,
1114 1469 1146 1523 et
1169 1461 1275 1524 taliter
1298 1461 1462 1543 expediret
1484 1461 1581 1526 :ideo
1604 1479 1732 1525 omnem

185 1563 345 1648 passione,
369 1563 399 1627 ei
424 1561 623 1638 fidelissime,
652 1561 870 1624 indesinenter
893 1579 929 1622 ac
984 1559 1182 1622 voluntatem
1210 1579 1313 1622 meam
1343 1559 1541 1623 conformavi
1576 1560 1732 1624 voluntati

184 1662 464 1727 vehementissime
488 1660 551 1724 fuit
573 1661 780 1744 compatiens.
801 1659 835 1722 ln
861 1677 931 1740 gra·
985 1656 1099 1738 ipsius,
1124 1665 1156 1720 et
1179 1657 1225 1720 sic
1250 1676 1376 1739 semper
1404 1657 1513 1721 latitia
1535 1677 1607 1720 mea
1634 1657 1733 1721 mixta

184 1759 316 1823 vissimo
339 1776 464 1840 quoque
489 1756 606 1820 mansit
628 1756 748 1833 dolore,
765 1773 929 1836 quousque
984 1755 1102 1818 exstitit
1117 1775 1190 1818 cnm
1205 1756 1325 1820 dolore.

184 1857 284 1921 Filius
307 1877 384 1920 suns
407 1876 426 1919 a
449 1865 550 1920 morte
575 1874 755 1938 resurgens,
772 1855 800 1918 ei
826 1849 970 1936 primoli
1024 1853 1058 1916 ln
1082 1853 1145 1916 alia
1169 1873 1296 1936 qnoque
1324 1853 1517 1918 revelatione
1546 1854 1733 1917 dulcissima

184 1955 369 2037 apparuisse
393 1953 570 2016 credendus
595 1959 662 2030 est;
688 1958 720 2014 et
744 1959 831 2013 tanto
859 1969 931 2012 sua·
985 1951 1075 2033 virgo
1105 1951 1199 2015 ldaria
1229 1953 1274 2015 ait
1296 1953 1335 2015 ad
1363 1952 1526 2035 brigittam
1552 1976 1559 2015 :
1585 1953 1672 2016 Licet
1693 1971 1733 2016 ex

184 2053 256 2116 vius
284 2071 355 2114 eam
387 2050 607 2133 alloquebatur
634 2059 666 2112 et
693 2047 928 2127 consolabatur,
985 2049 1192 2132 inspiratione
1211 2050 1321 2114 divina
1335 2050 1474 2114 sciebam
1489 2050 1605 2114 Filium
1624 2070 1731 2114 meum

183 2158 302 2233 quanto
317 2157 447 2212 noverat
462 2167 531 2211 eam
551 2167 616 2230 pra
630 2146 745 2210 ceteris
759 2145 929 2208 cordialius
984 2168 1164 2231 passurum,
1182 2158 1288 2212 tamen
1309 2169 1347 2212 ex
1362 2150 1469 2213 verbis
1488 2150 1642 2213 Simeonis
1662 2150 1732 2231 qui·

185 2247 247 2311 sibi
271 2247 484 2311 condoluisse.
501 2247 658 2322 Attamen,
679 2244 802 2307 Christo
826 2243 930 2325 scpul—
985 2246 1044 2309 bns
1077 2245 1167 2324 dixit,
1197 2245 1337 2328 gladium
1367 2245 1632 2329 pertransiturum
1665 2246 1732 2308 ani·
1758 2272 1881 2324 swa,

185 2355 229 2425 to,
244 2344 476 2428 benignissima
497 2345 593 2425 Virgo
615 2361 653 2406 ex
674 2341 930 2406 consideratione
985 2361 1070 2404 mam
1092 2361 1209 2420 meam,
1225 2351 1258 2405 et
1278 2342 1389 2406 filium
1411 2361 1519 2406 meum
1538 2343 1676 2425 positum
1698 2343 1731 2406 in
1746 2338 1781 2378 ³⁵·

184 2444 293 2527 gloria
322 2443 392 2507 Filii
421 2442 469 2505 sui
494 2461 532 2506 ex
557 2460 630 2505 mox
656 2441 763 2504 futura
792 2459 930 2504 resurre-
986 2439 1113 2522 signum
1137 2440 1188 2503 cui
1213 2441 1492 2522 contradiceretur,
1508 2441 1638 2523 gravius
1663 2461 1734 2523 per-
1768 2452 1770 2455 ’

185 2543 291 2606 ctione
323 2539 435 2622 ipsius,
461 2547 556 2622 atque
588 2559 626 2602 ex
662 2536 930 2619 contemplatione
986 2537 1103 2601 foravit
1125 2538 1217 2602 dolor
1244 2539 1304 2602 iste
1329 2557 1513 2602 cormeum
1540 2562 1548 2602 ε
1573 2540 1628 2621 qui
1655 2558 1733 2621 quo-

185 2639 373 2721 multiplicia
387 2637 511 2701 fructus
526 2636 684 2720 passionis
697 2635 823 2713 Christi,
835 2635 931 2718 qnod·
986 2655 1087 2717 nsque
1110 2645 1273 2718 assumpta
1292 2635 1337 2700 ini
1357 2638 1389 2700 in
1410 2655 1543 2719 corpore
1562 2646 1593 2700 et
1613 2637 1731 2716 anima,

185 2740 257 2802 dam
273 2736 385 2800 habuit
398 2736 642 2800 consolatorium
659 2734 932 2798 relevamenler-
986 2753 1050 2798 non
1076 2753 1096 2796 a
1119 2752 1191 2797 meo
1214 2735 1317 2798 defuit
1340 2737 1447 2814 corde,
1463 2735 1539 2798 licet
1558 2755 1597 2798 ex
1621 2754 1734 2799 conso-

186 2834 369 2912 tiodeoimo,
397 2834 526 2916 quando
559 2831 630 2896 loca
662 2833 847 2914 passionum
881 2831 929 2894 sui
986 2832 1103 2896 latione
1119 2832 1255 2914 Spiritus
1269 2832 1376 2895 Sancti
1393 2833 1636 2914 temperabatur.
1653 2833 1732 2896 Nam

185 2933 253 2996 Silii
279 2931 428 2995 visitabat
450 2939 550 2994 :tunc
575 2930 662 2994 enim
687 2929 931 3011 diligentissime
985 2930 1111 3012 quoties
1136 2929 1353 3011 adspiciebam
1378 2930 1492 2993 llilium
1517 2949 1636 3012 meum,
1657 2950 1735 3013 quo-

185 3033 224 3094 ad
247 3029 433 3094 memoriam
457 3029 618 3092 revocavit
638 3047 675 3091 aa
695 3047 765 3110 quae
788 3028 931 3092 Christus
950 3024 1045 3090 Gties
1069 3045 1143 3090 eum
1173 3028 1287 3109 pannis
1311 3027 1443 3105 involvi,
1467 3029 1593 3109 quoties
1617 3049 1733 3092 manus

186 3131 218 3193 in
241 3130 305 3193 illis
327 3128 480 3192 sustinuit
499 3128 588 3191 locis.
986 3126 1057 3208 ejus
1071 3146 1109 3189 ao
1128 3127 1225 3209 pedes
1239 3126 1375 3209 inspexi,
1391 3127 1484 3191 toties
1498 3126 1624 3190 animus
1644 3147 1734 3191 meus

224 3226 477 3305 Quartodecimo,
498 3227 624 3307 quando
647 3226 782 3289 attendit
800 3244 838 3289 ea
861 3244 931 3307 quae
986 3225 1077 3306 quasi
1110 3242 1193 3287 novo
1223 3225 1332 3288 dolore
1366 3226 1534 3307 absorptus
1569 3235 1628 3305 est,
1657 3245 1735 3307 qno·

184 3324 298 3388 fideles
327 3325 547 3387 sustinuerunt
573 3341 630 3405 pro
654 3323 788 3403 Christo,
815 3324 932 3405 quibus
987 3323 1072 3386 niam
1099 3323 1234 3405 cogitari
1258 3324 1396 3405 qualiter
1420 3323 1670 3407 crucifigeretur.
1686 3326 1735 3387 ln-

90 3420 95 3428 ’
185 3423 349 3486 condoluit
372 3422 518 3505 piissima
542 3420 674 3484 Domina
697 3445 704 3484 :
728 3422 932 3503 quemadmo-
988 3440 1094 3503 super,
1111 3422 1234 3503 quoties
1248 3421 1356 3484 audiri
1375 3423 1547 3504 opprobria
1566 3422 1638 3485 Filii
1658 3424 1733 3504 mei,

33 3544 170 3593 suana.
184 3520 260 3583 dum
286 3521 381 3583 etiam
407 3518 508 3583 fertur
532 3519 565 3581 in
593 3518 735 3597 Actibus,
762 3520 845 3601 qnod
870 3520 930 3582 viri
987 3528 1019 3582 et
1035 3519 1200 3582 mendacia
1219 3528 1328 3583 contra
1343 3538 1417 3582 eum
1437 3520 1560 3603 prolata
1579 3529 1673 3602 aque
1687 3521 1735 3583 in-

185 3618 324 3681 timorati
350 3618 404 3701 qui
431 3618 626 3699 Stephanum
653 3618 859 3699 sepelierunt,
886 3617 932 3679 fe·
988 3617 1083 3679 sidias
1098 3618 1126 3679 ci
1142 3618 1272 3699 positas,
1282 3618 1374 3680 toties
1389 3618 1513 3680 animus
1528 3638 1615 3681 meus
1630 3626 1734 3681 motus

186 3723 299 3779 cerunt
317 3716 480 3797 planctum
501 3734 651 3795 magnum
673 3733 768 3795 super
782 3732 867 3777 enm.
884 3715 933 3777 ln·
988 3723 1037 3778 cst
1054 3715 1175 3793 dolore,
1191 3715 1235 3778 ita
1253 3717 1337 3797 quod
1358 3717 1410 3780 vix
1429 3717 1530 3799 potuit
1549 3737 1584 3780 se
1603 3726 1733 3797 tenere,

185 3833 292 3897 super,
309 3812 522 3876 sacratissima
541 3812 630 3894 virgo
649 3812 743 3875 ldaria
761 3812 849 3875 omui
869 3812 933 3895 spi·
988 3814 1041 3876 sed
1067 3814 1182 3876 virtute
1207 3813 1262 3875 llei
1290 3813 1382 3877 dolor
1405 3833 1495 3877 meua
1521 3816 1650 3878 modum
1679 3816 1735 3879 ho-

185 3911 292 3975 ritnali
320 3930 427 3975 amore
457 3910 653 3994 plenissima,
683 3912 722 3975 de
750 3910 932 3973 infidelium
988 3920 1207 3992 aestatemque
1231 3912 1417 3991 habuitne
1442 3912 1556 3975 levitas
1580 3914 1736 3996 etimpa-

184 4010 363 4073 Judaeorum
392 4009 613 4086 excecatione,
640 4008 858 4087 obduratione,
885 4009 933 4071 in·
988 4010 1099 4073 tientia
1114 4010 1147 4071 in
1169 4029 1220 4072 me
1235 4018 1430 4073 notarentur.
1447 4010 1591 4075 Patiebar
1608 4031 1735 4094 quoque

185 4108 389 4190 gratitudine,
406 4108 621 4184 damnatione,
639 4106 774 4169 maxime
793 4108 933 4171 tristaba-
987 4108 1129 4172 dolorem
1159 4128 1197 4172 ex
1223 4107 1424 4171 tribulatione
1454 4109 1676 4192 Apostolorum
1705 4120 1736 4174 et

186 4214 239 4269 tur
255 4229 262 4268 ι
280 4206 362 4269 sicut
383 4212 415 4269 et
434 4205 518 4288 apud
541 4204 678 4268 Marcum
705 4205 830 4287 legitur,
847 4208 931 4287 quod
947 4202 972 4267 D
987 4205 1121 4270 aliorum
1146 4206 1374 4288 discipulorum
1392 4230 1399 4268 ε
1415 4206 1487 4270 ideo
1507 4226 1573 4271 non
1595 4209 1736 4272 discedat

35 4331 170 4377 namura.
186 4304 390 4369 contristatus
409 4312 458 4367 est
478 4303 568 4367 lesus
589 4322 685 4385 super
704 4304 844 4367 cecitate
864 4323 933 4367 cor·
986 4304 1077 4367 dolor
1096 4304 1154 4367 iste
1173 4304 1213 4366 ab
1233 4304 1339 4367 anima
1353 4312 1418 4382 tua,
1434 4304 1584 4386 quoniam
1605 4306 1667 4369 nisi
1686 4326 1737 4370 es-

183 4404 233 4465 dis
247 4421 369 4466 eorum.
385 4402 466 4464 llinc
487 4402 556 4483 ipsa
571 4400 737 4465 verissime
756 4402 862 4465 dicere
878 4421 933 4484 po·
987 4410 1057 4465 sent
1072 4401 1302 4480 tribulationes,
1320 4403 1503 4482 paucissimi
1524 4403 1732 4469 salvarentur.

37 4502 246 4575 aem.1=,2.tuit
273 4502 353 4564 illud
381 4500 515 4583 apostoli
540 4500 627 4563 Pauli
655 4524 661 4561 :
689 4500 828 4563 Tristitia
854 4502 931 4565 mibi
985 4499 1087 4574 Quum
1113 4509 1218 4562 autem
1243 4500 1380 4580 quodam
1406 4509 1559 4583 tempore,
1577 4502 1734 4583 cogitante

119 4668 121 4675 Α
184 4608 233 4662 cst
254 4618 370 4681 magna
393 4606 424 4661 ct
445 4597 536 4661 dolor
559 4597 730 4661 continuus
750 4599 837 4661 cordi
860 4618 931 4663 meo
987 4616 1038 4660 me
1052 4598 1092 4660 de
1107 4598 1256 4680 passione
1271 4598 1341 4660 Filii
1361 4599 1438 4676 mei,
1454 4598 1576 4661 videret
1590 4618 1642 4662 me
1658 4619 1735 4663 moe-

184 4716 242 4780 pro
262 4696 387 4760 ludaeis.
986 4696 1169 4774 stissimam,
1186 4696 1262 4759 dixit
1279 4719 1286 4757 :
1303 4695 1371 4758 Non
1393 4696 1508 4775 credis,
1525 4698 1632 4777 llater,
1649 4701 1734 4779 quod
1748 4722 1878 4773 amasa,

223 4796 366 4878 Denique
391 4794 442 4857 bis
467 4795 662 4858 concordant
682 4813 752 4876 qne
774 4794 807 4857 in
832 4796 931 4858 liere-
986 4814 1044 4875 ego
1067 4795 1100 4856 in
1124 4794 1213 4857 Patre
1239 4814 1322 4867 sum,
1348 4802 1380 4857 et
1403 4794 1493 4857 Pater
1521 4795 1553 4858 in
1582 4816 1634 4860 me
1662 4802 1733 4861 estl
1750 4790 1783 4829 ¹¹·

183 4894 357 4958 lotionibus
379 4893 411 4955 S.
432 4892 568 4974 Brigitte
592 4892 774 4955 recitantur.
796 4894 830 4956 ln
854 4913 931 4975 qua·
984 4892 1144 4975 Numquid
1168 4901 1201 4954 tu
1222 4892 1344 4974 polluta
1362 4912 1396 4954 es
1420 4892 1453 4953 in
1477 4892 1623 4974 ingressu
1649 4914 1732 4975 meo,

184 5012 254 5056 rum
287 5011 352 5054 una
385 4991 501 5073 legitur
533 4990 800 5053 excellentissima
834 4992 929 5074 Virgo
985 5002 1039 5055 aut
1059 4994 1092 5056 in
1112 5012 1241 5074 egressu
1262 5011 1333 5055 meo
1354 4992 1523 5055 tribulatal
1539 4994 1600 5057 Cur
1620 5014 1734 5059 moero-
1748 5010 1882 5062 nonnas.

183 5092 214 5154 S.
236 5088 373 5171 Brigittae
398 5087 544 5152 retulisse
567 5110 573 5148 :
594 5087 723 5162 Quando
750 5089 930 5153 considera·
985 5110 1018 5153 re
1040 5090 1258 5154 contraherist
1275 5089 1427 5152 Voluntas
1447 5090 1532 5152 enim
1553 5091 1651 5153 Patris
1670 5093 1732 5155 mei
1747 5110 1891 5160 rossana,

183 5190 256 5252 bam
270 5188 304 5249 in
324 5186 472 5249 manibus
486 5194 518 5249 et
537 5185 670 5268 pedibus
685 5186 756 5247 Filii
776 5186 839 5249 mei
859 5188 929 5251 loca
985 5198 1033 5251 est
1057 5208 1108 5252 me
1132 5188 1195 5271 pati
1220 5195 1354 5251 mortem
1373 5186 1462 5250 :imo
1487 5188 1633 5252 voluntas
1662 5210 1733 5255 mea
1747 5171 1888 5285 {mm

182 5288 217 5351 in
241 5285 356 5370 quibus
380 5293 447 5348 erat
469 5282 570 5347 clavis
593 5282 813 5366 perforandus,
830 5303 927 5367 quem
985 5294 1034 5350 est
1053 5306 1127 5351 oum
1146 5287 1246 5349 Patre.
1263 5287 1351 5362 Quod
1370 5295 1476 5350 autem
1497 5286 1600 5351 babeo
1620 5289 1660 5352 de
1678 5289 1734 5353 Pa-
