4309 6250
432 488 492 554 toa
745 507 864 556 comni
885 506 1052 554 rnnrrnmu
1073 505 1246 563 urrann,
1268 506 1358 554 nrarn
1378 506 1422 554 m.
1445 522 1486 537 —-
1507 508 1578 555 aar.
1600 507 1668 554 xxu

431 698 509 742 num
525 679 621 742 simul
636 661 706 742 esse
721 685 853 757 creatas,
871 678 954 741 sieut
973 677 1124 741 Platonici
1147 685 1179 741 et
1194 678 1218 740 Α
1233 685 1426 760 protestatur
1443 701 1450 739 :
1466 677 1588 741 Coelum
1609 677 1688 742 milri
1710 679 1801 741 sedes
1823 683 2091 753 est,terra1·.aar;

431 777 593 841 Manichaei
606 777 748 859 quidam,
764 777 911 841 excaeati
933 796 1059 858 quoque
1081 775 1176 839 ludaei
1234 784 1340 838 autem
1355 776 1529 839 scabellum
1550 776 1667 858 pedum
1687 795 1844 841 meorum.
1860 774 1893 837 Si
1907 793 1977 837 vero
1988 759 2094 805 ΛΜ·

431 876 590 955 dixerunt,
617 894 786 939 erroneum
811 884 870 954 est,
895 884 926 938 et
950 874 1179 959 philosophicis
1235 894 1291 956 per
1305 876 1454 937 thronum
1469 874 1666 957 intelligatur
1678 894 1823 938 summus
1836 873 1891 936 ille
1903 873 1979 935 thro

432 974 560 1056 scriptis
579 973 817 1057 rationibusque
840 974 1044 1037 contrarium.
1061 974 1181 1036 Aristo
1234 991 1295 1034 nus
1320 972 1511 1052 divinitatis,
1537 974 1576 1036 de
1601 992 1665 1055 quo
1689 973 1900 1055 praehabitum
1921 979 2053 1048 estun

433 1074 511 1137 teies
534 1074 652 1137 etenim
681 1072 859 1135 efficaciter
886 1074 1009 1155 prohat,
1034 1073 1119 1155 quod
1145 1072 1179 1133 in
1235 1071 1326 1134 illum
1342 1071 1462 1134 iactum
1478 1092 1548 1136 esse
1563 1081 1635 1154 post
1649 1072 1814 1136 hominem
1830 1072 1978 1153 imagina-

433 1173 543 1236 eodem
559 1180 648 1235 actus
663 1191 726 1235 non
747 1173 896 1253 procedit
917 1172 1102 1253 potentiam,
1119 1190 1179 1233 nec
1235 1171 1262 1233 ri
1281 1190 1344 1233 non
1366 1172 1467 1234 decet.
1486 1175 1608 1242 Quarto
1626 1174 1835 1249 paradisum.
1853 1170 1979 1233 Videtur

295 1276 335 1319 1³⁸·
353 1289 417 1328 mr·
433 1272 535 1335 forma
550 1271 724 1335 materiam.
735 1270 900 1333 Psalmists
915 1270 1009 1333 etiam
1025 1270 1068 1333 ait
1079 1294 1086 1331 :
1097 1270 1179 1332 lleus
1235 1270 1318 1332 istud
1341 1268 1579 1332 insufficienter
1601 1269 1813 1352 imperitoque
1836 1270 1976 1332 dictum:

286 1342 319 1383 ’δ’
432 1369 528 1432 linxit
546 1370 710 1451 sigillatim
730 1369 825 1434 corda
845 1388 967 1448 eorum,
988 1370 1019 1431 id
1039 1377 1088 1431 est
1111 1368 1179 1431 ani·
1233 1369 1363 1449 quiade
1377 1369 1562 1449 angelorum
1578 1369 1739 1432 creatione
1753 1372 1848 1450 (qnos
1862 1376 1979 1431 constat

432 1488 501 1534 mas
522 1468 700 1533 hominum.
1235 1465 1417 1529 immediate
1441 1487 1460 1529 a
1484 1467 1547 1530 lleo
1571 1476 1706 1544 creatos,
1727 1486 1787 1529 nec
1812 1474 1885 1549 post
1907 1485 1980 1548 pra

1234 1565 1393 1628 dictorum
1416 1573 1553 1646 quatuor
1579 1564 1708 1646 aliquod
1733 1565 1895 1644 conditos)
1920 1582 1978 1626 non

1234 1663 1337 1744 agitur
1356 1662 1419 1726 hic.
1437 1663 1548 1745 Angeli
1569 1682 1708 1745 namque
1732 1670 1807 1725 sunt
1829 1682 1979 1745 supreme

614 1741 860 1807 ARTICULUS
883 1742 993 1804 ΧΧῘῙ·
1235 1763 1289 1824 Dei
1305 1772 1468 1842 creatura,
1485 1781 1566 1844 quos
1581 1762 1614 1825 in
1629 1761 1791 1845 principio
1804 1761 1892 1825 iecit.
1905 1762 1977 1839 lmo,

539 1884 660 1943 Contra
674 1882 860 1940 mendosam
875 1880 1067 1941 chronicam
1196 1860 1310 1922 Bdum
1340 1860 1457 1923 coelnm
1486 1861 1606 1923 creavit
1633 1879 1831 1942 empyreum,
1861 1859 1979 1941 angelis

482 1975 744 2033 Sarracenornm
759 1972 799 2029 de
815 1971 934 2029 mnndi
946 1971 1121 2030 creatione.
1180 2031 1185 2037 ,
1236 1958 1514 2043 sanctisreplevit
1535 1957 1651 2040 ipsum.

1272 2060 1328 2119 Ad
1341 2060 1423 2120 Aac
1433 2058 1683 2133 plasmationem
1698 2061 1786 2119 Dens
1797 2077 1911 2135 papno
1928 2078 1981 2117 sno

467 2162 504 2225 N
514 2160 690 2221 creationis
704 2178 771 2219 snoe
782 2159 968 2233 primordio
979 2160 1178 2219 Densmann
1234 2156 1407 2215 materiam
1422 2158 1473 2214 vel
1485 2158 1653 2231 pulverem
1669 2156 1908 2215 multicolorem
1925 2157 1982 2214 col·

478 2260 617 2335 propria
632 2266 774 2336 qnatnor
788 2257 947 2326 condidit,
959 2266 1060 2331 prout
1080 2258 1179 2316 multi
1234 2255 1323 2329 lepit.
1345 2255 1437 2315 Unde
1451 2255 1600 2332 quandam
1616 2254 1785 2314 dominnm
1806 2255 1980 2313 indiuidua

427 2358 576 2420 Arabum
590 2365 834 2433 ceterorumque
847 2356 1110 2415 Sarracenornm
1128 2356 1178 2432 ns·
1233 2352 1393 2421 albedine,
1409 2353 1559 2429 quaedam
1573 2353 1759 2428 nipredine,
1773 2354 1924 2431 quadam
1937 2372 1981 2412 co

427 2462 576 2533 firmant.
594 2455 724 2515 Creaoit
746 2455 856 2532 itaque
872 2454 981 2527 primo
1002 2457 1178 2525 calamum,
1234 2453 1302 2510 lore
1325 2451 1443 2518 medio,
1462 2452 1611 2527 precedam
1635 2470 1710 2509 nero
1735 2452 1879 2520 malitia,
1899 2471 1980 2529 pua-

425 2570 488 2630 per
501 2553 597 2629 cujus
611 2553 759 2628 officinm
775 2552 935 2629 usquead
948 2555 1047 2626 finem
1063 2552 1181 2609 mnndi
1233 2550 1310 2607 dam
1332 2549 1486 2617 bonitate,
1501 2548 1610 2626 sicque
1630 2549 1745 2608 ceteris
1768 2549 1982 2627 qualitatibus

429 2652 469 2711 ab
483 2652 554 2728 ejus
569 2650 666 2709 initio
688 2650 797 2707 omnia
809 2656 1048 2723 praenotantur.
1065 2647 1179 2710 Contra
1230 2648 1447 2722 participant.
1477 2645 1510 2708 Si
1539 2663 1666 2726 pugnus
1694 2646 1749 2707 Dei
1778 2646 1982 2727 corporaliter

332 2770 374 2809 nr.
385 2780 414 2811 w.
431 2748 514 2811 istud
530 2746 670 2808 intortio
693 2744 800 2807 libello
820 2753 869 2807 est
887 2744 1094 2825 disputatum.
1111 2745 1180 2807 list-
1234 2743 1439 2824 intelligatur,
1456 2743 1502 2805 nil
1518 2741 1604 2805 valet
1617 2744 1678 2806 hoc
1699 2744 1832 2808 dictum.
1849 2744 1980 2827 Insuper

430 2864 491 2927 que
511 2844 691 2927 probatum,
707 2861 771 2906 non
797 2861 867 2905 esse
893 2842 1068 2923 putandum
1093 2844 1178 2924 quod
1233 2842 1265 2903 in
1290 2861 1324 2904 se
1349 2842 1419 2922 ipso
1443 2840 1579 2904 falsitate
1607 2850 1639 2904 et
1666 2842 1827 2924 imperitia
1851 2844 1980 2925 plenam

430 2945 488 3007 liat
502 2944 608 3024 aliqua
623 2942 695 3004 talis
711 2940 882 3003 materialis
902 2940 1107 3023 conscriptio,
1124 2961 1180 3004 ne·
1234 2950 1292 3004 est.
1309 2941 1376 3004 Non
1399 2942 1484 3004 enim
1510 2942 1679 3004 diversitas
1703 2941 1846 3005 colorum
1874 2944 1981 3025 pulve

429 3061 491 3124 que
506 3042 545 3104 ad
562 3040 682 3122 aliquid
703 3038 881 3101 necessaria
902 3047 1012 3101 exstat.
1030 3040 1112 3102 Deus
1134 3044 1215 3107 et-t}
1235 3060 1304 3102 rum
1320 3040 1489 3122 exquibus
1504 3040 1676 3103 formatum
1696 3049 1744 3103 est
1757 3040 1832 3104 hdae
1852 3061 1978 3123 corpus,

431 3143 516 3206 enim
545 3141 715 3222 gloriosus,
742 3138 941 3200 invariabilis
969 3147 1002 3202 et
1028 3147 1177 3221 aeternus,
1234 3159 1330 3202 causa
1343 3147 1393 3202 est
1406 3140 1600 3202 diversitatis
1615 3140 1759 3203 colorum
1780 3148 1813 3203 et
1830 3141 1980 3204 bonitatis

430 3239 539 3305 omnia
562 3237 731 3321 preterita,
758 3237 925 3318 praesentia
949 3245 982 3299 et
1006 3237 1123 3318 futura,
1145 3238 1178 3300 in
1234 3246 1328 3319 atque
1356 3237 1484 3300 malitia
1513 3239 1545 3300 in
1574 3239 1723 3320 posteris,
1751 3247 1785 3300 ut
1812 3238 1910 3303 lacile
1937 3251 1981 3303 est

432 3339 501 3421 ipso
521 3357 585 3400 suae
609 3334 793 3398 aternitatis
817 3344 978 3398 momento
1002 3337 1179 3400 certissime
1234 3337 1389 3418 probare3
1407 3337 1461 3399 sed
1487 3345 1650 3418 respectus
1672 3336 1850 3400 coelostium
1875 3357 1982 3421 corpo

432 3456 469 3500 ac
497 3435 735 3499 distinctissime
759 3442 910 3514 tanquam
938 3435 1180 3515 presentialiter
1236 3455 1306 3497 rum
1331 3443 1364 3498 et
1388 3416 1530 3498 iniimus
1553 3437 1765 3518 superiorum,
1792 3438 1982 3520 complexio

431 3536 593 3611 intuetur;
610 3542 642 3595 et
666 3532 720 3594 uhi
746 3532 824 3609 vult,
846 3540 877 3594 et
901 3532 1027 3613 quando
1053 3534 1131 3611 vult,
1148 3543 1180 3597 et
1236 3554 1312 3596 num
1333 3553 1459 3617 quoque
1482 3535 1620 3598 varietas
1643 3544 1677 3598 et
1700 3536 1888 3618 imaginat-io
1913 3537 1981 3600 talis

431 3640 584 3716 quantum
601 3631 680 3709 vult,
694 3638 726 3693 et
740 3629 875 3712 qualiter
890 3629 967 3710 vult,
981 3649 1018 3692 ea
1032 3630 1104 3692 aliis
1119 3651 1181 3695 ma·
1235 3641 1291 3694 aut
1318 3633 1401 3713 talis,
1427 3641 1592 3715 praetactas
1616 3643 1749 3697 causant
1772 3634 1978 3698 diversitates.

430 3731 563 3794 niiestat
579 3753 585 3791 :
604 3729 723 3791 idcirco
743 3747 807 3790 non
831 3735 879 3790 est
903 3735 965 3789 tam
993 3729 1181 3809 insipienter
1236 3732 1460 3793 Verumtamen
1479 3731 1603 3794 bonitas
1624 3741 1719 3813 atque
1741 3732 1863 3795 malitia
1886 3734 1981 3797 homi-

431 3851 468 3894 ac
484 3828 605 3892 ruditer
619 3827 868 3908 imaginandum.
885 3826 924 3887 Et
937 3845 994 3888 cur
1009 3828 1114 3908 potius
1134 3828 1181 3890 di·
1235 3849 1313 3891 num
1328 3848 1392 3892 non
1408 3838 1482 3891 sunt
1496 3848 1534 3892 ex
1548 3829 1653 3892 causis
1669 3831 1821 3912 praelatis,
1836 3832 1902 3894 nisi
1921 3832 1982 3894 dis

432 3930 516 3993 citur
529 3929 611 3990 Deus
633 3926 736 4008 primo
756 3944 880 3987 creasse
898 3925 1068 4004 calamum,
1084 3946 1179 4008 quam
1235 3927 1370 4008 positive
1391 3935 1423 3989 et
1442 3927 1634 3990 inchoative.

431 4045 659 4112 pergamenum
681 4025 749 4087 sive
774 4023 937 4086 materiam
964 4023 997 4086 in
1021 4043 1085 4105 qua
1104 4027 1181 4087 scri·
1275 4028 1415 4101 Corpore
1428 4027 1571 4086 dominis
1583 4027 1738 4102 formate,
1753 4033 1891 4104 anpelns
1911 4032 1981 4092 mit-

432 4128 548 4190 baturt
1235 4126 1322 4184 titur
1340 4131 1377 4183 nt
1396 4125 1539 4184 animam
1559 4125 1592 4182 ei
1614 4126 1766 4200 inspiret.
1782 4125 1910 4191 Falsum
1935 4135 1980 4191 est

472 4225 657 4308 Sequitur:
683 4224 831 4284 Secundo
859 4223 983 4281 creavit
1011 4224 1181 4299 Protopla·
1195 4223 1220 4285 D
1234 4222 1306 4298 hoc,
1323 4221 1471 4303 quoniam
1493 4221 1600 4284 anima
1618 4221 1781 4286 rationalis
1800 4244 1818 4287 a
1835 4225 1902 4290 lieo
1923 4227 1978 4289 im

431 4334 528 4386 stum.
544 4323 631 4385 lstud
650 4321 777 4384 videtur
795 4319 965 4400 Scriptura
984 4339 1081 4382 sacrae
1105 4339 1180 4384 con·
1234 4320 1370 4382 mediate
1385 4328 1520 4396 creatur,
1536 4320 1676 4401 dumque
1691 4329 1824 4399 creatur,
1838 4323 1978 4387 infundi-

291 4440 417 4491 aen.=.s-s.
432 4423 576 4499 trarium,
591 4440 689 4502 quum
703 4421 736 4481 in
752 4417 865 4481 Genesi
886 4418 1008 4499 legatur
1025 4419 1108 4480 Deus
1128 4419 1179 4480 die
1234 4426 1295 4497 tur,
1311 4425 1343 4480 et
1357 4415 1555 4480 infundendo
1571 4425 1706 4499 creatur,
1718 4427 1754 4482 ut
1767 4440 1863 4502 snpra
1877 4432 1979 4486 oston-
1991 4449 2055 4491 „aa

285 4505 354 4549 “¹⁹¹
431 4516 1179 4598 secundoieoisselineamentumdiequequar
1234 4536 1304 4579 sum
1328 4523 1387 4578 est.
1404 4520 1550 4594 Anpetns
1573 4519 1812 4587 hominisdnm
1835 4525 1977 4583 animam

430 4629 462 4684 to
481 4620 592 4697 solem,
614 4618 722 4679 lunam
748 4635 785 4678 ac
809 4615 916 4678 stellas
943 4639 950 4677 ι
977 4634 1047 4697 quia
1071 4617 1178 4679 omnia
1232 4619 1264 4676 ei
1279 4617 1582 4694 a'nspirat‚qnatnor
1597 4621 1979 4696 necessariaprcescribit,

429 4738 527 4782 manu
541 4716 669 4799 propria
683 4715 771 4793 feeit,
788 4714 871 4777 siout
885 4721 916 4776 et
930 4714 1092 4777 hominem
1115 4717 1178 4796 pri-
1233 4717 1382 4774 videlieet
1403 4734 1415 4773 .·
1436 4733 1499 4794 qno
1524 4715 1705 4794 pisimano
1728 4701 1805 4777 citra
1829 4721 1978 4789 termino,

429 4836 529 4880 mum.
558 4817 666 4878 Tertio
692 4815 857 4874 thronum.
884 4812 915 4873 Si
942 4829 999 4892 per
1027 4813 1176 4875 thronum
1231 4833 1295 4892 qna
1320 4822 1405 4872 sorte
1428 4816 1576 4889 fruetur,
1598 4821 1629 4872 et
1652 4817 1740 4892 quod
1761 4835 1843 4892 opas
1865 4819 1978 4878 ὸοιιιιηι

429 4913 627 4995 intelligatur
641 4911 768 4988 amium,
786 4911 847 4973 hoc
866 4910 986 4972 lactum
1005 4918 1054 4972 est
1073 4911 1176 4991 primo
1231 4915 1393 4970 malumne
1418 4912 1632 4986 perpetrabit.
1667 4913 1759 4973 Unde
1787 4917 1863 4976 iicet
1892 4918 1978 4976 inter

324 5034 383 5078 nra.
395 5038 413 5080 ι.
428 5014 480 5078 die
500 5022 531 5076 et
549 5019 621 5075 ante
636 5010 746 5088 Adam,
762 5011 850 5090 juxta
869 5008 948 5071 illud
968 5007 1098 5071 Genesis
1116 5033 1123 5070 :
1141 5009 1174 5071 ln
1229 5010 1457 5068 damnandnm
1471 5010 1655 5087 qnempiam
1671 5019 1703 5069 et
1713 5013 1909 5085 paradisum
1930 5015 1976 5072 in·

427 5112 588 5198 principio
609 5109 730 5173 creavit
746 5109 829 5172 Deus
849 5106 964 5170 coelum
990 5115 1021 5169 et
1044 5116 1171 5171 terram.
1230 5109 1398 5183 tercapcdo
1419 5109 1522 5166 solnm
1543 5108 1697 5167 cubitalis
1716 5128 1758 5167 ee
1780 5114 1976 5186 operationis

425 5211 546 5275 Coelurn
572 5216 677 5270 autem
701 5206 733 5268 in
759 5205 943 5287 scripturis,
959 5205 1092 5266 thronus
1117 5225 1172 5268 seu
1227 5226 1295 5266 sad
1319 5206 1435 5265 merito
1458 5215 1628 5281 appareat,
1654 5210 1834 5268 necessario
1858 5212 1975 5270 redibit

425 5308 516 5372 sedes
531 5305 586 5368 Dei
602 5312 743 5382 vocatur,
760 5301 1026 5385 quemadmodum
1043 5299 1075 5361 in
1091 5302 1173 5365 lsaia
1226 5306 1271 5365 ad
1293 5321 1391 5379 opera
1414 5323 1487 5382 qne
1509 5305 1549 5363 ab
1572 5307 1686 5381 capelo
1711 5307 1745 5364 ei
1767 5309 1974 5384 proescrqrta,
