4309 6250
434 525 555 574 contu
575 526 744 574 retortum!
762 525 937 585 ΙΑΙΙΟΙΙΤΙ,
958 527 1047 575 blm
1067 529 1088 575 l.
1112 545 1153 558 -
1172 527 1243 576 ΛΒΤ.
1264 529 1342 587 xvu,
1362 529 1439 576 xvut
1653 509 1713 576 28⁷

168 694 330 758 Serreceni
344 715 463 759 ecesse
484 696 518 758 in
539 703 623 759 stetu
636 705 761 760 eterne
781 695 950 759 demna-A
967 695 1140 779 Evangelio
1154 697 1244 776 dixit,
1261 699 1346 780 quod
1362 708 1433 782 post
1447 698 1712 762 resurrectionem

167 793 357 857 tioniszidec
371 794 671 876 resipiscentetque
686 795 725 858 ed
739 793 909 871 Christum,
965 814 1168 860 communem
1190 797 1336 860 homines
1352 817 1411 861 nec
1425 798 1558 875 nubent,
1574 816 1634 861 nec
1655 816 1715 860 nu·
1739 823 1827 866 uest.

46 910 154 958 tmnr.
167 892 220 972 qui
235 900 283 954 est
297 911 373 954 vera
393 892 457 970 vie,
474 893 542 955 sine
561 911 624 976 que
645 910 740 957 nemo
762 892 851 956 venit
870 893 910 956 ed
964 893 1091 974 hector,
1108 895 1163 956 sed
1183 903 1276 957 erunt
1297 895 1381 958 sicut
1401 896 1505 977 angeli
1527 894 1595 958 Ilei.
1612 895 1714 976 Ange-
1728 899 1779 936 ¹¹¹¹·
1795 889 1826 930 ¹⁰·

45 975 60 1014 ⁸·
167 991 300 1070 Patrem,
315 991 462 1074 protinus
482 999 720 1054 convertentur.
965 991 1028 1055 lice
1045 992 1164 1076 quippe
1183 993 1344 1058 beatitudo
1367 993 1562 1076 promittitur
1583 995 1675 1058 nobis
1696 1013 1714 1056 a

965 1089 1089 1154 Christo
1104 1091 1136 1152 iu
1152 1091 1254 1170 cmlis,
1271 1101 1306 1156 ut
1320 1091 1404 1156 infra
1418 1093 1520 1176 magis
1534 1092 1711 1156 docebitur.

352 1263 597 1329 ARTICULUS
620 1264 729 1328 XVII.

164 1414 205 1473 In
219 1432 295 1492 quo,
309 1413 488 1472 secundum
505 1413 690 1472 doctrinam
706 1431 808 1473 eocroe
821 1415 911 1475 Scri·

1138 1379 1382 1444 ARTICULUS
1412 1379 1538 1444 XVIII.

1003 1617 1180 1676 efflatione
1193 1616 1453 1676 circumcisionis
1465 1635 1503 1674 CIC
1513 1617 1716 1676 coerimonia·

1006 1707 1090 1764 lium
1104 1705 1389 1764 observantterum
1404 1706 1555 1766 Mosaioce
1563 1705 1662 1808 'lepis‘
1669 1713 1716 1763 ot-

168 1772 408 1938 CHRISTUS
399 1794 433 1836 ¹¹¹
447 1776 659 1857 ⁰Vfflb⁰¹¹⁰s
666 1777 796 1840 J⁰³¹¹⁰¹⁵
811 1777 912 1858 ¹⁰⁴lffl·
1006 1795 1391 1873 catechumenisque·
1410 1794 1656 1854 circumcisioni
1669 1812 1714 1852 se-

78 1913 102 1940 ..
117 1912 138 1940 .,
239 1871 490 1935 turbeol'etri:
482 1873 577 1936 ·llec
592 1874 953 1955 estviteesterna‚utB
1005 1885 1150 1942 cundum
1167 1884 1293 1943 Obruta
1304 1883 1490 1942 doctrtnam
1505 1883 1658 1942 succedit.

41 1975 63 2003 ¹¹
105 1993 110 2003 ·
164 1979 360 2052 cognoscant
390 1979 422 2033 te
455 1972 558 2034 solum
593 1991 705 2035 verum
737 1973 848 2053 [leuen²
880 1983 912 2036 et

164 2087 258 2148 quem
279 2068 396 2130 misisti
417 2069 524 2131 lesum
544 2070 715 2156 Christum.
731 2072 826 2135 Porro
847 2071 913 2134 vite
1038 2067 1190 2145 uscue,
1206 2067 1295 2150 juxte
1310 2069 1494 2152 prehabito,
1516 2067 1658 2131 Christus
1673 2069 1715 2132 sit
1728 2089 1824 2129 nexu.

163 2173 282 2228 eterna
302 2175 352 2228 est
373 2165 510 2229 felicitas
524 2186 609 2244 vere,
625 2169 665 2230 sd
687 2188 782 2250 quam
804 2188 914 2252 super·
970 2066 1148 2268 Ototius
1163 2166 1289 2248 generis
1304 2165 1434 2229 humani
1452 2166 1641 2245 salvator,et
1656 2185 1712 2249 pro

163 2263 420 2346 sapientissimus
433 2264 517 2328 Deus
531 2265 674 2329 condidit
687 2284 788 2346 genus
802 2267 913 2329 hume·
966 2263 1116 2328 omnibus
1140 2263 1351 2342 satisfecerit3
1378 2283 1442 2328 non
1471 2273 1578 2328 temen
1602 2283 1713 2328 omnes

163 2381 251 2422 num.
269 2362 377 2443 ltaque
392 2361 532 2442 cognitio
546 2361 601 2425 Dei
616 2363 713 2440 clare,
729 2363 913 2427 immediate
967 2363 1140 2440 scirentur,
1157 2381 1259 2444 neque
1284 2361 1435 2440 infantes,
1458 2381 1562 2444 neque
1587 2363 1685 2426 adulti
1704 2386 1711 2424 ι

163 2479 199 2522 ec
214 2458 357 2538 iruitiva‚
372 2467 422 2522 est
435 2459 596 2523 beatitudo
610 2461 751 2525 hominis
765 2480 914 2525 consum·
965 2461 1118 2542 quoniam
1138 2460 1285 2522 meritum
1304 2459 1418 2522 Christi
1444 2479 1501 2522 seu
1525 2461 1624 2522 virtus
1649 2479 1713 2524 suae

164 2567 259 2621 mete.
276 2557 358 2620 ilinc
373 2556 407 2619 in
421 2558 525 2638 prime
539 2577 596 2621 sue
610 2559 746 2642 epistole
763 2561 808 2622 eit
821 2561 913 2624 loen·
967 2558 1142 2621 benedicte
1167 2557 1326 2640 passionis
1354 2557 1401 2620 eis
1430 2576 1494 2621 nou
1523 2557 1712 2640 applicatur,

117 2693 137 2720 ι.
163 2673 220 2716 nes
234 2653 435 2735 evangeliste
450 2677 458 2717 ι
474 2655 649 2737 Clarissimi,
665 2676 751 2720 nunc
772 2658 827 2720 Dei
850 2656 912 2722 lilii
966 2656 1040 2737 quie
1052 2657 1113 2739 ipsi
1129 2655 1257 2738 propria
1272 2655 1440 2738 iniquitate
1451 2655 1576 2720 obicem
1591 2665 1714 2736 ponunt

37 2752 60 2782 '¹
81 2773 87 2782 ·
164 2770 288 2830 sumus,
303 2759 336 2814 et
349 2753 491 2815 nondum
506 2753 655 2836 apperuit
674 2755 749 2835 quid
771 2755 911 2834 erimus;
965 2754 1074 2834 gratim
1089 2753 1377 2834 Christi.'lcmpcre
1392 2754 1508 2816 etenim
1522 2755 1715 2836 evangelicae

164 2849 285 2910 scimus
304 2857 409 2912 eutem
429 2850 580 2931 quoniam
599 2869 699 2933 quum
718 2854 911 2934 apparuerit,
966 2852 1058 2933 legis,
1086 2850 1223 2914 inientes
1248 2851 1302 2934 qui
1327 2869 1390 2916 nou
1420 2851 1629 2934 baptizantur,
1658 2869 1715 2934 pro

163 2946 288 3009 similes
314 2947 344 3009 ei
372 2947 504 3026 crimem,
529 2950 605 3031 quie
631 2949 811 3012 videbimus
838 2969 911 3013 eum
966 2951 1034 3014 solo
1048 2948 1196 3030 originali
1215 2957 1347 3032 peccato
1368 2948 1565 3012 beatitudine
1586 2949 1714 3031 privan-

163 3044 257 3107 sicuti
273 3053 333 3107 est.
349 3045 416 3108 lldc
436 3054 486 3109 est
506 3047 591 3130 qnod
613 3056 646 3110 et
667 3047 781 3111 Paulus
802 3049 914 3111 scribit
930 3047 952 3109 C
967 3058 1020 3111 tur
1032 3057 1161 3126 eterne,
1177 3047 1204 3108 si
1219 3055 1292 3109 ante
1314 3065 1414 3110 annos
1435 3046 1639 3110 discretionis
1660 3047 1715 3110 de-

44 3156 98 3199 ror.
110 3142 357 3224 nztepostclus
382 3144 534 3207 Videmus
556 3164 643 3208 nunc
666 3164 724 3227 per
746 3147 912 3229 speculum
967 3148 1093 3225 cedent,
1120 3155 1214 3257 etque
1238 3146 1271 3207 in
1300 3145 1433 3208 limbum
1462 3164 1632 3227 puerorum
1661 3147 1715 3210 de-

37 3222 63 3262 ¹*
162 3260 195 3303 sn
209 3241 392 3322 enrgrnate
408 3250 484 3305 tunc
498 3252 605 3307 sutem
622 3243 705 3307 iecre
719 3245 759 3307 ed
773 3244 910 3308 lactem
967 3246 1152 3307 scendunt:
1175 3244 1208 3305 in
1230 3261 1293 3326 quo
1318 3250 1423 3305 temen
1450 3262 1577 3326 poenam
1602 3264 1714 3307 sensus

162 3338 194 3401 id
213 3348 275 3419 cst,
293 3340 326 3401 in
346 3339 453 3403 lutura
477 3340 631 3404 lelicitete
655 3351 687 3404 et
710 3342 813 3423 glorie
837 3361 913 3407 con·
967 3360 1032 3404 non
1057 3340 1185 3403 habent.
1212 3340 1307 3403 Porro
1335 3338 1474 3402 inientes
1502 3340 1648 3421 baptizati
1677 3360 1714 3403 ac

162 3436 391 3518 templabimur
422 3438 522 3501 Deum
550 3438 672 3501 clare
664 3459 697 3501 ιιι
726 3442 910 3523 semetipso,
967 3440 1140 3503 morientes
1155 3447 1228 3501 ante
1243 3446 1368 3521 tempus
1382 3438 1594 3517 discretionis,
1612 3438 1715 3502 felici-

162 3534 359 3612 immediete,
386 3553 444 3616 per
466 3536 619 3617 speciem.
643 3537 709 3600 lloc
736 3536 914 3601 insinuavit
967 3546 1064 3601 tatem
1085 3544 1271 3620 perpetuam
1291 3534 1489 3599 sortiuntur:
1507 3536 1657 3617 quoniam
1680 3537 1712 3599 in

161 3632 261 3694 David
277 3632 433 3713 prophete
446 3634 566 3697 orendo
579 3656 587 3695 ε
599 3633 834 3714 nominemus
849 3638 913 3700 vir·
966 3635 1128 3717 Baptismc
1142 3634 1255 3717 gratia,
1272 3634 1373 3697 virtus
1388 3654 1444 3696 seu
1458 3634 1607 3697 meritum
1626 3634 1714 3697 Chri-

57 3734 63 3743 “
162 3737 278 3808 totum,
304 3739 455 3793 converte
482 3750 552 3809 nos,
577 3741 609 3795 ct
635 3734 767 3797 ostende
795 3734 911 3799 taciem
967 3733 1007 3795 sti
1030 3732 1077 3797 cis
1096 3731 1275 3815 applicetur
1293 3740 1325 3793 et
1343 3732 1608 3795 communicetur.
1625 3732 1714 3795 lileri-

162 3837 260 3905 tusm,
278 3836 312 3891 ct
325 3828 406 3890 salvi
421 3828 550 3892 erimus.
566 3830 693 3894 Creevit
713 3849 789 3913 ergo
809 3832 912 3895 omni·
968 3839 1035 3894 tum
1049 3820 1198 3911 equidem
1216 3828 1329 3891 Christi
1346 3837 1394 3892 est
1408 3828 1599 3891 universalis
1618 3849 1715 3891 cause

161 3934 275 4007 potens
296 3944 334 3989 ec
352 3924 604 4008 benignissimus
628 3928 711 3991 Deus
733 3928 912 3993 intellectu·
967 3929 1079 3993 salutis
1093 3930 1250 3991 humane.
1261 3927 1477 3991 Universalem
1493 3946 1568 3991 vero
1584 3946 1712 3991 causam

160 4024 243 4086 alem
269 4042 309 4086 ec
332 4024 520 4088 rationalem
548 4034 736 4105 creaturam,
761 4027 912 4091 videlIcet
965 4029 1005 4090 ed
1020 4026 1246 4090 determinatos
1261 4024 1396 4088 effectus
1411 4025 1565 4107 applicari
1576 4034 1709 4108 oportet.

160 4120 312 4201 angelum
326 4128 359 4182 et
373 4120 547 4199 hominem,
562 4129 599 4183 ut
615 4120 795 4186 Creatorem
816 4143 910 4187 suum
965 4126 1046 4187 llinc
1065 4124 1099 4187 in
1118 4124 1303 4205 evangelica
1324 4122 1394 4204 lege
1418 4122 1571 4201 Christus,
1589 4124 1714 4206 legisla-

160 4217 245 4279 clerc
264 4227 428 4298 agnoscet,
448 4221 670 4300 cognoscendo
691 4219 814 4285 fervide
838 4221 950 4285 dili-l)
966 4230 1026 4299 tor,
1052 4223 1191 4285 selvatcr
1214 4240 1250 4283 ac
1275 4220 1425 4285 Dominus
1450 4230 1568 4298 noster,
1592 4231 1713 4303 septem

159 4324 223 4395 gat,
240 4314 406 4396 diligendo
420 4314 559 4379 feliciter
578 4318 771 4397 perimatur,
787 4320 911 4402 perfru-
966 4320 1106 4382 instituit
1120 4326 1328 4397 sacramente,
1340 4336 1410 4401 que
1425 4327 1499 4382 sunt
1513 4320 1600 4384 velut
1614 4321 1714 4383 medi·

160 4413 243 4476 endo
266 4414 302 4475 in
323 4422 477 4475 eternum
499 4415 668 4495 possideat.
966 4418 1082 4480 cinelie
1109 4436 1196 4493 vasa,
1224 4416 1399 4499 spiritualis
1425 4418 1555 4481 medelm
1584 4428 1715 4482 eonten-

197 4510 287 4572 lstud
301 4510 912 4580 debeatitudinehominisconsumme·
966 4516 1041 4595 tiva,
1066 4534 1124 4596 per
1149 4533 1219 4595 que
1243 4514 1343 4577 virtus
1368 4522 1400 4577 et
1425 4516 1571 4579 meritum
1599 4516 1712 4579 Christi

160 4616 191 4669 te
205 4628 295 4670 nunc
314 4606 452 4672 breviter
466 4618 584 4673 tectum
604 4611 758 4675 sufficiet.
774 4613 910 4678 Inferius
965 4614 1155 4698 applicetur,
1172 4612 1335 4676 conlertur
1350 4612 1592 4695 infunditurque
1610 4615 1713 4678 homi-

160 4725 302 4787 nemque
315 4706 355 4769 de
369 4708 466 4788 hujus
485 4707 649 4772 lelicitstis
667 4709 909 4792 incomputabili
965 4714 1073 4775 nibus.

160 4805 320 4867 suavitate
334 4812 366 4867 et
378 4804 490 4887 glorie,
507 4806 644 4888 puritate
658 4816 691 4871 et
708 4810 907 4887 excellentie,
1004 4812 1122 4874 llorum
1139 4810 1276 4892 primurn
1291 4818 1339 4872 est
1354 4818 1587 4874 sacramentum
1609 4810 1713 4892 Rapti-

158 4902 377 4965 deii0rmitete
398 4911 431 4965 et
453 4904 760 4986 supersufficientia,
776 4906 911 4990 diligen·
965 4908 1038 4988 emi,
1054 4908 1094 4970 de
1115 4925 1178 4989 quo
1202 4907 1342 4988 loquitur
1366 4907 1508 4969 Christus
1526 4907 1615 4969 :Nisi
1641 4908 1712 4989 quis
1726 4930 1865 4979 retentus.

160 5008 219 5080 ter,
244 5001 312 5063 Deo
334 5008 516 5082 prestante,
538 5003 661 5066 dicetur
686 5028 694 5065 z
720 5005 776 5067 uhi
800 5015 910 5069 contre
965 5015 1093 5069 renatus
1113 5004 1210 5067 fuerit
1230 5024 1268 5067 er
1289 5023 1370 5085 equa
1391 5013 1422 5068 et
1444 5005 1563 5087 Spiritu
1585 5006 1710 5083 Sancto,

159 5098 390 5161 beatitudinem
410 5097 498 5161 illam
518 5102 757 5183 spurcissimam
778 5123 816 5166 ec
837 5105 910 5167 hru—
965 5122 1030 5165 non
1055 5109 1160 5184 potest
1182 5103 1300 5165 intrere
1325 5102 1357 5165 in
1384 5122 1516 5184 regnum
1545 5104 1826 5170 coelorum.r1aat

159 5196 256 5258 talem
270 5214 343 5277 quae
357 5196 562 5262 inhlcorano
579 5200 786 5282 promittitur,
802 5201 910 5283 dispu-
964 5202 1037 5264 Post
1059 5200 1325 5264 resurrectionem
1350 5220 1475 5282 quoque
1504 5221 1593 5263 suem
1617 5221 1767 5293 eppe-M
1726 5202 1798 5237 ¹¹¹¹¹¹·
1817 5193 1858 5241 ¹⁹³

159 5294 237 5359 tatic
256 5294 438 5358 inducetur.
453 5294 533 5360 ilinc
554 5296 641 5361 enim
662 5307 695 5361 ct
713 5298 884 5363 Christus
874 5319 909 5362 ιιι
965 5319 1038 5363 rens
1062 5298 1233 5381 Apostolis,
1257 5298 1407 5381 precepit
1431 5299 1576 5363 eisdem:
1592 5251 1753 5363 EuutesM
1728 5264 1793 5357 um
1828 5264 1857 5303 '
