4309 6250
217 516 257 562 nn
277 518 487 565 aucroarmra
508 517 603 565 sunau
623 514 789 563 romulus
810 516 847 562 rr
867 514 1037 562 summus
1058 514 1198 581 concurr,
1221 518 1309 565 arnna
1330 518 1351 564 ι.
1374 536 1416 548 -
1435 520 1506 566 am.
1529 520 1628 566 xxxru
1659 503 1720 567 tlt

165 685 363 750 Christianus
381 690 504 753 ratione
525 688 633 752 delicti
653 687 795 751 efficitur
813 687 853 749 de
867 686 914 749 fo
929 686 954 748 Α
970 688 1046 749 dum
1071 690 1201 752 modum
1226 709 1422 772 expressum.
1438 690 1540 767 Quum
1565 710 1641 773 ergo
1666 711 1722 775 po-

165 804 201 847 ro
216 785 377 851 Ecclesiae.
393 789 501 871 ltaque
516 794 640 852 constat
653 787 736 869 quod
757 784 914 867 superiori
969 785 1093 849 tissime
1108 789 1147 850 ad
1163 788 1334 851 concilium
1355 789 1513 871 pertineat
1534 790 1718 853 reformatio

165 901 232 946 non
256 885 425 949 omnifarie
451 893 606 970 repugnat
629 885 670 947 ab
692 884 845 947 inferiore
864 883 916 965 ju·
969 883 1120 947 Ecclesiae
1143 884 1177 947 in
1202 886 1306 968 eapite
1327 896 1359 951 et
1382 889 1544 965 membris,
1561 889 1600 952 ad
1622 908 1718 971 quam

164 981 277 1045 dicari.
969 982 1062 1045 valde
1084 984 1262 1047 necessaria
1280 994 1329 1048 est
1348 984 1532 1049 reformatio
1547 986 1588 1067 (si
1614 1006 1651 1049 ea
1672 987 1720 1049 in-

206 1081 431 1147 l'erumtamen
450 1083 537 1165 juxta
557 1082 737 1165 premissas
758 1080 917 1143 distincti·
969 1080 1089 1163 digeat)
1114 1083 1230 1145 summi
1255 1083 1432 1163 Pontificis,
1459 1104 1496 1147 ex
1521 1084 1614 1167 cujus
1639 1086 1720 1167 regi-

164 1197 245 1241 ones
273 1179 399 1243 videtur
430 1180 580 1243 subtilius
608 1188 639 1243 et
672 1179 915 1242 convenientius
970 1180 1058 1243 mine
1073 1188 1174 1244 totum
1189 1182 1308 1245 bonum
1319 1181 1470 1247 Ecclesia
1485 1185 1719 1265 quodammodo

164 1276 350 1355 dicendum,
367 1280 451 1360 quod
475 1278 621 1361 superior
644 1297 808 1359 nunquam
832 1278 916 1359 judi·
970 1279 1087 1360 pendet
1101 1281 1381 1360 (quemadmodum
1402 1281 1557 1363 scripttun
1577 1291 1625 1345 est
1641 1306 1648 1346 :
1666 1284 1720 1347 Se·
1734 1302 1866 1355 aceram.

164 1383 268 1453 catur,
294 1376 429 1439 solvitur
457 1385 512 1439 aut
539 1376 655 1457 ligatur
682 1376 722 1439 ab
750 1376 913 1456 inferiore,
971 1378 1111 1440 cundum
1140 1377 1281 1458 judicem
1310 1379 1432 1461 populi,
1450 1380 1496 1443 sic
1524 1388 1556 1444 et
1579 1380 1718 1445 ministri

165 1473 198 1533 in
228 1474 382 1553 qnantum
411 1475 567 1557 superior,
593 1495 651 1537 seu
678 1475 855 1537 secundum
883 1474 915 1537 id
971 1475 1062 1556 ejus3
1079 1484 1111 1539 et
1135 1477 1238 1558 qualis
1263 1485 1312 1539 est
1337 1486 1441 1542 rector
1466 1479 1617 1559 civitatis,
1641 1482 1719 1544 tales

163 1571 198 1632 in
224 1591 289 1653 quo
317 1581 418 1635 exstat
440 1574 596 1656 superior,
622 1574 677 1636 sed
703 1574 915 1655 inquantum
970 1583 1002 1637 et
1031 1574 1243 1637 inhabitantes
1274 1575 1307 1637 in
1338 1578 1410 1657 ea);
1437 1577 1511 1641 hinc
1533 1578 1662 1659 justum
1689 1588 1721 1643 et

164 1669 311 1749 inferior,
327 1680 358 1733 et
383 1672 559 1734 secundum
585 1672 616 1734 id
642 1689 705 1753 qno
729 1671 916 1753 comproba·
970 1672 1159 1735 rationabile
1191 1674 1375 1755 perhibetur
1404 1684 1438 1738 ut
1466 1677 1549 1759 Papa
1581 1678 1719 1759 prebeat

163 1773 218 1829 tur
232 1788 302 1830 esse
318 1768 462 1834 inferior.
478 1769 599 1852 Nempe
618 1779 651 1832 et
664 1770 747 1852 Papa
766 1770 800 1831 in
815 1789 915 1851 quan·
970 1790 1005 1833 se
1028 1771 1166 1835 concilio
1196 1772 1419 1855 corrigendum
1441 1798 1449 1839 ε
1472 1776 1557 1857 quod
1583 1777 1609 1839 si
1635 1777 1720 1841 face-

165 1875 234 1928 tum
249 1866 420 1946 confitens,
436 1876 484 1931 est
504 1867 637 1931 inferior
653 1867 837 1931 confessore
855 1886 914 1931 suo
933 1871 1005 1933 Bre
1028 1868 1176 1950 noluerit,
1198 1880 1343 1935 asserunt
1363 1892 1437 1935 eum
1463 1874 1521 1937 rite
1550 1894 1644 1957 posse
1665 1876 1719 1939 de-

164 1983 368 2046 quocumque
387 1974 422 2028 ut
440 1966 494 2028 tali
512 1967 590 2048 :qui
611 1966 644 2028 in
666 1975 820 2047 quantum
840 1986 916 2030 con·
970 1968 1057 2050 poni.

164 2063 281 2143 fessor,
293 2072 343 2127 est
355 2064 471 2127 Christi
486 2074 717 2147 representans
732 2084 913 2147 personam,

164 2170 198 2225 et
217 2163 287 2225 vice
306 2171 338 2225 et
357 2162 428 2227 loco
447 2164 569 2246 ipsius;
585 2164 668 2247 Papa
689 2183 764 2228 vero
786 2173 820 2227 ut
840 2185 916 2228 con-

164 2260 276 2342 fitens,
298 2262 473 2343 peccatoris
497 2263 578 2344 gerit
601 2282 782 2345 personam,
805 2264 915 2345 sicque
1126 2287 1371 2353 ARTICULUS
1399 2288 1561 2355 XXXIII·

164 2358 343 2423 confessori
369 2380 427 2425 suo
451 2360 633 2442 subjicitur,
649 2370 680 2423 et
704 2361 759 2424 ille
780 2370 917 2445 potesta-

163 2467 232 2521 tem
253 2467 286 2523 et
305 2458 561 2540 jurisdictionem
583 2460 678 2522 babet
698 2460 731 2521 in
752 2460 847 2523 istum
868 2479 917 2523 se-
971 2464 1017 2522 De
1037 2464 1221 2523 rationibus
1241 2473 1271 2523 et
1293 2468 1546 2527 auctoritatibus
1567 2488 1649 2547 quos
1667 2472 1721 2529 do-

163 2558 307 2620 cundum
331 2559 416 2639 quod
440 2558 512 2621 talis
536 2566 596 2636 est,
612 2578 676 2621 non
702 2559 734 2621 in
760 2568 914 2640 quantum
1010 2552 1120 2611 minas
1131 2554 1301 2629 degenies
1315 2556 1352 2613 in
1367 2558 1510 2633 quadam
1525 2560 1660 2634 epistola
1675 2563 1721 2618 at-

163 2665 212 2718 est
235 2656 380 2737 superior
400 2675 439 2720 eo
461 2676 668 2737 summusque
690 2657 844 2739 pontifex.
1010 2643 1095 2743 ledf‘f
1114 2650 1227 2701 Μῖνα
1242 2645 1427 2704 Basileense
1438 2648 1491 2723 (uf
1508 2648 1637 2725 fertur)
1649 2668 1721 2709 0⁰⁷³·

204 2754 287 2816 Hinc
311 2754 447 2817 loannes
472 2754 630 2836 glossator
655 2755 789 2835 Decreti,
806 2756 839 2817 in
865 2776 916 2819 ca·
1009 2732 1136 2791 mmm·

48 2874 134 2920 oeae.
163 2852 268 2935 pitulo
296 2855 337 2915 Si
361 2857 467 2929 Papa,
492 2853 697 2917 distinctione
725 2853 776 2933 bl),
802 2854 880 2918 dicit
906 2879 914 2917 :

23 2939 147 3046 ssj¹p⁶ffl³⁰=
162 2951 248 3033 Papa
273 2950 490 3013 scandalizans
515 2951 691 3014 Ecclesiam
717 2960 748 3015 et
775 2954 915 3015 monitus
1040 2951 1280 3017 NlVEllSl'l'dTl
1302 2956 1397 3018 studii
1420 2956 1532 3021 flentis
1554 2960 1717 3023 Pessnlani

162 3050 332 3130 desistere,
358 3048 385 3111 si
411 3068 475 3112 non
500 3049 634 3128 desistit,
661 3059 710 3113 est
737 3048 956 3115 censendusd
1054 3052 1214 3133 quondam
1243 3052 1391 3116 dominus
1419 3055 1578 3138 Eugenius
1603 3057 1718 3121 direxit

104 3149 109 3154 ’
161 3148 333 3210 hereticus
350 3170 357 3209 :
375 3147 452 3230 quia
475 3148 675 3211 contumacia
700 3168 756 3211 seu
782 3149 916 3211 incorri·
969 3148 1147 3231 epistolam,
1164 3151 1197 3212 in
1213 3161 1399 3231 quacontra
1413 3155 1626 3220 Basileensem
1643 3177 1718 3223 con-

161 3245 308 3326 gibilitas
335 3252 385 3308 est
412 3245 555 3323 baeresiS,
586 3265 686 3326 quum
713 3247 823 3309 obviet
850 3246 913 3328 legi
968 3248 1186 3329 gregationem
1215 3249 1401 3314 terribiliter
1428 3253 1578 3336 loquitur,
1606 3257 1716 3320 volens

161 3353 286 3406 naturae
310 3363 366 3407 seu
391 3343 508 3406 rationi
533 3344 681 3422 naturali,
698 3364 794 3427 quam
819 3365 915 3408 evan·
969 3346 1104 3425 probare
1119 3348 1204 3428 quod
1220 3347 1302 3429 Papa
1316 3350 1460 3414 absolute
1475 3353 1518 3416 sit
1532 3372 1627 3434 supra
1643 3375 1718 3419 con-

161 3442 267 3524 gelica
282 3442 331 3504 lex
345 3441 463 3504 dicitur
478 3441 541 3504 sibi
560 3460 805 3527 praesupponere
819 3451 914 3524 atque
969 3443 1092 3526 cilium,
1116 3453 1147 3508 et
1172 3447 1302 3526 majoris
1329 3449 1493 3528 potestatis
1517 3470 1612 3532 quam
1637 3451 1716 3516 illud

160 3541 379 3618 substernere,
395 3559 432 3602 ac
448 3540 679 3604 substernendo
695 3540 862 3623 perficere.
873 3577 914 3588 —
968 3541 1175 3624 simpliciter;
1192 3546 1276 3626 quod
1297 3547 1374 3610 item
1396 3547 1464 3631 ipse
1483 3549 1522 3612 de
1544 3550 1717 3631 plenitudi-

159 3640 244 3702 llinc
259 3658 323 3702 non
338 3638 442 3702 solum
458 3639 576 3701 dicitur
599 3659 669 3702 esse
688 3649 799 3703 contra
813 3640 912 3704 fidem
969 3660 1009 3702 ne
1024 3661 1089 3704 suae
1108 3644 1275 3724 potestatis
1295 3645 1394 3726 possit
1416 3647 1588 3711 transferre
1610 3651 1717 3713 conci-

159 3738 307 3818 fideique
321 3739 499 3801 doctrinam
518 3739 603 3820 quod
623 3738 800 3802 formaliter
818 3751 851 3802 et
865 3741 913 3802 di·
968 3739 1058 3818 lium,
1075 3747 1107 3802 et
1122 3739 1227 3822 ipsum
1247 3743 1421 3806 concilium
1441 3765 1458 3807 a
1478 3745 1560 3828 Papa
1580 3749 1717 3812 auctori-

161 3843 251 3898 recte
271 3835 302 3898 ei
328 3843 493 3918 repugnat,
520 3836 576 3898 sed
602 3835 697 3898 etiam
722 3836 802 3899 illud
827 3839 911 3919 quod
968 3845 1063 3900 tatem
1086 3847 1117 3902 et
1137 3839 1322 3904 firmitatem
1345 3843 1492 3925 accipiat.

161 3943 320 4017 repugnat
342 3934 372 3997 ei
394 3934 479 4015 quod
504 3934 559 3996 illa
583 3936 810 4018 praesupponit,
826 3937 911 4018 quod
1006 3936 1113 4018 ltaque
1129 3937 1212 4000 inter
1226 3945 1331 4002 cetera
1353 3941 1487 4005 scribit:
1505 3943 1572 4006 Una
1592 3952 1640 4007 est
1661 3965 1715 4010 ve·

159 4040 212 4096 est
235 4032 287 4096 lex
311 4039 430 4095 natura
447 4055 455 4092 ι
473 4033 556 4094 sicut
576 4041 608 4095 et
627 4033 848 4096 universaliter
868 4036 913 4097 lo
966 4053 1001 4096 ra
1020 4034 1112 4112 fides,
1131 4055 1194 4098 una
1217 4045 1265 4098 est
1287 4037 1429 4101 Ecclesia
1454 4042 1621 4122 catholica,
1638 4064 1715 4108 una-

158 4131 304 4212 quendo,
320 4149 386 4193 non
405 4130 509 4193 solum
528 4139 576 4193 est
596 4139 706 4194 eontra
724 4141 823 4195 artem
842 4133 911 4197 sive
966 4151 1029 4214 que
1049 4143 1098 4196 est
1122 4134 1285 4216 plenitudo
1308 4137 1532 4202 ecclesiastica
1551 4143 1715 4222 potestatis

158 4228 330 4292 scientiam
351 4229 435 4310 quod
455 4228 637 4292 immediate
659 4248 696 4292 ac
717 4230 844 4310 pmprie
863 4251 912 4294 re-
926 4235 951 4298 D
967 4231 1000 4292 in
1013 4230 1048 4293 B.
1066 4231 1155 4296 Petro
1176 4231 1397 4315 Apostolorum
1418 4237 1566 4321 principe
1587 4241 1712 4324 collata,

157 4336 285 4411 pugnat
303 4327 471 4410 principiis
491 4327 580 4404 artis,
596 4328 652 4390 sed
673 4335 705 4390 et
724 4328 802 4391 illud
825 4332 909 4410 quod
967 4349 1036 4412 qun
1050 4331 1174 4409 eadem,
1191 4351 1250 4394 nec
1270 4332 1373 4414 major
1390 4353 1450 4398 nec
1466 4336 1582 4418 minor,
1599 4339 1631 4401 in
1647 4341 1713 4403 suis

157 4427 272 4490 obviat
295 4426 345 4488 bis
369 4444 440 4506 quae
462 4445 514 4488 ars
538 4435 592 4488 aut
616 4426 751 4489 scientia
771 4447 911 4512 praesup
966 4429 1202 4492 successoribus
1224 4449 1324 4511 usque
1345 4432 1377 4494 in
1397 4432 1497 4496 finem
1518 4437 1624 4499 saculi
1643 4457 1714 4520 per-

157 4525 264 4609 ponit.
288 4524 403 4610 Sicque
431 4541 526 4587 omne
554 4533 720 4606 peccatum
750 4528 910 4591 notorium
967 4535 1100 4589 severat.
1116 4528 1204 4602 Quod
1219 4530 1322 4610 potuit
1335 4530 1456 4610 Petrus,
1474 4532 1533 4597 boe
1550 4535 1710 4617 Silvester,

157 4625 196 4686 in
222 4642 286 4705 quo
310 4624 380 4703 quis
401 4623 633 4686 contumaciter
653 4634 759 4687 manet
780 4625 911 4688 incorri-
966 4625 1026 4687 hoc
1042 4625 1115 4703 boo,
1132 4627 1192 4689 hoc
1212 4627 1308 4690 ceteri
1327 4637 1458 4712 potuere
1473 4632 1665 4714 Pontifices,
1682 4643 1714 4698 et

155 4722 335 4805 gibilisque
349 4721 503 4804 persistit,
520 4721 638 4784 dicitur
658 4742 727 4785 esse
746 4731 856 4786 contra
870 4724 909 4786 li·
966 4724 1049 4804 quod
1065 4722 1113 4785 illi
1128 4729 1310 4806 potuerunt,
1327 4746 1385 4790 nos
1404 4747 1584 4810 possumus.
1602 4731 1665 4796 Nec
1686 4735 1712 4796 si

155 4822 248 4898 dem,
264 4827 297 4882 et
317 4819 426 4882 reduci
446 4820 486 4881 ad
505 4819 663 4883 haeresim.
680 4821 767 4883 Unde
785 4821 827 4885 ob
846 4823 908 4887 tale
966 4821 999 4882 in
1018 4823 1303 4903 praedecessoribus
1325 4826 1442 4889 nostris
1464 4830 1638 4910 apostolica
1660 4831 1712 4895 Se·

154 4927 330 5002 peccatum
350 4918 432 4998 Papa
455 4917 573 4980 dicitur
597 4918 815 5000 deponendus.
965 4921 1021 4982 des
1035 4921 1182 4983 conciliis
1198 4923 1417 4986 auctoritatem
1437 4925 1512 4988 dare
1533 4930 1710 5011 consuevit,

74 5058 119 5086 ῃ,
202 5017 375 5094 Postremo,
392 5015 601 5097 praehabitum
623 5026 672 5079 est
692 5019 776 5099 quod
799 5019 832 5080 in
857 5019 908 5082 bis
964 5028 996 5081 et
1019 5019 1159 5100 legitime
1181 5020 1265 5084 facta
1287 5021 1428 5101 firmare,
1446 5043 1613 5107 perperam
1636 5047 1711 5093 vero

152 5134 231 5198 quae
246 5114 559 5196 directeacproprie
574 5114 786 5195 pertinentad
803 5115 908 5180 forum
964 5125 995 5179 et
1022 5117 1131 5199 inique
1163 5119 1289 5182 actitata
1321 5121 1484 5202 damnare,
1515 5126 1710 5207 temporibus

153 5213 451 5294 et'expeditionem
476 5213 633 5294 generalis
658 5215 798 5293 concilii,
826 5215 907 5299 Papa
963 5215 1080 5278 nostris
1101 5217 1196 5280 debet
1217 5219 1257 5280 ab
1280 5219 1339 5282 bac
1364 5222 1550 5285 auctoritate
1576 5225 1710 5290 cecidis-

154 5312 203 5378 sit
223 5310 388 5395 subjectus
410 5310 606 5395 inferiorque
630 5312 770 5377 concilio
794 5334 907 5379 secun-
963 5334 1007 5379 se.
1025 5314 1104 5378 Nam
1125 5316 1184 5379 etsi
1206 5335 1316 5381 sumus
1337 5318 1475 5404 impares
1493 5321 1626 5404 meritis,
1643 5343 1707 5392 non
