4309 6250
465 497 526 562 386
796 517 917 566 coarat
936 516 1106 564 amatura!
1125 515 1295 575 annonari,
1318 517 1407 564 arasa
1426 518 1474 564 ιιι.
1495 536 1537 547 -
1556 518 1626 565 aar.
1649 520 1682 565 ιι

466 694 632 766 aeternum,
658 694 742 751 terra
764 689 885 771 aperiet
910 708 945 753 os
971 708 1075 768 suurn,
1103 696 1135 750 et
1159 706 1213 751 eos
1228 688 1255 750 A
1269 690 1321 749 dit
1335 691 1441 750 omnis
1460 692 1557 750 turba
1576 690 1789 767 infidelium
1802 690 1984 769 quamquain

467 785 630 868 deglutiet,
656 796 868 869 corruentque
891 788 958 849 vivi
982 788 1016 849 in
1040 796 1212 865 tartarum3
1269 789 1390 847 uertice
1417 790 1634 857 consederint,
1664 790 1872 848 contremiscet
1896 807 1985 856 mons,

467 892 500 947 et
524 883 608 965 ignis
631 884 892 967 conflagrationis
916 904 971 949 eos
999 886 1151 963 involvet,
1177 904 1214 947 ao
1269 906 1457 965 omnemque
1477 888 1608 947 turbam
1628 888 1738 964 ejiciet
1760 888 1796 945 in
1810 888 1984 963 profundam

468 980 563 1044 simul
588 1001 661 1045 cum
686 983 763 1065 ipsis
787 984 821 1045 in
845 983 1008 1047 internum
1029 984 1211 1047 descendet.
1271 985 1410 1060 inferni.

466 1078 646 1161 Eademque
675 1081 752 1144 bora
779 1100 890 1145 omnes
918 1081 1011 1145 electi
1040 1102 1076 1144 ac
1107 1080 1213 1144 Sancti
1310 1082 1391 1146 Ecce
1406 1102 1502 1164 quam
1522 1082 1829 1147 irrationabilissime
1841 1081 1986 1144 vcrbatlit

467 1178 640 1241 ascendent
662 1197 735 1241 cum
760 1179 883 1242 Christo
908 1180 941 1241 in
962 1180 1025 1242 alta
1047 1180 1211 1243 coelorum.
1270 1180 1340 1260 quis
1356 1200 1508 1262 unquam,
1518 1182 1580 1244 nisi
1595 1182 1709 1264 plenus
1724 1180 1854 1259 diabolo,
1864 1180 1986 1242 [induet

467 1275 504 1336 Et
533 1285 608 1339 tunc
643 1276 847 1341 innovabitur
875 1279 1024 1358 mundus,
1054 1278 1098 1340 ita
1129 1278 1213 1359 quod
1269 1287 1333 1341 um
1362 1280 1576 1344 abominanda
1599 1281 1789 1344 mendaciat
1811 1279 1886 1355 Certe
1912 1278 1985 1341 dedi·

467 1381 602 1454 quatuor
619 1375 776 1438 elementa
796 1377 983 1440 mirabiliter
1003 1377 1211 1440 ornabuntur.
1269 1396 1384 1459 gnarer
1409 1389 1518 1442 contra
1541 1399 1578 1443 ea
1603 1398 1749 1461 arguere,
1774 1378 1836 1441 imo
1856 1396 1986 1440 remeun-

466 1470 530 1535 Nec
554 1491 636 1554 aqua
659 1474 699 1536 de
725 1483 831 1537 cetero
855 1475 976 1556 operiet
1001 1484 1128 1553 terram,
1154 1494 1213 1536 uec
1270 1476 1362 1538 darer
1376 1496 1413 1538 ea
1427 1497 1566 1555 narrare,
1583 1478 1645 1539 nisi
1667 1485 1755 1539 tanta
1775 1476 1858 1558 plebs
1876 1484 1931 1538 um
1948 1475 1986 1536 in·

466 1578 561 1651 agent
584 1571 618 1633 in
643 1591 676 1634 se
700 1572 840 1635 invicem
862 1573 1040 1653 elementa;
1057 1574 1111 1636 sed
1132 1582 1214 1635 terra
1269 1572 1497 1655 sipientissima
1522 1576 1621 1638 verba
1639 1576 1783 1638 crederet
1802 1593 1877 1637 vera.
1897 1574 1986 1653 ltaque

465 1668 603 1751 fulgebit
625 1680 661 1733 ut
683 1690 807 1753 aurum,
823 1692 906 1754 aqua
929 1674 1013 1736 sicut
1034 1672 1212 1755 crystallus,
1268 1691 1354 1734 nunc
1376 1672 1515 1736 breviter
1535 1693 1573 1736 ea
1596 1672 1721 1737 modice
1742 1680 1871 1753 tangam

466 1786 521 1829 aer
535 1775 570 1829 ut
584 1768 712 1847 coelum,
725 1770 809 1851 ignis
824 1778 859 1832 ut
873 1779 957 1833 astra
972 1770 1056 1833 coeli.
1067 1770 1213 1833 Coelestia
1308 1770 1368 1833 Bos
1387 1769 1441 1833 ille
1460 1779 1550 1833 estne
1570 1771 1714 1853 ejusdem
1734 1770 1848 1853 speciei
1865 1788 1929 1832 cum
1945 1786 1986 1830 ce

465 1883 591 1947 quoque
611 1884 744 1950 corpora
764 1868 911 1950 ampliori
933 1869 1054 1931 lumine
1077 1868 1251 1931 vestian-lt
1269 1866 1345 1929 teris
1369 1868 1493 1931 bobust
1517 1868 1549 1930 Si
1573 1869 1631 1946 sic,
1658 1866 1876 1931 inconveniens
1900 1867 1926 1929 ei
1947 1874 1986 1927 est

464 1970 527 2043 tur,
556 1965 708 2045 quoniam
737 1965 813 2027 luna
841 1966 1021 2047 splendebit
1050 1967 1134 2030 sicut
1165 1967 1211 2030 sol
1268 1973 1356 2027 tanta
1377 1966 1519 2048 corporis
1541 1967 1653 2044 moles,
1669 1966 1745 2049 quia
1766 1968 1815 2047 (ut
1830 1963 1986 2028 Aristoteles

464 2062 626 2140 n10d0‚sol
641 2082 767 2146 quoque
782 2065 898 2147 septies
914 2066 1029 2128 clarior
1043 2066 1104 2128 erit
1117 2085 1212 2147 quam
1268 2065 1394 2145 prebat)
1408 2064 1551 2127 omnium
1574 2074 1686 2127 natura
1701 2064 1903 2127 constantium
1915 2070 1986 2125 certa

465 2180 549 2223 nunc
565 2164 898 2243 est‚quemadmodum
915 2163 948 2225 in
962 2164 1042 2226 lsaia
1057 2165 1212 2246 scriptum
1268 2170 1316 2223 est
1331 2182 1480 2225 mensura
1493 2169 1525 2225 et
1539 2163 1697 2244 quantitas
1712 2181 1750 2225 ac
1766 2162 1841 2225 ratio
1852 2160 1988 2243 magnitu-

316 2266 512 2338 1.,„1‚2e‚est
528 2283 535 2321 :
552 2260 620 2322 Erit
643 2261 695 2323 lux
720 2261 803 2325 lunae
827 2262 910 2325 sicut
931 2262 983 2325 lux
1004 2263 1091 2344 solis,
1108 2273 1139 2326 et
1158 2263 1212 2326 lux
1268 2260 1360 2323 dinis.
1373 2261 1462 2338 Item,
1474 2261 1558 2323 sicut
1572 2281 1622 2324 res
1636 2259 1794 2323 dillerunt
1807 2260 1866 2323 suis
1878 2258 1984 2340 liguris,

464 2358 541 2421 solis
560 2360 809 2441 septempliciter
828 2361 911 2424 sicut
929 2362 982 2424 lux
1002 2370 1124 2443 septem
1146 2362 1212 2424 die·
1267 2358 1311 2420 ita
1335 2366 1366 2420 et
1388 2359 1502 2421 lormis
1525 2359 1699 2441 specificis.
1724 2360 1844 2422 idcirco
1868 2358 1919 2420 bes
1943 2356 1987 2419 ille

401 2488 406 2499 ·
464 2475 544 2518 rum.
562 2456 638 2519 Coeli
660 2458 789 2520 demum
804 2477 841 2521 ac
863 2458 962 2521 stellae
976 2460 1212 2523 decorabuntur
1267 2457 1317 2520 vel
1332 2457 1462 2520 alterius
1478 2467 1527 2520 est
1541 2457 1659 2539 speciei
1674 2458 1713 2520 ab
1729 2458 1811 2535 istis,
1827 2455 1871 2519 vel
1886 2474 1986 2519 cornua

462 2562 557 2635 prout
576 2556 667 2619 novit
687 2556 815 2619 Creator
835 2558 1047 2640 omnipotens.
1267 2562 1312 2618 tut
1337 2574 1400 2618 non
1425 2555 1531 2617 habet.
1547 2556 1586 2618 Et
1604 2555 1755 2633 breviter,
1772 2555 1827 2618 ille
1843 2555 1895 2617 bos
1914 2571 1987 2616 mon·

501 2656 575 2725 Dic,
586 2664 710 2715 montes
724 2658 811 2716 uude
825 2658 1190 2734 coieruuttRespoudit
1199 2679 1211 2718 .·
1266 2661 1365 2715 strum
1390 2662 1483 2716 esset.
1511 2652 1574 2717 Nec
1598 2654 1688 2717 locus
1714 2654 1769 2716 ille
1793 2654 1849 2717 sub
1869 2662 1944 2715 terra
1963 2650 1986 2713 ai

313 2776 446 2826 uisam.
460 2754 795 2832 DementeKofflam
811 2754 954 2817 habitum
965 2764 1012 2817 est
1028 2755 1209 2819 fabulosum
1265 2752 1451 2816 naturaliter
1465 2754 1627 2835 competit.
1644 2753 1725 2817 Ordo
1744 2762 1849 2817 autem
1866 2749 1986 2815 universi

460 2852 628 2933 essequod
647 2852 693 2914 ait
711 2854 750 2915 de
770 2862 877 2916 monte
899 2853 972 2916 vau
988 2878 994 2916 :
1012 2863 1043 2917 et
1062 2856 1209 2938 quamvis
1264 2851 1417 2913 naturalis
1432 2860 1491 2931 est,
1507 2860 1539 2914 et
1552 2852 1661 2915 omnia
1681 2860 1889 2935 congruenter
1900 2851 1987 2930 dispo

462 2956 546 3011 esset
560 2966 651 3013 mons
666 2949 732 3028 ille,
750 2950 881 3013 stultum
897 2960 980 3014 esset
995 2962 1107 3033 putare
1123 2954 1207 3034 quod
1264 2950 1324 3012 sita
1346 2958 1420 3012 suut
1438 2959 1469 3013 et
1488 2951 1600 3013 locata.
1617 2952 1780 3031 Praeterea,
1797 2951 1854 3014 bes
1871 2950 1918 3012 ille
1936 2964 1987 3029 quo

459 3066 497 3109 ex
519 3066 557 3111 eo
582 3047 636 3111 alii
663 3058 787 3113 montes
811 3050 998 3133 prodierint,
1021 3069 1121 3134 quum
1143 3071 1207 3115 nou
1223 3057 1245 3121 (l
1264 3049 1426 3111 vesciturt
1442 3057 1473 3110 et
1488 3050 1647 3130 quomodo
1662 3050 1797 3112 tamdiu
1816 3049 1915 3112 vivere
1932 3054 1987 3130 pet-

458 3147 522 3208 sint
537 3147 584 3209 illi
600 3148 755 3230 contigui,
771 3157 803 3212 et
823 3169 927 3232 neque
949 3169 1045 3213 causa
1060 3150 1208 3214 alliciens
1264 3151 1333 3210 estt
1349 3156 1381 3211 et
1401 3147 1477 3230 quid
1499 3148 1575 3211 tacit
1597 3149 1658 3212 sub
1677 3151 1784 3211 terret
1799 3157 1832 3212 et
1850 3169 1902 3211 cur
1919 3145 1987 3227 sapi·

457 3262 517 3306 nec
536 3264 632 3307 causa
651 3246 824 3310 materialis
844 3247 1002 3311 montium
1028 3257 1207 3313 ceterorum
1263 3247 1447 3309 entissimus
1467 3247 1549 3310 Deus
1568 3247 1650 3309 nibil
1669 3247 1809 3310 inaniter
1823 3255 1875 3310 aut
1887 3244 1986 3309 irratio

457 3341 521 3404 dici
542 3352 649 3425 posset
670 3362 762 3407 mons
783 3344 847 3408 ille.
865 3345 997 3408 Causam
1017 3366 1093 3410 vere
1113 3367 1209 3429 gene·
1262 3346 1412 3408 nobiliter
1426 3345 1760 3426 taciens,statuiteum
1775 3346 1984 3420 ibitPraterea,

461 3440 593 3502 rationis
609 3443 764 3505 montium
779 3443 964 3507 Aristoteles
980 3445 1087 3508 verius
1103 3448 1205 3510 docet.
1262 3463 1333 3526 que
1348 3453 1422 3506 sunt
1436 3452 1558 3526 septem
1574 3445 1622 3508 bae
1636 3446 1748 3509 terraet
1763 3444 1915 3527 quomodo
1927 3450 1987 3504 sunt

1263 3542 1471 3605 coordinatat
1480 3542 1548 3606 Non
1562 3543 1649 3606 enim
1664 3552 1713 3605 est
1726 3543 1789 3605 nisi
1805 3562 1900 3605 unum
1913 3552 1986 3603 terra

1263 3641 1467 3722 elementum,
1476 3661 1532 3703 seu
1546 3661 1611 3704 una
1624 3641 1828 3705 elementaris
1841 3642 1985 3722 totalisque

668 3727 914 3794 ARTIGULUS
937 3729 997 3793 XI.
1262 3749 1356 3802 terra.
1373 3741 1425 3803 llae
1441 3739 1547 3823 itaque
1568 3749 1660 3804 terrae
1678 3750 1772 3804 erunt
1792 3751 1896 3824 partes
1914 3749 1986 3803 terre

456 3865 632 3941 Responsio
655 3869 776 3928 ΜαΙιοπ
801 3871 841 3927 de
864 3869 915 3928 ln's
944 3890 1016 3948 quoe
1044 3880 1121 3930 sunt
1149 3874 1208 3931 snb
1262 3838 1496 3950 elemeffmllQ
1594 3937 1600 3950 ·
1810 3939 1817 3952 ι

497 3963 588 4014 terra
611 3974 622 4013 .·
644 3956 740 4014 verba
763 3957 977 4032 fatuitatibus
1005 3959 1208 4037 insaniisque
1301 3938 1454 4019 Demque,
1471 3938 1571 4001 sibus
1593 3938 1648 4000 tlle
1667 3939 1874 4020 quadraginta
1888 3952 1986 4002 cernat

493 4043 697 4118 plenissima,
1261 4034 1368 4114 habet,
1389 4044 1499 4117 estque
1518 4056 1537 4098 a
1556 4055 1656 4099 cornu
1676 4037 1715 4099 ad
1735 4056 1836 4100 cornu
1859 4034 1986 4100 distantia
2093 4078 2094 4119 ,

1262 4135 1321 4197 viae
1346 4135 1433 4198 mille
1458 4154 1626 4214 annorum,
1654 4144 1796 4198 extrema
1820 4155 1932 4199 cornua
1950 4133 1986 4195 di·
2093 4190 2094 4195 ,

531 4227 567 4290 ta
583 4239 815 4310 consequenter
829 4230 874 4294 ait
887 4232 1013 4295 iudaeus
1024 4237 1206 4303 :Quidnam
1221 4237 1247 4299 b
1262 4241 1346 4295 stant
1364 4234 1405 4296 ab
1424 4234 1564 4298 invicem
1583 4235 1697 4298 itinere
1716 4234 1921 4317 quadraginta
1932 4230 1987 4294 mil·

545 4336 645 4387 restat
660 4330 718 4388 sub
732 4331 783 4388 bis
797 4339 915 4406 septem
932 4333 1053 4392 terris?
1067 4336 1207 4409 Respon·
1263 4332 1341 4394 lium
1357 4351 1525 4396 annerum.
1542 4332 1653 4406 Quaero
1667 4351 1743 4415 ergo
1762 4333 1899 4415 qualiter
1914 4329 1987 4394 intel·

455 4427 506 4486 dit
523 4445 535 4485 .·
550 4428 624 4486 Bos.
650 4429 709 4487 Ait
733 4429 867 4489 :Pedes
892 4430 979 4488 bouis
1004 4449 1102 4506 super
1125 4433 1208 4510 quid
1263 4429 1425 4511 ligandum
1454 4431 1507 4510 sit,
1537 4431 1620 4512 quod
1649 4439 1745 4512 caput
1772 4431 1864 4494 bovis
1892 4430 1987 4493 dicitur
2091 4458 2093 4505 j

453 4531 542 4583 stant
553 4524 568 4582 ?
581 4526 759 4600 Respondit
775 4546 787 4584 .·
801 4529 911 4602 Stiper
926 4529 1068 4602 lapidem
1083 4531 1204 4591 aidum.
1262 4549 1332 4592 esse
1351 4530 1384 4592 in
1406 4530 1526 4593 oriente
1545 4538 1577 4594 et
1595 4531 1696 4593 cauda
1715 4531 1748 4592 in
1766 4532 1936 4594 occidente.
1949 4531 1985 4590 lo

454 4623 529 4691 Dic,
545 4641 617 4700 quos
629 4625 740 4698 forma
756 4625 868 4684 bouis?
881 4628 1060 4702 Respondit
1076 4631 1205 4704 :Caput
1262 4629 1417 4692 orientem
1452 4637 1545 4692 vocat
1572 4638 1747 4692 extremum
1777 4639 1869 4693 terrae
1896 4645 1986 4693 versus

454 4720 527 4796 ejus
541 4722 577 4780 in
593 4722 730 4792 oriente,
745 4726 851 4782 cauda
873 4726 908 4783 in
927 4727 1092 4786 occidente
1100 4747 1114 4795 ;
1125 4748 1207 4806 qua·
1262 4736 1383 4810 partem
1398 4727 1471 4790 coeli
1487 4747 1549 4809 qua
1563 4729 1664 4791 oritur
1678 4728 1736 4808 sol,
1749 4736 1781 4791 et
1794 4730 1985 4804 occidentem,

455 4819 613 4895 drupiuto
628 4839 752 4880 cornua
768 4822 873 4892 tabet,
882 4831 911 4882 et
927 4825 1057 4882 totidem
1074 4828 1206 4895 utentes,⁸
1262 4834 1383 4907 partem
1399 4825 1588 4908 oppositam,
1605 4827 1816 4889 auertentem
1832 4839 1924 4891 vocat
1934 4845 1987 4909 par·

456 4936 477 4976 o
504 4937 608 4977 cornu
631 4920 676 4978 ad
698 4939 801 4979 cornu
824 4921 890 4980 iter
913 4924 1003 4981 mille
1027 4943 1203 4985 annorum.
1262 4933 1325 4986 tem
1349 4924 1421 4987 coeli
1448 4923 1502 4987 ubi
1531 4923 1578 4987 sol
1603 4925 1715 5003 oritur,
1741 4934 1773 4988 et
1795 4926 1984 4998 occidentem,

457 5017 516 5076 Ait
545 5036 556 5074 .·
585 5019 628 5077 Rt
656 5019 714 5077 sub
742 5020 852 5093 tepide
880 5037 976 5095 super
1004 5041 1100 5100 quem
1128 5031 1204 5094 stat,
1261 5031 1382 5104 partem
1411 5022 1484 5086 coeli
1511 5041 1574 5104 qua
1601 5023 1741 5086 occiditt
1770 5023 1911 5087 Primum
1937 5023 1985 5086 dici

456 5114 539 5191 quid
551 5115 565 5172 i
586 5117 764 5190 Respondit
786 5136 798 5174 .·
817 5119 912 5178 Mons
932 5120 989 5178 cui
1008 5139 1124 5180 nemen
1146 5125 1206 5182 Zo—
1260 5141 1325 5185 nen
1360 5129 1474 5204 potest,
1505 5121 1579 5202 quia
1607 5122 1783 5184 secundum
1817 5115 1984 5206 astrologos,

309 5212 551 5273 watislaus-¹.
575 5213 640 5272 Hic
663 5222 709 5271 est
732 5233 823 5274 mous
847 5217 984 5291 inferni.
1010 5220 1204 5294 Amplitudo
1260 5240 1324 5284 non
1345 5229 1430 5283 tanta
1448 5228 1496 5283 est
1520 5220 1671 5283 distantia
1694 5220 1778 5285 inter
1796 5229 1891 5286 terra
1908 5231 1987 5286 extre

452 5311 536 5388 ejus,
545 5311 678 5370 itineris
692 5313 782 5372 mitte
796 5333 970 5377 annorum.
982 5319 1080 5378 Hunc
1094 5338 1203 5379 ascen-
1260 5339 1327 5399 ma;
1340 5339 1443 5401 neque
1458 5320 1645 5400 secundum,
1655 5319 1729 5402 quia
1743 5319 1789 5382 sic
1804 5320 1985 5404 caputbovis
