<?xml version="1.0" encoding="UTF-8"?>
<!DOCTYPE html PUBLIC "-//W3C//DTD XHTML 1.0 Transitional//EN"
    "http://www.w3.org/TR/xhtml1/DTD/xhtml1-transitional.dtd">
<html xmlns="http://www.w3.org/1999/xhtml" xml:lang="en" lang="en">
 <head>
  <title>
</title>
<meta http-equiv="Content-Type" content="text/html;charset=utf-8" />
  <meta name='ocr-system' content='tesseract 3.04.00' />
  <meta name='ocr-capabilities' content='ocr_page ocr_carea ocr_par ocr_line ocrx_word'/>
</head>
<body>
  <div class='ocr_page' id='page_1' title='image "./doctorisecstati03unkngoog_0279.png"; bbox 0 0 4309 6250; ppageno 0'>
   <div class='ocr_carea' id='block_1_1' title="bbox 501 493 1712 570">
    <p class='ocr_par' dir='ltr' id='par_1_1' title="bbox 501 493 1712 570">
     <span class='ocr_line' id='line_1_1' title="bbox 501 493 1712 570; baseline 0 -10"><span class='ocrx_word' id='word_1_1' title='bbox 501 511 621 560; x_wconf 81' lang='lat' dir='ltr'><strong>cortraa</strong></span> <span class='ocrx_word' id='word_1_2' title='bbox 640 511 809 561; x_wconf 70' lang='lat' dir='ltr'><strong>emmona</strong></span> <span class='ocrx_word' id='word_1_3' title='bbox 828 511 1000 570; x_wconf 73' lang='lat' dir='ltr'><strong>monn,</strong></span> <span class='ocrx_word' id='word_1_4' title='bbox 1023 513 1112 560; x_wconf 81' lang='lat' dir='ltr'><strong>num</strong></span> <span class='ocrx_word' id='word_1_5' title='bbox 1133 514 1154 560; x_wconf 87' lang='lat' dir='ltr'><strong>r.</strong></span> <span class='ocrx_word' id='word_1_6' title='bbox 1175 531 1217 544; x_wconf 93' lang='lat'>-</span> <span class='ocrx_word' id='word_1_7' title='bbox 1237 513 1306 560; x_wconf 75' lang='lat' dir='ltr'><strong>aar.</strong></span> <span class='ocrx_word' id='word_1_8' title='bbox 1330 514 1386 561; x_wconf 87' lang='lat' dir='ltr'><strong>xm</strong></span> <span class='ocrx_word' id='word_1_9' title='bbox 1654 493 1712 560; x_wconf 75' lang='lat' dir='ltr'><strong>tet</strong></span> 
     </span>
    </p>
   </div>
   <div class='ocr_carea' id='block_1_2' title="bbox 43 683 1729 5377">
    <p class='ocr_par' dir='ltr' id='par_1_2' title="bbox 364 683 1720 866">
     <span class='ocr_line' id='line_1_2' title="bbox 364 683 1720 866; baseline -0.001 -19"><span class='ocrx_word' id='word_1_10' title='bbox 364 741 609 808; x_wconf 65' lang='lat' dir='ltr'><strong>fflsscvfflss</strong></span> <span class='ocrx_word' id='word_1_11' title='bbox 632 741 728 806; x_wconf 57' lang='grc' dir='ltr'><strong>ΜΗ·</strong></span> <span class='ocrx_word' id='word_1_12' title='bbox 931 683 1720 866; x_wconf 57' lang='lat' dir='ltr'><strong>⁸{tiltlttzttttttttt{tte</strong></span> 
     </span>
     <span class='ocr_line' id='line_1_3' title="bbox 1482 831 1490 862; baseline 0 0"><span class='ocrx_word' id='word_1_13' title='bbox 1482 831 1490 862; x_wconf 76' lang='lat' dir='ltr'><strong>i</strong></span> 
     </span>
    </p>

    <p class='ocr_par' dir='ltr' id='par_1_3' title="bbox 171 879 1722 968">
     <span class='ocr_line' id='line_1_4' title="bbox 171 879 1722 968; baseline -0.008 -14"><span class='ocrx_word' id='word_1_14' title='bbox 171 895 218 954; x_wconf 84' lang='lat' dir='ltr'><strong>De</strong></span> <span class='ocrx_word' id='word_1_15' title='bbox 233 893 422 968; x_wconf 74' lang='lat' dir='ltr'><strong>primorum</strong></span> <span class='ocrx_word' id='word_1_16' title='bbox 442 900 623 968; x_wconf 79' lang='lat' dir='ltr'><strong>parentum</strong></span> <span class='ocrx_word' id='word_1_17' title='bbox 648 893 918 968; x_wconf 70' lang='lat' dir='ltr'><strong>transgressione,</strong></span> <span class='ocrx_word' id='word_1_18' title='bbox 971 889 1060 944; x_wconf 80' lang='lat' dir='ltr'><strong>rante</strong></span> <span class='ocrx_word' id='word_1_19' title='bbox 1085 887 1249 963; x_wconf 73' lang='lat' dir='ltr'>peccante,</span> <span class='ocrx_word' id='word_1_20' title='bbox 1266 881 1384 964; x_wconf 89' lang='lat' dir='ltr'><strong>posteri</strong></span> <span class='ocrx_word' id='word_1_21' title='bbox 1410 881 1480 964; x_wconf 84' lang='lat' dir='ltr'><strong>ejus</strong></span> <span class='ocrx_word' id='word_1_22' title='bbox 1505 881 1648 945; x_wconf 89' lang='lat' dir='ltr'><strong>nondum</strong></span> <span class='ocrx_word' id='word_1_23' title='bbox 1672 879 1722 943; x_wconf 86' lang='lat' dir='ltr'><strong>lu·</strong></span> 
     </span>
    </p>

    <p class='ocr_par' dir='ltr' id='par_1_4' title="bbox 239 979 1721 1062">
     <span class='ocr_line' id='line_1_5' title="bbox 239 979 1721 1062; baseline 0.001 -22"><span class='ocrx_word' id='word_1_24' title='bbox 239 981 599 1058; x_wconf 71' lang='lat' dir='ltr'><strong>etorr&#39;qtnatispeccati</strong></span> <span class='ocrx_word' id='word_1_25' title='bbox 612 981 845 1055; x_wconf 75' lang='lat' dir='ltr'><strong><em>transfusione.</em></strong></span> <span class='ocrx_word' id='word_1_26' title='bbox 971 981 1066 1044; x_wconf 89' lang='lat' dir='ltr'><strong>erint.</strong></span> <span class='ocrx_word' id='word_1_27' title='bbox 1102 980 1255 1062; x_wconf 78' lang='lat' dir='ltr'><strong>lienique,</strong></span> <span class='ocrx_word' id='word_1_28' title='bbox 1292 980 1319 1042; x_wconf 92' lang='lat' dir='ltr'><strong>si</strong></span> <span class='ocrx_word' id='word_1_29' title='bbox 1354 979 1479 1062; x_wconf 90' lang='lat' dir='ltr'><strong>primus</strong></span> <span class='ocrx_word' id='word_1_30' title='bbox 1512 997 1628 1062; x_wconf 89' lang='lat' dir='ltr'><strong>parens</strong></span> <span class='ocrx_word' id='word_1_31' title='bbox 1663 997 1721 1042; x_wconf 91' lang='lat' dir='ltr'><strong>suo</strong></span> 
     </span>
    </p>

    <p class='ocr_par' dir='ltr' id='par_1_5' title="bbox 970 1075 1723 1160">
     <span class='ocr_line' id='line_1_6' title="bbox 970 1075 1723 1160; baseline -0.003 -20"><span class='ocrx_word' id='word_1_32' title='bbox 970 1085 1103 1160; x_wconf 88' lang='lat' dir='ltr'><strong>peccato</strong></span> <span class='ocrx_word' id='word_1_33' title='bbox 1118 1085 1182 1140; x_wconf 90' lang='lat' dir='ltr'><strong>tam</strong></span> <span class='ocrx_word' id='word_1_34' title='bbox 1197 1076 1258 1140; x_wconf 89' lang='lat' dir='ltr'><strong>sibi</strong></span> <span class='ocrx_word' id='word_1_35' title='bbox 1273 1095 1369 1160; x_wconf 88' lang='lat' dir='ltr'><strong>quam</strong></span> <span class='ocrx_word' id='word_1_36' title='bbox 1385 1096 1449 1140; x_wconf 81' lang='lat' dir='ltr'><strong>suae</strong></span> <span class='ocrx_word' id='word_1_37' title='bbox 1468 1076 1644 1158; x_wconf 71' lang='lat' dir='ltr'><strong>posteritati</strong></span> <span class='ocrx_word' id='word_1_38' title='bbox 1659 1075 1723 1140; x_wconf 90' lang='lat' dir='ltr'><strong>ori-</strong></span> 
     </span>
    </p>

    <p class='ocr_par' dir='ltr' id='par_1_6' title="bbox 229 1171 1720 1258">
     <span class='ocr_line' id='line_1_7' title="bbox 229 1171 1720 1258; baseline 0.001 -23"><span class='ocrx_word' id='word_1_39' title='bbox 229 1171 317 1236; x_wconf 74' lang='lat' dir='ltr'><strong>lGlll&#39;</strong></span> <span class='ocrx_word' id='word_1_40' title='bbox 331 1175 366 1237; x_wconf 92' lang='lat' dir='ltr'><strong>in</strong></span> <span class='ocrx_word' id='word_1_41' title='bbox 380 1174 463 1239; x_wconf 93' lang='lat' dir='ltr'><strong>libro</strong></span> <span class='ocrx_word' id='word_1_42' title='bbox 476 1174 769 1256; x_wconf 82' lang='lat' dir='ltr'><strong>Geneseosldoyses</strong></span> <span class='ocrx_word' id='word_1_43' title='bbox 790 1183 919 1238; x_wconf 89' lang='lat' dir='ltr'><strong>sanctus</strong></span> <span class='ocrx_word' id='word_1_44' title='bbox 971 1175 1111 1258; x_wconf 56' lang='lat' dir='ltr'><strong>gualam</strong></span> <span class='ocrx_word' id='word_1_45' title='bbox 1144 1175 1252 1238; x_wconf 92' lang='lat' dir='ltr'><strong>amisit</strong></span> <span class='ocrx_word' id='word_1_46' title='bbox 1283 1175 1451 1258; x_wconf 82' lang='lat' dir='ltr'><strong>justitiam,</strong></span> <span class='ocrx_word' id='word_1_47' title='bbox 1481 1175 1609 1238; x_wconf 87' lang='lat' dir='ltr'><strong>videtur</strong></span> <span class='ocrx_word' id='word_1_48' title='bbox 1635 1174 1720 1256; x_wconf 90' lang='lat' dir='ltr'><strong>quod</strong></span> 
     </span>
    </p>

    <p class='ocr_par' dir='ltr' id='par_1_7' title="bbox 49 1271 1721 1356">
     <span class='ocr_line' id='line_1_8' title="bbox 49 1271 1721 1356; baseline 0.001 -22"><span class='ocrx_word' id='word_1_49' title='bbox 49 1280 157 1330; x_wconf 62' lang='lat' dir='ltr'><strong>trualt·</strong></span> <span class='ocrx_word' id='word_1_50' title='bbox 243 1271 426 1354; x_wconf 75' lang='lat' dir='ltr'><strong>descripsit,</strong></span> <span class='ocrx_word' id='word_1_51' title='bbox 442 1273 563 1356; x_wconf 89' lang='lat' dir='ltr'><strong>primos</strong></span> <span class='ocrx_word' id='word_1_52' title='bbox 577 1271 704 1355; x_wconf 89' lang='lat' dir='ltr'><strong>generis</strong></span> <span class='ocrx_word' id='word_1_53' title='bbox 717 1271 850 1334; x_wconf 90' lang='lat' dir='ltr'><strong>bumani</strong></span> <span class='ocrx_word' id='word_1_54' title='bbox 865 1291 920 1354; x_wconf 86' lang='lat' dir='ltr'><strong>pu·</strong></span> <span class='ocrx_word' id='word_1_55' title='bbox 972 1273 1157 1356; x_wconf 87' lang='lat' dir='ltr'><strong>poeuiteudo</strong></span> <span class='ocrx_word' id='word_1_56' title='bbox 1174 1281 1237 1336; x_wconf 93' lang='lat' dir='ltr'><strong>tam</strong></span> <span class='ocrx_word' id='word_1_57' title='bbox 1254 1273 1315 1336; x_wconf 88' lang='lat' dir='ltr'><strong>sibi</strong></span> <span class='ocrx_word' id='word_1_58' title='bbox 1329 1292 1425 1355; x_wconf 91' lang='lat' dir='ltr'><strong>quam</strong></span> <span class='ocrx_word' id='word_1_59' title='bbox 1441 1272 1617 1356; x_wconf 68' lang='lat' dir='ltr'><strong>posteritati</strong></span> <span class='ocrx_word' id='word_1_60' title='bbox 1632 1291 1721 1336; x_wconf 90' lang='lat' dir='ltr'><strong>recu-</strong></span> 
     </span>
    </p>

    <p class='ocr_par' dir='ltr' id='par_1_8' title="bbox 47 1344 1721 1453">
     <span class='ocr_line' id='line_1_9' title="bbox 47 1344 1721 1453; baseline -0.001 -19"><span class='ocrx_word' id='word_1_61' title='bbox 47 1344 73 1384; x_wconf 78' lang='lat'><strong>¹⁷&#39;</strong></span> <span class='ocrx_word' id='word_1_62' title='bbox 171 1382 277 1434; x_wconf 85' lang='lat' dir='ltr'><strong>rentss</strong></span> <span class='ocrx_word' id='word_1_63' title='bbox 290 1371 375 1433; x_wconf 83' lang='lat' dir='ltr'><strong>Deus</strong></span> <span class='ocrx_word' id='word_1_64' title='bbox 390 1370 554 1452; x_wconf 89' lang='lat' dir='ltr'><strong>piissimus</strong></span> <span class='ocrx_word' id='word_1_65' title='bbox 568 1369 602 1432; x_wconf 88' lang='lat' dir='ltr'><strong>in</strong></span> <span class='ocrx_word' id='word_1_66' title='bbox 616 1369 763 1452; x_wconf 76' lang='lat' dir='ltr'><strong>paradiso</strong></span> <span class='ocrx_word' id='word_1_67' title='bbox 777 1369 918 1432; x_wconf 76' lang='lat' dir='ltr'><strong>terrestri</strong></span> <span class='ocrx_word' id='word_1_68' title='bbox 972 1372 1133 1452; x_wconf 83' lang='lat' dir='ltr'><strong>paraverit</strong></span> <span class='ocrx_word' id='word_1_69' title='bbox 1146 1391 1228 1435; x_wconf 90' lang='lat' dir='ltr'><strong>eam.</strong></span> <span class='ocrx_word' id='word_1_70' title='bbox 1244 1405 1286 1418; x_wconf 91' lang='lat'>—</span> <span class='ocrx_word' id='word_1_71' title='bbox 1299 1371 1338 1434; x_wconf 85' lang='lat' dir='ltr'><strong>Et</strong></span> <span class='ocrx_word' id='word_1_72' title='bbox 1351 1371 1620 1453; x_wconf 86' lang='lat' dir='ltr'><strong>respondendum,</strong></span> <span class='ocrx_word' id='word_1_73' title='bbox 1636 1372 1721 1452; x_wconf 92' lang='lat' dir='ltr'><strong>quod</strong></span> 
     </span>
    </p>

    <p class='ocr_par' dir='ltr' id='par_1_9' title="bbox 171 1466 1723 1552">
     <span class='ocr_line' id='line_1_10' title="bbox 171 1466 1723 1552; baseline -0.003 -19"><span class='ocrx_word' id='word_1_74' title='bbox 171 1469 348 1549; x_wconf 88' lang='lat' dir='ltr'><strong>constituit,</strong></span> <span class='ocrx_word' id='word_1_75' title='bbox 361 1468 472 1550; x_wconf 87' lang='lat' dir='ltr'><strong>sisque</strong></span> <span class='ocrx_word' id='word_1_76' title='bbox 485 1487 577 1532; x_wconf 90' lang='lat' dir='ltr'><strong>esum</strong></span> <span class='ocrx_word' id='word_1_77' title='bbox 591 1466 671 1550; x_wconf 92' lang='lat' dir='ltr'><strong>ligni</strong></span> <span class='ocrx_word' id='word_1_78' title='bbox 685 1468 827 1530; x_wconf 80' lang='lat' dir='ltr'><strong>scientias</strong></span> <span class='ocrx_word' id='word_1_79' title='bbox 841 1467 918 1531; x_wconf 91' lang='lat' dir='ltr'><strong>boni</strong></span> <span class='ocrx_word' id='word_1_80' title='bbox 972 1468 1138 1550; x_wconf 88' lang='lat' dir='ltr'><strong>originalis</strong></span> <span class='ocrx_word' id='word_1_81' title='bbox 1171 1469 1296 1552; x_wconf 84' lang='lat' dir='ltr'><strong>justitia</strong></span> <span class='ocrx_word' id='word_1_82' title='bbox 1330 1468 1570 1551; x_wconf 83' lang='lat' dir='ltr'><strong>supernaturale</strong></span> <span class='ocrx_word' id='word_1_83' title='bbox 1602 1467 1723 1532; x_wconf 83' lang='lat' dir='ltr'><strong>exstitit</strong></span> 
     </span>
    </p>

    <p class='ocr_par' dir='ltr' id='par_1_10' title="bbox 169 1564 1722 1650">
     <span class='ocr_line' id='line_1_11' title="bbox 169 1564 1722 1650; baseline -0.001 -20"><span class='ocrx_word' id='word_1_84' title='bbox 169 1576 200 1630; x_wconf 88' lang='lat' dir='ltr'><strong>et</strong></span> <span class='ocrx_word' id='word_1_85' title='bbox 214 1567 290 1630; x_wconf 89' lang='lat' dir='ltr'><strong>mali</strong></span> <span class='ocrx_word' id='word_1_86' title='bbox 305 1565 480 1648; x_wconf 88' lang='lat' dir='ltr'><strong>prohibuit.</strong></span> <span class='ocrx_word' id='word_1_87' title='bbox 498 1565 650 1647; x_wconf 83' lang='lat' dir='ltr'><strong>lienique,</strong></span> <span class='ocrx_word' id='word_1_88' title='bbox 667 1564 752 1629; x_wconf 88' lang='lat' dir='ltr'><strong>sicut</strong></span> <span class='ocrx_word' id='word_1_89' title='bbox 764 1564 797 1628; x_wconf 90' lang='lat' dir='ltr'><strong>in</strong></span> <span class='ocrx_word' id='word_1_90' title='bbox 811 1565 920 1628; x_wconf 80' lang='lat' dir='ltr'><strong>Eccle-</strong></span> <span class='ocrx_word' id='word_1_91' title='bbox 971 1567 1103 1646; x_wconf 91' lang='lat' dir='ltr'><strong>donum,</strong></span> <span class='ocrx_word' id='word_1_92' title='bbox 1119 1569 1204 1648; x_wconf 90' lang='lat' dir='ltr'><strong>quod</strong></span> <span class='ocrx_word' id='word_1_93' title='bbox 1220 1565 1342 1631; x_wconf 88' lang='lat' dir='ltr'><strong>bomini</strong></span> <span class='ocrx_word' id='word_1_94' title='bbox 1364 1586 1403 1630; x_wconf 84' lang='lat' dir='ltr'><strong>ex</strong></span> <span class='ocrx_word' id='word_1_95' title='bbox 1424 1565 1553 1650; x_wconf 91' lang='lat' dir='ltr'><strong>propria</strong></span> <span class='ocrx_word' id='word_1_96' title='bbox 1567 1566 1722 1649; x_wconf 89' lang='lat' dir='ltr'><strong>dignitate</strong></span> 
     </span>
    </p>

    <p class='ocr_par' dir='ltr' id='par_1_11' title="bbox 69 1661 1721 1747">
     <span class='ocr_line' id='line_1_12' title="bbox 69 1661 1721 1747; baseline 0.004 -26"><span class='ocrx_word' id='word_1_97' title='bbox 69 1692 89 1721; x_wconf 68' lang='lat' dir='ltr'><strong>a</strong></span> <span class='ocrx_word' id='word_1_98' title='bbox 108 1693 156 1728; x_wconf 67' lang='lat' dir='ltr'><strong>‚va</strong></span> <span class='ocrx_word' id='word_1_99' title='bbox 170 1665 265 1728; x_wconf 87' lang='lat' dir='ltr'><strong>siasta</strong></span> <span class='ocrx_word' id='word_1_100' title='bbox 280 1664 431 1728; x_wconf 79' lang='lat' dir='ltr'><strong>Salomon</strong></span> <span class='ocrx_word' id='word_1_101' title='bbox 445 1669 652 1740; x_wconf 87' lang='lat' dir='ltr'><strong>contestatur,</strong></span> <span class='ocrx_word' id='word_1_102' title='bbox 667 1663 751 1725; x_wconf 87' lang='lat' dir='ltr'><strong>llens</strong></span> <span class='ocrx_word' id='word_1_103' title='bbox 768 1661 846 1726; x_wconf 86' lang='lat' dir='ltr'><strong>lecit</strong></span> <span class='ocrx_word' id='word_1_104' title='bbox 864 1661 920 1726; x_wconf 77' lang='lat' dir='ltr'><strong>bo</strong></span> <span class='ocrx_word' id='word_1_105' title='bbox 972 1673 1026 1728; x_wconf 88' lang='lat' dir='ltr'><strong>aut</strong></span> <span class='ocrx_word' id='word_1_106' title='bbox 1047 1666 1177 1747; x_wconf 90' lang='lat' dir='ltr'><strong>proprio</strong></span> <span class='ocrx_word' id='word_1_107' title='bbox 1202 1665 1315 1728; x_wconf 74' lang='lat' dir='ltr'><strong>mento</strong></span> <span class='ocrx_word' id='word_1_108' title='bbox 1334 1664 1517 1728; x_wconf 90' lang='lat' dir='ltr'><strong>nullatenus</strong></span> <span class='ocrx_word' id='word_1_109' title='bbox 1536 1664 1721 1742; x_wconf 88' lang='lat' dir='ltr'><strong>debebatur,</strong></span> 
     </span>
    </p>

    <p class='ocr_par' dir='ltr' id='par_1_12' title="bbox 169 1760 1722 1847">
     <span class='ocr_line' id='line_1_13' title="bbox 169 1760 1722 1847; baseline 0.001 -22"><span class='ocrx_word' id='word_1_110' title='bbox 169 1763 289 1826; x_wconf 84' lang='lat' dir='ltr'><strong>minem</strong></span> <span class='ocrx_word' id='word_1_111' title='bbox 314 1771 449 1839; x_wconf 88' lang='lat' dir='ltr'><strong>rectum,</strong></span> <span class='ocrx_word' id='word_1_112' title='bbox 471 1761 505 1824; x_wconf 94' lang='lat' dir='ltr'><strong>id</strong></span> <span class='ocrx_word' id='word_1_113' title='bbox 529 1768 578 1823; x_wconf 89' lang='lat' dir='ltr'><strong>est</strong></span> <span class='ocrx_word' id='word_1_114' title='bbox 598 1760 732 1842; x_wconf 86' lang='lat' dir='ltr'><strong>justum.</strong></span> <span class='ocrx_word' id='word_1_115' title='bbox 757 1761 861 1842; x_wconf 74' lang='lat' dir='ltr'><strong>Atque</strong></span> <span class='ocrx_word' id='word_1_116' title='bbox 885 1761 918 1823; x_wconf 90' lang='lat' dir='ltr'><strong>iu</strong></span> <span class='ocrx_word' id='word_1_117' title='bbox 973 1765 1029 1826; x_wconf 86' lang='lat' dir='ltr'><strong>scd</strong></span> <span class='ocrx_word' id='word_1_118' title='bbox 1043 1783 1082 1826; x_wconf 82' lang='lat' dir='ltr'><strong>cx</strong></span> <span class='ocrx_word' id='word_1_119' title='bbox 1097 1762 1164 1827; x_wconf 89' lang='lat' dir='ltr'><strong>sola</strong></span> <span class='ocrx_word' id='word_1_120' title='bbox 1178 1763 1367 1826; x_wconf 89' lang='lat' dir='ltr'><strong>liberalitate</strong></span> <span class='ocrx_word' id='word_1_121' title='bbox 1382 1763 1524 1847; x_wconf 89' lang='lat' dir='ltr'><strong>piissima</strong></span> <span class='ocrx_word' id='word_1_122' title='bbox 1538 1762 1594 1826; x_wconf 86' lang='lat' dir='ltr'><strong>Dei</strong></span> <span class='ocrx_word' id='word_1_123' title='bbox 1613 1763 1722 1826; x_wconf 89' lang='lat' dir='ltr'><strong>datum</strong></span> 
     </span>
    </p>

    <p class='ocr_par' dir='ltr' id='par_1_13' title="bbox 99 1858 1724 1944">
     <span class='ocr_line' id='line_1_14' title="bbox 99 1858 1724 1944; baseline 0 -20"><span class='ocrx_word' id='word_1_124' title='bbox 99 1888 121 1916; x_wconf 76' lang='grc' dir='ltr'><strong><em>α</em></strong></span> <span class='ocrx_word' id='word_1_125' title='bbox 133 1875 145 1916; x_wconf 82' lang='grc'><strong>·.</strong></span> <span class='ocrx_word' id='word_1_126' title='bbox 169 1859 396 1924; x_wconf 79' lang='lat' dir='ltr'><strong>Ecclesiastico</strong></span> <span class='ocrx_word' id='word_1_127' title='bbox 423 1858 541 1940; x_wconf 87' lang='lat' dir='ltr'><strong>legitur</strong></span> <span class='ocrx_word' id='word_1_128' title='bbox 570 1881 578 1921; x_wconf 90' lang='lat'>:</span> <span class='ocrx_word' id='word_1_129' title='bbox 607 1859 690 1921; x_wconf 85' lang='lat' dir='ltr'><strong>beas</strong></span> <span class='ocrx_word' id='word_1_130' title='bbox 724 1859 846 1920; x_wconf 82' lang='lat' dir='ltr'><strong>creavit</strong></span> <span class='ocrx_word' id='word_1_131' title='bbox 871 1859 918 1921; x_wconf 91' lang='lat' dir='ltr'><strong>eis</strong></span> <span class='ocrx_word' id='word_1_132' title='bbox 936 1860 1088 1924; x_wconf 86' lang='lat' dir='ltr'><strong>Bluisset</strong></span> <span class='ocrx_word' id='word_1_133' title='bbox 1102 1862 1237 1944; x_wconf 91' lang='lat' dir='ltr'><strong>posteris</strong></span> <span class='ocrx_word' id='word_1_134' title='bbox 1252 1861 1402 1924; x_wconf 90' lang='lat' dir='ltr'><strong>omnibus</strong></span> <span class='ocrx_word' id='word_1_135' title='bbox 1415 1862 1500 1936; x_wconf 81' lang='lat' dir='ltr'><strong>Adae,</strong></span> <span class='ocrx_word' id='word_1_136' title='bbox 1518 1862 1724 1942; x_wconf 89' lang='lat' dir='ltr'><strong>quemadmo-</strong></span> 
     </span>
    </p>

    <p class='ocr_par' dir='ltr' id='par_1_14' title="bbox 44 1950 1724 2042">
     <span class='ocr_line' id='line_1_15' title="bbox 44 1950 1724 2042; baseline -0.001 -19"><span class='ocrx_word' id='word_1_137' title='bbox 44 1950 85 1982; x_wconf 84' lang='lat'><strong>¹&#39;¹¹&#39;</strong></span> <span class='ocrx_word' id='word_1_138' title='bbox 108 1969 114 1979; x_wconf 85' lang='lat'>&#39;</span> <span class='ocrx_word' id='word_1_139' title='bbox 170 1958 340 2024; x_wconf 89' lang='lat' dir='ltr'><strong>scientiam</strong></span> <span class='ocrx_word' id='word_1_140' title='bbox 353 1958 497 2041; x_wconf 87' lang='lat' dir='ltr'><strong>spiritus,</strong></span> <span class='ocrx_word' id='word_1_141' title='bbox 509 1976 606 2021; x_wconf 85' lang='lat' dir='ltr'><strong>sensu</strong></span> <span class='ocrx_word' id='word_1_142' title='bbox 620 1956 767 2039; x_wconf 83' lang='lat' dir='ltr'><strong>implevit</strong></span> <span class='ocrx_word' id='word_1_143' title='bbox 781 1975 836 2020; x_wconf 91' lang='lat' dir='ltr'><strong>cor</strong></span> <span class='ocrx_word' id='word_1_144' title='bbox 850 1957 919 2021; x_wconf 76' lang='lat' dir='ltr'><strong>ille</strong></span> <span class='ocrx_word' id='word_1_145' title='bbox 973 1961 1049 2022; x_wconf 90' lang='lat' dir='ltr'><strong>dum</strong></span> <span class='ocrx_word' id='word_1_146' title='bbox 1064 1960 1095 2022; x_wconf 90' lang='lat' dir='ltr'><strong>ei</strong></span> <span class='ocrx_word' id='word_1_147' title='bbox 1109 1967 1178 2022; x_wconf 89' lang='lat' dir='ltr'><strong>erat</strong></span> <span class='ocrx_word' id='word_1_148' title='bbox 1191 1959 1353 2038; x_wconf 88' lang='lat' dir='ltr'><strong>collatum,</strong></span> <span class='ocrx_word' id='word_1_149' title='bbox 1370 1959 1432 2021; x_wconf 91' lang='lat' dir='ltr'><strong>nisi</strong></span> <span class='ocrx_word' id='word_1_150' title='bbox 1448 1959 1517 2042; x_wconf 91' lang='lat' dir='ltr'><strong>ipse</strong></span> <span class='ocrx_word' id='word_1_151' title='bbox 1533 1959 1587 2022; x_wconf 85' lang='lat' dir='ltr'><strong>Dei</strong></span> <span class='ocrx_word' id='word_1_152' title='bbox 1607 1959 1724 2022; x_wconf 87' lang='lat' dir='ltr'><strong>violas-</strong></span> 
     </span>
    </p>

    <p class='ocr_par' dir='ltr' id='par_1_15' title="bbox 169 2054 1722 2139">
     <span class='ocr_line' id='line_1_16' title="bbox 169 2054 1722 2139; baseline 0 -19"><span class='ocrx_word' id='word_1_153' title='bbox 169 2077 250 2120; x_wconf 90' lang='lat' dir='ltr'><strong>rum.</strong></span> <span class='ocrx_word' id='word_1_154' title='bbox 267 2056 459 2120; x_wconf 72' lang='lat' dir='ltr'><strong>sencreavit</strong></span> <span class='ocrx_word' id='word_1_155' title='bbox 478 2073 555 2136; x_wconf 89' lang='lat' dir='ltr'><strong>ergo</strong></span> <span class='ocrx_word' id='word_1_156' title='bbox 573 2055 657 2118; x_wconf 85' lang='lat' dir='ltr'><strong>Deus</strong></span> <span class='ocrx_word' id='word_1_157' title='bbox 675 2054 788 2136; x_wconf 90' lang='lat' dir='ltr'><strong>primis</strong></span> <span class='ocrx_word' id='word_1_158' title='bbox 807 2073 921 2136; x_wconf 90' lang='lat' dir='ltr'><strong>paren·</strong></span> <span class='ocrx_word' id='word_1_159' title='bbox 974 2067 1022 2120; x_wconf 88' lang='lat' dir='ltr'><strong>set</strong></span> <span class='ocrx_word' id='word_1_160' title='bbox 1050 2059 1233 2120; x_wconf 89' lang='lat' dir='ltr'><strong>mandatum</strong></span> <span class='ocrx_word' id='word_1_161' title='bbox 1260 2081 1268 2120; x_wconf 76' lang='lat' dir='ltr'><strong>r</strong></span> <span class='ocrx_word' id='word_1_162' title='bbox 1294 2057 1377 2139; x_wconf 93' lang='lat' dir='ltr'><strong>quod</strong></span> <span class='ocrx_word' id='word_1_163' title='bbox 1406 2056 1568 2135; x_wconf 84' lang='lat' dir='ltr'><strong>violando,</strong></span> <span class='ocrx_word' id='word_1_164' title='bbox 1598 2056 1722 2120; x_wconf 87' lang='lat' dir='ltr'><strong>obicem</strong></span> 
     </span>
    </p>

    <p class='ocr_par' dir='ltr' id='par_1_16' title="bbox 170 2151 1725 2238">
     <span class='ocr_line' id='line_1_17' title="bbox 170 2151 1725 2238; baseline -0.001 -21"><span class='ocrx_word' id='word_1_165' title='bbox 170 2156 254 2219; x_wconf 92' lang='lat' dir='ltr'><strong>tibus</strong></span> <span class='ocrx_word' id='word_1_166' title='bbox 269 2154 391 2218; x_wconf 89' lang='lat' dir='ltr'><strong>uostris</strong></span> <span class='ocrx_word' id='word_1_167' title='bbox 405 2154 478 2217; x_wconf 79' lang='lat' dir='ltr'><strong>Adae</strong></span> <span class='ocrx_word' id='word_1_168' title='bbox 492 2162 524 2216; x_wconf 89' lang='lat' dir='ltr'><strong>et</strong></span> <span class='ocrx_word' id='word_1_169' title='bbox 537 2151 611 2215; x_wconf 81' lang='lat' dir='ltr'><strong>Eva</strong></span> <span class='ocrx_word' id='word_1_170' title='bbox 625 2151 814 2234; x_wconf 77' lang='lat' dir='ltr'><strong>originalem</strong></span> <span class='ocrx_word' id='word_1_171' title='bbox 826 2153 921 2234; x_wconf 86' lang='lat' dir='ltr'><strong>justi·</strong></span> <span class='ocrx_word' id='word_1_172' title='bbox 974 2155 1081 2238; x_wconf 89' lang='lat' dir='ltr'><strong>posuit</strong></span> <span class='ocrx_word' id='word_1_173' title='bbox 1100 2154 1428 2236; x_wconf 87' lang='lat' dir='ltr'><strong>impedimentumqne</strong></span> <span class='ocrx_word' id='word_1_174' title='bbox 1454 2153 1563 2216; x_wconf 88' lang='lat' dir='ltr'><strong>intulit</strong></span> <span class='ocrx_word' id='word_1_175' title='bbox 1587 2153 1725 2217; x_wconf 87' lang='lat' dir='ltr'><strong>translu-</strong></span> 
     </span>
    </p>

    <p class='ocr_par' dir='ltr' id='par_1_17' title="bbox 169 2249 1723 2335">
     <span class='ocr_line' id='line_1_18' title="bbox 169 2249 1723 2335; baseline -0.001 -19"><span class='ocrx_word' id='word_1_176' title='bbox 169 2256 258 2332; x_wconf 88' lang='lat' dir='ltr'><strong>tiam,</strong></span> <span class='ocrx_word' id='word_1_177' title='bbox 275 2271 335 2335; x_wconf 88' lang='lat' dir='ltr'><strong>per</strong></span> <span class='ocrx_word' id='word_1_178' title='bbox 347 2271 444 2334; x_wconf 87' lang='lat' dir='ltr'><strong>quam</strong></span> <span class='ocrx_word' id='word_1_179' title='bbox 458 2251 493 2314; x_wconf 88' lang='lat' dir='ltr'><strong>in</strong></span> <span class='ocrx_word' id='word_1_180' title='bbox 507 2251 554 2313; x_wconf 90' lang='lat' dir='ltr'><strong>eis</strong></span> <span class='ocrx_word' id='word_1_181' title='bbox 569 2269 644 2315; x_wconf 88' lang='lat' dir='ltr'><strong>caro</strong></span> <span class='ocrx_word' id='word_1_182' title='bbox 665 2249 726 2313; x_wconf 89' lang='lat' dir='ltr'><strong>luit</strong></span> <span class='ocrx_word' id='word_1_183' title='bbox 747 2250 919 2333; x_wconf 86' lang='lat' dir='ltr'><strong>tranquille</strong></span> <span class='ocrx_word' id='word_1_184' title='bbox 974 2253 1057 2317; x_wconf 91' lang='lat' dir='ltr'><strong>sioni</strong></span> <span class='ocrx_word' id='word_1_185' title='bbox 1071 2252 1204 2334; x_wconf 81' lang='lat' dir='ltr'><strong>justitie</strong></span> <span class='ocrx_word' id='word_1_186' title='bbox 1223 2253 1388 2335; x_wconf 86' lang='lat' dir='ltr'><strong>originalis</strong></span> <span class='ocrx_word' id='word_1_187' title='bbox 1409 2253 1442 2314; x_wconf 92' lang='lat' dir='ltr'><strong>in</strong></span> <span class='ocrx_word' id='word_1_188' title='bbox 1465 2260 1619 2333; x_wconf 90' lang='lat' dir='ltr'><strong>posteros.</strong></span> <span class='ocrx_word' id='word_1_189' title='bbox 1636 2251 1723 2315; x_wconf 89' lang='lat' dir='ltr'><strong>Unde</strong></span> 
     </span>
    </p>

    <p class='ocr_par' dir='ltr' id='par_1_18' title="bbox 168 2348 1725 2434">
     <span class='ocr_line' id='line_1_19' title="bbox 168 2348 1725 2434; baseline -0.003 -18"><span class='ocrx_word' id='word_1_190' title='bbox 168 2353 315 2434; x_wconf 87' lang='lat' dir='ltr'><strong>subjecta</strong></span> <span class='ocrx_word' id='word_1_191' title='bbox 334 2351 461 2426; x_wconf 76' lang='lat' dir='ltr'><strong>animas,</strong></span> <span class='ocrx_word' id='word_1_192' title='bbox 477 2349 666 2412; x_wconf 83' lang='lat' dir='ltr'><strong>sensualitas</strong></span> <span class='ocrx_word' id='word_1_193' title='bbox 683 2348 809 2428; x_wconf 90' lang='lat' dir='ltr'><strong>rationi,</strong></span> <span class='ocrx_word' id='word_1_194' title='bbox 825 2357 858 2412; x_wconf 87' lang='lat' dir='ltr'><strong>et</strong></span> <span class='ocrx_word' id='word_1_195' title='bbox 871 2369 920 2412; x_wconf 88' lang='lat' dir='ltr'><strong>ra·</strong></span> <span class='ocrx_word' id='word_1_196' title='bbox 974 2371 1032 2433; x_wconf 91' lang='lat' dir='ltr'><strong>per</strong></span> <span class='ocrx_word' id='word_1_197' title='bbox 1046 2351 1107 2414; x_wconf 89' lang='lat' dir='ltr'><strong>boa</strong></span> <span class='ocrx_word' id='word_1_198' title='bbox 1121 2351 1206 2433; x_wconf 93' lang='lat' dir='ltr'><strong>quod</strong></span> <span class='ocrx_word' id='word_1_199' title='bbox 1223 2350 1319 2414; x_wconf 91' lang='lat' dir='ltr'><strong>ceteri</strong></span> <span class='ocrx_word' id='word_1_200' title='bbox 1336 2349 1482 2413; x_wconf 88' lang='lat' dir='ltr'><strong>bomines</strong></span> <span class='ocrx_word' id='word_1_201' title='bbox 1497 2349 1644 2431; x_wconf 83' lang='lat' dir='ltr'><strong>originali</strong></span> <span class='ocrx_word' id='word_1_202' title='bbox 1661 2350 1725 2431; x_wconf 91' lang='lat' dir='ltr'><strong>pri-</strong></span> 
     </span>
    </p>

    <p class='ocr_par' dir='ltr' id='par_1_19' title="bbox 168 2447 1725 2531">
     <span class='ocr_line' id='line_1_20' title="bbox 168 2447 1725 2531; baseline -0.003 -17"><span class='ocrx_word' id='word_1_203' title='bbox 168 2451 211 2514; x_wconf 88' lang='lat' dir='ltr'><strong>tio</strong></span> <span class='ocrx_word' id='word_1_204' title='bbox 224 2448 394 2522; x_wconf 85' lang='lat' dir='ltr'><strong>Deo.0uos</strong></span> <span class='ocrx_word' id='word_1_205' title='bbox 408 2448 514 2510; x_wconf 87' lang='lat' dir='ltr'><strong>taliter</strong></span> <span class='ocrx_word' id='word_1_206' title='bbox 527 2447 690 2510; x_wconf 86' lang='lat' dir='ltr'><strong>institutos</strong></span> <span class='ocrx_word' id='word_1_207' title='bbox 704 2466 839 2510; x_wconf 89' lang='lat' dir='ltr'><strong>cernens</strong></span> <span class='ocrx_word' id='word_1_208' title='bbox 853 2447 920 2510; x_wconf 88' lang='lat' dir='ltr'><strong>dia·</strong></span> <span class='ocrx_word' id='word_1_209' title='bbox 974 2457 1091 2512; x_wconf 88' lang='lat' dir='ltr'><strong>vantur</strong></span> <span class='ocrx_word' id='word_1_210' title='bbox 1113 2448 1237 2530; x_wconf 86' lang='lat' dir='ltr'><strong>justitia</strong></span> <span class='ocrx_word' id='word_1_211' title='bbox 1261 2449 1302 2512; x_wconf 91' lang='lat' dir='ltr'><strong>ob</strong></span> <span class='ocrx_word' id='word_1_212' title='bbox 1325 2449 1421 2531; x_wconf 90' lang='lat' dir='ltr'><strong>primi</strong></span> <span class='ocrx_word' id='word_1_213' title='bbox 1447 2448 1588 2530; x_wconf 90' lang='lat' dir='ltr'><strong>parentis</strong></span> <span class='ocrx_word' id='word_1_214' title='bbox 1613 2466 1725 2530; x_wconf 92' lang='lat' dir='ltr'><strong>pecca-</strong></span> 
     </span>
    </p>

    <p class='ocr_par' dir='ltr' id='par_1_20' title="bbox 167 2543 1723 2627">
     <span class='ocr_line' id='line_1_21' title="bbox 167 2543 1723 2627; baseline -0.002 -16"><span class='ocrx_word' id='word_1_215' title='bbox 167 2547 273 2627; x_wconf 89' lang='lat' dir='ltr'><strong>bolus,</strong></span> <span class='ocrx_word' id='word_1_216' title='bbox 289 2546 339 2610; x_wconf 90' lang='lat' dir='ltr'><strong>eis</strong></span> <span class='ocrx_word' id='word_1_217' title='bbox 363 2545 490 2624; x_wconf 85' lang='lat' dir='ltr'><strong>invidit,</strong></span> <span class='ocrx_word' id='word_1_218' title='bbox 505 2552 538 2608; x_wconf 87' lang='lat' dir='ltr'><strong>et</strong></span> <span class='ocrx_word' id='word_1_219' title='bbox 559 2543 714 2607; x_wconf 85' lang='lat' dir='ltr'><strong>laminam</strong></span> <span class='ocrx_word' id='word_1_220' title='bbox 740 2544 843 2626; x_wconf 92' lang='lat' dir='ltr'><strong>primo</strong></span> <span class='ocrx_word' id='word_1_221' title='bbox 866 2564 921 2626; x_wconf 92' lang='lat' dir='ltr'><strong>ag·</strong></span> <span class='ocrx_word' id='word_1_222' title='bbox 974 2555 1054 2627; x_wconf 91' lang='lat' dir='ltr'><strong>tum,</strong></span> <span class='ocrx_word' id='word_1_223' title='bbox 1070 2546 1159 2609; x_wconf 91' lang='lat' dir='ltr'><strong>nulla</strong></span> <span class='ocrx_word' id='word_1_224' title='bbox 1176 2545 1217 2608; x_wconf 85' lang='lat' dir='ltr'><strong>tir</strong></span> <span class='ocrx_word' id='word_1_225' title='bbox 1235 2547 1282 2610; x_wconf 89' lang='lat' dir='ltr'><strong>eis</strong></span> <span class='ocrx_word' id='word_1_226' title='bbox 1302 2546 1432 2627; x_wconf 91' lang='lat' dir='ltr'><strong>injuria,</strong></span> <span class='ocrx_word' id='word_1_227' title='bbox 1449 2546 1524 2626; x_wconf 93' lang='lat' dir='ltr'><strong>quia</strong></span> <span class='ocrx_word' id='word_1_228' title='bbox 1537 2549 1586 2624; x_wconf 89' lang='lat' dir='ltr'><strong>(ut</strong></span> <span class='ocrx_word' id='word_1_229' title='bbox 1604 2553 1723 2608; x_wconf 69' lang='lat' dir='ltr'><strong>metum</strong></span> 
     </span>
    </p>

    <p class='ocr_par' dir='ltr' id='par_1_21' title="bbox 168 2641 1724 2728">
     <span class='ocr_line' id='line_1_22' title="bbox 168 2641 1724 2728; baseline -0.001 -20"><span class='ocrx_word' id='word_1_230' title='bbox 168 2665 310 2728; x_wconf 88' lang='lat' dir='ltr'><strong>gressus,</strong></span> <span class='ocrx_word' id='word_1_231' title='bbox 337 2663 407 2708; x_wconf 71' lang='lat' dir='ltr'><strong>mm</strong></span> <span class='ocrx_word' id='word_1_232' title='bbox 435 2643 475 2706; x_wconf 90' lang='lat' dir='ltr'><strong>ad</strong></span> <span class='ocrx_word' id='word_1_233' title='bbox 502 2643 605 2707; x_wconf 88' lang='lat' dir='ltr'><strong>divini</strong></span> <span class='ocrx_word' id='word_1_234' title='bbox 634 2643 919 2724; x_wconf 74' lang='lat' dir='ltr'><strong>transgressionem</strong></span> <span class='ocrx_word' id='word_1_235' title='bbox 974 2647 1036 2722; x_wconf 81' lang='lat' dir='ltr'><strong>est)</strong></span> <span class='ocrx_word' id='word_1_236' title='bbox 1048 2644 1173 2726; x_wconf 82' lang='lat' dir='ltr'><strong>justitia</strong></span> <span class='ocrx_word' id='word_1_237' title='bbox 1195 2644 1249 2707; x_wconf 91' lang='lat' dir='ltr'><strong>illa</strong></span> <span class='ocrx_word' id='word_1_238' title='bbox 1270 2643 1316 2706; x_wconf 91' lang='lat' dir='ltr'><strong>eis</strong></span> <span class='ocrx_word' id='word_1_239' title='bbox 1338 2662 1403 2707; x_wconf 90' lang='lat' dir='ltr'><strong>non</strong></span> <span class='ocrx_word' id='word_1_240' title='bbox 1424 2643 1600 2706; x_wconf 85' lang='lat' dir='ltr'><strong>debebatur</strong></span> <span class='ocrx_word' id='word_1_241' title='bbox 1618 2641 1724 2723; x_wconf 89' lang='lat' dir='ltr'><strong>aliquo</strong></span> 
     </span>
    </p>

    <p class='ocr_par' dir='ltr' id='par_1_22' title="bbox 168 2739 1724 2826">
     <span class='ocr_line' id='line_1_23' title="bbox 168 2739 1724 2826; baseline -0.001 -20"><span class='ocrx_word' id='word_1_242' title='bbox 168 2742 323 2826; x_wconf 71' lang='lat' dir='ltr'><strong>praecepti</strong></span> <span class='ocrx_word' id='word_1_243' title='bbox 339 2740 475 2804; x_wconf 79' lang='lat' dir='ltr'><strong>induxit.</strong></span> <span class='ocrx_word' id='word_1_244' title='bbox 493 2739 613 2803; x_wconf 86' lang='lat' dir='ltr'><strong>Deinde</strong></span> <span class='ocrx_word' id='word_1_245' title='bbox 627 2759 768 2823; x_wconf 87' lang='lat' dir='ltr'><strong>peream</strong></span> <span class='ocrx_word' id='word_1_246' title='bbox 789 2740 869 2802; x_wconf 82' lang='lat' dir='ltr'><strong>vicit</strong></span> <span class='ocrx_word' id='word_1_247' title='bbox 888 2749 921 2804; x_wconf 89' lang='lat' dir='ltr'><strong>et</strong></span> <span class='ocrx_word' id='word_1_248' title='bbox 975 2742 1164 2805; x_wconf 86' lang='lat' dir='ltr'><strong>hereditario</strong></span> <span class='ocrx_word' id='word_1_249' title='bbox 1177 2742 1260 2823; x_wconf 87' lang='lat' dir='ltr'><strong>jure,</strong></span> <span class='ocrx_word' id='word_1_250' title='bbox 1277 2750 1332 2804; x_wconf 92' lang='lat' dir='ltr'><strong>aut</strong></span> <span class='ocrx_word' id='word_1_251' title='bbox 1347 2741 1485 2824; x_wconf 88' lang='lat' dir='ltr'><strong>propriis</strong></span> <span class='ocrx_word' id='word_1_252' title='bbox 1505 2739 1639 2821; x_wconf 89' lang='lat' dir='ltr'><strong>meritis,</strong></span> <span class='ocrx_word' id='word_1_253' title='bbox 1656 2741 1724 2804; x_wconf 87' lang='lat' dir='ltr'><strong>sive</strong></span> 
     </span>
    </p>

    <p class='ocr_par' dir='ltr' id='par_1_23' title="bbox 168 2837 1726 2923">
     <span class='ocr_line' id='line_1_24' title="bbox 168 2837 1726 2923; baseline -0.001 -20"><span class='ocrx_word' id='word_1_254' title='bbox 168 2841 287 2920; x_wconf 80' lang='lat' dir='ltr'><strong>virum,</strong></span> <span class='ocrx_word' id='word_1_255' title='bbox 304 2841 350 2902; x_wconf 91' lang='lat' dir='ltr'><strong>ita</strong></span> <span class='ocrx_word' id='word_1_256' title='bbox 368 2838 454 2921; x_wconf 92' lang='lat' dir='ltr'><strong>quod</strong></span> <span class='ocrx_word' id='word_1_257' title='bbox 478 2839 548 2920; x_wconf 91' lang='lat' dir='ltr'><strong>ipse</strong></span> <span class='ocrx_word' id='word_1_258' title='bbox 572 2857 699 2920; x_wconf 89' lang='lat' dir='ltr'><strong>quoque</strong></span> <span class='ocrx_word' id='word_1_259' title='bbox 724 2837 778 2901; x_wconf 88' lang='lat' dir='ltr'><strong>Dei</strong></span> <span class='ocrx_word' id='word_1_260' title='bbox 803 2854 920 2920; x_wconf 83' lang='lat' dir='ltr'><strong>praece·</strong></span> <span class='ocrx_word' id='word_1_261' title='bbox 974 2860 1011 2902; x_wconf 84' lang='lat' dir='ltr'><strong>ex</strong></span> <span class='ocrx_word' id='word_1_262' title='bbox 1027 2839 1156 2923; x_wconf 92' lang='lat' dir='ltr'><strong>propria</strong></span> <span class='ocrx_word' id='word_1_263' title='bbox 1170 2839 1335 2921; x_wconf 90' lang='lat' dir='ltr'><strong>dignitate.</strong></span> <span class='ocrx_word' id='word_1_264' title='bbox 1351 2838 1475 2902; x_wconf 84' lang='lat' dir='ltr'><strong>lateres</strong></span> <span class='ocrx_word' id='word_1_265' title='bbox 1489 2839 1585 2920; x_wconf 86' lang='lat' dir='ltr'><strong>bujus</strong></span> <span class='ocrx_word' id='word_1_266' title='bbox 1599 2839 1726 2922; x_wconf 89' lang='lat' dir='ltr'><strong>aptissi-</strong></span> 
     </span>
    </p>

    <p class='ocr_par' dir='ltr' id='par_1_24' title="bbox 168 2936 1725 3024">
     <span class='ocr_line' id='line_1_25' title="bbox 168 2936 1725 3024; baseline -0.002 -22"><span class='ocrx_word' id='word_1_267' title='bbox 168 2949 257 3024; x_wconf 92' lang='lat' dir='ltr'><strong>ptum</strong></span> <span class='ocrx_word' id='word_1_268' title='bbox 274 2937 338 3002; x_wconf 89' lang='lat' dir='ltr'><strong>luit</strong></span> <span class='ocrx_word' id='word_1_269' title='bbox 355 2937 591 3020; x_wconf 79' lang='lat' dir='ltr'><strong>prevaricatus.</strong></span> <span class='ocrx_word' id='word_1_270' title='bbox 607 2936 723 3017; x_wconf 83' lang='lat' dir='ltr'><strong>Sisque</strong></span> <span class='ocrx_word' id='word_1_271' title='bbox 743 2937 917 3018; x_wconf 87' lang='lat' dir='ltr'><strong>peccando,</strong></span> <span class='ocrx_word' id='word_1_272' title='bbox 974 2957 1063 3001; x_wconf 92' lang='lat' dir='ltr'><strong>mum</strong></span> <span class='ocrx_word' id='word_1_273' title='bbox 1088 2945 1137 3000; x_wconf 91' lang='lat' dir='ltr'><strong>est</strong></span> <span class='ocrx_word' id='word_1_274' title='bbox 1165 2938 1358 3020; x_wconf 83' lang='lat' dir='ltr'><strong>exemplum,</strong></span> <span class='ocrx_word' id='word_1_275' title='bbox 1385 2937 1412 2999; x_wconf 90' lang='lat' dir='ltr'><strong>si</strong></span> <span class='ocrx_word' id='word_1_276' title='bbox 1441 2937 1558 3018; x_wconf 91' lang='lat' dir='ltr'><strong>aliquis</strong></span> <span class='ocrx_word' id='word_1_277' title='bbox 1588 2956 1643 3000; x_wconf 84' lang='lat' dir='ltr'><strong>rex</strong></span> <span class='ocrx_word' id='word_1_278' title='bbox 1670 2944 1725 3000; x_wconf 89' lang='lat' dir='ltr'><strong>aut</strong></span> 
     </span>
    </p>

    <p class='ocr_par' dir='ltr' id='par_1_25' title="bbox 168 3034 1725 3120">
     <span class='ocr_line' id='line_1_26' title="bbox 168 3034 1725 3120; baseline -0.001 -19"><span class='ocrx_word' id='word_1_279' title='bbox 168 3038 360 3120; x_wconf 78' lang='lat' dir='ltr'><strong>originalem</strong></span> <span class='ocrx_word' id='word_1_280' title='bbox 374 3035 582 3118; x_wconf 89' lang='lat' dir='ltr'><strong>perdiderunt</strong></span> <span class='ocrx_word' id='word_1_281' title='bbox 594 3034 762 3116; x_wconf 85' lang='lat' dir='ltr'><strong>justitiam,</strong></span> <span class='ocrx_word' id='word_1_282' title='bbox 779 3043 843 3096; x_wconf 89' lang='lat' dir='ltr'><strong>tam</strong></span> <span class='ocrx_word' id='word_1_283' title='bbox 859 3034 918 3098; x_wconf 89' lang='lat' dir='ltr'><strong>sibi</strong></span> <span class='ocrx_word' id='word_1_284' title='bbox 934 3041 956 3102; x_wconf 82' lang='lat' dir='ltr'><strong>tl</strong></span> <span class='ocrx_word' id='word_1_285' title='bbox 974 3037 1124 3120; x_wconf 88' lang='lat' dir='ltr'><strong>princeps</strong></span> <span class='ocrx_word' id='word_1_286' title='bbox 1140 3045 1283 3098; x_wconf 89' lang='lat' dir='ltr'><strong>terrenus</strong></span> <span class='ocrx_word' id='word_1_287' title='bbox 1306 3055 1343 3098; x_wconf 84' lang='lat' dir='ltr'><strong>ex</strong></span> <span class='ocrx_word' id='word_1_288' title='bbox 1364 3055 1420 3098; x_wconf 88' lang='lat' dir='ltr'><strong>sna</strong></span> <span class='ocrx_word' id='word_1_289' title='bbox 1439 3034 1627 3098; x_wconf 90' lang='lat' dir='ltr'><strong>liberalitate</strong></span> <span class='ocrx_word' id='word_1_290' title='bbox 1646 3053 1725 3118; x_wconf 81' lang='lat' dir='ltr'><strong>prae-</strong></span> 
     </span>
    </p>

    <p class='ocr_par' dir='ltr' id='par_1_26' title="bbox 168 3132 1726 3219">
     <span class='ocr_line' id='line_1_27' title="bbox 168 3132 1726 3219; baseline -0.002 -20"><span class='ocrx_word' id='word_1_291' title='bbox 168 3156 264 3219; x_wconf 92' lang='lat' dir='ltr'><strong>quam</strong></span> <span class='ocrx_word' id='word_1_292' title='bbox 284 3134 444 3219; x_wconf 80' lang='lat' dir='ltr'><strong>postoris;</strong></span> <span class='ocrx_word' id='word_1_293' title='bbox 459 3142 491 3197; x_wconf 90' lang='lat' dir='ltr'><strong>et</strong></span> <span class='ocrx_word' id='word_1_294' title='bbox 509 3151 583 3197; x_wconf 86' lang='lat' dir='ltr'><strong>mox</strong></span> <span class='ocrx_word' id='word_1_295' title='bbox 601 3133 700 3215; x_wconf 87' lang='lat' dir='ltr'><strong>coepit</strong></span> <span class='ocrx_word' id='word_1_296' title='bbox 717 3132 751 3194; x_wconf 92' lang='lat' dir='ltr'><strong>in</strong></span> <span class='ocrx_word' id='word_1_297' title='bbox 775 3132 822 3195; x_wconf 92' lang='lat' dir='ltr'><strong>eis</strong></span> <span class='ocrx_word' id='word_1_298' title='bbox 845 3152 919 3197; x_wconf 89' lang='lat' dir='ltr'><strong>caro</strong></span> <span class='ocrx_word' id='word_1_299' title='bbox 974 3144 1033 3197; x_wconf 89' lang='lat' dir='ltr'><strong>stet</strong></span> <span class='ocrx_word' id='word_1_300' title='bbox 1045 3134 1141 3198; x_wconf 90' lang='lat' dir='ltr'><strong>alicui</strong></span> <span class='ocrx_word' id='word_1_301' title='bbox 1156 3134 1355 3198; x_wconf 88' lang='lat' dir='ltr'><strong>subditorum</strong></span> <span class='ocrx_word' id='word_1_302' title='bbox 1371 3152 1500 3197; x_wconf 89' lang='lat' dir='ltr'><strong>suorum</strong></span> <span class='ocrx_word' id='word_1_303' title='bbox 1516 3143 1655 3197; x_wconf 89' lang='lat' dir='ltr'><strong>castrum</strong></span> <span class='ocrx_word' id='word_1_304' title='bbox 1670 3141 1726 3196; x_wconf 90' lang='lat' dir='ltr'><strong>aut</strong></span> 
     </span>
    </p>

    <p class='ocr_par' dir='ltr' id='par_1_27' title="bbox 168 3230 1725 3311">
     <span class='ocr_line' id='line_1_28' title="bbox 168 3230 1725 3311; baseline -0.003 -13"><span class='ocrx_word' id='word_1_305' title='bbox 168 3255 239 3299; x_wconf 89' lang='lat' dir='ltr'><strong>esse</strong></span> <span class='ocrx_word' id='word_1_306' title='bbox 253 3232 387 3297; x_wconf 87' lang='lat' dir='ltr'><strong>rebellis</strong></span> <span class='ocrx_word' id='word_1_307' title='bbox 401 3232 526 3311; x_wconf 80' lang='lat' dir='ltr'><strong>anima,</strong></span> <span class='ocrx_word' id='word_1_308' title='bbox 542 3230 732 3295; x_wconf 89' lang='lat' dir='ltr'><strong>sensualitas</strong></span> <span class='ocrx_word' id='word_1_309' title='bbox 746 3232 873 3310; x_wconf 89' lang='lat' dir='ltr'><strong>rationi,</strong></span> <span class='ocrx_word' id='word_1_310' title='bbox 889 3240 922 3295; x_wconf 88' lang='lat' dir='ltr'><strong>et</strong></span> <span class='ocrx_word' id='word_1_311' title='bbox 973 3233 1118 3311; x_wconf 81' lang='lat' dir='ltr'><strong>laudum,</strong></span> <span class='ocrx_word' id='word_1_312' title='bbox 1128 3252 1165 3295; x_wconf 89' lang='lat' dir='ltr'><strong>ea</strong></span> <span class='ocrx_word' id='word_1_313' title='bbox 1180 3231 1362 3295; x_wconf 90' lang='lat' dir='ltr'><strong>conditione</strong></span> <span class='ocrx_word' id='word_1_314' title='bbox 1377 3240 1412 3295; x_wconf 92' lang='lat' dir='ltr'><strong>ut</strong></span> <span class='ocrx_word' id='word_1_315' title='bbox 1427 3232 1487 3294; x_wconf 90' lang='lat' dir='ltr'><strong>sibi</strong></span> <span class='ocrx_word' id='word_1_316' title='bbox 1503 3230 1602 3295; x_wconf 85' lang='lat' dir='ltr'><strong>iidem</strong></span> <span class='ocrx_word' id='word_1_317' title='bbox 1620 3239 1725 3295; x_wconf 87' lang='lat' dir='ltr'><strong>servet</strong></span> 
     </span>
    </p>

    <p class='ocr_par' dir='ltr' id='par_1_28' title="bbox 169 3328 1724 3414">
     <span class='ocr_line' id='line_1_29' title="bbox 169 3328 1724 3414; baseline -0.002 -18"><span class='ocrx_word' id='word_1_318' title='bbox 169 3334 250 3397; x_wconf 90' lang='lat' dir='ltr'><strong>ratio</strong></span> <span class='ocrx_word' id='word_1_319' title='bbox 264 3352 304 3396; x_wconf 91' lang='lat' dir='ltr'><strong>ac</strong></span> <span class='ocrx_word' id='word_1_320' title='bbox 319 3332 469 3395; x_wconf 89' lang='lat' dir='ltr'><strong>voluntas</strong></span> <span class='ocrx_word' id='word_1_321' title='bbox 487 3328 660 3393; x_wconf 81' lang='lat' dir='ltr'><strong>vulneratas</strong></span> <span class='ocrx_word' id='word_1_322' title='bbox 678 3338 753 3392; x_wconf 91' lang='lat' dir='ltr'><strong>sunt</strong></span> <span class='ocrx_word' id='word_1_323' title='bbox 770 3348 828 3411; x_wconf 90' lang='lat' dir='ltr'><strong>per</strong></span> <span class='ocrx_word' id='word_1_324' title='bbox 847 3350 921 3412; x_wconf 90' lang='lat' dir='ltr'><strong>pec-</strong></span> <span class='ocrx_word' id='word_1_325' title='bbox 974 3341 1068 3414; x_wconf 87' lang='lat' dir='ltr'><strong>atque</strong></span> <span class='ocrx_word' id='word_1_326' title='bbox 1084 3330 1224 3393; x_wconf 81' lang='lat' dir='ltr'><strong>fideliter</strong></span> <span class='ocrx_word' id='word_1_327' title='bbox 1237 3330 1352 3393; x_wconf 88' lang='lat' dir='ltr'><strong>militet</strong></span> <span class='ocrx_word' id='word_1_328' title='bbox 1368 3354 1375 3393; x_wconf 74' lang='grc' dir='ltr'><strong>ε</strong></span> <span class='ocrx_word' id='word_1_329' title='bbox 1391 3330 1518 3412; x_wconf 88' lang='lat' dir='ltr'><strong>quodsi</strong></span> <span class='ocrx_word' id='word_1_330' title='bbox 1535 3330 1659 3409; x_wconf 90' lang='lat' dir='ltr'><strong>lecerit,</strong></span> <span class='ocrx_word' id='word_1_331' title='bbox 1670 3331 1724 3393; x_wconf 89' lang='lat' dir='ltr'><strong>da-</strong></span> 
     </span>
    </p>

    <p class='ocr_par' dir='ltr' id='par_1_29' title="bbox 170 3425 1722 3510">
     <span class='ocr_line' id='line_1_30' title="bbox 170 3425 1722 3510; baseline -0.001 -17"><span class='ocrx_word' id='word_1_332' title='bbox 170 3439 289 3507; x_wconf 90' lang='lat' dir='ltr'><strong>catum,</strong></span> <span class='ocrx_word' id='word_1_333' title='bbox 316 3437 412 3510; x_wconf 88' lang='lat' dir='ltr'><strong>atque</strong></span> <span class='ocrx_word' id='word_1_334' title='bbox 439 3427 479 3489; x_wconf 88' lang='lat' dir='ltr'><strong>ad</strong></span> <span class='ocrx_word' id='word_1_335' title='bbox 507 3425 627 3489; x_wconf 89' lang='lat' dir='ltr'><strong>malum</strong></span> <span class='ocrx_word' id='word_1_336' title='bbox 655 3426 814 3509; x_wconf 89' lang='lat' dir='ltr'><strong>proclives</strong></span> <span class='ocrx_word' id='word_1_337' title='bbox 842 3425 922 3489; x_wconf 88' lang='lat' dir='ltr'><strong>elle·</strong></span> <span class='ocrx_word' id='word_1_338' title='bbox 975 3436 1042 3493; x_wconf 92' lang='lat' dir='ltr'><strong>tum</strong></span> <span class='ocrx_word' id='word_1_339' title='bbox 1064 3429 1143 3491; x_wconf 88' lang='lat' dir='ltr'><strong>illud</strong></span> <span class='ocrx_word' id='word_1_340' title='bbox 1163 3436 1195 3491; x_wconf 89' lang='lat' dir='ltr'><strong>et</strong></span> <span class='ocrx_word' id='word_1_341' title='bbox 1214 3428 1273 3491; x_wconf 89' lang='lat' dir='ltr'><strong>sibi</strong></span> <span class='ocrx_word' id='word_1_342' title='bbox 1296 3429 1438 3491; x_wconf 90' lang='lat' dir='ltr'><strong>manebit</strong></span> <span class='ocrx_word' id='word_1_343' title='bbox 1458 3448 1494 3491; x_wconf 90' lang='lat' dir='ltr'><strong>ac</strong></span> <span class='ocrx_word' id='word_1_344' title='bbox 1514 3427 1615 3491; x_wconf 90' lang='lat' dir='ltr'><strong>soboli</strong></span> <span class='ocrx_word' id='word_1_345' title='bbox 1636 3447 1722 3505; x_wconf 77' lang='lat' dir='ltr'><strong>suae3</strong></span> 
     </span>
    </p>

    <p class='ocr_par' dir='ltr' id='par_1_30' title="bbox 170 3525 1723 3609">
     <span class='ocr_line' id='line_1_31' title="bbox 170 3525 1723 3609; baseline -0.003 -17"><span class='ocrx_word' id='word_1_346' title='bbox 170 3538 227 3592; x_wconf 81' lang='lat' dir='ltr'><strong>ctae</strong></span> <span class='ocrx_word' id='word_1_347' title='bbox 249 3535 338 3591; x_wconf 86' lang='lat' dir='ltr'><strong>sunt.</strong></span> <span class='ocrx_word' id='word_1_348' title='bbox 975 3528 1159 3605; x_wconf 90' lang='lat' dir='ltr'><strong>sinautem,</strong></span> <span class='ocrx_word' id='word_1_349' title='bbox 1176 3533 1240 3590; x_wconf 69' lang='lat' dir='ltr'><strong>mm</strong></span> <span class='ocrx_word' id='word_1_350' title='bbox 1256 3526 1324 3609; x_wconf 91' lang='lat' dir='ltr'><strong>ipse</strong></span> <span class='ocrx_word' id='word_1_351' title='bbox 1346 3545 1441 3607; x_wconf 90' lang='lat' dir='ltr'><strong>quam</strong></span> <span class='ocrx_word' id='word_1_352' title='bbox 1464 3525 1534 3606; x_wconf 89' lang='lat' dir='ltr'><strong>ejus</strong></span> <span class='ocrx_word' id='word_1_353' title='bbox 1555 3526 1723 3608; x_wconf 88' lang='lat' dir='ltr'><strong>posteritas</strong></span> 
     </span>
    </p>

    <p class='ocr_par' dir='ltr' id='par_1_31' title="bbox 208 3622 1725 3706">
     <span class='ocr_line' id='line_1_32' title="bbox 208 3622 1725 3706; baseline -0.001 -19"><span class='ocrx_word' id='word_1_354' title='bbox 208 3625 356 3706; x_wconf 88' lang='lat' dir='ltr'><strong>Denique</strong></span> <span class='ocrx_word' id='word_1_355' title='bbox 375 3624 418 3687; x_wconf 92' lang='lat' dir='ltr'><strong>ob</strong></span> <span class='ocrx_word' id='word_1_356' title='bbox 437 3623 529 3685; x_wconf 90' lang='lat' dir='ltr'><strong>istam</strong></span> <span class='ocrx_word' id='word_1_357' title='bbox 550 3622 835 3703; x_wconf 87' lang='lat' dir='ltr'><strong>transgressionem</strong></span> <span class='ocrx_word' id='word_1_358' title='bbox 856 3624 922 3705; x_wconf 82' lang='lat' dir='ltr'><strong>eje·</strong></span> <span class='ocrx_word' id='word_1_359' title='bbox 975 3626 1031 3689; x_wconf 91' lang='lat' dir='ltr'><strong>illo</strong></span> <span class='ocrx_word' id='word_1_360' title='bbox 1045 3625 1210 3688; x_wconf 90' lang='lat' dir='ltr'><strong>carebunt.</strong></span> <span class='ocrx_word' id='word_1_361' title='bbox 1227 3624 1258 3686; x_wconf 90' lang='lat' dir='ltr'><strong>Si</strong></span> <span class='ocrx_word' id='word_1_362' title='bbox 1275 3624 1380 3705; x_wconf 86' lang='lat' dir='ltr'><strong>itaque</strong></span> <span class='ocrx_word' id='word_1_363' title='bbox 1395 3623 1541 3687; x_wconf 89' lang='lat' dir='ltr'><strong>subditus</strong></span> <span class='ocrx_word' id='word_1_364' title='bbox 1557 3624 1610 3688; x_wconf 89' lang='lat' dir='ltr'><strong>ille</strong></span> <span class='ocrx_word' id='word_1_365' title='bbox 1625 3624 1725 3687; x_wconf 93' lang='lat' dir='ltr'><strong>domi·</strong></span> 
     </span>
    </p>

    <p class='ocr_par' dir='ltr' id='par_1_32' title="bbox 169 3720 1724 3803">
     <span class='ocr_line' id='line_1_33' title="bbox 169 3720 1724 3803; baseline -0.002 -16"><span class='ocrx_word' id='word_1_366' title='bbox 169 3724 214 3787; x_wconf 88' lang='lat' dir='ltr'><strong>cit</strong></span> <span class='ocrx_word' id='word_1_367' title='bbox 238 3724 369 3788; x_wconf 79' lang='lat' dir='ltr'><strong>Creator</strong></span> <span class='ocrx_word' id='word_1_368' title='bbox 392 3728 521 3784; x_wconf 87' lang='lat' dir='ltr'><strong>sanctus</strong></span> <span class='ocrx_word' id='word_1_369' title='bbox 545 3729 578 3783; x_wconf 88' lang='lat' dir='ltr'><strong>et</strong></span> <span class='ocrx_word' id='word_1_370' title='bbox 599 3722 704 3803; x_wconf 85' lang='lat' dir='ltr'><strong>justus</strong></span> <span class='ocrx_word' id='word_1_371' title='bbox 726 3721 847 3802; x_wconf 90' lang='lat' dir='ltr'><strong>primos</strong></span> <span class='ocrx_word' id='word_1_372' title='bbox 869 3741 923 3803; x_wconf 93' lang='lat' dir='ltr'><strong>pa·</strong></span> <span class='ocrx_word' id='word_1_373' title='bbox 976 3742 1017 3787; x_wconf 93' lang='lat' dir='ltr'><strong>no</strong></span> <span class='ocrx_word' id='word_1_374' title='bbox 1033 3741 1090 3785; x_wconf 90' lang='lat' dir='ltr'><strong>suo</strong></span> <span class='ocrx_word' id='word_1_375' title='bbox 1106 3721 1268 3784; x_wconf 82' lang='lat' dir='ltr'><strong>exsisteret</strong></span> <span class='ocrx_word' id='word_1_376' title='bbox 1285 3720 1438 3801; x_wconf 79' lang='lat' dir='ltr'><strong>infidelis,</strong></span> <span class='ocrx_word' id='word_1_377' title='bbox 1455 3728 1519 3783; x_wconf 91' lang='lat' dir='ltr'><strong>tam</strong></span> <span class='ocrx_word' id='word_1_378' title='bbox 1539 3721 1607 3803; x_wconf 90' lang='lat' dir='ltr'><strong>ipse</strong></span> <span class='ocrx_word' id='word_1_379' title='bbox 1628 3740 1724 3803; x_wconf 94' lang='lat' dir='ltr'><strong>quam</strong></span> 
     </span>
    </p>

    <p class='ocr_par' dir='ltr' id='par_1_33' title="bbox 43 3818 1726 3903">
     <span class='ocr_line' id='line_1_34' title="bbox 43 3818 1726 3903; baseline -0.002 -18"><span class='ocrx_word' id='word_1_380' title='bbox 43 3832 157 3877; x_wconf 56' lang='lat' dir='ltr'><strong>canis.</strong></span> <span class='ocrx_word' id='word_1_381' title='bbox 170 3830 278 3885; x_wconf 89' lang='lat' dir='ltr'><strong>rentes</strong></span> <span class='ocrx_word' id='word_1_382' title='bbox 292 3821 334 3884; x_wconf 92' lang='lat' dir='ltr'><strong>de</strong></span> <span class='ocrx_word' id='word_1_383' title='bbox 347 3819 506 3902; x_wconf 89' lang='lat' dir='ltr'><strong>paradiso,</strong></span> <span class='ocrx_word' id='word_1_384' title='bbox 523 3826 558 3881; x_wconf 90' lang='lat' dir='ltr'><strong>ut</strong></span> <span class='ocrx_word' id='word_1_385' title='bbox 572 3818 606 3881; x_wconf 91' lang='lat' dir='ltr'><strong>in</strong></span> <span class='ocrx_word' id='word_1_386' title='bbox 621 3820 736 3882; x_wconf 90' lang='lat' dir='ltr'><strong>sudore</strong></span> <span class='ocrx_word' id='word_1_387' title='bbox 750 3820 858 3883; x_wconf 89' lang='lat' dir='ltr'><strong>vultus</strong></span> <span class='ocrx_word' id='word_1_388' title='bbox 872 3821 922 3883; x_wconf 93' lang='lat' dir='ltr'><strong>sui</strong></span> <span class='ocrx_word' id='word_1_389' title='bbox 976 3840 1033 3883; x_wconf 91' lang='lat' dir='ltr'><strong>sua</strong></span> <span class='ocrx_word' id='word_1_390' title='bbox 1048 3818 1216 3903; x_wconf 89' lang='lat' dir='ltr'><strong>posteritas</strong></span> <span class='ocrx_word' id='word_1_391' title='bbox 1231 3818 1315 3881; x_wconf 90' lang='lat' dir='ltr'><strong>dono</strong></span> <span class='ocrx_word' id='word_1_392' title='bbox 1331 3818 1386 3882; x_wconf 91' lang='lat' dir='ltr'><strong>illo</strong></span> <span class='ocrx_word' id='word_1_393' title='bbox 1399 3818 1485 3900; x_wconf 87' lang='lat' dir='ltr'><strong>juste</strong></span> <span class='ocrx_word' id='word_1_394' title='bbox 1500 3819 1609 3901; x_wconf 89' lang='lat' dir='ltr'><strong>utique</strong></span> <span class='ocrx_word' id='word_1_395' title='bbox 1625 3818 1726 3901; x_wconf 82' lang='lat' dir='ltr'><strong>priva-</strong></span> 
     </span>
    </p>

    <p class='ocr_par' dir='ltr' id='par_1_34' title="bbox 169 3916 1726 4002">
     <span class='ocr_line' id='line_1_35' title="bbox 169 3916 1726 4002; baseline -0.001 -19"><span class='ocrx_word' id='word_1_396' title='bbox 169 3928 381 3985; x_wconf 89' lang='lat' dir='ltr'><strong>vescerentur</strong></span> <span class='ocrx_word' id='word_1_397' title='bbox 404 3937 487 4002; x_wconf 88' lang='lat' dir='ltr'><strong>pane</strong></span> <span class='ocrx_word' id='word_1_398' title='bbox 507 3936 576 3981; x_wconf 91' lang='lat' dir='ltr'><strong>suo.</strong></span> <span class='ocrx_word' id='word_1_399' title='bbox 592 3916 630 3979; x_wconf 84' lang='lat' dir='ltr'><strong>Et</strong></span> <span class='ocrx_word' id='word_1_400' title='bbox 652 3918 803 4000; x_wconf 90' lang='lat' dir='ltr'><strong>quoniam</strong></span> <span class='ocrx_word' id='word_1_401' title='bbox 828 3920 924 4001; x_wconf 89' lang='lat' dir='ltr'><strong>origi·</strong></span> <span class='ocrx_word' id='word_1_402' title='bbox 977 3927 1095 3983; x_wconf 88' lang='lat' dir='ltr'><strong>rentur.</strong></span> <span class='ocrx_word' id='word_1_403' title='bbox 1118 3917 1213 3981; x_wconf 89' lang='lat' dir='ltr'><strong>Porro</strong></span> <span class='ocrx_word' id='word_1_404' title='bbox 1236 3917 1360 3999; x_wconf 90' lang='lat' dir='ltr'><strong>primus</strong></span> <span class='ocrx_word' id='word_1_405' title='bbox 1385 3935 1510 4000; x_wconf 89' lang='lat' dir='ltr'><strong>parens,</strong></span> <span class='ocrx_word' id='word_1_406' title='bbox 1527 3916 1582 3979; x_wconf 88' lang='lat' dir='ltr'><strong>Dei</strong></span> <span class='ocrx_word' id='word_1_407' title='bbox 1608 3936 1726 3998; x_wconf 79' lang='lat' dir='ltr'><strong>prace-</strong></span> 
     </span>
    </p>

    <p class='ocr_par' dir='ltr' id='par_1_35' title="bbox 169 4014 1726 4101">
     <span class='ocr_line' id='line_1_36' title="bbox 169 4014 1726 4101; baseline -0.003 -19"><span class='ocrx_word' id='word_1_408' title='bbox 169 4021 254 4082; x_wconf 90' lang='lat' dir='ltr'><strong>nalis</strong></span> <span class='ocrx_word' id='word_1_409' title='bbox 274 4018 399 4101; x_wconf 84' lang='lat' dir='ltr'><strong>justitia</strong></span> <span class='ocrx_word' id='word_1_410' title='bbox 418 4018 490 4080; x_wconf 87' lang='lat' dir='ltr'><strong>data</strong></span> <span class='ocrx_word' id='word_1_411' title='bbox 509 4015 571 4078; x_wconf 89' lang='lat' dir='ltr'><strong>luit</strong></span> <span class='ocrx_word' id='word_1_412' title='bbox 589 4016 693 4097; x_wconf 92' lang='lat' dir='ltr'><strong>primo</strong></span> <span class='ocrx_word' id='word_1_413' title='bbox 712 4018 835 4099; x_wconf 88' lang='lat' dir='ltr'><strong>parenti</strong></span> <span class='ocrx_word' id='word_1_414' title='bbox 857 4038 922 4083; x_wconf 90' lang='lat' dir='ltr'><strong>non</strong></span> <span class='ocrx_word' id='word_1_415' title='bbox 977 4026 1065 4101; x_wconf 91' lang='lat' dir='ltr'><strong>ptum</strong></span> <span class='ocrx_word' id='word_1_416' title='bbox 1091 4024 1318 4097; x_wconf 88' lang='lat' dir='ltr'><strong>transgressus,</strong></span> <span class='ocrx_word' id='word_1_417' title='bbox 1343 4014 1447 4097; x_wconf 88' lang='lat' dir='ltr'><strong>potuit</strong></span> <span class='ocrx_word' id='word_1_418' title='bbox 1471 4014 1637 4096; x_wconf 87' lang='lat' dir='ltr'><strong>poenitere,</strong></span> <span class='ocrx_word' id='word_1_419' title='bbox 1659 4015 1726 4078; x_wconf 89' lang='lat' dir='ltr'><strong>imo</strong></span> 
     </span>
    </p>

    <p class='ocr_par' dir='ltr' id='par_1_36' title="bbox 170 4111 1725 4197">
     <span class='ocr_line' id='line_1_37' title="bbox 170 4111 1725 4197; baseline -0.004 -16"><span class='ocrx_word' id='word_1_420' title='bbox 170 4117 276 4181; x_wconf 90' lang='lat' dir='ltr'><strong>solnm</strong></span> <span class='ocrx_word' id='word_1_421' title='bbox 303 4124 454 4197; x_wconf 82' lang='lat' dir='ltr'><strong>tanqsram</strong></span> <span class='ocrx_word' id='word_1_422' title='bbox 482 4112 636 4195; x_wconf 90' lang='lat' dir='ltr'><strong>singulari</strong></span> <span class='ocrx_word' id='word_1_423' title='bbox 665 4115 843 4197; x_wconf 92' lang='lat' dir='ltr'><strong>supposito,</strong></span> <span class='ocrx_word' id='word_1_424' title='bbox 866 4118 922 4179; x_wconf 87' lang='lat' dir='ltr'><strong>sad</strong></span> <span class='ocrx_word' id='word_1_425' title='bbox 976 4114 1137 4197; x_wconf 88' lang='lat' dir='ltr'><strong>poenituit,</strong></span> <span class='ocrx_word' id='word_1_426' title='bbox 1163 4120 1195 4175; x_wconf 89' lang='lat' dir='ltr'><strong>et</strong></span> <span class='ocrx_word' id='word_1_427' title='bbox 1223 4111 1406 4194; x_wconf 87' lang='lat' dir='ltr'><strong>poenitendo</strong></span> <span class='ocrx_word' id='word_1_428' title='bbox 1434 4112 1561 4176; x_wconf 89' lang='lat' dir='ltr'><strong>veniam</strong></span> <span class='ocrx_word' id='word_1_429' title='bbox 1590 4114 1725 4195; x_wconf 74' lang='lat' dir='ltr'><strong>propriae</strong></span> 
     </span>
    </p>

    <p class='ocr_par' dir='ltr' id='par_1_37' title="bbox 170 4210 1725 4296">
     <span class='ocr_line' id='line_1_38' title="bbox 170 4210 1725 4296; baseline -0.003 -17"><span class='ocrx_word' id='word_1_430' title='bbox 170 4216 268 4279; x_wconf 88' lang='lat' dir='ltr'><strong>etiam</strong></span> <span class='ocrx_word' id='word_1_431' title='bbox 284 4224 437 4296; x_wconf 91' lang='lat' dir='ltr'><strong>tanquam</strong></span> <span class='ocrx_word' id='word_1_432' title='bbox 451 4213 578 4295; x_wconf 90' lang='lat' dir='ltr'><strong>generis</strong></span> <span class='ocrx_word' id='word_1_433' title='bbox 593 4213 724 4275; x_wconf 88' lang='lat' dir='ltr'><strong>bumani</strong></span> <span class='ocrx_word' id='word_1_434' title='bbox 739 4215 922 4296; x_wconf 83' lang='lat' dir='ltr'><strong>generativa</strong></span> <span class='ocrx_word' id='word_1_435' title='bbox 937 4220 962 4281; x_wconf 86' lang='grc' dir='ltr'><strong>Ι)</strong></span> <span class='ocrx_word' id='word_1_436' title='bbox 976 4212 1117 4276; x_wconf 92' lang='lat' dir='ltr'><strong>obtinuit</strong></span> <span class='ocrx_word' id='word_1_437' title='bbox 1151 4210 1265 4293; x_wconf 83' lang='lat' dir='ltr'><strong>culpae,</strong></span> <span class='ocrx_word' id='word_1_438' title='bbox 1295 4210 1493 4292; x_wconf 88' lang='lat' dir='ltr'><strong>gratiamque</strong></span> <span class='ocrx_word' id='word_1_439' title='bbox 1526 4212 1725 4293; x_wconf 89' lang='lat' dir='ltr'><strong>personalem</strong></span> 
     </span>
    </p>

    <p class='ocr_par' dir='ltr' id='par_1_38' title="bbox 170 4308 1727 4395">
     <span class='ocr_line' id='line_1_39' title="bbox 170 4308 1727 4395; baseline -0.002 -20"><span class='ocrx_word' id='word_1_440' title='bbox 170 4312 357 4395; x_wconf 72' lang='lat' dir='ltr'><strong>principio,</strong></span> <span class='ocrx_word' id='word_1_441' title='bbox 387 4311 509 4374; x_wconf 91' lang='lat' dir='ltr'><strong>idcirco</strong></span> <span class='ocrx_word' id='word_1_442' title='bbox 541 4310 700 4392; x_wconf 80' lang='lat' dir='ltr'><strong>justitiam</strong></span> <span class='ocrx_word' id='word_1_443' title='bbox 733 4312 921 4394; x_wconf 89' lang='lat' dir='ltr'><strong>originalem</strong></span> <span class='ocrx_word' id='word_1_444' title='bbox 977 4308 1188 4391; x_wconf 84' lang='lat' dir='ltr'><strong>recuperavit.</strong></span> <span class='ocrx_word' id='word_1_445' title='bbox 1209 4309 1434 4371; x_wconf 88' lang='lat' dir='ltr'><strong>Verumtamen</strong></span> <span class='ocrx_word' id='word_1_446' title='bbox 1455 4310 1612 4390; x_wconf 88' lang='lat' dir='ltr'><strong>justitiam</strong></span> <span class='ocrx_word' id='word_1_447' title='bbox 1631 4309 1727 4391; x_wconf 89' lang='lat' dir='ltr'><strong>origi-</strong></span> 
     </span>
    </p>

    <p class='ocr_par' dir='ltr' id='par_1_39' title="bbox 170 4406 1723 4493">
     <span class='ocr_line' id='line_1_40' title="bbox 170 4406 1723 4493; baseline -0.004 -18"><span class='ocrx_word' id='word_1_448' title='bbox 170 4420 236 4475; x_wconf 91' lang='lat' dir='ltr'><strong>tam</strong></span> <span class='ocrx_word' id='word_1_449' title='bbox 258 4412 322 4475; x_wconf 88' lang='lat' dir='ltr'><strong>sibi</strong></span> <span class='ocrx_word' id='word_1_450' title='bbox 347 4428 444 4493; x_wconf 90' lang='lat' dir='ltr'><strong>quam</strong></span> <span class='ocrx_word' id='word_1_451' title='bbox 469 4409 644 4492; x_wconf 87' lang='lat' dir='ltr'><strong>posteritati</strong></span> <span class='ocrx_word' id='word_1_452' title='bbox 670 4430 735 4473; x_wconf 82' lang='lat' dir='ltr'><strong>suas</strong></span> <span class='ocrx_word' id='word_1_453' title='bbox 758 4412 875 4489; x_wconf 88' lang='lat' dir='ltr'><strong>amisit,</strong></span> <span class='ocrx_word' id='word_1_454' title='bbox 891 4420 924 4474; x_wconf 91' lang='lat' dir='ltr'><strong>et</strong></span> <span class='ocrx_word' id='word_1_455' title='bbox 977 4408 1083 4471; x_wconf 91' lang='lat' dir='ltr'><strong>nalem</strong></span> <span class='ocrx_word' id='word_1_456' title='bbox 1105 4407 1172 4469; x_wconf 91' lang='lat' dir='ltr'><strong>suis</strong></span> <span class='ocrx_word' id='word_1_457' title='bbox 1192 4406 1327 4489; x_wconf 89' lang='lat' dir='ltr'><strong>posteris</strong></span> <span class='ocrx_word' id='word_1_458' title='bbox 1348 4426 1536 4489; x_wconf 89' lang='lat' dir='ltr'><strong>recuperare</strong></span> <span class='ocrx_word' id='word_1_459' title='bbox 1556 4408 1723 4489; x_wconf 88' lang='lat' dir='ltr'><strong>nequivit:</strong></span> 
     </span>
    </p>

    <p class='ocr_par' dir='ltr' id='par_1_40' title="bbox 171 4506 1726 4591">
     <span class='ocr_line' id='line_1_41' title="bbox 171 4506 1726 4591; baseline -0.003 -18"><span class='ocrx_word' id='word_1_460' title='bbox 171 4519 236 4573; x_wconf 90' lang='lat' dir='ltr'><strong>tam</strong></span> <span class='ocrx_word' id='word_1_461' title='bbox 252 4529 289 4573; x_wconf 90' lang='lat' dir='ltr'><strong>se</strong></span> <span class='ocrx_word' id='word_1_462' title='bbox 302 4528 400 4590; x_wconf 90' lang='lat' dir='ltr'><strong>quam</strong></span> <span class='ocrx_word' id='word_1_463' title='bbox 420 4515 565 4591; x_wconf 88' lang='lat' dir='ltr'><strong>posteros</strong></span> <span class='ocrx_word' id='word_1_464' title='bbox 583 4526 657 4570; x_wconf 92' lang='lat' dir='ltr'><strong>suos</strong></span> <span class='ocrx_word' id='word_1_465' title='bbox 676 4508 823 4589; x_wconf 87' lang='lat' dir='ltr'><strong>originali</strong></span> <span class='ocrx_word' id='word_1_466' title='bbox 842 4508 924 4572; x_wconf 80' lang='lat' dir='ltr'><strong>inle-</strong></span> <span class='ocrx_word' id='word_1_467' title='bbox 976 4507 1052 4590; x_wconf 87' lang='lat' dir='ltr'><strong>quia</strong></span> <span class='ocrx_word' id='word_1_468' title='bbox 1074 4514 1107 4569; x_wconf 89' lang='lat' dir='ltr'><strong>et</strong></span> <span class='ocrx_word' id='word_1_469' title='bbox 1130 4506 1225 4569; x_wconf 91' lang='lat' dir='ltr'><strong>bomo</strong></span> <span class='ocrx_word' id='word_1_470' title='bbox 1250 4524 1307 4587; x_wconf 90' lang='lat' dir='ltr'><strong>per</strong></span> <span class='ocrx_word' id='word_1_471' title='bbox 1331 4524 1365 4568; x_wconf 89' lang='lat' dir='ltr'><strong>se</strong></span> <span class='ocrx_word' id='word_1_472' title='bbox 1388 4506 1501 4569; x_wconf 89' lang='lat' dir='ltr'><strong>cadere</strong></span> <span class='ocrx_word' id='word_1_473' title='bbox 1526 4514 1639 4589; x_wconf 83' lang='lat' dir='ltr'><strong>potest,</strong></span> <span class='ocrx_word' id='word_1_474' title='bbox 1666 4526 1726 4569; x_wconf 89' lang='lat' dir='ltr'><strong>nec</strong></span> 
     </span>
    </p>

    <p class='ocr_par' dir='ltr' id='par_1_41' title="bbox 171 4605 1728 4690">
     <span class='ocr_line' id='line_1_42' title="bbox 171 4605 1728 4690; baseline -0.002 -19"><span class='ocrx_word' id='word_1_475' title='bbox 171 4608 215 4671; x_wconf 90' lang='lat' dir='ltr'><strong>cit</strong></span> <span class='ocrx_word' id='word_1_476' title='bbox 239 4615 386 4690; x_wconf 84' lang='lat' dir='ltr'><strong>peccate.</strong></span> <span class='ocrx_word' id='word_1_477' title='bbox 407 4605 488 4669; x_wconf 89' lang='lat' dir='ltr'><strong>lliuc</strong></span> <span class='ocrx_word' id='word_1_478' title='bbox 511 4605 666 4687; x_wconf 89' lang='lat' dir='ltr'><strong>scriptum</strong></span> <span class='ocrx_word' id='word_1_479' title='bbox 689 4613 739 4668; x_wconf 86' lang='lat' dir='ltr'><strong>est</strong></span> <span class='ocrx_word' id='word_1_480' title='bbox 762 4607 844 4689; x_wconf 92' lang='lat' dir='ltr'><strong>apud</strong></span> <span class='ocrx_word' id='word_1_481' title='bbox 869 4608 924 4670; x_wconf 88' lang='lat' dir='ltr'><strong>Sa-</strong></span> <span class='ocrx_word' id='word_1_482' title='bbox 977 4615 1084 4668; x_wconf 89' lang='lat' dir='ltr'><strong>tamen</strong></span> <span class='ocrx_word' id='word_1_483' title='bbox 1100 4624 1155 4686; x_wconf 87' lang='lat' dir='ltr'><strong>per</strong></span> <span class='ocrx_word' id='word_1_484' title='bbox 1171 4624 1204 4667; x_wconf 92' lang='lat' dir='ltr'><strong>se</strong></span> <span class='ocrx_word' id='word_1_485' title='bbox 1219 4612 1324 4687; x_wconf 88' lang='lat' dir='ltr'><strong>potest</strong></span> <span class='ocrx_word' id='word_1_486' title='bbox 1346 4622 1531 4685; x_wconf 76' lang='lat' dir='ltr'><strong>resurger03</strong></span> <span class='ocrx_word' id='word_1_487' title='bbox 1549 4605 1604 4667; x_wconf 88' lang='lat' dir='ltr'><strong>sed</strong></span> <span class='ocrx_word' id='word_1_488' title='bbox 1618 4613 1649 4667; x_wconf 88' lang='lat' dir='ltr'><strong>et</strong></span> <span class='ocrx_word' id='word_1_489' title='bbox 1663 4606 1728 4687; x_wconf 91' lang='lat' dir='ltr'><strong>pri-</strong></span> 
     </span>
    </p>

    <p class='ocr_par' dir='ltr' id='par_1_42' title="bbox 43 4702 1728 4788">
     <span class='ocr_line' id='line_1_43' title="bbox 43 4702 1728 4788; baseline 0.003 -27"><span class='ocrx_word' id='word_1_490' title='bbox 43 4718 86 4772; x_wconf 62' lang='lat' dir='ltr'><strong>se.</strong></span> <span class='ocrx_word' id='word_1_491' title='bbox 99 4736 117 4768; x_wconf 68' lang='lat' dir='ltr'><strong>s,</strong></span> <span class='ocrx_word' id='word_1_492' title='bbox 128 4727 157 4765; x_wconf 75' lang='lat' dir='ltr'><strong>aa</strong></span> <span class='ocrx_word' id='word_1_493' title='bbox 172 4707 316 4788; x_wconf 85' lang='lat' dir='ltr'><strong>piantem</strong></span> <span class='ocrx_word' id='word_1_494' title='bbox 334 4729 341 4767; x_wconf 74' lang='grc' dir='ltr'><strong>ε</strong></span> <span class='ocrx_word' id='word_1_495' title='bbox 359 4704 441 4767; x_wconf 84' lang='lat' dir='ltr'><strong>Deus</strong></span> <span class='ocrx_word' id='word_1_496' title='bbox 459 4702 538 4767; x_wconf 86' lang='lat' dir='ltr'><strong>lecit</strong></span> <span class='ocrx_word' id='word_1_497' title='bbox 558 4703 721 4767; x_wconf 90' lang='lat' dir='ltr'><strong>bominem</strong></span> <span class='ocrx_word' id='word_1_498' title='bbox 742 4703 924 4767; x_wconf 83' lang='lat' dir='ltr'><strong>inextermi-</strong></span> <span class='ocrx_word' id='word_1_499' title='bbox 977 4723 1048 4767; x_wconf 91' lang='lat' dir='ltr'><strong>mus</strong></span> <span class='ocrx_word' id='word_1_500' title='bbox 1064 4721 1179 4784; x_wconf 89' lang='lat' dir='ltr'><strong>parens</strong></span> <span class='ocrx_word' id='word_1_501' title='bbox 1197 4702 1343 4783; x_wconf 93' lang='lat' dir='ltr'><strong>originali</strong></span> <span class='ocrx_word' id='word_1_502' title='bbox 1364 4702 1505 4783; x_wconf 88' lang='lat' dir='ltr'><strong>privatus</strong></span> <span class='ocrx_word' id='word_1_503' title='bbox 1523 4702 1656 4784; x_wconf 91' lang='lat' dir='ltr'><strong>justitia,</strong></span> <span class='ocrx_word' id='word_1_504' title='bbox 1673 4704 1728 4766; x_wconf 89' lang='lat' dir='ltr'><strong>ba-</strong></span> 
     </span>
    </p>

    <p class='ocr_par' dir='ltr' id='par_1_43' title="bbox 172 4800 1729 4883">
     <span class='ocr_line' id='line_1_44' title="bbox 172 4800 1729 4883; baseline -0.002 -16"><span class='ocrx_word' id='word_1_505' title='bbox 172 4804 329 4881; x_wconf 89' lang='lat' dir='ltr'><strong>nabilem,</strong></span> <span class='ocrx_word' id='word_1_506' title='bbox 346 4802 378 4866; x_wconf 92' lang='lat' dir='ltr'><strong>id</strong></span> <span class='ocrx_word' id='word_1_507' title='bbox 399 4810 448 4865; x_wconf 87' lang='lat' dir='ltr'><strong>est</strong></span> <span class='ocrx_word' id='word_1_508' title='bbox 471 4800 695 4879; x_wconf 84' lang='lat' dir='ltr'><strong>immortalem,</strong></span> <span class='ocrx_word' id='word_1_509' title='bbox 711 4801 861 4865; x_wconf 83' lang='lat' dir='ltr'><strong>videlicet</strong></span> <span class='ocrx_word' id='word_1_510' title='bbox 885 4822 923 4865; x_wconf 79' lang='lat' dir='ltr'><strong>es</strong></span> <span class='ocrx_word' id='word_1_511' title='bbox 977 4802 1053 4863; x_wconf 87' lang='lat' dir='ltr'><strong>bcre</strong></span> <span class='ocrx_word' id='word_1_512' title='bbox 1066 4819 1130 4863; x_wconf 92' lang='lat' dir='ltr'><strong>nou</strong></span> <span class='ocrx_word' id='word_1_513' title='bbox 1143 4801 1245 4883; x_wconf 90' lang='lat' dir='ltr'><strong>potuit</strong></span> <span class='ocrx_word' id='word_1_514' title='bbox 1256 4800 1412 4863; x_wconf 89' lang='lat' dir='ltr'><strong>actionem</strong></span> <span class='ocrx_word' id='word_1_515' title='bbox 1425 4800 1620 4863; x_wconf 87' lang='lat' dir='ltr'><strong>meritoriam</strong></span> <span class='ocrx_word' id='word_1_516' title='bbox 1632 4810 1729 4864; x_wconf 88' lang='lat' dir='ltr'><strong>trans-</strong></span> 
     </span>
    </p>

    <p class='ocr_par' dir='ltr' id='par_1_44' title="bbox 172 4899 1727 4985">
     <span class='ocr_line' id='line_1_45' title="bbox 172 4899 1727 4985; baseline -0.001 -20"><span class='ocrx_word' id='word_1_517' title='bbox 172 4910 263 4985; x_wconf 88' lang='lat' dir='ltr'><strong>parte</strong></span> <span class='ocrx_word' id='word_1_518' title='bbox 277 4902 404 4977; x_wconf 77' lang='lat' dir='ltr'><strong>aalma,</strong></span> <span class='ocrx_word' id='word_1_519' title='bbox 420 4899 544 4963; x_wconf 89' lang='lat' dir='ltr'><strong>etitem</strong></span> <span class='ocrx_word' id='word_1_520' title='bbox 558 4907 700 4981; x_wconf 79' lang='lat' dir='ltr'><strong>exparte</strong></span> <span class='ocrx_word' id='word_1_521' title='bbox 714 4900 866 4980; x_wconf 89' lang='lat' dir='ltr'><strong>corporis,</strong></span> <span class='ocrx_word' id='word_1_522' title='bbox 880 4901 924 4964; x_wconf 92' lang='lat' dir='ltr'><strong>ita</strong></span> <span class='ocrx_word' id='word_1_523' title='bbox 977 4908 1106 4963; x_wconf 88' lang='lat' dir='ltr'><strong>euntem</strong></span> <span class='ocrx_word' id='word_1_524' title='bbox 1128 4900 1160 4961; x_wconf 88' lang='lat' dir='ltr'><strong>in</strong></span> <span class='ocrx_word' id='word_1_525' title='bbox 1180 4899 1361 4961; x_wconf 83' lang='lat' dir='ltr'><strong>universam</strong></span> <span class='ocrx_word' id='word_1_526' title='bbox 1387 4918 1476 4961; x_wconf 91' lang='lat' dir='ltr'><strong>suam</strong></span> <span class='ocrx_word' id='word_1_527' title='bbox 1500 4900 1727 4980; x_wconf 85' lang='lat' dir='ltr'><strong>posteritatem,</strong></span> 
     </span>
    </p>

    <p class='ocr_par' dir='ltr' id='par_1_45' title="bbox 172 4996 1726 5179">
     <span class='ocr_line' id='line_1_46' title="bbox 172 4996 1726 5083; baseline -0.003 -18"><span class='ocrx_word' id='word_1_528' title='bbox 172 5001 260 5083; x_wconf 89' lang='lat' dir='ltr'><strong>quod</strong></span> <span class='ocrx_word' id='word_1_529' title='bbox 275 5007 401 5082; x_wconf 88' lang='lat' dir='ltr'><strong>poterat</strong></span> <span class='ocrx_word' id='word_1_530' title='bbox 414 5016 480 5062; x_wconf 92' lang='lat' dir='ltr'><strong>non</strong></span> <span class='ocrx_word' id='word_1_531' title='bbox 494 4997 654 5075; x_wconf 68' lang='lat' dir='ltr'><strong>morines</strong></span> <span class='ocrx_word' id='word_1_532' title='bbox 670 4996 764 5059; x_wconf 91' lang='lat' dir='ltr'><strong>morti</strong></span> <span class='ocrx_word' id='word_1_533' title='bbox 779 4999 924 5062; x_wconf 87' lang='lat' dir='ltr'><strong>addictus</strong></span> <span class='ocrx_word' id='word_1_534' title='bbox 978 4998 1247 5081; x_wconf 88' lang='lat' dir='ltr'><strong>quemadmodum</strong></span> <span class='ocrx_word' id='word_1_535' title='bbox 1272 5004 1346 5059; x_wconf 92' lang='lat' dir='ltr'><strong>ante</strong></span> <span class='ocrx_word' id='word_1_536' title='bbox 1375 5006 1553 5079; x_wconf 89' lang='lat' dir='ltr'><strong>peccatum,</strong></span> <span class='ocrx_word' id='word_1_537' title='bbox 1580 4997 1726 5080; x_wconf 91' lang='lat' dir='ltr'><strong>originali</strong></span> 
     </span>
     <span class='ocr_line' id='line_1_47' title="bbox 173 5088 1391 5179; baseline -0.002 -18"><span class='ocrx_word' id='word_1_538' title='bbox 173 5097 365 5163; x_wconf 89' lang='lat' dir='ltr'><strong>luissetnisi</strong></span> <span class='ocrx_word' id='word_1_539' title='bbox 385 5104 579 5179; x_wconf 78' lang='lat' dir='ltr'><strong>preceptum</strong></span> <span class='ocrx_word' id='word_1_540' title='bbox 598 5095 747 5178; x_wconf 78' lang='lat' dir='ltr'><strong>fregisset</strong></span> <span class='ocrx_word' id='word_1_541' title='bbox 764 5097 921 5161; x_wconf 88' lang='lat' dir='ltr'><strong>divinum.</strong></span> <span class='ocrx_word' id='word_1_542' title='bbox 978 5097 1082 5160; x_wconf 89' lang='lat' dir='ltr'><strong>adbuc</strong></span> <span class='ocrx_word' id='word_1_543' title='bbox 1104 5103 1235 5159; x_wconf 89' lang='lat' dir='ltr'><strong>ornatus</strong></span> <span class='ocrx_word' id='word_1_544' title='bbox 1255 5088 1391 5177; x_wconf 87' lang='lat' dir='ltr'><strong>justitia.</strong></span> 
     </span>
    </p>

    <p class='ocr_par' dir='ltr' id='par_1_46' title="bbox 214 5192 1727 5275">
     <span class='ocr_line' id='line_1_48' title="bbox 214 5192 1727 5275; baseline -0.001 -17"><span class='ocrx_word' id='word_1_545' title='bbox 214 5196 279 5258; x_wconf 80' lang='lat' dir='ltr'><strong>Sed</strong></span> <span class='ocrx_word' id='word_1_546' title='bbox 295 5194 412 5257; x_wconf 87' lang='lat' dir='ltr'><strong>mirum</strong></span> <span class='ocrx_word' id='word_1_547' title='bbox 426 5192 527 5256; x_wconf 88' lang='lat' dir='ltr'><strong>videri</strong></span> <span class='ocrx_word' id='word_1_548' title='bbox 543 5200 646 5274; x_wconf 89' lang='lat' dir='ltr'><strong>potest</strong></span> <span class='ocrx_word' id='word_1_549' title='bbox 664 5192 773 5272; x_wconf 89' lang='lat' dir='ltr'><strong>alicui,</strong></span> <span class='ocrx_word' id='word_1_550' title='bbox 788 5194 926 5275; x_wconf 89' lang='lat' dir='ltr'><strong>qualiter</strong></span> <span class='ocrx_word' id='word_1_551' title='bbox 1018 5193 1151 5275; x_wconf 83' lang='lat' dir='ltr'><strong>insuper</strong></span> <span class='ocrx_word' id='word_1_552' title='bbox 1176 5194 1427 5275; x_wconf 88' lang='lat' dir='ltr'><strong>agnoscendum,</strong></span> <span class='ocrx_word' id='word_1_553' title='bbox 1453 5193 1536 5274; x_wconf 92' lang='lat' dir='ltr'><strong>quod</strong></span> <span class='ocrx_word' id='word_1_554' title='bbox 1561 5192 1727 5274; x_wconf 88' lang='lat' dir='ltr'><strong>originalis</strong></span> 
     </span>
    </p>

    <p class='ocr_par' dir='ltr' id='par_1_47' title="bbox 173 5290 1727 5377">
     <span class='ocr_line' id='line_1_49' title="bbox 173 5290 1727 5377; baseline 0.001 -21"><span class='ocrx_word' id='word_1_555' title='bbox 173 5294 272 5376; x_wconf 85' lang='lat' dir='ltr'><strong>pn‘mi</strong></span> <span class='ocrx_word' id='word_1_556' title='bbox 292 5292 433 5375; x_wconf 89' lang='lat' dir='ltr'><strong>parentis</strong></span> <span class='ocrx_word' id='word_1_557' title='bbox 451 5299 617 5374; x_wconf 87' lang='lat' dir='ltr'><strong>peccatum</strong></span> <span class='ocrx_word' id='word_1_558' title='bbox 637 5291 842 5373; x_wconf 87' lang='lat' dir='ltr'><strong>primordiale</strong></span> <span class='ocrx_word' id='word_1_559' title='bbox 866 5292 924 5357; x_wconf 90' lang='lat' dir='ltr'><strong>toti</strong></span> <span class='ocrx_word' id='word_1_560' title='bbox 979 5293 1103 5377; x_wconf 86' lang='lat' dir='ltr'><strong>justitia</strong></span> <span class='ocrx_word' id='word_1_561' title='bbox 1117 5292 1228 5375; x_wconf 90' lang='lat' dir='ltr'><strong>primis</strong></span> <span class='ocrx_word' id='word_1_562' title='bbox 1250 5292 1311 5355; x_wconf 91' lang='lat' dir='ltr'><strong>luit</strong></span> <span class='ocrx_word' id='word_1_563' title='bbox 1325 5290 1509 5374; x_wconf 86' lang='lat' dir='ltr'><strong>parentibus</strong></span> <span class='ocrx_word' id='word_1_564' title='bbox 1523 5292 1595 5356; x_wconf 90' lang='lat' dir='ltr'><strong>data</strong></span> <span class='ocrx_word' id='word_1_565' title='bbox 1614 5310 1650 5355; x_wconf 89' lang='lat' dir='ltr'><strong>ac</strong></span> <span class='ocrx_word' id='word_1_566' title='bbox 1672 5310 1727 5375; x_wconf 91' lang='lat' dir='ltr'><strong>po-</strong></span> 
     </span>
    </p>
   </div>
   <div class='ocr_carea' id='block_1_3' title="bbox 0 0 2163 6244">
    <p class='ocr_par' dir='ltr' id='par_1_48' title="bbox 0 0 2163 6244">
     <span class='ocr_line' id='line_1_50' title="bbox 0 0 2163 6244; baseline 0 0"><span class='ocrx_word' id='word_1_567' title='bbox 0 0 2163 6244; x_wconf 95' lang='lat' dir='ltr'><strong> </strong></span> 
     </span>
    </p>
   </div>
  </div>
 </body>
</html>
