4309 6250
789 518 883 572 0000
904 522 1094 572 assuminus
1657 502 1718 567 706

197 694 304 758 00000,
324 694 424 759 2060,
449 696 722 768 quantumcumque
744 694 866 768 antiqua
884 697 913 753 et

195 780 354 854 diuulgata,
370 783 470 849 2070;
488 799 557 839 uam
573 784 752 840 consuetudo
767 782 829 839 siue
843 782 915 840 reri-

195 872 254 927 tate
269 887 321 927 seu
334 871 469 944 aequitate
484 875 513 930 et
527 870 648 936 ratione,
664 874 792 928 vetustas
806 871 913 929 erroris

196 960 251 1021 est,
268 959 358 1014 2070.

157 1046 424 1105 contenplatio
459 1048 508 1107 001
539 1048 747 1105 ardentissima
779 1049 913 1121 supplere

196 1138 290 1207 potest
313 1136 455 1193 alimenta
479 1136 650 1209 corporalia,
675 1136 778 1192 l'loll'.
801 1135 913 1207 Duplici

195 1224 285 1279 modo
310 1225 480 1283 obtinetur:
496 1225 602 1298 primo,
618 1226 656 1281 ad
679 1241 744 1282 eam
769 1226 912 1291 conando,

194 1313 301 1379 0390,
317 1316 455 1381 seeundo,
474 1316 584 1387 absque
608 1313 725 1386 proprio
748 1312 912 1379 conamine,

197 1418 251 1475 per
268 1419 427 1475 supernam
449 1402 683 1467 illustrationem,
699 1404 791 1469 0000;
807 1404 857 1460 sed
877 1403 915 1459 ad

197 1491 286 1547 istam
298 1492 571 1566 contemplationem
586 1492 745 1549 theoricam
760 1491 843 1565 pauci
854 1508 916 1563 per·

195 1578 327 1652 tingunt,
343 1597 443 1652 quare,
463 1580 562 1637 0000.
585 1612 618 1622 -
637 1582 723 1638 lurts
746 1583 774 1637 S.
795 1583 916 1637 Bernar

197 1670 283 1734 dum,
299 1673 425 1743 quatuor
437 1674 507 1728 sunt
521 1670 630 1743 species
649 1670 914 1743 contemplationis,

196 1775 326 1831 quarum
336 1758 486 1832 primaert
495 1760 652 1816 admiratio
662 1760 913 1833 majestatis,82A,

196 1850 336 1915 0000000,
353 1849 548 1907 consideratio
562 1849 742 1922 J'udiciorum
762 1850 914 1919 llltissimi,

195 1938 290 2001 tertis,
299 1938 459 2011 speculatio
469 1938 676 1997 beneficiorum
688 1939 827 2005 000820,
835 1956 916 2013 quar

196 2030 237 2093 ta,
259 2028 426 2085 divinorum
447 2028 569 2085 attentio
592 2028 816 2101 promissorum,
841 2031 876 2085 82
884 2030 913 2085 0.

196 2147 232 2159 -
247 2116 364 2188 Species
378 2116 634 2189 contemplationis
648 2118 744 2175 adhuc
758 2118 842 2176 aliter
856 2118 915 2175 dis·

197 2206 386 2278 tinguuntur,
398 2207 468 2263 830.

233 2295 452 2368 Contemplator
475 2298 506 2353 0.
522 2297 628 2365 blaciae,
644 2314 709 2371 000
727 2298 758 2353 00
777 2299 916 2356 omnibus

199 2385 458 2457 contemplationis
492 2387 642 2459 speciebus
675 2387 730 2445 fuit
761 2388 914 2454 altissima,

199 2476 278 2540 821),
292 2490 351 2530 000
367 2476 452 2533 00000
464 2492 527 2533 esse
542 2476 668 2533 carnalis
688 2478 787 2544 homo,
804 2478 873 2533 090
888 2480 916 2535 00

201 2582 238 2631 s..
253 2564 305 2621 sed
320 2582 420 2637 purus,
435 2566 509 2631 200,
526 2566 557 2632 0,
574 2566 630 2622 000
650 2566 776 2624 formata
789 2570 819 2624 et
831 2566 916 2639 spiri·

201 2653 276 2711 tuali
301 2653 420 2711 caritate
441 2658 570 2720 umatus,
590 2656 661 2722 200,
677 2657 829 2723 counitus,
845 2658 915 2723 200,

203 2743 241 2799 00
263 2741 495 2800 misericordiam
514 2745 578 2817 ejus
597 2744 823 2818 impetrandam,
839 2747 915 2812 200,

202 2832 244 2897 0’,
268 2835 298 2887 00
323 2832 448 2904 propriae
471 2832 654 2906 indignitatis
673 2834 816 2901 conscius,
836 2836 915 2901 200,

201 2922 235 2977 20
246 2920 287 2975 0’.
301 2922 381 2978 Tunc
395 2922 433 2977 ad
451 2938 515 2978 eam
538 2922 717 2979 laudandam
738 2926 767 2979 et
786 2928 916 2981 coutem-

202 3010 343 3083 plaudam
357 3011 476 3068 accedat
490 3028 557 3068 eum
573 3012 689 3078 fiducia,
704 3012 786 3079 200,
798 3014 917 3070 humili·

200 3101 260 3156 late
288 3102 317 3157 et
339 3100 509 3166 reverentia,
534 3101 608 3167 210,
633 3118 700 3159 000
720 3102 915 3176 jucunditate,

199 3189 285 3254 200,
301 3189 471 3254 20000001
486 3193 514 3248 el
528 3189 695 3258 formidine,
706 3193 739 3248 20
750 3192 781 3259 0,
797 3195 917 3249 Sancto·

200 3295 268 3336 rum
290 3278 392 3345 instar,
416 3280 450 3335 20
460 3279 491 3346 0,
515 3278 697 3338 deiformiter
724 3282 915 3353 procedendo,

200 3367 284 3433 210,
309 3367 419 3424 scilicet
442 3385 477 3425 er
500 3368 659 3426 mulierum
685 3369 917 3428 consideratione

200 3458 239 3514 sd
254 3458 531 3531 contemplationem
546 3461 578 3515 B.
594 3460 721 3532 Virginis
740 3475 917 3533 consurgen-

201 3547 250 3612 do,
262 3546 346 3611 200,
363 3548 468 3618 primo,
484 3549 670 3605 ascendendo
684 3565 735 3620 per
748 3548 825 3604 riam
842 3548 917 3620 posi·

200 3635 301 3702 tionis,
316 3637 392 3700 220,
412 3635 560 3694 10000000
583 3637 647 3711 ejus
669 3637 866 3710 virginitatem
889 3641 919 3695 et

201 3724 422 3791 fecunditatem,
437 3727 510 3792 220,
526 3726 722 3798 iutegritatem
739 3730 767 3784 et
781 3726 917 3782 castimo-

200 3813 294 3877 niam,
309 3815 378 3878 220,
389 3817 419 3870 00
433 3814 606 3887 generaliter
618 3815 766 3888 virgiuum
781 3815 916 3872 omnium

199 3919 235 3960 ac
264 3901 422 3959 mulierum
449 3901 640 3976 perfectiones
667 3903 693 3960 ei
721 3903 916 3968 attribuendo,

199 3991 316 4049 seclusa
328 3991 410 4046 omui
424 3990 651 4064 imperfectione,
667 3993 742 4047 22A’
755 3995 785 4049 et
798 4009 821 4048 s.

163 4079 400 4138 CONTlllEN'l'lA
416 4080 592 4136 laudabilior
605 4085 649 4137 est
662 4080 693 4136 in
708 4081 846 4153 pulchris,
862 4081 917 4137 sic·

200 4174 235 4228 ut
253 4169 466 4228 incontinentia
484 4170 704 4243 vituperabilior
725 4171 755 4226 iu
780 4171 917 4229 deformi·

200 4263 267 4326 bus,
286 4260 320 4315 60
330 4259 371 4315 0’.
391 4289 427 4300 —
449 4259 592 4332 Religioso
615 4260 703 4317 statui
726 4259 918 4318 essentialiter

199 4353 246 4408 est
258 4364 382 4415 annexa,
397 4349 452 4405 082
460 4349 488 4404 C.
502 4380 539 4391 -
553 4349 719 4422 Coujugalis
737 4350 917 4407 continentia

201 4438 324 4496 inferior
337 4441 381 4496 est
398 4437 544 4512 virginali,
559 4439 661 4506 282ος
676 4440 727 4496 000
748 4456 799 4511 per
817 4456 917 4512 super·

201 4527 335 4586 naturale
363 4527 507 4584 auxilium
532 4528 642 4601 gratiae,
668 4532 806 4601 perpetua
830 4529 917 4584 couti-

200 4618 303 4676 0000ἰο
323 4617 353 4674 10
372 4618 510 4690 conjugio
533 4618 670 4675 amultis
691 4618 799 4675 serrari
824 4619 918 4691 potuit

201 4711 231 4765 et
245 4711 349 4780 potest,
364 4707 453 4764 09310.

163 4797 351 4855 conantum
375 4797 461 4854 debat
482 4813 544 4854 esse
567 4813 636 4855 vera
658 4801 686 4854 et
705 4798 850 4865 cordialis,
866 4800 917 4856 ad·

1002 696 1128 768 languor
1141 710 1201 750 nou
1215 693 1302 751 fucrit
1317 695 1435 750 curatus
1449 691 1480 747 iu
1496 692 1599 763 cupite,
1615 691 1668 747 630
1678 691 1716 747 0.

1004 817 1037 827 -
1061 783 1201 851 Quamvis
1223 784 1262 838 sit
1283 781 1486 854 multipliciter
1507 780 1718 847 defectuosum,

1002 874 1073 937 370,
1105 872 1201 938 0860,
1230 890 1265 928 er
1294 872 1458 945 primorum
1489 869 1721 943 transgressione

952 1008 955 1013 .
1003 965 1157 1036 pareutum
1178 960 1279 1017 fomite
1301 960 1451 1023 infectum,
1467 960 1501 1015 37
1511 960 1542 1023 0,
1558 963 1587 1016 00
1606 958 1722 1016 vilifice-

1001 1057 1050 1110 tur
1073 1052 1182 1109 animle
1205 1052 1406 1124 repugnando,
1422 1049 1505 1111 370,
1526 1052 1624 1106 tamen
1651 1050 1722 1121 quia

1003 1158 1055 1214 per
1067 1141 1214 1197 Christum
1230 1144 1258 1197 et
1272 1140 1393 1196 Mariam
1408 1139 1565 1195 liberatum
1581 1142 1633 1203 est,
1644 1140 1679 1195 37
1686 1139 1719 1205 0,

1002 1233 1031 1287 00
1055 1230 1226 1286 nobilitatur
1249 1228 1356 1285 rationi
1379 1228 1552 1291 obediendo,
1572 1228 1657 1295 370,
1676 1245 1721 1286 se·

1004 1337 1061 1392 que
1089 1319 1247 1392 praebendo
1274 1318 1507 1375 instrumentum
1535 1316 1628 1374 cultui
1658 1316 1719 1382 Dei,

1004 1410 1039 1465 37
1047 1410 1087 1473 0’,
1102 1408 1186 1464 valde
1197 1408 1404 1464 honorandum
1423 1409 1475 1471 est,
1491 1406 1560 1480 quia
1579 1422 1639 1478 pras
1658 1422 1720 1463 cor-

1004 1497 1124 1571 poribus
1139 1496 1239 1553 mixtis
1254 1496 1357 1553 ceteris
1370 1499 1414 1553 est
1429 1495 1555 1568 dignius,
1570 1496 1605 1551 37
1613 1496 1642 1561 0,
1658 1512 1721 1551 00-

1004 1588 1084 1645 xime
1099 1602 1204 1659 corpus
1219 1588 1463 1658 Sanctorum,per
1473 1586 1552 1657 quod
1568 1585 1721 1657 patrantur

1005 1676 1156 1742 miracula,
1184 1677 1263 1742 370,
1288 1676 1370 1731 oon&
1396 1707 1427 1716 -
1453 1674 1527 1742 Quis
1549 1678 1723 1746 cooperatur

1005 1766 1124 1833 animle,
1150 1767 1187 1821 ad
1216 1782 1305 1838 quam
1334 1763 1487 1821 ordinatur
1512 1766 1654 1835 tauquam
1683 1764 1721 1819 ad

1004 1855 1104 1919 finem,
1120 1854 1219 1919 2800,
1235 1857 1264 1911 00
1282 1854 1309 1911 00
1327 1854 1426 1910 000000
1446 1852 1476 1908 00
1495 1852 1608 1909 actibus
1626 1851 1720 1917 bouis,

1005 1942 1119 2017 prae'mii
1138 1943 1194 2000 erit
1216 1958 1344 2006 consors,
1361 1942 1450 1998 0720.
1465 1942 1547 1998 Unde
1565 1958 1670 2014 corpus
1690 1940 1720 1997 in

1005 2034 1099 2105 patria
1115 2032 1309 2106 glorificatum
1325 2031 1484 2103 possidebit
1493 2034 1619 2103 quatuor
1628 2031 1720 2097 dotes,

1007 2122 1108 2185 tttt',
1140 2122 1236 2187 tsou‘,
1261 2121 1349 2185 2800,
1374 2122 1402 2177 00
1427 2135 1485 2192 quo
1513 2120 1609 2191 major
1634 2118 1722 2176 fuerit

1005 2212 1114 2269 animae
1128 2210 1286 2273 beatitudo,
1303 2226 1336 2266 eo
1352 2209 1397 2265 his
1411 2208 1528 2266 dotibus
1542 2208 1721 2265 eminentius

1005 2300 1191 2358 decorabitur
1212 2316 1326 2372 corpus,
1349 2299 1399 2354 078
1407 2298 1446 2363 0,
1467 2298 1563 2354 0800.
1585 2296 1720 2353 Dominio

1005 2391 1114 2447 animae
1128 2390 1212 2461 plene
1227 2389 1401 2459 subjectum,
1410 2388 1507 2452 l8liB',
1516 2388 1605 2452 1870,
1616 2387 1670 2442 389
1677 2386 1720 2453 D',

1006 2479 1134 2536 mirabili
1159 2477 1377 2552 pulchritudine
1400 2475 1721 2543 0000,0870’,00110000-

1005 2586 1052 2627 me
1067 2569 1240 2629 coloratum,
1257 2567 1352 2630 0870,
1363 2565 1439 2639 agile
1453 2569 1482 2622 et
1495 2564 1611 2629 subtile,
1625 2564 1721 2632 0860,

1007 2658 1035 2715 00
1058 2660 1208 2714 momento
1228 2654 1400 2722 movebitur,
1420 2655 1449 2710 id
1473 2658 1517 2711 est
1538 2654 1568 2711 in
1590 2658 1722 2727 tempore

1005 2746 1186 2811 brevissimo,
1202 2745 1255 2803 etsi
1272 2733 1333 2801 0οο
1351 2744 1381 2800 00
1402 2744 1533 2810 instanti,
1551 2746 1602 2799 087
1609 2745 1650 2810 B;
1667 2743 1722 2799 00-

1006 2836 1152 2911 passura,
1181 2817 1281 2900 09300
1312 2834 1435 2898 eurum,
1462 2834 1549 2898 aare,
1576 2836 1605 2889 a
1632 2832 1721 2889 ettam

1006 2926 1138 2999 pervium
1161 2942 1196 2981 sc
1213 2925 1411 2995 transpareua,
1429 2923 1521 2989 0870,
1536 2921 1577 2986 B’,
1593 2921 1720 2978 solidum

1005 3020 1116 3080 tamen,
1144 3013 1259 3071 ossibus
1290 3016 1320 3069 et
1352 3029 1440 3068 carne
1472 3028 1531 3068 nou
1565 3012 1720 3077 nudatum,

1007 3104 1115 3171 1860’3
1131 3120 1184 3162 000
1201 3104 1337 3161 restitum
1353 3101 1416 3167 erit,
1432 3101 1521 3159 etism
1541 3099 1722 3158 vestimentis

1006 3195 1113 3269 perviis
1127 3198 1156 3252 et
1168 3191 1431 3266 transpareutibus,
1449 3193 1537 3256 0890,
1554 3194 1585 3248 00
1599 3189 1720 3262 quidam

1006 3284 1105 3341 minus
1124 3281 1231 3340 eruditi
1250 3281 1363 3347 dieunt,
1379 3282 1469 3347 1890,
1485 3279 1555 3354 0000
1576 3279 1657 3336 00110
1679 3278 1723 3335 iu·

1004 3372 1162 3446 temperies
1179 3369 1297 3444 frigoris
1316 3374 1368 3426 aut
1386 3369 1491 3426 caloris
1507 3369 1562 3426 erit
1585 3369 1614 3424 in
1636 3367 1719 3431 coelo,

1007 3463 1096 3527 0800,
1111 3465 1140 3518 00
1154 3459 1294 3534 quonism
1310 3458 1388 3516 Beati
1409 3459 1440 3515 iu
1459 3460 1536 3514 bono
1555 3455 1721 3514 confirmati

1006 3567 1065 3608 non
1089 3550 1261 3608 erubescent
1284 3550 1403 3620 propter
1426 3547 1599 3610 nuditatem,
1622 3545 1723 3602 l89D:

1006 3641 1086 3697 uude
1101 3653 1160 3694 non
1176 3636 1232 3692 nisi
1249 3634 1445 3708 metaphorice
1464 3633 1573 3690 dicitur
1591 3633 1723 3707 quaudo·

1006 3746 1062 3802 que
1080 3727 1275 3792 vestiendum,
1291 3725 1402 3782 scilieet
1420 3725 1517 3797 quoad
1536 3722 1724 3794 splendorem

1005 3815 1180 3874 exteriorem
1200 3817 1230 3872 et
1248 3812 1469 3870 decentissimos
1493 3827 1598 3878 mores,
1620 3809 1722 3867 tasa’.

1005 3937 1041 3948 —
1055 3905 1165 3976 Corpus
1179 3905 1210 3958 B.
1226 3901 1333 3967 blaciae,
1349 3903 1385 3958 00
1400 3901 1485 3957 omui
1498 3900 1562 3957 labe
1577 3899 1721 3965 immune,

1006 3999 1089 4064 370,
1118 3995 1274 4054 ineffabilis
1300 3994 1481 4052 excellentiae
1509 3993 1573 4059 fuit,
1597 3994 1671 4058 380,
1695 3996 1724 4050 00

1006 4087 1251 4146 inestimabiliter
1280 4085 1495 4158 dignificatum,
1524 4083 1560 4139 ob
1593 4081 1723 4156 quinque

1005 4177 1142 4241 rationes,
1158 4177 1232 4241 380,
1248 4179 1277 4232 00
1296 4192 1347 4247 per
1370 4174 1444 4230 illud
1467 4174 1636 4248 dignificata
1654 4175 1724 4230 sunt

1005 4283 1129 4340 corpora
1147 4265 1282 4321 omnium
1309 4266 1453 4328 nostrum,
1468 4264 1531 4319 370
1553 4265 1581 4320 00
1602 4279 1626 4318 0.
1641 4261 1723 4319 Sicut

1005 4359 1180 4413 Sanctorum
1192 4370 1298 4426 corpus
1311 4352 1408 4409 adhuc
1420 4351 1451 4407 iu
1461 4351 1546 4419 terris
1555 4351 1721 4408 auimatum

1006 4445 1131 4502 dulciter
1142 4442 1296 4506 redolebat,
1305 4441 1344 4498 its
1354 4457 1459 4512 corpus
1467 4440 1644 4513 B.Virginis‚
1651 4440 1721 4496 600.

1007 4567 1037 4576 -
1055 4533 1208 4601 Quomodo
1227 4531 1354 4588 Ecclesia
1373 4529 1489 4587 dicatur
1507 4546 1613 4602 corpus
1627 4546 1720 4586 uuum

1006 4623 1174 4696 mysticum,
1194 4621 1287 4687 0020,
1307 4621 1351 4676 vel
1374 4623 1453 4677 totus
1474 4620 1604 4676 muudus
1626 4635 1721 4676 uuum

1007 4729 1121 4786 corpus,
1151 4712 1235 4786 cujus
1262 4713 1350 4783 caput
1381 4709 1420 4765 sit
1451 4710 1538 4782 Papa,
1567 4709 1657 4765 0030.
1686 4737 1723 4750 -

1007 4802 1052 4872 Cf.
1069 4803 1170 4875 Caput,
1185 4801 1359 4857 blembrum.

201 4889 317 4960 aequata
332 4886 916 4960 0000000000100000,3080’.00000000
971 4891 1164 4948 0000000010
1197 4889 1325 4945 fraterna
1356 4905 1374 4945 a
1401 4887 1514 4944 Christo
1543 4887 1721 4961 praecipitur,

200 4976 288 5043 delet,
308 4979 337 5034 00
358 4977 500 5034 0000000
520 4977 729 5035 conscientiam
750 4994 767 5034 a
788 4983 915 5051 peccato,

200 5067 302 5124 6020.

164 5155 302 5212 CORPUS
329 5155 494 5214 humanum
522 5173 579 5214 non
603 5161 648 5215 est
670 5156 915 5230 perfectissimum

201 5246 366 5304 secundum
404 5250 541 5304 usturam
573 5251 640 5304 aute
672 5251 782 5304 statum
814 5247 916 5321 viginti

1006 4982 1097 5046 0380,
1112 4979 1212 5044 stou,
1223 4983 1252 5035 et
1266 4979 1429 5037 necessaria
1442 4982 1487 5034 est
1500 4977 1546 5033 his
1559 4978 1609 5051 qui
1622 4977 1724 5035 sinunt

1007 5070 1037 5125 iu
1070 5068 1291 5134 communitate,
1320 5067 1422 5131 096ος
1451 5070 1655 5124 verumtamen
1690 5066 1721 5123 iu

1006 5159 1136 5232 quinque
1164 5157 1279 5214 casibus
1308 5172 1367 5213 uon
1390 5157 1475 5229 urget
1500 5155 1588 5229 hujus
1615 5171 1722 5229 praece·

1007 5251 1100 5322 ptum,
1115 5247 1209 5303 0080.

202 5335 333 5410 quinque
352 5353 510 5406 annorum,
525 5339 609 5395 000.
624 5339 727 5396 Totum
747 5340 876 5412 egrotat,
893 5339 917 5394 si
971 5339 1107 5396 COSblllS
1135 5337 1196 5411 (S.),
1223 5335 1350 5402 vestitor,
1374 5335 1578 5409 Apostolorum
1607 5333 1720 5392 sicinus

294 5444 327 5497 Τ.
344 5445 384 5498 36.

1562 5441 1595 5496 05
