4309 6250
435 495 475 564 36
669 514 710 561 ue
731 513 895 564 cucurrere
915 513 952 559 ar
972 511 1121 559 nummus
1142 509 1169 556 a.
1193 511 1222 554 v.
1246 508 1362 568 naara,
1385 507 1473 555 uram
1493 508 1513 555 r.
1536 527 1576 538 —
1596 508 1668 556 aar.
1690 511 1744 556 xvi

437 683 597 762 facientis,
624 690 709 765 patet
734 683 817 765 quod
841 683 912 765 ipsa
930 679 1118 764 dignissima
1144 679 1223 742 sita
1241 678 1372 743 rationis
1399 697 1437 741 ac
1465 677 1584 760 speciei
1608 685 1657 741 θεῖ
1680 678 1860 742 humanitas
1889 695 1984 758 quam

437 792 502 847 tam
517 790 657 864 exparte
677 782 833 846 donorum
854 780 964 863 gratia
985 779 1083 862 gratis
1105 779 1185 841 datae
1238 777 1420 859 assumpsit,
1437 795 1509 839 cum
1529 778 1725 841 humanitate
1745 779 1911 841 bominum
1935 793 1986 838 ea-

436 900 533 964 quam
555 880 665 964 gratiae
689 879 911 962 gratificantis.
937 879 1039 959 Atque
1063 897 1102 939 ex
1125 877 1184 939 bac
1238 883 1390 954 tororum,
1406 882 1500 956 atque
1515 895 1573 958 per
1586 895 1657 939 eam
1677 897 1750 939 cum
1771 876 1859 940 omni
1881 883 1985 937 creata

437 979 592 1062 dignitate
606 985 638 1042 et
651 977 838 1040 excellentia
853 996 915 1059 qua
930 976 999 1058 ipsa
1020 982 1068 1038 est
1088 976 1185 1038 Mater
1238 973 1414 1035 substantia
1440 974 1602 1052 convenit,
1628 974 1740 1036 saltem
1769 974 1802 1036 iu
1830 992 1947 1055 genere
1974 994 1981 1033 :

437 1078 505 1156 Dei,
521 1078 631 1139 insunt
645 1084 676 1139 et
691 1082 876 1158 competunt
896 1073 925 1138 ei
946 1073 1015 1137 alie
1038 1072 1184 1155 plurima
1238 1071 1346 1153 sicque
1361 1090 1418 1153 par
1432 1072 1493 1134 hoe
1509 1071 1672 1153 potissime
1687 1071 1986 1149 sublimavit,houo

437 1175 663 1257 praerogative,
680 1174 875 1237 excellentiae
889 1192 927 1235 ac
948 1171 1126 1255 privilegia,
1143 1171 1183 1232 de
1238 1169 1318 1232 ravit
1340 1177 1371 1232 et
1390 1168 1590 1251 dignificavit
1614 1178 1730 1248 creata,
1749 1171 1923 1252 praesertim
1947 1189 1985 1232 ea

435 1273 551 1355 quibus
571 1272 744 1337 dicendum
766 1280 815 1334 θεῖ
835 1270 929 1333 inira.
1237 1286 1372 1349 quorum
1394 1267 1566 1350 assumpsit
1585 1276 1742 1331 naturam.

1276 1365 1419 1447 Insuper,
1428 1385 1485 1447 per
1498 1366 1559 1429 hoe
1574 1367 1658 1448 quod
1672 1385 1711 1429 cx
1726 1366 1984 1449 splendidissima

1237 1483 1275 1527 ac
1290 1463 1529 1526 deificatissima
1548 1464 1672 1545 virgine
1686 1464 1781 1527 llaria
1796 1466 1878 1527 Deus
1897 1484 1983 1527 crea·
2075 1483 2085 1496 ·

626 1550 871 1616 ARTICULUS
894 1549 987 1613 XVI·
1237 1572 1287 1625 tor
1304 1561 1407 1624 lactus
1422 1561 1579 1624 esthamo
1601 1571 1633 1625 et
1653 1572 1858 1625 conversatus
1879 1571 1928 1625 θεῖ
1948 1563 1981 1626 in
1995 1593 2122 1641 amp,

435 1702 526 1769 Quod
543 1717 604 1776 per
624 1701 853 1758 intemeratam
877 1697 1183 1773 divinissimaque
1237 1659 1369 1738 m⁰⁰d02
1385 1679 1461 1722 usus
1482 1660 1576 1722 θεώ
1592 1661 1720 1770 pfflpffa
1739 1679 1875 1741 pemna
1896 1680 1982 1724 Μ’
1996 1655 2090 1759 qamt
2107 1669 2122 1696 u

473 1789 619 1850 Mariam
639 1791 686 1847 sot
704 1796 734 1848 et
756 1788 850 1856 luna,
871 1788 936 1846 imo
959 1793 1076 1844 cuncta
1095 1787 1182 1843 coel·
1237 1767 1378 1820 mmmm
1403 1776 1530 1820 suasum
1554 1758 1714 1838 ⁰b50q¹¹¹¹s
1742 1781 1748 1819 ²
1775 1765 1890 1821 mmm
1919 1759 1983 1821 ⁰⁸¹·

474 1879 550 1946 3550,
565 1886 596 1936 εἰ
616 1880 773 1936 elementa
789 1895 827 1934 ας
842 1875 1020 1951 inferiora,
1036 1874 1182 1950 Quiza.
1197 1861 1221 1923 B
1237 1875 1325 1935 cans,
1341 1875 1447 1919 aerem
1471 1857 1643 1933 attrahens,
1660 1856 1751 1937 aquia
1777 1875 1811 1919 se
1836 1857 1980 1937 abluenS,

474 1975 537 2025 tem
554 1967 759 2042 praecipuam
777 1973 854 2024 avant
876 1965 1004 2023 sortita.
1237 1955 1377 2018 residens
1402 1954 1441 2016 ad
1466 1954 1583 2034 iguem,
1611 1953 1691 2016 cibis
1716 1973 1753 2016 ac
1779 1955 1905 2035 potibus
1930 1975 1983 2018 ve-

1236 2072 1340 2134 scens,
1356 2053 1421 2115 imo
1436 2060 1468 2114 et
1482 2071 1597 2133 corpus
1611 2071 1649 2114 ex
1665 2052 1830 2115 elementis
1849 2053 1980 2115 mixtum

297 2171 349 2214 nee.
364 2185 415 2225 xva,
500 2153 666 2231 EUS,qui
677 2153 757 2228 feeit
768 2153 929 2212 mundum
944 2159 975 2210 et
988 2151 1181 2227 omniaque
1236 2151 1409 2233 accipiens.
1426 2150 1497 2212 llaec
1513 2159 1619 2213 autem
1635 2157 1684 2212 est
1701 2151 1861 2232 praecipua
1879 2151 1983 2232 digni-

282 2236 317 2286 “¹
331 2237 365 2278 ²⁵·
515 2252 551 2310 iu
576 2270 611 2310 eo
639 2259 728 2319 suot,
753 2250 905 2310 manibus
932 2249 1088 2308 humanis
1114 2263 1179 2308 non
1236 2249 1344 2312 ficatio
1359 2255 1586 2324 creaturarum,
1604 2248 1688 2329 quod
1704 2248 1750 2310 sie
1772 2248 1909 2311 Creatori
1924 2268 1981 2312 suo

428 2345 941 2427 colitur,iadipecsaliquoNou
957 2345 998 2408 ob
1013 2344 1180 2424 suiipsius
1236 2347 1269 2408 in
1300 2347 1425 2428 propria
1450 2347 1520 2428 ejus
1547 2365 1682 2427 persona
1709 2346 1978 2409 ministraverunt.

430 2445 651 2526 indigentiam,
679 2444 882 2507 commodum
906 2451 961 2506 aut
986 2441 1177 2525 proiectum,
1234 2445 1352 2526 ltaque,
1369 2464 1407 2507 ex
1423 2445 1483 2507 boc
1498 2454 1581 2506 terra
1595 2444 1650 2505 illa
1665 2444 1896 2525 promissionis,
1904 2445 1981 2507 olim

429 2541 591 2624 perfectus
626 2551 657 2605 et
692 2541 889 2604 invariabilis
922 2542 1004 2604 Deus
1038 2539 1181 2603 condidit
1235 2543 1398 2623 inquinata
1421 2541 1594 2605 sceleribus
1617 2542 1882 2621 amorrheorum,
1898 2543 1981 2606 lacta

429 2641 616 2723 quidquam,
633 2641 688 2703 sed
713 2641 753 2702 ad
774 2648 991 2703 creaturarum
1010 2638 1178 2701 utilitatem
1235 2650 1283 2703 est
1308 2649 1390 2702 terra
1415 2649 1525 2702 sancta
1542 2663 1549 2702 :
1567 2639 1643 2720 quia
1665 2639 1699 2700 in
1724 2659 1761 2702 ea
1784 2641 1978 2719 conversari,

430 2747 547 2801 cuncta
560 2738 681 2800 creavit
697 2761 704 2799 :
721 2746 753 2800 et
766 2744 884 2820 quanto
899 2737 1025 2800 Creator
1038 2735 1180 2818 omnipo
1235 2738 1424 2803 commorari
1449 2746 1480 2801 et
1505 2737 1668 2800 ambulare
1691 2738 1788 2819 elegit
1813 2747 1907 2819 atque
1936 2739 1981 2801 di-

429 2845 500 2899 tens
530 2837 569 2898 ad
598 2855 670 2898 suas
698 2843 859 2898 creaturas
887 2835 1056 2916 gratiosius
1084 2842 1179 2915 atque
1235 2845 1349 2919 gnatus
1372 2844 1420 2899 est
1442 2835 1570 2899 Creator
1593 2835 1704 2917 ipsius.
1722 2836 1774 2899 Sol
1798 2855 1924 2918 quoque
1949 2844 1981 2901 θῖ

429 2935 640 3017 propinquius
660 2953 693 2997 se
713 2933 846 2996 inclinat
868 2942 901 2996 et
923 2932 1074 3015 applicat,
1091 2940 1179 2995 tanto
1235 2934 1311 2996 luna
1339 2953 1376 2996 ae
1402 2934 1516 3011 sidera,
1542 2933 1575 2994 in
1600 2933 1811 2996 ministerium
1833 2934 1979 3015 gentibus
1994 2962 2117 3011 onemo.

430 3040 581 3095 creaturae
610 3032 776 3094 sublimius
805 3032 991 3108 exaltantur,
1018 3038 1049 3092 et
1077 3029 1215 3112 magisC
1236 3033 1358 3095 eunetis
1393 3041 1508 3109 creata,
1543 3051 1581 3094 ex
1615 3031 1675 3094 hoc
1709 3031 1978 3113 dignificationem

430 3129 679 3211 dignificentur,
697 3138 802 3211 atque,
820 3138 855 3192 ut
868 3129 982 3192 asserit
1000 3130 1061 3193 Leo
1083 3129 1177 3211 Papa,
1234 3132 1386 3214 grandem
1410 3132 1524 3213 adepta
1547 3139 1631 3209 sunt,
1648 3131 1731 3213 quod
1757 3149 1814 3194 suo
1839 3133 1981 3215 superdi-

431 3228 533 3311 ipsius
561 3230 600 3291 ad
626 3228 690 3292 ima
719 3228 896 3307 inclinatio,
926 3234 974 3291 θεῖ
1002 3235 1111 3291 nostra
1139 3227 1178 3289 ad
1233 3229 1385 3312 guissimo
1400 3228 1538 3292 Creatori
1554 3228 1702 3291 luxerunt
1715 3238 1747 3292 et
1762 3229 1913 3292 obsecuta
1926 3247 1982 3292 no

431 3346 555 3389 summa
570 3327 743 3407 provectio.
761 3326 900 3409 Denique
915 3325 1020 3389 omnis
1035 3333 1179 3388 creatura
1235 3333 1387 3404 scuntur3
1404 3325 1611 3390 conformiter
1631 3327 1724 3389 orbos
1746 3327 1903 3406 coelestes,
1925 3330 1980 3410 qui

430 3424 549 3506 aliquid
569 3424 685 3489 divina
706 3425 873 3508 participat
894 3423 1052 3501 bonitatis,
1070 3432 1102 3486 et
1122 3442 1180 3505 per
1235 3444 1328 3488 suum
1350 3424 1716 3505 incircumscriptibilem
1736 3425 1914 3489 Creatorem
1937 3426 1981 3488 in-

430 3524 492 3586 hoc
506 3541 564 3586 suo
578 3522 715 3587 Creatori
732 3523 838 3605 aliquo
853 3524 947 3586 modo
961 3521 1176 3585 assimilatur:
1234 3532 1283 3586 tra
1298 3542 1332 3585 se
1351 3523 1577 3586 continuerunt
1590 3532 1622 3585 θῖ
1636 3522 1861 3587 concluserunt
1881 3524 1981 3588 borni-

430 3640 495 3684 nou
509 3621 594 3703 quod
614 3620 733 3703 aliquid
756 3621 892 3683 univoce
907 3620 1044 3683 Creatori
1059 3639 1097 3682 ac
1112 3638 1180 3682 cre-
1235 3641 1308 3684 nem
1334 3620 1471 3699 lactum3
1495 3621 1592 3684 simili
1617 3622 1711 3685 modo
1735 3623 1839 3705 augeli
1865 3624 1977 3701 saneti,

431 3727 527 3781 aturae
552 3719 732 3799 conveniat,
758 3726 812 3781 aut
837 3720 948 3783 eadem
975 3718 1007 3779 in
1035 3718 1179 3799 utrisque
1235 3721 1289 3803 qui
1310 3740 1406 3802 super
1427 3720 1532 3801 ipsum
1553 3720 1692 3784 hominis
1715 3720 1827 3783 Filium
1849 3722 1981 3784 descen·
1994 3741 2112 3789 renata

431 3816 563 3880 exsistat
584 3823 708 3880 natura.
1235 3820 1350 3882 derunt
1377 3828 1410 3881 θῖ
1433 3820 1655 3897 ascenderunt,
1682 3826 1775 3900 atque
1800 3818 1832 3880 in
1856 3820 1980 3883 deserto
1994 3840 2079 3884 actv.
2094 3850 2113 3884 u.

470 3914 572 3989 Quum
591 3934 666 3998 ergo
686 3935 724 3979 ex
744 3923 785 3997 te,
803 3934 823 3979 o
842 3933 916 3978 vere
936 3915 1118 3978 beatissima
1142 3934 1179 3979 ac
1234 3915 1496 3979 ministraverunt
1516 3915 1629 3979 eidem.
1995 3907 2027 3947 ¹¹·

432 4012 706 4076 venerabilissima
723 4014 813 4096 virgo
828 4013 933 4092 llaria,
950 4013 1077 4076 Creator
1091 4022 1181 4076 ater·
1274 4015 1437 4091 Praeterea,
1453 4014 1546 4076 orbos
1560 4014 1717 4095 coelestes,
1733 4013 1836 4077 sidera
1857 4034 1895 4078 ac
1917 4016 1982 4098 pla-

431 4130 492 4173 nus
517 4119 655 4174 creatam
680 4120 826 4174 naturam
850 4112 1068 4193 assumpserit,
1086 4120 1180 4193 atque
1235 4120 1327 4191 netae,
1364 4112 1522 4174 elementa
1557 4118 1588 4173 et
1623 4110 1732 4189 mixta,
1768 4112 1981 4175 indecentiam

432 4208 466 4270 iu
481 4209 609 4291 proprio
624 4228 694 4272 esse
711 4209 851 4273 increato
873 4228 910 4272 ae
931 4209 1092 4292 personali
1108 4229 1182 4291 sup-
1195 4211 1220 4272 D
1235 4212 1404 4292 quamdam
1434 4218 1466 4271 et
1492 4208 1725 4290 ignobilitatem
1748 4209 1921 4274 incurrisse
1945 4229 1981 4273 ac

432 4307 619 4390 positaverit
643 4326 724 4387 eam,
752 4308 856 4371 laetus
884 4308 1041 4371 veraciter
1063 4308 1179 4387 hom03
1237 4328 1329 4390 passa
1363 4308 1523 4387 videntur,
1554 4327 1611 4389 per
1639 4308 1699 4370 hoc
1728 4309 1812 4389 quod
1841 4308 1982 4391 indignis

431 4413 555 4470 constat
568 4394 656 4488 quod
667 4407 806 4488 primum
819 4407 852 4468 in
870 4414 901 4469 te
917 4414 948 4469 et
963 4426 1020 4487 per
1035 4414 1065 4469 te
1081 4407 1183 4470 Domi·
1237 4407 1422 4488 vitiosisque
1458 4406 1638 4468 servierunt
1671 4405 1855 4469 bominibus
1889 4415 1983 4488 atque

434 4523 493 4567 nus
519 4505 740 4567 universorum
766 4505 902 4567 maxime
921 4511 953 4567 et
973 4504 1183 4587 profundissi-
1236 4504 1421 4567 idololatris.
1438 4505 1555 4567 Verum
1578 4523 1635 4585 per
1649 4504 1914 4585 benignissimam
1935 4523 1984 4567 ex-

432 4620 484 4664 me
498 4601 701 4665 inclinaverit
716 4622 750 4665 se
764 4602 803 4665 ad
818 4611 934 4681 creata,
951 4602 1184 4685 propinquissi-
1238 4602 1558 4684 cellentissimamquc
1572 4602 1709 4683 Mariam,
1717 4621 1890 4666 econverso
1905 4603 1983 4666 mul·

434 4718 486 4762 me
519 4717 645 4781 quoque
679 4700 870 4783 applicuerit
898 4720 931 4763 se
960 4699 1080 4763 eisdem
1109 4724 1117 4761 ι
1148 4699 1181 4761 in
1237 4700 1439 4782 tomajorem
1454 4700 1634 4762 decentiam
1656 4719 1693 4763 ae
1715 4700 1913 4764 nobilitatem
1935 4720 1983 4764 re·

433 4804 569 4875 tantum,
585 4797 671 4878 quod
695 4798 750 4880 qui
774 4799 881 4861 omnia
900 4798 989 4878 lecit,
1011 4796 1114 4861 iactus
1135 4807 1183 4861 est
1239 4818 1408 4880 cuperasse
1433 4806 1464 4861 et
1492 4797 1669 4861 obtinuisse
1697 4807 1882 4879 cernuntur,
1906 4801 1982 4865 dum

434 4893 554 4975 aliquid
570 4895 730 4975 omnium,
743 4904 775 4959 θῖ
789 4895 843 4978 qui
858 4895 986 4958 infinita
1000 4915 1037 4959 ac
1053 4914 1182 4977 prorsus
1238 4896 1367 4979 proprio
1381 4896 1518 4959 Creatori
1534 4896 1633 4958 insui
1649 4895 1751 4976 ipsius
1770 4915 1906 4977 persona
1924 4898 1983 4961 im·

435 4992 675 5075 incomparabili
690 4993 841 5075 dignitate
857 5002 889 5055 et
903 4992 1090 5056 excellentia
1102 5001 1184 5055 tran·
1237 4994 1418 5076 panderunt
1436 4992 1638 5075 obsequium.
1654 4992 1678 5055 0
1700 4993 1726 5054 si
1749 4992 1828 5055 tanti
1851 4993 1982 5056 honoris

435 5090 559 5155 scandit
578 5098 693 5153 cuncta
712 5110 807 5173 opera
827 5110 895 5171 sua,
918 5090 1020 5154 iaetus
1036 5098 1084 5153 θεῖ
1099 5090 1184 5170 ejus-
1237 5091 1423 5154 habuissent
1446 5092 1604 5172 notitiam,
1629 5109 1725 5173 quarn
1754 5090 1898 5153 hilariter
1920 5091 1982 5154 boc

435 5189 508 5251 dem
524 5187 642 5269 speciei
657 5207 731 5250 eum
745 5188 906 5269 aliquibus
921 5188 1059 5267 illorum,
1071 5188 1136 5251 imo
1151 5196 1183 5251 et
1238 5188 1409 5252 iecissent!
1426 5190 1582 5271 Amplius,
1598 5189 1639 5252 ab
1652 5188 1840 5251 excellentia
1858 5187 1983 5252 Creato-

436 5285 549 5349 similis
564 5285 688 5349 cunctis
703 5286 735 5347 in
751 5304 879 5367 genere.
895 5286 1046 5368 Ejusdem
1061 5286 1182 5369 quippe
1237 5287 1282 5349 ris
1294 5285 1430 5349 distabat
1443 5287 1520 5350 olim
1535 5287 1568 5348 in
1584 5285 1747 5349 infinitum
1762 5285 1860 5349 totius
1875 5284 1982 5349 condi·
2115 5369 2116 5418 1
