4309 6250
433 444 475 509 88
667 464 707 509 ns
727 463 890 510 nvonrrnru
911 462 948 508 rr
967 461 1116 508 muninus
1136 459 1164 504 n.
1187 461 1218 504 v.
1240 459 1357 514 mre,
1379 458 1467 505 unna
1487 459 1522 504 rr.
1543 477 1585 488 -
1605 459 1676 505 aar.
1699 459 1757 505 xrn

436 639 498 696 stat
512 651 530 695 a
544 631 675 695 veritate
689 641 722 695 et
735 640 859 715 tempus
874 631 914 694 ab
925 628 1181 708 aetemitate‚nisi
1196 627 1222 688 A
1237 637 1288 690 cta
1311 637 1386 690 sunt
1408 627 1519 691 multa.
1535 628 1655 703 Quibus
1680 628 1790 694 forsan
1813 627 1910 692 alicui
1935 627 1991 691 ob-
2003 649 2092 688 mne

436 749 535 812 quum
551 730 721 811 aliquando
740 730 779 793 lit
798 731 884 811 quod
905 729 1023 792 debeo
1044 728 1079 789 in
1099 727 1182 790 libro
1235 725 1323 788 viare
1347 726 1508 789 videbitur
1530 727 1616 807 quod
1640 727 1735 790 Luce
1762 728 1906 791 secundo
1936 726 1992 788 ha-

288 837 330 882 Jot
349 850 422 888 mn.
436 827 494 890 Job
514 827 630 909 legitur
645 849 652 888 ε
669 827 726 902 Qui
748 827 914 890 abscondit
935 826 1039 889 lucem
1061 826 1095 887 in
1116 843 1182 886 ma·
1236 825 1330 886 betur
1348 847 1356 885 z
1372 824 1428 886 ubi
1448 824 1546 887 relert
1565 825 1780 907 Evangelista,
1803 826 1891 908 qnod
1917 826 1991 888 Jesu

290 903 369 952 Μ’·
437 925 544 1004 nibus,
569 933 601 988 et
627 925 769 1008 praecipit
796 925 826 987 ei
852 933 887 986 ut
913 943 1023 986 rursus
1049 922 1180 998 oriatur,
1236 923 1340 985 adbuc
1368 923 1501 1002 parvulo
1524 923 1655 986 invento
1680 943 1700 985 a
1724 923 1871 1006 virginea
1892 923 1992 986 Matre
2005 938 2107 986 tenu.

436 1031 531 1103 atque
554 1023 699 1086 enuntiat
725 1023 765 1085 de
793 1042 830 1086 ea
853 1022 970 1085 dilecto
998 1020 1084 1102 quod
1111 1038 1184 1101 pos·
1237 1021 1271 1082 in
1286 1020 1416 1102 templo,
1431 1039 1532 1101 quum
1547 1020 1603 1083 illa
1624 1021 1829 1084 confidenter
1842 1022 1989 1098 dixisset,
2003 1004 2035 1045 ⁴⁹·

437 1119 536 1182 sessio
551 1120 621 1201 ejus
636 1120 689 1198 sit,
698 1128 730 1182 et
745 1121 784 1182 ad
799 1139 868 1182 eam
883 1120 986 1182 valeat
1001 1117 1179 1201 pervenire.
1236 1118 1309 1198 Fili,
1331 1119 1408 1199 quid
1432 1119 1536 1181 fecisti
1562 1120 1656 1182 uobis
1680 1120 1750 1183 sict
1772 1139 1849 1183 ecee
1873 1138 1936 1201 ego
1960 1127 1994 1182 et

436 1217 544 1280 Electo
571 1217 688 1280 etenim
716 1226 748 1280 et
775 1218 893 1281 dilecto
921 1217 975 1279 Dei
1010 1213 1183 1296 aliquando
1237 1224 1327 1298 pater
1340 1225 1413 1278 tuus
1426 1217 1571 1278 dolentes
1590 1217 1814 1298 quaerebamus
1829 1227 1883 1295 te3
1899 1218 1993 1280 lesus

437 1315 578 1378 vicissim
593 1315 701 1378 lumen
715 1315 874 1397 quoddam
889 1314 996 1376 vultus
1012 1311 1066 1374 llei
1081 1319 1183 1375 osten·
1237 1313 1401 1394 respoudit
1416 1337 1424 1374 ε
1440 1312 1518 1386 Quid
1533 1322 1583 1376 est
1602 1315 1688 1394 qnod
1710 1333 1763 1378 me
1776 1315 1993 1396 quaerebatisl

437 1411 523 1474 ditur
543 1412 640 1490 (sicut
662 1410 770 1474 lumen
796 1411 940 1474 elausum
963 1411 997 1472 in
1022 1408 1180 1484 manibus,
1236 1411 1431 1474 Nesciebatis
1459 1412 1535 1492 quia
1563 1413 1597 1474 in
1626 1413 1677 1474 his
1705 1432 1777 1494 quae
1800 1413 1902 1475 Patris
1928 1411 1993 1474 mei

437 1509 521 1590 quod
536 1509 612 1572 latet
629 1517 662 1570 et
680 1517 766 1592 patet
784 1508 824 1570 ad
838 1507 1001 1570 arbitrium
1018 1507 1181 1584 tenentis),
1237 1516 1321 1586 sunt,
1337 1517 1461 1590 oportet
1472 1529 1523 1571 me
1537 1513 1625 1572 essel
1635 1510 1755 1585 Quibus
1771 1511 1877 1574 verbis
1891 1511 1995 1572 Eran-

436 1615 472 1668 ut
494 1625 551 1689 per
571 1605 631 1669 hoc
653 1606 737 1686 quod
760 1605 851 1688 quasi
874 1605 906 1666 in
928 1613 1112 1667 transcursu
1131 1602 1181 1664 vel
1237 1607 1349 1688 gelista
1368 1607 1488 1687 adjecit
1507 1611 1569 1668 :At
1592 1608 1655 1690 ipsi
1676 1627 1742 1670 nou
1764 1608 1993 1671 intellexerunt
2007 1626 2092 1668 rouo.
2126 1626 2127 1675 l

435 1705 469 1768 in
496 1712 616 1787 puncto
643 1703 751 1766 videre
776 1703 979 1786 permittitur,
1004 1702 1184 1764 inardescat
1237 1705 1369 1767 verbum
1385 1705 1468 1785 quod
1491 1705 1617 1768 locutus
1638 1714 1689 1767 est
1708 1706 1767 1768 eis.
1784 1706 1818 1768 Si
1832 1726 1910 1788 ergo
1926 1724 1992 1768 non

435 1802 560 1864 animus
574 1802 614 1864 ad
634 1802 761 1883 plenam
780 1801 910 1864 luminis
930 1800 1040 1863 aeterni
1060 1817 1184 1880 posses-
1198 1801 1222 1864 B
1237 1800 1461 1863 intellexerunt
1484 1800 1667 1862 beatissima
1694 1802 1786 1884 Virgo
1811 1811 1844 1865 et
1872 1802 1993 1884 Ioseph

436 1901 559 1964 sionem
591 1923 599 1961 ε
629 1899 681 1962 eui
709 1909 745 1963 ut
777 1899 976 1981 aliquatenus
1005 1899 1184 1960 innotescat
1237 1898 1316 1960 illud
1341 1916 1540 1978 responsum,
1564 1916 1628 1960 non
1653 1899 1778 1961 videtur
1799 1900 1871 1981 ipsa
1893 1900 1996 1963 Mater

435 1999 511 2080 quid
539 1997 568 2060 ei
600 1998 694 2074 desit,
723 2015 954 2078 nonnunquam
990 1995 1081 2077 quasi
1114 2013 1185 2078 per·
1238 2004 1270 2058 et
1284 1995 1379 2076 Virgo
1394 1994 1492 2057 luisse
1507 2003 1571 2056 tarn
1586 1996 1760 2060 eminentis
1774 1998 1944 2079 sapientiae
1958 2006 1995 2061 nt

434 2096 593 2159 transiens
608 2097 709 2177 gratia
724 2094 918 2177 praestringit
933 2113 1061 2156 sensum
1077 2112 1185 2154 aman-
1240 2102 1289 2156 est
1309 2094 1441 2155 dictum.

435 2194 489 2271 tis,
512 2202 544 2256 et
567 2193 662 2275 eripit
687 2212 760 2255 eum
787 2193 859 2270 sibi,
884 2193 1028 2274 rapitque
1052 2211 1126 2253 eum
1150 2191 1184 2251 in
1279 2191 1317 2252 Et
1332 2191 1600 2272 respondendum,
1615 2193 1700 2273 quod
1716 2193 1937 2257 indubitanter
1952 2195 1996 2257 le

435 2293 522 2354 diem
542 2291 596 2372 qui
618 2299 703 2354 esta
727 2292 864 2353 tumultu
884 2309 990 2353 rerum
1009 2290 1049 2351 ad
1068 2289 1186 2371 gaudia
1240 2289 1283 2350 lix
1308 2297 1339 2350 et
1362 2288 1499 2369 gloriosa
1527 2289 1621 2351 llario
1645 2291 1825 2354 certissime
1845 2301 1994 2370 noverat,

436 2389 567 2468 silentii,
597 2397 690 2470 atque
719 2407 776 2470 pro
806 2388 935 2452 modulo
963 2406 1021 2451 suo
1051 2387 1090 2448 ad
1118 2404 1185 2448 mo
1240 2387 1325 2468 quod
1350 2386 1536 2466 Unigenitns
1566 2407 1642 2448 suus
1667 2406 1725 2468 per
1747 2389 1872 2451 Patrem
1897 2410 1996 2454 suurn

436 2495 591 2564 mentum,
609 2487 648 2548 ad
664 2493 829 2567 punctum,
846 2486 878 2547 id
894 2487 999 2568 ipsum
1014 2484 1185 2548 ostendens
1240 2484 1421 2564 designavit
1434 2484 1557 2546 Patrem
1569 2487 1828 2567 aeternum,quod
1843 2488 1922 2550 item
1939 2508 1999 2570 per

437 2586 465 2648 ei
492 2585 664 2646 videndum
690 2583 783 2646 sieuti
809 2592 878 2658 est,
906 2582 1034 2645 interim
1059 2599 1186 2663 quoque
1240 2601 1279 2643 ea
1292 2600 1362 2662 quae
1381 2580 1480 2642 Patris
1502 2581 1551 2643 sui
1568 2591 1653 2661 sunt,
1670 2582 1830 2647 intellexit
1847 2584 1996 2648 dlvinum

437 2691 469 2746 et
484 2683 588 2764 ipsum
603 2681 708 2744 ellieit
723 2681 756 2742 in
774 2680 937 2762 idipsum,
954 2689 989 2742 ut
1004 2680 1046 2742 sit
1064 2686 1097 2742 et
1116 2679 1185 2760 ipse
1241 2679 1375 2756 cultum,
1391 2687 1485 2759 atque
1506 2681 1592 2761 quod
1613 2680 1714 2742 eultui
1728 2682 1831 2744 Patris
1852 2682 1998 2747 eoelestis

437 2798 495 2863 pro
511 2779 640 2843 modulo
655 2797 712 2842 suo
735 2779 817 2841 sicut
839 2777 917 2840 illud
933 2786 990 2840 est.
1008 2778 1064 2840 Ubi
1085 2796 1184 2858 quum
1240 2786 1400 2858 oporteret
1420 2796 1493 2839 eum
1518 2779 1694 2840 seeundum
1717 2789 1914 2864 assumptam
1940 2802 1998 2844 na-

437 2879 585 2942 didicerit
595 2877 670 2958 quid
685 2877 810 2939 intersit
824 2876 906 2938 inter
920 2877 1075 2939 mundum
1086 2885 1119 2938 et
1132 2875 1186 2937 im·
1241 2885 1345 2938 turam
1360 2895 1485 2958 semper
1500 2895 1569 2938 esse
1587 2876 1745 2939 intentum
1759 2901 1768 2954 3
1785 2879 1841 2941 sed
1855 2880 1998 2943 eircum-

438 2976 605 3056 mundum,
631 2975 690 3038 sibi
717 2974 869 3054 redditur,
895 2983 927 3036 et
950 2974 1123 3038 remittitur
1146 2973 1185 3035 ad
1204 2970 1225 3033 C
1242 2974 1372 3037 stantius
1393 2973 1454 3036 loci
1478 2993 1514 3035 ac
1537 2975 1701 3055 temporis,
1723 2977 1920 3060 modumque
1943 2999 1997 3042 oo-

438 3074 657 3139 mundandum
681 3091 736 3137 eor
761 3072 799 3135 ad
825 3072 995 3152 visionem,
1018 3080 1053 3134 ut
1077 3071 1104 3134 si
1129 3070 1185 3134 ali·
1241 3070 1377 3155 eupandi
1394 3091 1428 3134 se
1442 3071 1476 3133 in
1490 3071 1541 3133 bis
1555 3090 1626 3153 quae
1640 3073 1740 3136 Patris
1755 3078 1996 3153 sunt,nondum

438 3174 565 3255 quando
580 3172 684 3235 denuo
700 3171 896 3250 admittatur,
910 3171 949 3231 sit
963 3170 1071 3252 purior
1086 3170 1124 3232 ad
1139 3169 1187 3231 vi·
1242 3170 1391 3250 cognovit
1418 3194 1425 3231 :
1455 3170 1724 3250 quemadmodum
1752 3172 1847 3235 etiam
1876 3174 1996 3237 Filium

438 3271 577 3333 dendum
592 3278 686 3351 atque
701 3268 845 3331 stabilior
859 3269 897 3329 nd
913 3266 1096 3330 fruendum.
1113 3266 1188 3328 Nus·
1243 3286 1335 3330 suum
1357 3267 1555 3330 cumdolore
1575 3268 1734 3348 quaesivit,
1751 3288 1817 3333 non
1836 3272 1921 3351 quod
1939 3292 1999 3354 pu-

438 3387 535 3450 quam
554 3366 641 3431 enim
660 3366 775 3429 melius
798 3386 832 3427 se
846 3366 1054 3447 deprehendit
1073 3366 1187 3427 modus
1243 3365 1322 3427 tavit
1349 3384 1422 3427 eum
1447 3384 1580 3444 errasse,
1607 3366 1728 3447 perisse
1751 3376 1806 3429 aut
1833 3370 1997 3449 perditum

439 3464 692 3548 imperfectionis
717 3464 863 3525 humanae
888 3482 983 3543 quarn
1006 3463 1039 3524 in
1064 3462 1186 3525 lumine
1245 3483 1327 3542 esse,
1344 3464 1398 3524 sed
1415 3463 1657 3544 separationisa
1678 3465 1795 3528 dilecto
1810 3467 1997 3549 impatiens,

440 3564 546 3628 vultus
566 3564 633 3641 Dei,
654 3563 735 3625 etin
755 3562 872 3624 divinae
892 3561 1021 3643 speculo
1041 3561 1184 3624 visionis.
1244 3562 1411 3623 verebatur
1434 3580 1475 3622 ne
1496 3580 1534 3622 ex
1555 3562 1718 3643 proposito
1740 3562 1848 3625 lorsan
1870 3566 1911 3627 ad
1932 3568 1998 3631 alia

479 3663 560 3725 Eece
586 3661 619 3723 in
643 3660 749 3723 verbis
774 3660 825 3721 his
849 3668 978 3721 sanetus
1002 3668 1093 3740 pater
1115 3658 1188 3720 ber·
1244 3658 1424 3721 divertisset
1447 3666 1501 3720 aut
1524 3658 1753 3739 demigrasset,
1780 3662 1843 3740 vel,
1870 3671 1905 3724 ut
1928 3665 1999 3728 Ori-

440 3761 557 3824 nardus
573 3758 736 3821 insinuare
751 3756 981 3839 videtur,quod
995 3756 1187 3838 quibusdam
1243 3774 1341 3836 genes
1355 3755 1495 3836 exponit,
1511 3774 1552 3816 ne
1566 3755 1649 3817 iorte
1671 3757 1803 3820 redisset
1826 3759 1866 3821 ad
1881 3761 1995 3842 coelos,

440 3858 549 3923 electis
564 3864 596 3920 et
614 3856 738 3919 dilectis
752 3856 808 3918 Dei
830 3856 1010 3936 praecipuis,
1028 3854 1187 3916 interdurn
1244 3853 1330 3928 inde,
1346 3852 1422 3913 dum
1438 3852 1498 3914 sibi
1513 3853 1663 3934 placeret,
1680 3854 1998 3941 rediturus.1nsuper

440 3958 478 4020 ud
494 3963 647 4039 puuctum
663 3953 802 4017 ostendit
816 3972 849 4016 se
864 3953 947 4015 Deus
961 3952 1000 4014 ad
1016 3951 1186 4013 videndum
1243 3950 1307 4012 diei
1322 3957 1437 4031 potest,
1453 3951 1538 4030 quod
1557 3951 1651 4013 Maria
1666 3952 1810 4032 piissima
1830 3962 1863 4017 et
1876 3956 1997 4040 loseph
2111 3968 2115 3976 '

440 4054 532 4118 sicuti
555 4061 626 4115 est:
643 4059 761 4133 quanto
784 4049 884 4131 magis
906 4048 966 4111 boc
988 4047 1188 4111 electissimae
1242 4049 1393 4111 dicuutur
1414 4066 1477 4109 non
1494 4048 1688 4112 intellexisse
1710 4052 1807 4113 verba
1832 4063 1995 4135 praetacta,

439 4174 475 4217 ac
492 4150 708 4215 dilectissima
727 4168 791 4211 suae
814 4166 938 4230 sponsae
951 4166 988 4209 ae
1003 4146 1091 4207 Matri
1105 4145 1188 4207 Deus
1203 4145 1228 4206 ll
1243 4146 1393 4228 quoniam
1416 4145 1531 4226 Josepb
1553 4165 1591 4208 ea
1612 4166 1677 4209 non
1700 4147 1856 4214 intellexit
1877 4176 1884 4214 :
1905 4153 1999 4233 juxta

439 4251 493 4315 llei
506 4250 601 4312 Filius
616 4248 775 4310 interdum
791 4254 846 4307 aut
861 4244 976 4327 saepius
991 4242 1189 4307 concessisse
1244 4253 1370 4326 tropum
1386 4243 1712 4324 consuetudinemque
1732 4245 1915 4329 Scriptura,
1931 4270 1999 4332 qua

440 4349 618 4414 credendus
639 4348 710 4409 estl
1242 4340 1363 4421 aliquid
1388 4340 1606 4402 communitati
1632 4350 1686 4404 aut
1705 4343 1830 4407 duobus
1856 4366 1914 4409 seu
1939 4348 1999 4411 tri-

1243 4439 1302 4501 bus
1325 4436 1527 4513 adscribitur,
1554 4438 1706 4519 quonium
1736 4444 1887 4505 convenit
1911 4446 1995 4526 parti

629 4544 875 4610 ARTICULUS
898 4542 992 4606 XIII.
1243 4537 1314 4618 ejus
1335 4544 1390 4597 aut
1410 4535 1628 4603 uniillorum.

1283 4634 1444 4713 Praeterea,
1470 4642 1580 4696 contra
1608 4634 1640 4696 id
1668 4637 1753 4715 quod
1780 4638 1902 4703 dictum
1931 4652 1993 4723 est,

1243 4733 1395 4815 quosdam
1407 4731 1538 4793 Sanetus
1554 4732 1651 4793 [lenm
1668 4732 1702 4793 in
1716 4734 1776 4797 hac
1791 4735 1859 4799 vita
1873 4738 1993 4805 vidisse

292 4868 361 4913 teor.
383 4881 425 4919 111,
508 4840 682 4903 IDEMUS
697 4855 785 4898 nunc
795 4852 858 4910 per
870 4837 1036 4909 speculum
1058 4834 1095 4891 in
1109 4836 1188 4893 oeni-
1243 4851 1299 4914 per
1319 4830 1470 4911 speeiem,
1487 4828 1585 4909 objici
1607 4837 1711 4911 potest
1731 4834 1816 4913 quod
1837 4835 1993 4901 Dominus

293 4928 424 5036 ¹²³⁸¹¹⁶⁰b
518 4948 639 5016 emate,
656 4944 734 4995 tunc
754 4942 863 4992 autem
883 4933 1029 5008 saciead
1040 4932 1188 5007 faciem:
1241 4928 1338 5010 Moysi
1353 4926 1431 4988 dixit
1447 4950 1454 4988 :
1471 4926 1538 4988 Non
1554 4928 1671 5009 poteriS
1686 4928 1802 4992 faeiem
1824 4952 1928 4998 meum
1943 4937 1993 4999 vi·
2021 4965 2089 5011 uxot

292 5007 314 5045 ⁷'
342 5024 349 5035 ⁹
438 5038 594 5120 quoniam
608 5037 687 5095 dum
702 5050 815 5091 sumus
833 5032 868 5088 in
883 5047 1028 5104 corpore,
1040 5030 1187 5104 perepri-
1241 5027 1327 5103 dere,
1344 5044 1408 5087 non
1423 5024 1509 5087 enim
1525 5025 1646 5087 videbit
1660 5045 1710 5088 me
1725 5028 1821 5092 bomo
1836 5038 1868 5093 et
1882 5032 1989 5113 vivet3
2006 5035 2107 5084 mnu.

438 5155 561 5198 namur
584 5153 604 5191 α
624 5130 772 5193 Domino.
796 5128 864 5190 Jam
888 5126 927 5189 de
952 5125 1185 5206 praeexcellenti
1241 5132 1273 5188 et
1296 5123 1380 5205 quod
1404 5122 1449 5185 ait
1472 5124 1608 5186 loannes
1632 5147 1638 5185 :
1662 5124 1761 5186 Deum
1785 5147 1881 5192 nemo
1909 5132 1992 5195 vidit
2005 5153 2120 5199 amru

438 5231 593 5319 sapientia
606 5227 752 5314 gloriosa
771 5234 804 5290 et
822 5223 998 5290 benedicta
1016 5222 1119 5287 llariae
1141 5231 1185 5287 ta-
1240 5238 1393 5303 unquam.
1409 5221 1496 5284 Unde
1515 5221 1599 5302 apud
1622 5221 1770 5285 eumdem
1795 5224 1892 5289 Filius
1917 5250 1992 5313 pro-

454 4681 594 4760 Objectio
608 4686 723 4738 contra
734 4677 908 4752 praedicta,
917 4683 947 4733 et
961 4674 1032 4750 ejus
1046 4675 1172 4734 solutio.
