4309 6250
448 455 508 521 234
1017 477 1163 525 11111011
1184 477 1419 527 111111110111
1461 454 1466 463 ’

446 650 522 714 Jam
541 652 630 715 enim
644 651 823 733 Valachiae,
831 653 902 734 jam
916 653 1079 735 Bulgariae
1094 671 1161 717 non
1179 654 1355 736 imperaret
1373 673 1485 737 regno,
1497 673 1557 719 nec
1571 656 1765 719 transmisso
1780 655 1982 738 Hellesponto

447 756 686 838 Macedoniam,
715 777 776 823 nec
801 761 1013 840 Dalmatiam,
1042 779 1103 825 nec
1131 761 1308 841 Croatiam,
1339 781 1399 826 nec
1423 763 1689 845 Peloponnesum
1714 766 1885 845 ceteraque
1910 783 1984 846 pene

447 865 622 929 innumera
646 883 744 948 regna
770 869 963 948 occupasset
983 868 1076 930 :imo
1101 869 1203 932 totius
1231 867 1376 933 Orientis
1404 872 1505 934 staret
1533 871 1710 953 imperium
1738 872 1913 950 incolume,
1933 891 1985 936 nec

448 972 505 1033 tua
518 971 611 1035 fleret
624 972 724 1035 modo
739 973 884 1054 Ungaria
902 976 933 1037 et
952 974 1050 1038 tidem
1066 977 1099 1038 et
1114 975 1297 1038 libertatem
1318 977 1486 1040 amissam.
1507 976 1671 1056 Ceterum,
1693 993 1793 1056 quam
1812 978 1986 1041 miseranda

447 1095 535 1141 nunc
550 1080 600 1141 est
618 1079 732 1160 pepuli
748 1080 918 1143 christiani
938 1080 1202 1160 1111111111,1111
1220 1082 1270 1144 est
1285 1083 1519 1147 nonnullorum
1536 1083 1728 1165 Principum
1743 1084 1986 1148 christianorum

447 1185 599 1266 quiante
618 1185 842 1264 nosfuerunt,
862 1186 1062 1268 negligentia
1084 1189 1183 1268 atque
1198 1188 1353 1269 impietas
1377 1189 1578 1253 detestanda.
1600 1189 1679 1253 lnde
1705 1207 1847 1271 namque
1872 1191 1986 1254 lactum

447 1293 552 1357 estut
570 1292 648 1355 huic
666 1309 738 1356 aevo
757 1292 933 1357 infelicitas
947 1295 1018 1358 haec
1036 1294 1258 1358 induceretur.
1280 1294 1450 1376 Siquidem
1470 1297 1695 1376 dormientia,
1716 1295 1906 1370 ambitione,
1924 1299 1986 1362 dis·

447 1398 559 1461 cordia
581 1399 703 1479 pariter
723 1401 756 1462 et
774 1398 900 1461 invidia
918 1400 1112 1480 Principum
1137 1401 1391 1464 christianorum
1411 1402 1535 1465 sactum
1558 1403 1736 1482 gemimus
1753 1404 1790 1464 ut
1814 1403 1899 1466 intra
1916 1405 1987 1468 fines

446 1506 578 1568 nostros
595 1505 701 1568 hostis
719 1505 967 1587 impurissimus
985 1507 1123 1588 propius
1144 1524 1274 1588 semper
1292 1508 1495 1571 admittatur.
1517 1509 1582 1582 Qui
1601 1509 1631 1572 si
1649 1508 1911 1573 antecessoribus
1932 1512 1989 1573 tuis

446 1611 563 1675 aliisve
581 1628 641 1692 pro
660 1612 815 1676 universa
833 1613 866 1675 et
879 1614 976 1693 gente
988 1614 1021 1676 et
1033 1609 1097 1677 fide
1112 1613 1337 1695 pugnantibus
1351 1615 1520 1697 suppetias
1535 1614 1700 1696 tulissent,
1709 1615 1780 1696 jam
1795 1617 1989 1681 saevissimus

447 1720 608 1799 tyrannus
626 1720 687 1798 tet,
704 1735 770 1780 non
785 1718 860 1781 dico
879 1720 986 1781 castra
1004 1721 1062 1782 aut
1081 1719 1242 1800 civitates,
1263 1719 1321 1783 sed
1336 1738 1436 1802 regna
1447 1723 1480 1785 11
1494 1721 1633 1803 imperia
1651 1739 1717 1785 non
1737 1726 1936 1804 occupasset.
1951 1725 1989 1786 At

447 1841 650 1906 unoquoque
668 1825 771 1906 (quod
790 1825 875 1906 dixi)
894 1843 955 1888 sna
973 1826 1157 1906 dumtaxat,
1178 1844 1244 1889 non
1260 1844 1335 1907 quae
1350 1827 1491 1892 aliorum
1507 1831 1595 1908 sunt,
1618 1831 1763 1909 curante,
1784 1831 1931 1910 porrecta
1947 1831 1989 1894 est
2108 1837 2109 1918 ᾗ

448 1949 539 2010 ansa,
561 1933 689 1995 erectus
708 1932 757 1994 est
782 1932 914 1996 animus
937 1933 1010 1995 cani
1030 1934 1202 2012 sanguinis
1221 1935 1392 1997 christiani
1410 1935 1555 1999 maxime
1579 1935 1759 2015 sitibundo,
1777 1938 1890 1999 nostra
1907 1937 1990 2000 inva-
2108 1951 2109 2002 1

447 2040 557 2103 dendi.
585 2037 755 2118 Siquidem
775 2039 856 2101 dum
881 2039 1005 2103 resistit
1031 2057 1140 2120 nemo,
1161 2040 1242 2103 dum
1264 2041 1347 2105 alter
1371 2042 1510 2105 alterum
1533 2059 1599 2105 non
1624 2041 1770 2123 11111111,
1792 2043 1875 2125 quid
1896 2043 1991 2106 Turca
2108 2093 2109 2120 ,

448 2148 573 2212 interea
590 2148 666 2228 agat
688 2146 790 2226 aliud,
810 2164 911 2228 quam
933 2149 971 2211 ut
990 2164 1055 2210 uno
1080 2165 1180 2229 regno
1205 2151 1376 2231 occupato,
1396 2167 1476 2212 mox
1495 2149 1585 2212 alind
1611 2148 1707 2212 nobis
1728 2149 1866 2228 adimat,
1886 2151 1992 2212 cuncta
2108 2133 2109 2192 l

448 2253 635 2332 devastans,
651 2253 750 2334 atque
764 2253 835 2316 suis
849 2271 867 2316 e
886 2253 1020 2317 sedibus
1038 2254 1199 2336 populum
1218 2255 1434 2319 christianum
1449 2254 1646 2319 deturbans?
1660 2255 1746 2335 Heu,
1763 2257 1845 2336 quot
1860 2256 1991 2320 Christi·

447 2377 587 2423 anorum
615 2359 781 2440 pessimus
807 2359 862 2422 bic
890 2360 997 2423 millia
1022 2361 1173 2423 necavit!
1200 2363 1282 2441 quot
1309 2362 1520 2441 monasteria,
1548 2364 1630 2442 quot
1655 2363 1850 2426 Sanctorum
1881 2362 1992 2443 templa

449 2465 588 2530 evertit!
610 2467 692 2546 quot
720 2464 802 2543 loca,
823 2468 905 2546 quot
929 2482 1040 2547 regna,
1068 2468 1151 2546 quot
1175 2467 1317 2547 denique
1341 2468 1481 2550 imperia
1505 2467 1602 2530 nobis
1629 2468 1760 2548 1011111,
1786 2486 1856 2532 suae
1884 2469 1992 2532 ditioni

448 2571 588 2652 adjecit!
606 2572 644 2634 ln
660 2572 792 2652 quibus,
805 2572 1002 2635 Christianis
1015 2574 1200 2654 trucidatis,
1212 2577 1270 2637 aut
1282 2575 1316 2637 in
1331 2577 1524 2638 servitutem
1540 2577 1646 2638 morte
1662 2576 1829 2639 duriorem
1845 2576 1991 2652 subactis,

447 2680 505 2740 aut
523 2679 557 2741 in
572 2678 797 2759 captivitatem
816 2678 978 2757 abductis,
991 2679 1147 2759 abrogata
1166 2698 1297 2761 quoque
1310 2681 1380 2761 lege
1400 2682 1432 2744 11
1451 2681 1714 2744 Christianorum
1734 2683 1812 2762 ritu,
1824 2683 1993 2746 1111111111

447 2785 541 2863 idoli,
559 2785 621 2847 hoc
641 2786 691 2847 est
709 2785 900 2862 Mahometi,
922 2785 1121 2866 impietates.
1143 2786 1287 2850 Grandia
1306 2787 1491 2868 versipellis
1515 2787 1572 2850 ille
1597 2789 1639 2850 iis
1657 2787 1779 2868 quibus
1798 2789 1867 2851 vim
1890 2787 1994 2869 nequit

447 2890 580 2969 inferre,
608 2891 876 2973 promittitque
905 2893 1091 2972 tyrannidis
1119 2912 1187 2957 suae
1216 2894 1356 2975 imperia
1379 2894 1518 2975 dilatet3
1542 2912 1602 2957 nec
1629 2895 1778 2958 avaritiae
1807 2894 1993 2974 libidinique

448 2997 640 3061 dominandi
662 2998 800 3061 modum
825 2998 860 3059 in
885 3017 921 3062 se
945 3000 1003 3062 aut
1028 3000 1127 3063 linem
1147 3001 1251 3080 ponit.
1274 3001 1318 3062 At
1341 3000 1399 3063 ubi
1422 3001 1525 3064 semel
1545 3001 1793 3082 populumque
1817 3020 1852 3064 se
1872 3001 1994 3064 credant

449 3106 512 3182 illi,
524 3105 773 3186 dementaverit,
790 3105 848 3169 ubi
866 3107 968 3170 semel
985 3107 1207 3187 imperaverit,
1219 3107 1302 3171 liber
1320 3110 1417 3189 rupto
1432 3127 1511 3172 mox
1532 3108 1651 3172 loedere
1670 3124 1707 3171 11
1719 3110 1879 3173 temerato
1898 3124 1994 3171 saera-

450 3216 572 3293 mento,
588 3213 673 3276 nihil
688 3213 813 3277 veritus
827 3214 1007 3294 justitiam,
1019 3217 1115 3294 pacta
1134 3214 1253 3296 violat3
1265 3232 1325 3278 nec
1339 3216 1499 3296 populum
1521 3215 1681 3278 miserum
1701 3215 1896 3297 loedifragus
1909 3215 1994 3277 aliter

449 3336 549 3402 quam
564 3319 692 3382 Pharao
707 3318 875 3398 Israelem,
896 3319 979 3383 dura
997 3320 1156 3383 servitute
1173 3321 1375 3400 coangustat.
1389 3321 1476 3394 Ouid
1494 3321 1582 3384 enim
1600 3321 1805 3400 constantis,
1818 3321 1900 3401 quid
1911 3320 1991 3397 fidei,

449 3426 529 3509 quid
556 3426 699 3507 denique
723 3424 864 3506 justitiae
892 3427 1016 3490 servari
1044 3429 1157 3507 posset
1185 3427 1274 3509 apud
1304 3428 1457 3491 homines
1489 3428 1561 3492 sine
1588 3428 1671 3509 Deo,
1700 3427 1824 3509 impios
1854 3428 1888 3491 et
1910 3428 1995 3491 1111-

449 3532 587 3615 fragos?

515 3640 732 3722 Quapropter,
752 3640 837 3703 nihil
862 3640 940 3703 licet
958 3640 1002 3703 sit
1022 3656 1102 3721 pace
1123 3640 1265 3719 dulcius,
1280 3640 1365 3704 nihil
1384 3642 1494 3705 tamen
1508 3641 1595 3705 bello
1614 3641 1678 3705 hoc
1695 3641 1843 3705 sanctius
1858 3644 1918 3721 111,
1936 3657 1994 3721 quo

449 3764 509 3829 pro
523 3746 642 3828 patria,
662 3764 722 3827 pro
741 3746 894 3825 subditis,
912 3764 971 3828 pro
986 3746 1061 3825 tide,
1085 3764 1144 3827 pro
1159 3748 1282 3810 sanctis
1299 3748 1362 3811 Dei
1382 3748 1512 3829 legibus
1530 3750 1708 3830 pugnatur.
1723 3747 1776 3811 Ad
1796 3748 1862 3812 hoc
1879 3749 1994 3813 bellum

448 3872 515 3919 non
534 3853 752 3936 spernendam
778 3854 933 3918 militiam
957 3855 1051 3917 misit
1069 3854 1151 3917 felix
1172 3854 1367 3936 Agrippina,
1388 3856 1505 3919 civitas
1527 3856 1625 3937 plane
1648 3856 1681 3918 et
1699 3855 1763 3919 tide
1790 3857 1823 3918 et
1845 3855 1995 3936 religione

325 3967 330 3981 '
450 3962 538 4026 hand
557 3962 668 4025 minus
687 3979 788 4042 quam
806 3962 909 4025 armis
928 3962 960 4025 et
978 3962 1106 4024 divitiis
1125 3962 1287 4024 instructa
1307 3981 1314 4022 :
1336 3961 1370 4025 in
1394 3979 1460 4043 qua
1478 3962 1710 4043 magistratum
1735 3962 1820 4043 gerit
1839 3980 1927 4025 nunc
1944 3961 1994 4041 qui

449 4069 543 4133 tibia
560 4069 709 4133 consiliis
728 4070 788 4148 est,
806 4070 847 4133 D.
865 4068 1032 4132 hmoldus
1046 4068 1164 4149 Sagen,
1181 4070 1232 4131 vir
1250 4068 1413 4148 MaJestati
1431 4070 1510 4134 Tuae
1529 4070 1769 4148 deditissimus,
1784 4070 1817 4133 et
1832 4070 1901 4133 tam
1916 4068 1995 4151 apud

449 4177 542 4240 illam
560 4178 669 4259 ipsam
692 4194 794 4258 qnam
818 4177 906 4259 apud
925 4194 1020 4241 suam
1039 4177 1094 4239 hic
1109 4176 1292 4257 Coloniam,
1313 4176 1355 4239 ob
1375 4177 1493 4240 merita
1511 4193 1572 4241 sua
1591 4176 1778 4241 clarus.Ad
1796 4175 1995 4239 bochellum

448 4283 585 4364 rquuae
611 4284 773 4362 civitatee,
794 4284 927 4367 oppida,
951 4285 1058 4347 clerus
1083 4301 1120 4347 ae
1139 4283 1259 4365 vulgus
1278 4284 1447 4366 suppetias
1470 4283 1593 4347 ierunt.
1621 4282 1673 4346 dd
1700 4282 1913 4347 bochellum
1932 4283 1996 4363 jam

449 4391 530 4457 olim
554 4390 737 4472 Dionysius
760 4393 873 4455 noster
897 4390 1123 4469 CantusianuS,
1148 4407 1214 4472 quo
1238 4391 1274 4454 11
1297 4389 1476 4471 Scripturis
1495 4390 1726 4454 elucubrandis
1750 4408 1817 4453 101
1836 4395 1888 4454 est
1911 4390 1996 4451 visus

448 4499 658 4579 praestantior
671 4498 764 4578 alter,
785 4499 976 4562 cohortatus
995 4500 1054 4562 est.
1075 4499 1192 4562 Exstat
1206 4498 1378 4578 hucusque
1400 4498 1441 4560 ad
1458 4496 1630 4579 Principes
1649 4496 1848 4561 christianos
1867 4495 1997 4579 epistola

448 4605 522 4685 eJus
540 4607 759 4688 paraenetica,
780 4608 911 4671 exstant
930 4608 962 4669 et
980 4606 1198 4669 revelationes
1218 4604 1399 4683 nonnullae,
1415 4604 1536 4685 quibus
1557 4606 1635 4668 tunc
1656 4604 1752 4667 illurn
1776 4604 1892 4667 divina
1912 4602 1996 4667 heni-

447 4713 557 4794 gnitas
580 4714 714 4795 dignata
737 4717 799 4794 est,
818 4716 945 4777 secreta
969 4730 1029 4777 sua
1060 4712 1166 4776 eidem
1190 4712 1316 4792 jndicia
1346 4713 1378 4775 et
1401 4712 1485 4775 iram
1513 4712 1548 4774 in
1572 4712 1815 4794 contemptores
1842 4711 1995 4775 revelans.

447 4820 588 4901 Scripsit
602 4821 657 4885 hic
675 4820 739 4884 alia
758 4821 840 4885 adeo
859 4821 976 4900 multa,
994 4822 1031 4883 ut
1048 4822 1125 4901 post
1139 4819 1364 4899 Augustinum
1386 4836 1498 4901 parem
1520 4818 1671 4882 credatur
1687 4818 1807 4882 habere
1822 4817 1995 4882 neminem.

448 4927 539 4993 Inter
563 4946 637 5010 quae
661 4929 697 4992 in
720 4929 921 4993 Alcoranum
944 4928 1159 4992 inveniuntur
1183 4926 1258 4990 libri
1285 4926 1443 5008 quinque,
1468 4926 1547 4989 huic
1573 4926 1660 4990 hello
1685 4927 1717 4990 et
1741 4925 1819 4988 huic
1843 4942 1915 4989 aevo
1940 4939 1998 4986 non

448 5035 622 5117 incongrui
644 5056 652 5098 ε
673 5035 795 5117 quibus
815 5036 996 5099 Mahometi
1014 5036 1122 5116 legem
1146 5034 1305 5114 10111111,
1326 5034 1448 5099 Christi
1467 5035 1618 5099 adstruit.
1640 5034 1810 5114 Siquidem
1833 5034 1998 5097 Mahome-

449 5142 616 5220 tonorum,
633 5142 795 5223 quidquid
810 5142 942 5220 habent,
962 5159 1119 5205 arcanum
1135 5141 1287 5222 producit
1303 5144 1334 5206 et
1353 5142 1526 5206 interimit.
1544 5140 1594 5204 Ibi
1614 5141 1701 5203 enim
1716 5140 1853 5205 illorum
1868 5139 1998 5204 habetur

452 5249 517 5330 lex,
539 5248 768 5332 impietatibus
782 5248 881 5331 juxta
905 5267 943 5313 ac
961 5248 1142 5313 mendaciis
1167 5248 1248 5314 adeo
1268 5250 1408 5329 1111111,
1425 5251 1463 5313 11
1485 5247 1679 5313 hominibus
1697 5248 1890 5330 persuaderi
1913 5262 2002 5330 posse
