4309 6250
465 475 586 524 comm
606 476 775 524 ruminus
795 477 968 536 macrim,
990 477 1079 525 arnan
1100 479 1132 526 u.
1155 495 1196 508 -
1217 477 1286 526 aar.
1310 479 1371 526 xm
1639 463 1699 528 349

181 646 307 709 Dicitur
341 666 467 730 quoque
500 647 565 729 hic,
595 648 679 730 quod
707 649 935 711 Sodomitaeb
952 649 1073 731 virgam
1092 672 1098 711 :
1116 649 1181 713 imo
1202 651 1262 713 boc
1283 649 1380 731 jussit
1394 658 1563 732 antequam
1578 649 1697 732 Moyses

145 749 232 808 Deus
241 763 305 822 per
319 748 456 807 imbrem
466 749 648 808 immissum
658 749 891 823 pessumdedit.
949 747 1044 810 rediit
1056 749 1198 812 domum.
1214 747 1297 812 Uxor
1317 748 1463 829 equidem
1478 746 1592 830 Moysis
1610 748 1697 812 domi

147 843 205 905 Sad
234 861 299 906 non
328 845 457 928 proprie
485 864 543 928 per
570 844 717 922 imbrem,
744 844 809 908 imo
837 863 895 926 per
949 844 1022 924 tuit,
1038 864 1103 909 non
1118 865 1227 910 secum
1243 846 1275 907 in
1299 845 1481 910 solitudine.
1497 847 1564 910 lmo
1577 846 1697 929 Moyses

81 941 251 1022 ,mignem
278 949 312 1003 et
339 941 453 1020 sulfur,
482 961 554 1024 quaa
580 942 679 1005 instar
707 941 820 1005 imbris
854 943 894 1004 de
949 944 1070 1026 virgam
1095 964 1184 1007 suam
1210 945 1273 1008 Deo
1297 943 1429 1025 jubente
1454 945 1590 1026 projecit
1611 954 1698 1008 ante-
1724 977 1799 1024 m,
1814 995 1843 1033 „‚

42 1027 90 1066 ‘²⁵‘
147 1041 228 1104 coelo
256 1041 422 1120 cadebant,
450 1042 523 1104 illos
551 1042 716 1120 subvertit,
744 1049 779 1103 ut
807 1048 895 1124 patet
948 1061 1045 1124 quam
1063 1062 1083 1105 a
1101 1043 1172 1106 loco
1196 1043 1251 1106 illo
1278 1043 1392 1106 reverti
1412 1044 1541 1126 incepit,
1558 1053 1593 1108 ut
1611 1053 1698 1127 patet
1712 1047 1731 1095 ³·
1747 1047 1779 1088 ¹⁸·

148 1140 178 1200 in
199 1138 328 1202 Genesi.
949 1141 981 1202 in
1006 1141 1122 1204 Exodo.
1148 1142 1302 1223 Denique,
1325 1142 1459 1204 Domino
1482 1143 1536 1224 qui
1564 1143 1597 1204 in
1624 1143 1697 1225 igne

183 1237 331 1321 Amplius
359 1239 412 1301 bic
441 1238 577 1302 babetur
605 1262 614 1301 ι
643 1241 780 1301 Diabate
807 1241 895 1299 bunc
950 1239 1020 1302 rubi
1044 1240 1192 1323 apparuit
1215 1239 1407 1323 disparente,
1435 1241 1532 1304 rubus
1561 1241 1699 1304 cessavit

147 1339 356 1414 composuisse
383 1339 518 1408 librum,
544 1336 665 1400 scilicet
688 1336 892 1422 alcoranum,
948 1339 1075 1401 ardere:
1085 1346 1118 1402 et
1131 1339 1191 1402 boc
1207 1337 1269 1400 tuit
1282 1346 1450 1420 antequam
1466 1339 1585 1421 Moyses
1600 1341 1698 1422 coepit

149 1445 215 1495 tum
236 1436 390 1513 difficile,
405 1444 476 1496 tum
496 1437 694 1512 impossibile
713 1437 791 1513 suit.
807 1435 893 1497 lstud
949 1437 1077 1500 reverti.
1098 1437 1228 1515 lterum,
1250 1437 1370 1519 Moyses
1394 1439 1524 1500 domum
1551 1457 1697 1502 reversus

80 1563 103 1596 n,
116 1562 133 1590 a
148 1551 241 1613 supra
256 1531 451 1596 destructum
466 1533 609 1597 estsimo
623 1533 781 1619 diabolica
794 1532 895 1616 inspi-
948 1545 1043 1618 atque
1077 1537 1117 1598 ad
1147 1535 1252 1599 locum
1281 1536 1471 1618 prelatum*
1500 1537 1694 1619 regrediens,
1725 1582 1766 1624 ..d
1781 1581 1845 1639 En,

147 1631 267 1694 ratione
287 1639 337 1694 est
357 1632 472 1694 editus.
489 1631 575 1694 Multi
597 1651 725 1714 quoque
739 1632 892 1713 haretici,
948 1653 1039 1697 suam
1069 1653 1178 1697 secum
1205 1633 1294 1698 duxit
1323 1653 1463 1699 uxorem.
1489 1635 1562 1710 Quae
1589 1643 1695 1698 tamen
1711 1649 1770 1699 rtuo

146 1730 321 1810 inspirante
347 1730 486 1811 diabolo,
516 1729 612 1795 libros
645 1739 894 1814 composuerunt
948 1732 983 1793 in
1003 1732 1055 1795 via
1075 1752 1202 1796 reversa
1223 1741 1270 1796 est
1288 1757 1294 1794 ε
1311 1752 1375 1814 qua
1396 1735 1558 1812 redeunte,
1576 1733 1696 1817 Moyses
1711 1707 1798 1814 ff·
1813 1722 1842 1759 ”¹

147 1830 204 1893 isto
220 1830 313 1894 valde
332 1829 513 1894 subtiliores
533 1839 566 1892 et
584 1831 691 1893 minus
710 1830 891 1894 mendaces.
907 1831 932 1896 B
947 1831 986 1893 ad
1015 1849 1087 1894 eam
1116 1831 1231 1894 reverti
1260 1851 1325 1896 non
1353 1833 1561 1915 proponebat.
1587 1833 1696 1915 ltaque

948 1928 1038 1993 nullo
1052 1931 1148 1993 modo
1167 1931 1313 2012 promisit
1326 1931 1356 1994 ei
1376 1939 1497 2014 partem
1517 1939 1642 2014 portare
1657 1931 1696 1995 de

948 2028 1022 2092 loco
1040 2027 1109 2092 viso
1127 2051 1134 2090 :
1152 2029 1271 2093 idcirco
1293 2030 1423 2093 stultum
1446 2038 1477 2092 et
1499 2030 1699 2112 imperitissi-

331 2103 576 2168 ARTICULUS
599 2103 705 2168 XLII·
948 2147 1038 2190 mum
1062 2135 1112 2190 est
1134 2128 1195 2192 boc
1222 2128 1367 2193 verbum.
1397 2128 1434 2192 lit
1461 2130 1616 2212 quidquid
1645 2129 1696 2193 bic

252 2246 374 2305 Contra
402 2245 567 2321 falsitates
594 2251 625 2302 et
651 2244 784 2320 saturas
948 2226 1074 2308 scripsi,
1106 2227 1139 2289 in
1173 2227 1278 2290 Exodo
1310 2229 1504 2307 continetur,
1533 2238 1588 2292 aut
1623 2228 1697 2292 inde

303 2334 445 2409 capituli
459 2334 621 2392 tricesimi
634 2333 731 2394 secati.
950 2325 1113 2407 probatur.

359 2479 365 2487 .
988 2423 1106 2487 Deinde
1121 2424 1174 2488 bio
1189 2425 1341 2488 scribitur
1353 2451 1360 2490 :
1372 2431 1526 2490 Salomon
1542 2447 1615 2489 cum
1631 2429 1700 2488 suis

204 2515 433 2591 REQUENTER
446 2517 481 2580 in
494 2516 630 2581 Aloorsu
645 2519 796 2600 tangitur,
807 2519 893 2601 quod
949 2525 1147 2584 exercitibus
1176 2533 1245 2585 tum
1273 2527 1469 2596 damnum,
1500 2535 1570 2586 tum
1599 2527 1700 2586 bomi-

218 2625 362 2698 tempore
372 2615 539 2680 Mahometi
553 2615 645 2679 multi
659 2617 807 2680 dixerunt
820 2637 893 2680 eum
949 2642 1042 2692 num,
1065 2631 1136 2682 tum
1158 2625 1270 2684 aviam
1295 2626 1402 2701 ipsum
1423 2627 1698 2702 glorificantium,

147 2716 376 2780 demoniacum
390 2733 460 2778 esse
475 2723 508 2778 et
527 2735 655 2798 magum
677 2725 771 2798 atque
785 2736 895 2780 amen-
949 2723 994 2780 od
1012 2723 1117 2780 locum
1136 2722 1353 2798 formicarum
1370 2725 1530 2798 pervenit.
1551 2725 1699 2789 Quarum

147 2825 220 2878 tem.
246 2814 320 2877 Mihi
344 2832 472 2896 quoque
496 2812 632 2895 videtur,
658 2815 742 2896 quod
771 2815 804 2878 in
833 2815 894 2879 isto
951 2839 1018 2879 una
1038 2823 1258 2896 persuadente
1275 2824 1392 2881 ceteris
1413 2823 1608 2898 inpressum,
1625 2841 1665 2882 nc
1679 2842 1699 2881 a

148 2912 327 2997 specialiter
346 2912 485 2994 capitulo
504 2913 547 2974 sit
568 2913 693 2976 locutus
712 2914 803 2995 quasi
822 2915 894 2978 talia
949 2921 1699 2990 Salomoneacsuiscoucuicarentur·,Salomou

113 3072 117 3078 .
148 3012 309 3075 exstiterit.
908 3018 931 3082 G
950 3018 1099 3087 subrisit,
1114 3018 1225 3076 dicens
1241 3037 1252 3076 .·
1265 3020 1324 3086 Tu,
1337 3020 1434 3087 Deus,
1450 3021 1493 3077 da
1509 3019 1594 3078 miti
1608 3021 1699 3078 uteie

185 3112 292 3193 ltaque
312 3109 356 3173 ait
377 3110 430 3173 hic
452 3112 603 3191 :Moyses
623 3133 716 3173 setam
735 3115 895 3175 allocutus
951 3117 1114 3193 beneficiis
1138 3116 1205 3176 tuis
1227 3117 1327 3193 dipne
1351 3117 1412 3176 tibi
1431 3117 1562 3193 pretias
1589 3137 1697 3195 aqam.

148 3232 296 3282 uxorem,
310 3213 353 3271 de
365 3212 436 3288 foco
450 3212 519 3270 viso
528 3213 699 3287 polla'citus
712 3220 757 3272 est
771 3213 804 3271 ei
817 3214 896 3273 inde
950 3216 1107 3291 Deinceps
1120 3216 1232 3275 auium
1247 3218 1395 3276 exercitu
1409 3218 1568 3292 adspecto,
1576 3234 1698 3292 upupa,

148 3315 266 3387 afferre
281 3317 412 3385 partem
431 3310 476 3369 ati
493 3310 752 3385 calefaciendum
772 3330 815 3370 se.
828 3312 896 3373 Aa·
949 3332 1046 3391 quam
1067 3332 1132 3373 nort
1153 3316 1288 3391 reperit,
1303 3333 1366 3393 quo
1386 3318 1501 3374 lateret
1522 3316 1672 3393 quaesivit
1689 3334 1700 3375 .·

148 3411 279 3469 ueniens
297 3411 390 3478 illuc,
405 3408 463 3467 boc
480 3428 501 3467 a
520 3410 723 3468 manerbum
737 3409 867 3469 audivit
884 3428 896 3469 .·
949 3413 1021 3487 Ipsi
1031 3412 1215 3491 (a'nqrtiens)
1227 3415 1351 3473 malum
1367 3416 1417 3472 oei
1431 3421 1563 3473 mortem
1581 3414 1701 3473 immit-

147 3509 215 3584 It'po
230 3516 261 3568 te
276 3516 370 3567 tuum
381 3507 546 3585 projicere
564 3507 715 3567 baculum
725 3508 892 3583 praecipio.
951 3517 1030 3580 tam,
1044 3512 1114 3569 nisi
1127 3512 1212 3571 milri
1225 3512 1352 3589 aliquos
1371 3530 1519 3571 rumores
1535 3514 1698 3573 retulerit.

92 3638 135 3675 nu,
148 3604 231 3667 istud
245 3603 293 3685 (ni
307 3603 416 3684 iallor)
430 3604 552 3667 dictum
573 3613 621 3667 eat
639 3604 679 3667 de
700 3605 780 3669 rubo
799 3624 894 3687 quem
949 3610 1066 3687 Itaque
1088 3610 1259 3685 paulisper
1281 3610 1456 3668 immorata
1480 3610 1553 3679 illo,
1570 3612 1701 3670 veniens

110 3722 115 3731 ·
148 3702 268 3783 Moyses
282 3702 362 3765 vidit
382 3702 495 3765 ardere
515 3720 577 3765 uec
598 3701 669 3765 lodi
691 3722 795 3784 noque
809 3722 896 3766 oom-
949 3708 998 3766 ait
1013 3726 1025 3766 .·
1039 3709 1110 3784 Epo
1127 3709 1168 3767 de
1186 3708 1274 3769 Saba
1296 3708 1437 3778 ueniens,
1454 3726 1618 3768 rumorem
1640 3708 1702 3768 tibi

148 3800 229 3863 buri.
251 3800 318 3874 Quo
342 3800 425 3877 viso,
447 3799 528 3862 dixit
550 3822 558 3862 ε
580 3800 699 3863 Vadam
724 3808 756 3865 et
780 3800 895 3865 videbo
950 3824 1095 3865 veracem
1115 3814 1261 3881 apporto.
1279 3808 1338 3867 list
1358 3825 1498 3883 namque
1518 3806 1566 3864 ibi
1579 3807 1701 3866 mulier

148 3899 303 3963 visionem
324 3900 408 3961 banc
426 3899 592 3980 grandem,
608 3918 706 3981 quare
730 3918 795 3963 uon
810 3919 896 3964 com-
949 3904 1099 3963 omnibus
1113 3905 1279 3979 imperans
1289 3912 1319 3963 et
1329 3904 1513 3973 abundans,
1520 3907 1616 3963 sotem
1626 3924 1700 3964 cam

149 3998 281 4061 buratur
313 3998 423 4061 rubus.
452 3996 619 4080 Quumque
654 3998 892 4081 propinquaret,
950 4021 1011 4061 sua
1026 4011 1122 4078 pente
1143 4003 1297 4063 adorans.
1317 4003 1496 4078 Respondit
1515 4005 1667 4063 Salomon
1689 4024 1701 4062 .-

148 4095 301 4158 Dominus
332 4096 362 4159 ei
397 4095 524 4159 locutus
558 4103 617 4173 est,
647 4094 692 4158 Ne
724 4097 895 4180 appropies
950 4102 1005 4161 Act
1031 4102 1116 4161 dicti
1144 4102 1455 4176 reciprocationem,
1485 4102 1569 4160 bano
1595 4120 1699 4179 ,meam

149 4194 220 4272 buc,
237 4193 400 4277 multaque
415 4192 498 4272 alia3
513 4202 608 4275 atque
630 4202 702 4277 post
715 4194 810 4277 longa
831 4196 896 4259 col·
911 4197 936 4262 D
950 4201 1099 4259 chartam
1113 4201 1168 4276 ser
1183 4201 1264 4269 iltis,
1280 4210 1309 4259 et
1331 4202 1415 4270 redi,
1431 4208 1468 4260 ut
1489 4196 1572 4279 qaid
1589 4201 1702 4261 acturi

42 4292 266 4375 maaloquia,
279 4292 473 4375 praecepitei
488 4292 611 4375 virgam
625 4312 715 4356 suam
731 4294 765 4357 in
779 4303 895 4359 terram
951 4298 1030 4367 sint,
1060 4300 1152 4358 nobis
1185 4301 1374 4359 innotescat.
1404 4297 1523 4361 Deinde
1558 4296 1699 4361 fabulam

42 4368 54 4410 ⁸·
148 4390 315 4472 projicere.
335 4392 446 4454 Postea
468 4391 509 4454 ad
532 4391 663 4455 domum
687 4411 778 4455 suam
802 4392 897 4457 rediit
952 4395 1044 4457 istam
1073 4396 1251 4478 capitulum
1276 4396 1359 4459 istud
1386 4396 1508 4478 prolixe
1535 4396 1700 4479 prosequi-

148 4488 279 4571 Moyses.
294 4489 367 4565 Qua
385 4488 494 4553 omnia
517 4488 550 4551 in
570 4488 677 4553 Exodo
696 4490 824 4573 plenius
842 4492 897 4555 de·
951 4502 1021 4572 tur;
1050 4503 1082 4557 et
1111 4512 1240 4577 prorsus
1269 4494 1435 4576 indignum
1465 4495 1542 4558 mibi
1576 4496 1700 4559 videtur

149 4588 340 4651 scribuntur.
356 4589 465 4669 ltaque
485 4587 616 4669 Moyses,
637 4588 701 4652 Deo
721 4588 893 4667 revelante,
950 4592 1033 4655 banc
1065 4593 1225 4675 prosequi,
1255 4612 1352 4674 quum
1388 4601 1488 4656 totum
1520 4594 1562 4656 sit
1590 4602 1699 4658 contra

149 4689 280 4769 agnovit
305 4688 366 4752 boo
390 4688 632 4770 supernaturale
659 4708 697 4751 ac
725 4690 895 4771 mysticum
951 4691 1106 4754 rationem
1121 4700 1215 4773 atque
1230 4691 1419 4773 Scripturas.
1437 4691 1598 4766 Quomodo
1612 4692 1699 4755 enim

149 4806 230 4865 esse,
250 4789 334 4868 quod
354 4786 453 4849 rubus
471 4785 513 4849 ab
532 4787 606 4869 lgna
626 4806 691 4851 non
711 4787 893 4853 ludebatur.
951 4789 1098 4853 Salomon
1126 4790 1159 4851 in
1184 4797 1271 4852 tanto
1295 4790 1446 4869 exercitu,
1471 4798 1503 4853 et
1527 4792 1641 4854 sedens
1666 4792 1698 4854 in

148 4884 215 4948 lion
241 4905 317 4967 ergo
346 4895 410 4948 tam
435 4884 569 4948 stolidus
593 4884 655 4948 tuit
682 4906 719 4949 ac
749 4887 894 4969 puerilis,
951 4897 1116 4950 curmaut
1128 4888 1283 4969 jumento,
1301 4889 1404 4971 potuit
1419 4888 1586 4953 formicam
1602 4909 1698 4953 unam

148 4985 231 5065 quod
246 4984 377 5066 conjugi
391 5004 457 5047 sure
472 4983 620 5066 promisit
633 4993 759 5068 portare
774 4996 895 5069 partem
952 4995 1015 5049 tam
1030 4987 1178 5050 distincte
1194 4986 1312 5065 videre,
1330 4996 1361 5051 et
1376 4988 1445 5068 ejus
1461 4989 1698 5071 suggestionem

147 5083 220 5146 inde
234 5083 276 5145 ad
290 5082 543 5147 calciamendum
558 5084 896 5166 se.Praeterea,falsum
951 5087 1142 5149 adverteret
1166 5085 1283 5149 lterum
1312 5085 1429 5150 falsum
1457 5096 1506 5149 est
1532 5088 1616 5169 quod
1646 5089 1700 5151 Sa·

147 5188 195 5241 est
218 5180 305 5262 quod
327 5180 423 5263 Moysi
450 5180 528 5244 illuc
548 5182 636 5245 eunti
657 5190 730 5265 post
749 5183 896 5266 conjugis
952 5184 1059 5249 lomon
1080 5204 1153 5248 curn
1175 5185 1315 5248 exercitu
1335 5186 1514 5249 demonum
1534 5205 1570 5249 nc
1590 5186 1697 5249 avium

148 5299 211 5343 suas
225 5279 464 5358 allocutionem,
477 5280 559 5344 Deus
573 5281 725 5365 pracepit
740 5282 896 5365 projicere
952 5284 1153 5366 procedebat.
1184 5284 1248 5347 Neo
1282 5303 1357 5347 aves
1392 5285 1513 5348 ratione
1541 5294 1696 5369 carentes,
