4309 6250
445 517 485 563 na
505 516 668 564 ornamina
688 516 726 562 ur
746 515 895 564 aaunraus
916 517 943 561 a.
967 517 997 562 v.
1019 515 1137 573 unum,
1159 517 1249 564 amaa
1270 518 1290 562 r.
1314 535 1354 547 -
1373 517 1444 563 nur.
1467 517 1499 564 ιν
1704 496 1742 562 at

198 695 231 752 et
244 685 355 770 gloria,
365 692 488 750 nostras
504 704 629 768 quoque
645 684 749 764 laces,
760 685 942 768 pravitates,
958 687 983 748 A
998 685 1136 767 dignitas
1163 687 1312 769 propria3
1341 687 1396 750 sed
1423 706 1476 750 me
1510 685 1648 750 delectat
1675 684 1744 748 laus

199 785 388 868 spurcitias;
419 783 530 867 sicque
568 783 786 864 formidolose,
815 783 945 847 humili·
999 781 1140 865 Virginis
1154 791 1271 846 sancta
1285 791 1318 847 et
1331 783 1520 848 excellentia
1532 783 1613 866 ejus.
1622 783 1743 865 ltaque,

199 891 258 963 ter,
281 883 460 946 verecunde
488 890 521 946 et
550 889 731 945 reverenter
755 883 944 944 accedamus
998 881 1023 943 si
1039 881 1175 944 viritem
1191 881 1292 944 sancti
1307 880 1570 963 gloriosissimam
1580 881 1744 964 Virginem

198 981 238 1044 ad
267 981 337 1063 ejus
365 980 528 1062 obsequie.
551 980 732 1044 intueamur
759 999 833 1044 cum
857 980 943 1062 quali
998 978 1180 1043 collaudare
1213 980 1389 1043 timuerunt
1426 989 1491 1042 tam
1526 979 1743 1058 vehementer,

199 1087 231 1143 et
251 1089 368 1162 quanta
386 1079 563 1142 reverentia
582 1085 725 1161 oporteat
746 1096 804 1142 nos
825 1078 944 1142 servire
998 1085 1153 1161 quantum
1176 1096 1234 1141 nos
1255 1076 1388 1158 pusillos
1410 1095 1447 1140 ac
1467 1076 1668 1140 defectuosos
1693 1096 1746 1140 ve·

198 1177 285 1241 llatri
309 1176 651 1260 incircumscriptibilis
676 1185 707 1240 et
730 1177 946 1260 superdiguis-
999 1175 1061 1240 reri
1085 1184 1219 1258 oportet,
1243 1182 1337 1257 atque
1360 1194 1433 1239 curn
1458 1175 1545 1239 omni
1569 1175 1748 1239 reverentia

199 1276 272 1340 simi
300 1275 367 1356 Dei,
397 1275 524 1358 Regina
552 1294 589 1338 ao
617 1275 812 1358 lmperatrici
848 1275 944 1338 totius
1001 1273 1094 1337 nobis
1115 1273 1261 1355 possibili
1281 1273 1500 1355 dignissimam
1524 1273 1748 1337 commendare

197 1373 320 1436 mundi.
343 1373 474 1450 Rursus,
496 1391 537 1435 ne
557 1373 670 1436 horum
692 1371 945 1436 consideratione
1000 1369 1140 1448 hieriam,
1170 1370 1263 1452 cujus
1292 1369 1512 1449 irreverentia,
1541 1369 1596 1434 llei
1630 1368 1750 1452 injuria

197 1472 237 1534 ab
265 1471 335 1552 ejus
363 1470 523 1554 preconio
550 1477 645 1551 atque
672 1469 825 1552 obsequio
850 1476 947 1532 retra·
1001 1467 1124 1549 estqui
1140 1468 1302 1551 propriam
1316 1466 1564 1532 tolerabiliorem
1579 1468 1751 1530 arbitratur

197 1569 322 1648 hamur,
339 1568 552 1652 ponderemus
575 1566 695 1631 intente
716 1586 810 1648 quam
831 1567 946 1630 inusti·
1002 1565 1155 1647 injuriam
1175 1584 1271 1647 quam
1286 1585 1351 1629 suae
1371 1565 1565 1629 dulcissimae
1579 1564 1751 1629 Genitrieia

197 1667 323 1731 mabilia
338 1666 380 1730 sit
393 1665 530 1744 bonitas,
547 1665 649 1748 pictas
671 1665 848 1746 caritasque
870 1665 947 1748 ipsi·
1001 1661 1185 1727 offensamt

198 1785 246 1830 ns.
263 1766 302 1828 Et
326 1773 412 1828 tanto
436 1765 540 1845 major
559 1771 607 1828 est
628 1764 698 1846 ejus
720 1765 760 1827 ad
781 1763 947 1828 inferiores
1042 1760 1130 1825 Totis
1158 1759 1266 1841 itaque
1294 1759 1416 1824 viribus
1445 1760 1612 1825 laudemus
1636 1779 1673 1824 ac
1697 1780 1751 1824 ve-

200 1865 335 1927 miseroa
349 1881 386 1926 ac
409 1861 557 1926 infirmos
578 1860 732 1942 dignatio,
749 1870 867 1942 quanto
882 1880 949 1925 ma·
964 1861 988 1924 B
1003 1876 1164 1937 ueremur,
1179 1855 1349 1939 diligamus
1363 1877 1401 1921 ac
1416 1877 1584 1922 vereamur
1601 1865 1752 1939 prestan-

197 1962 249 2044 jor
271 1969 319 2025 est
344 1959 483 2043 dignitas
508 1960 579 2041 ejus
603 1967 635 2022 et
662 1958 806 2024 altitudo.
832 1959 948 2042 Sicque
1003 1954 1158 2019 tissimum
1172 1955 1228 2018 Dei
1242 1955 1630 2037 blatrem.Quumquehoc
1645 1955 1751 2036 ipsum

199 2079 272 2124 cum
294 2057 381 2121 omni
398 2058 539 2137 carimte,
555 2057 819 2140 promptitudine,
834 2057 949 2139 jucun·
1003 2053 1174 2136 egerimus,
1191 2070 1456 2136 recognoscamus
1470 2072 1530 2117 nos
1550 2051 1629 2115 nihil
1647 2052 1751 2134 egisse

198 2157 350 2222 ditatam
372 2155 474 2238 ipsius
496 2155 606 2218 laudes
627 2173 665 2218 ac
685 2155 948 2220 honorificentias
1005 2152 1210 2233 condignum,
1225 2169 1286 2214 nec
1305 2149 1472 2214 beuelidis
1492 2151 1564 2233 ejus
1576 2169 1671 2233 posse
1685 2150 1753 2213 ido

199 2273 440 2336 consurgemus,
469 2253 502 2315 in
530 2251 785 2334 apprehensione
813 2261 846 2316 et
873 2271 949 2316 con·
1005 2268 1098 2312 neam
1113 2249 1287 2331 rependere
1306 2250 1423 2330 vicem,
1439 2268 1513 2312 cum
1528 2250 1559 2311 S.
1575 2248 1753 2331 Augustino

198 2352 354 2437 templatu
374 2360 440 2414 tam
460 2351 599 2433 optimae,
615 2350 861 2432 amabilissima,
879 2369 950 2434 spe-
1005 2347 1149 2411 dicentes
1170 2347 1274 2422 :Quid
1299 2366 1358 2411 nos
1383 2347 1510 2426 tantilli,
1526 2347 1602 2429 quid
1626 2346 1753 2409 actione

201 2451 387 2516 ciosissimae
407 2469 444 2512 ac
466 2449 701 2532 benignissimae
715 2448 819 2512 llatris
840 2467 877 2512 ac
891 2449 950 2512 Do-
1005 2445 1115 2528 pusilli
1136 2446 1170 2510 in
1192 2446 1262 2527 ejus
1284 2446 1430 2509 laudibus
1452 2444 1631 2523 referimus,
1654 2463 1752 2527 quum

201 2550 295 2613 minas
319 2547 624 2631 pracordialissimte
647 2546 830 2628 gloriantes,
851 2566 949 2630 quum
1006 2545 1103 2608 etiam
1127 2544 1155 2606 si
1179 2544 1324 2608 omnium
1352 2552 1495 2608 nostrum
1519 2543 1663 2606 membra
1684 2561 1754 2606 ver-

199 2669 238 2713 ex
260 2647 377 2711 unione
402 2645 551 2727 potentiae
575 2645 615 2708 ad
643 2645 805 2726 objectum
834 2663 950 2709 conve·
1005 2649 1148 2706 terantur
1175 2642 1209 2704 in
1236 2641 1374 2724 linguas,
1400 2661 1470 2704 eam
1496 2649 1602 2704 tamen
1625 2639 1754 2704 laudare

201 2745 305 2824 niens,
322 2743 472 2826 gaudium
493 2743 625 2808 oriatur.
1006 2740 1115 2804 nullus
1136 2739 1323 2804 sufficeretl

244 2843 304 2906 Sed
333 2841 438 2906 lorsan
468 2839 588 2905 idcirco
617 2840 831 2928 beatissimam
867 2842 950 2905 hane

201 2942 330 3006 laudare
353 2947 385 3004 et
406 2957 535 3003 exorare
559 2938 665 3005 minus
689 2957 848 3018 veremur,
873 2958 951 3021 quo·

201 3041 288 3104 niam
308 3039 377 3122 ipsa
398 3045 463 3101 tota
484 3035 638 3120 piissima,
656 3037 695 3100 ad
716 3036 949 3119 ignoscendum
971 3034 993 3098 G
1215 3012 1461 3077 ARTICULUS
1485 3012 1543 3076 IV·

201 3148 302 3205 erant
325 3136 530 3221 pronissime,
546 3144 577 3200 et
598 3156 670 3199 suas
692 3154 756 3200 nou
779 3136 861 3199 solet
881 3137 949 3200 dire
1007 3164 1100 3230 Quod
1127 3164 1172 3221 ,d
1193 3163 1477 3238 ,mmmmm
1504 3159 1682 3236 stom-„am
1706 3160 1756 3218 ,·„,

201 3236 313 3303 ulcisci
339 3234 482 3317 injurias.
508 3234 625 3297 Verum
649 3234 705 3316 qui
731 3236 849 3316 cogitat
876 3236 948 3317 hoe,
1044 3252 1358 3329 comparatumque
1368 3251 1515 3312 Mariam
1529 3250 1573 3309 „a
1586 3249 1756 3325 deiformi-

200 3334 375 3419 perpendat
387 3332 544 3414 justitiam
559 3332 632 3395 Filii
647 3332 729 3414 ejus,
737 3332 854 3415 judicis
870 3353 952 3397 sum·
1047 3348 1099 3400 ter
1115 3341 1369 3415 procedendum.

202 3434 258 3514 mi,
284 3451 342 3516 pro
370 3450 428 3496 sua
450 3430 545 3494 lintre
574 3430 706 3495 zelantis
732 3454 739 3495 ε
765 3432 820 3513 qui
845 3432 950 3495 histris
1069 3471 1072 3477 ,

202 3552 266 3595 suaa
295 3529 449 3614 piissime
477 3529 612 3611 injurias
641 3535 672 3591 et
696 3527 839 3592 offensas
864 3538 951 3594 tanto
1069 3528 1173 3589 ICUT
1197 3530 1245 3587 aot
1267 3526 1377 3587 oriens
1401 3527 1436 3585 in
1458 3527 1581 3585 mundo
1604 3526 1641 3583 in
1664 3526 1756 3584 altia-
1770 3546 1901 3599 pesam,

203 3630 318 3715 aegrius
334 3628 459 3709 accipit,
476 3635 508 3691 et
528 3635 616 3690 tanto
638 3628 779 3690 severius
799 3627 949 3707 vindieat,
1082 3626 1175 3685 simis
1194 3626 1268 3693 Dei,
1289 3626 1336 3683 at'o
1357 3624 1509 3683 mulieris
1530 3624 1618 3683 donae
1638 3623 1755 3697 species
1768 3612 1803 3653 ²¹·

205 3737 323 3812 quanto
344 3728 412 3809 ipsa
432 3726 556 3789 exsistit
576 3724 750 3808 benignior.
774 3724 884 3789 Nonne
905 3726 953 3788 vi·
1008 3733 1045 3790 in
1060 3734 1289 3789 ornamentum
1303 3725 1418 3781 ‹tomua
1433 3742 1509 3783 suec.
1525 3720 1642 3783 Domus
1665 3720 1755 3781 bonae

207 3831 317 3893 demus
332 3844 427 3907 quam
441 3842 523 3905 aegre
539 3823 614 3887 boni
630 3822 689 3885 lilii
705 3842 833 3887 suorum
849 3824 953 3887 lerant
1008 3825 1153 3891 mulieris
1167 3831 1216 3886 est
1230 3828 1339 3883 sancta
1353 3817 1505 3897 Ecclesia,
1521 3826 1585 3881 tam
1601 3817 1753 3895 militaus,

207 3932 372 4009 parentum
388 3921 534 4003 injurias,
551 3928 582 3984 et
602 3919 739 4001 qualiter
758 3922 953 3985 ulciscantur
1008 3924 1130 4007 Virgini
1156 3920 1303 4005 gloriosae
1327 3917 1508 3993 commissa,
1528 3935 1624 3999 quam
1646 3914 1757 3978 trium-

207 4024 358 4089 easdeml
1007 4025 1123 4107 phaus,
1144 4040 1181 4084 ex
1205 4016 1329 4100 augelis
1353 4024 1447 4098 atque
1470 4015 1655 4079 hominibus
1680 4032 1757 4077 con-

246 4122 291 4185 Ex
314 4121 427 4183 horum
454 4116 708 4182 consideratione
733 4118 828 4180 etiam
854 4118 954 4181 sancti
1009 4123 1126 4185 stituta.
1151 4120 1271 4198 ltaque,
1301 4116 1384 4178 sicut
1411 4114 1458 4177 sol
1490 4111 1665 4176 materialis
1697 4130 1755 4175 suo

207 4220 266 4283 viri
290 4216 520 4282 divinissimam
546 4214 707 4297 Virginem
732 4234 804 4277 eum
832 4216 953 4297 ingenti
969 4220 994 4283 D
1010 4219 1179 4301 splendore
1194 4222 1295 4278 totum
1310 4212 1468 4275 illuminat
1482 4219 1514 4274 et
1534 4217 1682 4292 perornat
1701 4210 1756 4273 he-

207 4318 415 4381 laudaverunt
439 4314 620 4378 tormidine.
641 4312 729 4375 Unde
753 4313 785 4375 in
808 4333 954 4377 sermone
1010 4315 1228 4397 misphaerium
1247 4320 1403 4389 nostrum,
1420 4310 1465 4372 sic
1486 4308 1674 4372 felicissima
1688 4308 1757 4370 Vir-

207 4418 247 4481 de
261 4413 484 4495 assumptione
499 4411 636 4493 Virginis
653 4412 955 4491 benedicte,heatus
1009 4434 1061 4497 go,
1078 4412 1222 4477 omnium
1238 4410 1358 4491 optima
1374 4407 1556 4484 mulierum,
1573 4407 1756 4469 universam

208 4514 253 4577 ait
274 4514 484 4593 Hieronymus
510 4532 517 4572 :
544 4509 651 4573 ‘lolem
675 4529 713 4571 ac
737 4517 857 4572 tantam
887 4510 957 4573 Vir·
1010 4512 1150 4586 decorat,
1174 4508 1322 4584 illustrat,
1343 4504 1487 4569 leatificat
1507 4504 1698 4567 militantem
1720 4523 1758 4567 ao

207 4612 315 4693 giuem
344 4609 472 4673 laudare
500 4606 667 4688 indignum
697 4626 748 4669 me
783 4605 895 4685 fateor,
925 4616 957 4670 et
1011 4608 1263 4689 triumphantem
1285 4604 1473 4667 Ecclesiam.

208 4728 319 4773 vereor
342 4726 382 4771 ne
406 4706 490 4769 sicut
514 4704 665 4785 indignus
686 4704 729 4767 ita
751 4714 782 4767 et
802 4706 956 4788 reprobus
1051 4706 1194 4787 Denique
1208 4711 1295 4767 tauta
1315 4711 1364 4767 est
1384 4702 1572 4766 excellentia
1591 4702 1760 4786 perlectio-

209 4806 353 4871 laudator
376 4804 543 4879 inveniar;
570 4802 645 4865 hinc
671 4803 781 4866 laudes
805 4804 876 4885 ejus
904 4806 957 4867 de-
1012 4806 1061 4868 nis
1085 4803 1219 4867 Deilerae
1240 4802 1388 4884 Virginis,
1414 4801 1499 4882 quod
1525 4800 1608 4863 sicut
1630 4819 1668 4863 er
1692 4819 1760 4862 cre-

210 4922 356 4989 promere
372 4900 572 4984 pertimesco.
589 4902 724 4964 Sanctus
745 4921 871 4984 quoque
885 4903 959 4965 Ber·
1012 4912 1173 4967 aturarnm
1202 4900 1314 4963 notitia
1337 4901 1376 4962 ad
1399 4898 1555 4962 Creatoris
1577 4906 1626 4961 est
1650 4916 1761 4981 proce-

210 5004 327 5067 nardus
355 5024 361 5062 :
387 4998 471 5062 Nihil
500 5007 559 5075 est,
582 4998 696 5080 inquit,
722 5000 806 5081 quod
834 5008 958 5063 tautum
1012 5001 1152 5065 dendum
1167 4998 1373 5082 agnitionem,
1390 4998 1485 5060 itaer
1502 4997 1669 5059 mulierum
1685 5014 1760 5059 con-

211 5120 261 5165 me
286 5106 413 5177 terreat,
435 5116 494 5160 nec
517 5096 636 5179 aliquid
656 5098 742 5178 quod
764 5106 885 5161 tantum
908 5117 959 5161 me
1013 5099 1204 5162 sideratione
1215 5099 1253 5161 ad
1265 5095 1453 5159 beatissimae
1464 5092 1761 5175 contemplationem

212 5200 358 5277 delectet,
375 5196 458 5259 sieut
478 5196 517 5257 de
539 5194 723 5258 beatissima
745 5194 873 5277 Virgine
896 5216 960 5259 ser·
1016 5198 1119 5260 illaria
1141 5204 1189 5259 est
1210 5192 1477 5273 consurgendum.

213 5316 340 5363 monem
368 5294 496 5357 habere.
523 5294 632 5357 Terret
658 5313 721 5374 me,
747 5294 888 5377 inquam,
914 5296 961 5357 in·
1056 5294 1165 5376 Igitur,
1191 5291 1273 5353 sicut
1299 5309 1338 5352 er
1366 5289 1518 5352 creaturis
1542 5288 1580 5350 ad
1605 5286 1760 5352 creatoris
