4309 6250
339 522 489 569 ursaceus
508 520 737 569 ursroranoms
759 519 850 567 mrun
870 519 1077 567 cnnrsrnnrn
1098 521 1135 567 rr
1156 523 1369 571 sannacauorr.
1392 543 1433 555 -
1453 525 1524 571 aar.
1547 525 1566 569 v
1666 506 1726 571 llll

175 690 260 754 Etsi
280 692 353 773 quis
377 692 565 775 scripturam
591 691 707 755 veteris
733 690 924 753 Testamenti
939 686 963 749 Α
981 709 1056 773 ergo
1081 692 1239 773 scriptura
1259 694 1339 776 legis
1360 704 1421 757 tuae
1441 695 1535 759 toties
1556 696 1599 758 sit
1619 715 1728 759 corru-

176 790 223 853 sic
247 792 451 874 corrupisset,
479 810 678 874 nequaquam
702 790 869 854 Christiani
894 797 926 851 et
978 798 1043 872 pta,
1054 799 1095 875 pt
1114 790 1225 871 fertur,
1242 810 1443 875 nequaquam
1463 795 1657 857 credendum
1680 803 1729 858 est

175 888 275 952 ludaei
296 898 358 953 tam
380 891 542 954 discordes
563 890 604 953 ab
629 890 778 968 invicem,
795 889 828 951 in
848 888 925 951 scri·
978 890 1062 969 quod
1077 889 1160 951 Deus
1175 890 1277 971 legem
1300 892 1388 955 illam
1411 911 1468 974 pro
1489 893 1657 956 hominum
1679 913 1728 956 sa-

175 995 270 1069 ptura
283 988 398 1052 illesic
414 989 654 1054 concordarent.
667 988 706 1050 Et
721 988 747 1049 si
763 986 925 1068 corruptio
979 988 1043 1050 lute
1057 989 1234 1052 donaverit.
1248 989 1280 1052 Si
1295 990 1383 1053 euim
1398 1010 1468 1055 eam
1483 991 1634 1069 dodisset,
1652 1012 1729 1056 con-

174 1086 232 1148 illa
259 1086 344 1150 facta
367 1087 481 1151 fuisset
508 1095 583 1151 aute
604 1072 781 1149 *adrentum
811 1084 924 1147 Christi
979 1096 1137 1150 servasset
1161 1086 1270 1169 utique
1297 1108 1368 1152 eam
1396 1110 1415 1152 a
1442 1090 1498 1152 tali
1523 1089 1728 1172 corruptione

174 1194 207 1248 et
234 1186 494 1267 predicationem
519 1185 617 1268 ipsius
643 1193 737 1266 atque
761 1184 925 1267 apostolo
979 1185 1167 1265 immunem,
1182 1195 1339 1267 quatenus
1353 1208 1495 1270 peream
1510 1189 1656 1252 homines
1671 1190 1729 1252 sal·

175 1302 260 1362 rum,
277 1284 337 1347 boc
357 1284 516 1347 Christum
538 1293 570 1347 et
590 1284 660 1366 ejus
679 1283 847 1365 Apostolos
867 1282 926 1344 mi·
979 1292 1130 1347 verentur
1146 1307 1153 1345 :
1170 1285 1288 1366 alioqui
1316 1286 1454 1349 inaniter
1477 1307 1549 1350 eam
1573 1287 1724 1366 dedisset,

175 1382 265 1445 nime
279 1382 506 1461 latuisset3nec
522 1382 583 1463 ipsi
599 1382 658 1446 hoc
674 1381 924 1460 abscondissent,
980 1390 1073 1463 prout
1092 1382 1153 1445 hoc
1168 1385 1359 1464 praecedenti
1378 1386 1513 1449 articulo
1532 1386 1659 1469 plenius
1680 1394 1747 1465 est,

176 1480 233 1543 sed
262 1480 519 1543 manifestassent
539 1479 751 1543 credentibus.
773 1479 879 1558 Porro,
901 1478 926 1541 si
980 1480 1162 1561 probatum.

177 1586 289 1661 postea
303 1577 388 1641 facta
402 1578 514 1641 fuisset
529 1578 584 1641 illa
598 1578 770 1659 corruptio,
784 1578 926 1641 Christus
1020 1579 1235 1643 Sarracenos.
1251 1617 1292 1628 -
1320 1580 1376 1643 Per
1403 1582 1511 1646 omnia
1541 1584 1575 1645 in
1604 1582 1728 1646 duobus

176 1685 209 1739 et
224 1676 366 1758 Apostoli
381 1696 418 1740 ac
432 1677 643 1758 Evangelistae
658 1696 721 1740 non
738 1677 928 1758 allegassent
980 1675 1050 1740 istis
1065 1677 1208 1740 articulis
1224 1678 1413 1757 introducta,
1426 1688 1645 1762 competenter
1658 1700 1729 1763 pru

177 1775 368 1857 scripturam
385 1775 472 1837 illam
494 1784 558 1837 tam
578 1784 792 1839 consonanter
810 1776 848 1837 ad
864 1783 929 1837 tex·
982 1774 1061 1838 basti
1087 1776 1295 1839 assertionem
1325 1786 1465 1841 nostram
1492 1778 1532 1841 de
1556 1778 1730 1841 infectione

176 1882 246 1935 tum
272 1874 436 1955 scripturae
460 1873 545 1937 illius
565 1874 619 1956 qui
644 1893 728 1937 nuuc
751 1893 852 1955 usque
874 1873 928 1936 ba·
943 1876 966 1938 B
982 1873 1211 1955 scripturarum
1235 1875 1428 1956 evangelicae
1452 1876 1532 1958 legis
1551 1896 1589 1939 ac
1614 1878 1730 1940 veteris

175 1972 282 2035 betur.
304 1972 341 2035 Et
365 1972 514 2052 breviter,
535 1973 602 2035 hec
625 1982 677 2035 tua
702 1972 833 2035 assertio
858 1970 929 2033 uni·
982 1972 1174 2035 Testamenti
1196 1974 1416 2055 apparentiam
1437 1994 1567 2056 parvam
1591 1976 1730 2038 autuul-

176 2070 281 2132 versis
304 2070 492 2133 Christianis
517 2078 548 2133 et
570 2070 697 2149 ludaeis,
715 2070 779 2133 imo
804 2069 928 2132 Christo
982 2070 1044 2133 lam
1066 2072 1184 2134 habere
1200 2096 1207 2133 :
1225 2080 1330 2135 tamen
1352 2073 1394 2152 (si
1416 2074 1533 2155 placet)
1554 2083 1648 2157 tange
1673 2074 1730 2138 ali-

175 2176 209 2231 et
232 2168 304 2249 ejus
329 2169 487 2250 Apostolis
510 2188 547 2232 ac
571 2168 780 2249 Evangelistis
805 2176 929 2231 eontra·
982 2188 1044 2250 qua
1070 2170 1103 2231 in
1128 2170 1284 2233 Alcorauo
1308 2180 1468 2249 contenta,
1485 2190 1554 2253 quae
1577 2172 1632 2234 tibi
1655 2172 1731 2234 ridi-

176 2264 290 2345 riatur,
307 2286 366 2328 uec
390 2266 512 2348 aliquid
537 2267 729 2349 apparentia
754 2266 859 2330 babet.
880 2267 930 2328 lu·
984 2268 1104 2347 culoso,
1120 2268 1257 2330 absurda
1278 2277 1310 2330 et
1331 2268 1427 2331 stulta
1448 2269 1607 2333 videntur.

176 2383 287 2446 super,
318 2364 391 2426 libri
420 2364 536 2427 veteris
564 2364 758 2427 Testamenti
793 2364 928 2427 diversis

67 2518 69 2523 .
176 2462 377 2545 temporibus
412 2482 430 2524 a
464 2462 600 2525 diversis
636 2462 819 2527 homiuibus
855 2470 929 2525 sont

176 2560 335 2638 translati,
353 2569 385 2623 et
398 2579 509 2624 omnes
530 2561 592 2625 illae
613 2561 834 2625 translationes
856 2579 930 2623 con·
1201 2551 1445 2617 ARTlCULUS
1472 2552 1513 2615 V.

178 2660 520 2770 0011111111αά11111οῗ111
541 2659 574 2722 in
595 2658 930 2769 1111111111111)11,53,01,1“
984 2694 1031 2753 De
1055 2692 1252 2769 quibusdam
1277 2694 1479 2762 ridiculosis,
1501 2695 1665 2762 absurdis,
1684 2695 1734 2770 fo·

177 2758 433 2841 9111111111011111111
456 2759 615 2821 (1111011111
634 2778 652 2820 11
675 2766 842 2839 501111111115
866 2756 929 2819 11115
1024 2782 1092 2839 tuis
1111 2790 1141 2839 et
1162 2784 1323 2840 mendosis
1344 2784 1594 2842 narrationibus
1618 2784 1654 2842 in
1676 2786 1733 2844 Al-

178 2856 299 2921 scuris
319 2856 523 2919 Testamenti.
1025 2888 1145 2928 corano
1159 2872 1329 2931 contentis.

216 2956 431 3018 Sarracenos.
452 2990 493 3001 -
517 2953 599 3017 Satis
628 2952 833 3036 probabiliter
862 2972 931 3035 per·

177 3053 294 3116 suades
316 3052 525 3136 propositum.
947 3055 969 3118 C
1024 3054 1242 3119 Cnnrsrrnnus.
1258 3092 1298 3102 ·-
1312 3056 1457 3140 Capitulo
1474 3058 1621 3122 Alcorani
1641 3060 1734 3122 trice·

217 3152 439 3215 Cnnrsrrnnus.
454 3187 495 3198 -
516 3151 732 3214 Certissimum
753 3150 845 3213 nobis
869 3159 928 3226 est,
985 3154 1065 3217 simo
1091 3163 1178 3218 sexto
1204 3155 1340 3218 refertur
1362 3179 1369 3216 :
1394 3157 1543 3220 Salomon
1568 3177 1642 3220 cum
1667 3159 1733 3221 suis

176 3251 263 3331 quod
279 3249 650 3313 blahometiuhlcorauo
665 3249 837 3330 scripturas
854 3249 928 3310 novi
985 3253 1175 3316 exercitibus
1203 3262 1269 3316 tum
1304 3255 1495 3334 daemonum,
1532 3264 1598 3318 tum
1633 3257 1733 3320 homi-

176 3369 215 3413 ao
231 3349 348 3412 veteris
360 3348 550 3411 Testamenti
567 3367 622 3429 per
636 3367 744 3424 vanas,
756 3346 928 3427 fabulosas,
986 3371 1074 3430 num,
1103 3359 1170 3414 tum
1198 3352 1305 3414 avium
1334 3353 1440 3433 ipsum
1467 3354 1731 3435 glorificantium,

177 3447 283 3510 fatuas
298 3455 330 3509 et
345 3446 512 3509 mendosas
527 3446 723 3508 narrationes
744 3444 928 3527 corrumpit,
987 3451 1024 3512 ad
1051 3451 1157 3513 locum
1183 3450 1387 3514 formicarum
1414 3454 1568 3534 pervenit.
1595 3452 1732 3527 Quarum

177 3544 375 3608 contaminat
400 3551 431 3606 et
450 3544 611 3624 depravat.
628 3543 701 3606 ldeo
721 3542 868 3605 conscius
889 3543 931 3604 si·
986 3567 1050 3610 una
1074 3549 1286 3629 persuadente
1311 3549 1425 3612 ceteris
1446 3549 1637 3631 ingressum,
1655 3569 1694 3612 ne
1715 3571 1734 3613 a

176 3644 211 3706 bi
232 3662 299 3706 suae
318 3642 446 3706 malitie
466 3641 613 3721 infinite,
631 3640 787 3704 confinxit
808 3641 930 3703 ludaeos
987 3645 1155 3709 Salomone
1183 3667 1221 3709 ac
1250 3646 1316 3708 suis
1345 3647 1619 3726 conculcarentur,
1648 3649 1736 3711 Salo·

177 3741 336 3824 quosdam
351 3760 387 3803 ac
403 3741 525 3821 aliquos
535 3739 728 3803 Christianos
743 3739 786 3802 ita
802 3738 929 3818 fecisse,
987 3762 1061 3806 mou
1087 3744 1228 3825 subrisit,
1254 3745 1365 3807 diceus
1382 3769 1389 3808 ε
1406 3747 1463 3826 Τιι,
1480 3746 1574 3826 Deus,
1590 3748 1631 3809 da
1654 3747 1734 3812 mibi
1796 3792 1800 3800 -

178 3847 290 3922 utpote
314 3838 493 3920 Scripturas
519 3837 709 3918 corrupisse,
727 3839 931 3918 quemadmu·
987 3851 1021 3906 ut
1049 3844 1088 3906 de
1116 3842 1285 3906 beneficiis
1314 3843 1378 3905 tuis
1405 3845 1501 3926 digne
1530 3845 1588 3907 tibi
1617 3848 1734 3926 gratias

177 3941 255 4002 dum
281 3936 357 4000 lecit
379 3936 457 4019 ipse.
473 3935 546 3998 ldeo
569 3954 654 3998 nunc
675 3935 831 4018 responde
855 3936 931 4016 quid
987 3959 1089 4022 agam.
1121 3940 1240 4002 Deinde
1266 3940 1374 4003 avium
1402 3942 1543 4004 exercitu
1570 3945 1732 4026 adspectu,

178 4039 219 4101 de
245 4036 365 4119 scripto
389 4034 507 4097 sentias
532 4033 692 4115 Alcorani,
708 4053 748 4096 au
773 4043 804 4097 et
825 4034 931 4116 ipsum
987 4058 1105 4120 upupa,
1121 4057 1217 4120 quam
1232 4056 1296 4101 nou
1312 4041 1439 4121 reperit,
1456 4039 1511 4102 ubi
1526 4041 1638 4105 lateret
1651 4062 1735 4124 quae-

177 4144 273 4219 putcs
299 4132 465 4196 infectum.
492 4131 561 4195 Non
585 4133 671 4194 cuim
697 4141 786 4212 potes
814 4151 931 4214 negare
987 4137 1062 4200 sivit
1077 4158 1085 4196 :
1102 4136 1137 4198 Ei
1158 4137 1332 4218 (iuquiens)
1353 4138 1471 4200 malum
1491 4149 1666 4204 mortemve
1687 4142 1735 4203 in-

177 4235 259 4316 qniu
285 4232 387 4294 multa
409 4229 558 4310 absurda,
586 4229 757 4293 ridiculosa
782 4238 813 4294 et
837 4231 931 4294 stulta
947 4237 971 4300 [l
986 4235 1098 4314 feram,
1112 4235 1173 4297 nisi
1189 4235 1313 4315 aliquos
1327 4235 1404 4322 mihi
1420 4255 1562 4300 rumores
1578 4239 1731 4303 retulerit.

178 4331 405 4396 contineantur
429 4328 559 4392 ibidem.
984 4334 1093 4414 ltaque
1108 4353 1215 4415 upupa
1231 4334 1394 4415 paulisper
1406 4334 1584 4416 immorata,
1601 4339 1733 4402 veniens

219 4431 437 4492 Sarracenos.
464 4463 503 4474 -
531 4427 696 4511 Sapientes
724 4427 823 4509 aliqui
852 4429 931 4510 legis
985 4432 1029 4493 ait
1046 4455 1052 4492 :
1071 4431 1136 4512 Ego
1160 4432 1200 4493 de
1225 4430 1306 4494 Saba
1331 4433 1475 4512 veniens,
1492 4454 1651 4498 rumorem
1677 4438 1732 4500 tibi

178 4535 297 4590 nostre
312 4526 459 4590 dixerunt
474 4525 547 4588 talia
561 4525 602 4588 ab
616 4527 808 4589 adversariis
820 4528 931 4590 verita-
986 4547 1131 4591 veracem
1156 4537 1300 4610 apporto.
1317 4529 1372 4591 Est
1396 4550 1533 4614 namque
1552 4533 1597 4596 ihi
1619 4536 1735 4598 mulier

177 4628 219 4688 tis
235 4625 393 4688 Alcorano
408 4644 478 4688 esse
493 4625 611 4687 inserta
627 4633 658 4687 et
672 4625 788 4689 addita.
985 4627 1135 4690 omnibus
1168 4628 1331 4709 imperans
1364 4638 1395 4691 et
1427 4630 1604 4711 abundans,
1634 4634 1733 4697 solem

218 4723 550 4786 craumers-usa
565 4724 646 4805 apud
661 4743 717 4786 nos
733 4723 932 4786 libellusdis·
985 4744 1058 4787 cum
1084 4745 1141 4787 sua
1164 4733 1259 4806 gente
1284 4726 1429 4788 adorans.
1451 4727 1624 4809 Respondit
1649 4732 1736 4795 Salo-

177 4821 356 4904 pulatiouis
377 4821 543 4902 cujusdam
570 4821 685 4884 habitas
712 4821 796 4884 iuter
821 4841 931 4904 quem·
986 4841 1058 4886 mon
1077 4845 1084 4883 :
1101 4823 1147 4884 Ad
1163 4823 1239 4884 dicti
1255 4823 1299 4884 tui
1322 4823 1551 4904 probationem,
1568 4828 1650 4891 hanc
1671 4848 1735 4892 me

177 4921 253 4983 dam
264 4919 477 4983 Christianum
495 4919 706 4982 clarissimum
717 4919 929 5001 etquemdam
984 4940 1035 4982 am
1056 4921 1197 4983 chartam
1219 4921 1268 4983 fer
1283 4921 1358 4998 illis,
1374 4931 1405 4984 et
1419 4923 1496 5000 redi,
1510 4933 1544 4985 ut
1558 4926 1633 5006 quid
1650 4936 1737 4990 actu-

177 5019 404 5094 Sarracenum,
416 5017 470 5098 qui
485 5017 579 5080 ambo
595 5036 658 5080 non
673 5018 727 5080 diu
742 5027 813 5099 post
827 5019 931 5082 blaho-
986 5019 1009 5080 ri
1037 5018 1111 5096 siut,
1130 5018 1221 5081 uobis
1245 5018 1433 5083 innotescat.
1451 5022 1569 5085 Deinde
1593 5023 1734 5088 fabulam

177 5124 302 5180 metum
324 5114 424 5178 fuisse
445 5113 593 5177 ridentur
610 5139 616 5177 :
634 5115 666 5177 in
686 5134 748 5196 quo
769 5116 875 5179 libello
890 5118 929 5179 de
986 5117 1079 5180 istam
1109 5117 1285 5198 capitulum
1314 5119 1396 5180 istud
1426 5120 1547 5201 prolixe
1576 5125 1734 5203 prosequi·

176 5212 340 5296 frequenti
366 5212 551 5293 mutatione,
567 5213 771 5295 corruptione
793 5221 824 5275 et
848 5213 929 5277 lace·
983 5224 1055 5293 tur3
1073 5223 1105 5278 et
1127 5215 1259 5278 omniuo
1285 5234 1357 5278 reor
1380 5215 1547 5298 indignum
1571 5238 1641 5281 cam
1667 5221 1733 5302 plc-

177 5313 302 5376 ratioue
330 5311 479 5375 hicoraui
508 5312 606 5374 multa
634 5311 795 5375 dicuutur.
826 5310 927 5385 Quum
985 5314 1056 5376 nius
1086 5322 1231 5376 tractare.
1260 5312 1326 5376 Hoc
1354 5321 1460 5377 taruen
1489 5315 1616 5397 adjicio,
1646 5321 1732 5400 quod
