4309 6250
460 469 520 536 6³4
554 492 594 540 nn
614 493 822 542 sueroanare
844 495 938 543 suurn
959 496 1126 544 ιοιιιιιιιιι
1147 498 1186 544 ιι
1206 498 1375 548 emanans
1395 502 1534 561 eououu,
1550 503 1638 550 ιιιιιι
1658 505 1704 550 ιιι.
1720 524 1761 535 -
1774 505 1845 553 ιιι.
1866 506 1922 552 xm

459 662 555 745 Papa)
578 687 585 725 :
611 664 636 727 si
665 665 771 748 itaque
796 666 838 728 sit
862 667 895 729 in
920 667 1104 748 hujusmodi
1130 687 1205 749 uno,
1224 670 1249 733 Α
1262 671 1312 752 gis
1326 672 1455 754 proprie
1476 672 1540 736 dici
1563 692 1668 756 posse,
1685 678 1770 757 quod
1791 677 1929 741 Ecclesia
1946 678 1992 740 mi

457 760 524 842 jam
544 781 743 846 consequens
762 765 824 828 erit
841 767 926 847 quod
946 767 1053 849 aliqua
1073 766 1114 829 sit
1138 786 1208 848 per·
1263 768 1358 832 litans
1382 771 1422 833 sit
1442 773 1581 854 regenda
1605 774 1763 854 regimine
1783 777 1989 856 democratico,

459 878 537 923 sona
566 861 598 922 in
623 863 765 927 Ecclesia
793 865 912 928 babens
938 873 1126 947 potestatem
1157 867 1208 947 ju·
1261 886 1324 949 quo
1348 869 1478 951 plurimi
1503 880 1653 953 praesunt,
1679 892 1776 954 quarn
1804 876 1990 938 monarchico

460 957 653 1023 risdictionis
679 963 833 1043 majorem
859 983 953 1046 quam
979 965 1061 1048 Papa
1087 989 1095 1026 ι
1122 965 1206 1047 quod
1260 975 1293 1028 et
1317 967 1426 1048 regali,
1442 987 1506 1050 quo
1531 970 1586 1032 toti
1613 973 1835 1035 communitati
1861 974 1989 1055 praesidet

460 1058 582 1121 nullum
600 1078 672 1123 reor
685 1061 856 1124 dicturum.
865 1063 896 1125 Si
909 1082 984 1126 vero
997 1063 1123 1125 dicatur
1136 1081 1206 1126 esse
1261 1067 1461 1148 unus2cujus
1475 1068 1656 1150 oppositum
1673 1090 1710 1134 ex
1724 1072 1866 1135 omnium
1880 1073 1988 1135 Sancto

460 1153 491 1216 in
509 1157 654 1237 pluribus
669 1167 722 1221 aut
737 1159 769 1222 in
785 1161 933 1224 omnibus
949 1161 1011 1224 illis
1032 1161 1205 1243 suppositis
1262 1183 1331 1225 rum
1353 1173 1446 1246 atque
1468 1167 1633 1231 doctorum
1657 1169 1907 1233 authenticorum
1929 1191 1988 1232 sen·

458 1253 553 1316 simul
581 1256 735 1336 collectis,
754 1257 856 1340 primo
878 1260 1021 1340 sequitur
1041 1259 1126 1342 quod
1151 1278 1206 1340 po-
1262 1261 1370 1324 tentiis
1384 1271 1433 1325 est
1446 1267 1705 1344 ostensumlmo,
1718 1268 1890 1330 secundum
1903 1269 2051 1350 opici-aa

456 1361 553 1415 testes
578 1353 633 1416 illa
658 1373 722 1418 non
748 1356 790 1418 sit
813 1357 931 1438 aliquid
955 1377 1055 1420 unum
1084 1358 1206 1439 simpli·
1260 1379 1355 1422 onem
1370 1370 1562 1442 prcetactam,
1577 1365 1737 1427 videretur
1751 1365 1843 1429 valde
1855 1367 1984 1449 perutile,

456 1451 548 1530 citer,
565 1453 619 1514 sed
639 1455 874 1536 congregetive,
891 1455 974 1518 sicut
995 1456 1151 1518 exercitus
1174 1464 1206 1519 et
1261 1458 1415 1522 rationale
1442 1469 1474 1523 et
1502 1480 1645 1541 necesse,
1675 1464 1760 1544 quod
1791 1465 1903 1546 jugiter
1927 1465 1985 1526 sine

457 1550 630 1630 corporalis
659 1550 812 1615 fortitudo
840 1554 940 1636 ipsius
967 1562 1030 1617 :et
1058 1554 1104 1616 sic
1133 1553 1205 1616 talis
1260 1556 1492 1639 interruptione
1515 1560 1730 1624 celebraretur
1756 1564 1898 1643 generale
1922 1582 1985 1625 con

458 1656 596 1729 potestas
621 1668 686 1713 non
710 1659 818 1732 posset
842 1652 874 1713 in
900 1651 1073 1735 quemlibet
1099 1661 1205 1716 actum
1260 1655 1382 1735 cilium,
1409 1658 1492 1738 quod
1518 1660 1710 1722 universalis
1734 1660 1880 1724 Ecclesia
1902 1661 1985 1723 refor-

457 1747 681 1811 ecclesiastice
704 1751 879 1832 potestatis,
904 1752 980 1834 quia
1006 1771 1071 1815 non
1100 1760 1206 1834 posset
1261 1755 1404 1831 mationi,
1431 1756 1632 1838 dispositioni
1658 1767 1753 1841 atque
1777 1759 1923 1841 profectui
1945 1758 1986 1820 in·

457 1847 777 1912 inconsecrationem
797 1851 937 1932 corporis
957 1851 1083 1932 Christi,
1101 1870 1204 1933 neque
1223 1851 1457 1916 Bcessabiliter
1493 1855 1684 1936 provideret,
1718 1865 1814 1938 atque
1847 1858 1883 1918 ad
1914 1857 1983 1939 quod

457 1946 490 2008 in
518 1947 598 2009 alios
626 1957 715 2010 ectus
749 1967 827 2030 pure
862 1951 1119 2028 sacramentales,
1149 1950 1203 2031 qui
1260 1951 1449 2032 regulariter
1469 1952 1502 2014 in
1523 1953 1610 2016 omni
1627 1974 1703 2016 casu
1718 1964 1825 2037 posset
1844 1975 1862 2017 a
1878 1974 1985 2018 summo

457 2044 595 2108 exerceri
617 2065 681 2109 non
702 2058 835 2129 possunt
854 2049 913 2110 nisi
932 2069 950 2112 a
965 2049 1118 2131 singulari
1134 2068 1204 2131 per·
1260 2049 1415 2113 Pontifice
1429 2051 1600 2132 appellari3
1618 2061 1650 2114 et
1663 2060 1740 2117 tunc
1761 2054 1891 2116 ulterius
1907 2053 1986 2116 forsi-

457 2162 545 2206 sona.
577 2145 637 2206 Sed
666 2145 727 2208 boc
759 2145 951 2227 plenitudini
980 2147 1205 2210 ecclesiastice
1260 2154 1314 2208 tan
1342 2149 1503 2229 expediret
1530 2169 1657 2212 cessare
1682 2159 1747 2212 tam
1771 2151 1881 2233 Papam
1903 2170 1983 2232 quam

457 2242 621 2323 potestatis
651 2253 814 2325 repugnat.
837 2245 871 2307 ln
897 2265 961 2309 uno
986 2264 1061 2328 ergo
1090 2265 1205 2327 suppo·
1261 2245 1383 2308 curiam
1406 2246 1487 2327 ejus,
1512 2248 1688 2328 praesertim
1714 2269 1755 2312 ne
1782 2249 1865 2312 inter
1886 2250 1983 2330 Papam

457 2341 519 2402 sito
543 2359 612 2402 eam
639 2342 816 2423 subjective
835 2342 1075 2426 formaliterque
1100 2346 1205 2408 locare
1260 2343 1393 2425 ejusque
1408 2344 1530 2407 curiam
1546 2354 1578 2407 et
1597 2347 1747 2428 generale
1768 2348 1929 2411 concilium
1947 2347 1985 2408 ιι-

457 2447 582 2520 oportet
612 2464 619 2501 ι
650 2442 825 2522 presertim
860 2461 957 2525 quum
992 2443 1206 2507 Cancellarius
1260 2442 1391 2504 tercatio
1405 2442 1589 2522 oriretur,et
1603 2445 1762 2526 praecipue
1773 2447 1847 2527 quia
1858 2445 1985 2528 generale

457 2557 527 2600 eam
553 2538 724 2620 definiens,
741 2541 825 2604 dicat
847 2542 930 2622 quod
953 2542 993 2604 sit
1019 2553 1206 2623 supernatu—
1260 2540 1430 2602 concilium
1459 2541 1622 2604 videretur
1650 2543 1812 2607 sulficere.
1843 2544 1899 2606 Sed
1923 2542 1984 2623 quia

457 2634 533 2698 ralis
562 2644 701 2718 potestas
725 2657 743 2699 ι
769 2638 892 2702 Christo
918 2639 1033 2702 collata
1055 2642 1147 2704 Petro
1174 2651 1206 2706 et
1259 2638 1327 2700 haec
1342 2639 1449 2701 dicere
1463 2640 1728 2704 absurdissimum
1743 2651 1776 2704 et
1796 2641 1984 2705 contraCbri-

457 2735 696 2798 successoribus
712 2737 797 2817 ejus3
812 2737 920 2818 sicque
936 2739 975 2800 de
991 2739 1113 2802 ratione
1129 2740 1205 2823 ipsi·
1260 2736 1299 2799 sti
1314 2736 1547 2800 institutionem
1569 2749 1663 2819 esset,
1681 2740 1819 2803 absurda
1838 2749 1884 2803 est
1900 2758 1984 2801 asser-

457 2852 494 2894 us
515 2841 562 2895 est
584 2841 618 2895 ut
640 2833 672 2895 in
697 2853 760 2896 uno
782 2835 936 2899 consistat
955 2837 1131 2918 supposito.
1147 2840 1205 2901 De·
1259 2833 1304 2895 tio
1327 2855 1366 2897 ex
1387 2855 1451 2916 que
1476 2834 1552 2897 talia
1576 2846 1826 2919 consequuntur.

457 2931 563 3012 nique,
588 2931 614 2993 si
641 2941 725 2995 esset
751 2932 782 2994 in
808 2934 953 3016 pluribus
979 2944 1032 2998 aut
1055 2937 1204 3000 omnibus
1299 2933 1471 3013 Postremo,
1487 2934 1596 2996 Petrus
1620 2935 1660 2998 de
1684 2935 1807 3000 Alliaco
1829 2936 1874 2999 sic
1891 2935 1984 3017 probat

455 3028 519 3090 illis
544 3029 688 3109 personis
713 3037 747 3090 ut
772 3031 965 3113 synodaliter
989 3035 1202 3114 congregatis,
1219 3030 1241 3093 c
1259 3030 1343 3110 quod
1364 3030 1396 3091 in
1417 3031 1484 3093 solo
1503 3031 1586 3112 Papa
1608 3033 1650 3094 sit
1673 3033 1838 3115 plenitudo
1858 3031 1984 3096 ecclesia-

456 3135 641 3208 sequeretur
654 3129 739 3208 quod
761 3129 851 3192 finito
868 3148 903 3192 ac
925 3130 1079 3195 dissoluto
1099 3134 1205 3195 conci·
1259 3130 1344 3193 sticae
1361 3131 1523 3211 potestatis
1541 3155 1547 3192 :
1565 3131 1718 3205 Quaelibet
1732 3133 1924 3215 particularis
1943 3151 1984 3193 ec·

456 3225 642 3303 lio,summo
657 3226 713 3288 illa
731 3228 948 3291 ecclesiastica
964 3239 1103 3310 potestas
1118 3239 1205 3294 actu·
1259 3227 1436 3291 clesiastica
1455 3237 1594 3310 potestas
1614 3241 1663 3293 est
1683 3232 1734 3293 vel
1757 3251 1827 3295 esse
1846 3240 1937 3313 potest
1956 3230 1983 3289 in

455 3324 547 3385 aliter
571 3343 641 3386 esse
671 3326 851 3403 desineret3
879 3326 987 3409 sieque
1013 3329 1204 3391 universalis
1258 3326 1351 3406 Papa,
1381 3346 1452 3407 qute
1480 3346 1544 3391 non
1572 3338 1621 3391 est
1648 3348 1707 3392 nee
1741 3350 1812 3393 esse
1844 3337 1934 3411 potest
1956 3326 1982 3387 in

455 3422 598 3484 Ecclesia
626 3423 658 3483 in
683 3424 782 3504 gradu
812 3432 843 3487 et
871 3425 982 3488 ordine
1013 3428 1203 3507 potestativo
1259 3424 1430 3487 universali
1451 3435 1505 3488 aut
1523 3446 1726 3509 quacumque
1744 3426 1919 3510 particulari
1936 3426 1983 3487 Ec-

455 3520 654 3584 hierarcbico
670 3521 857 3604 imperfecta
873 3532 1016 3587 maneret
1035 3549 1041 3586 :
1060 3526 1144 3606 quod
1156 3527 1203 3588 in·
1259 3523 1357 3586 clesia
1371 3532 1425 3586 aut
1438 3524 1675 3607 collegi0.Papa
1686 3527 1771 3589 enim
1786 3535 1884 3609 potest
1895 3542 1983 3606 quarn-

458 3627 571 3681 creatae
586 3619 754 3699 Sapientiae
773 3622 964 3684 ordinationi
985 3623 1095 3704 utique
1113 3625 1204 3687 dero·
1260 3623 1336 3685 libet
1355 3624 1606 3686 ecclesiasticam
1625 3633 1814 3706 potestatem
1832 3642 1981 3688 exercere:

382 3744 428 3773 eu·
456 3719 648 3800 geretcujus
664 3719 804 3800 perfecta
818 3728 848 3782 et
860 3720 1001 3783 ordinata
1016 3732 1204 3804 suntopera.
1259 3722 1344 3802 quod
1365 3741 1429 3785 non
1452 3732 1556 3804 potest
1576 3723 1765 3785 universalis
1788 3724 1920 3786 Ecclesia
1938 3728 1982 3782 aut

323 3806 357 3834 ¹¹¹
395 3826 400 3837 ·
496 3818 999 3895 Praeteree,universaliEcclesiae
1015 3820 1108 3883 simul
1125 3842 1204 3883 sum·
1259 3820 1482 3903 quodcumque
1506 3822 1695 3902 particulare
1715 3821 1893 3904 collegium.
1906 3820 1981 3895 Nan,

456 3924 517 3997 plan
537 3936 592 3978 seu
613 3916 779 3979 collective
803 3918 1010 3980 consideratae
1032 3920 1204 4000 perfectius
1259 3927 1294 3980 ut
1321 3918 1361 3981 de
1389 3919 1541 3984 exercitio
1569 3930 1745 3983 ceterarum
1778 3920 1983 3984 ecclesiastica·

456 4015 608 4077 oonvenit
631 4034 745 4077 nornen
769 4015 912 4097 ratioque
931 4015 1093 4097 Ecclesiae,
1109 4037 1203 4100 quam
1260 4034 1330 4077 rum
1358 4024 1550 4098 potestatum
1577 4026 1750 4096 taceamus,
1781 4017 1898 4080 suflicit
1920 4017 1983 4078 dare

455 4113 604 4175 Ecclesiae
624 4113 753 4175 divisim
774 4123 922 4195 acceptae,
940 4136 996 4209 mu
1015 4116 1204 4197 cuicumque
1258 4114 1440 4195 exemplum
1463 4116 1503 4177 de
1528 4123 1681 4196 potestate
1705 4114 1905 4179 consecrandi
1928 4132 1984 4175 cor-

456 4210 638 4291 particulari
667 4211 815 4276 Ecclesiae
846 4236 853 4273 :
881 4213 1038 4294 siquidem
1068 4216 1108 4278 de
1135 4215 1201 4291 illa,
1219 4212 1244 4273 b
1259 4232 1319 4293 pus
1334 4213 1513 4291 Christi,vel
1529 4215 1627 4276 altere
1643 4223 1799 4295 potestate
1814 4235 1889 4298 pure
1900 4230 1984 4275 sacra

455 4327 519 4371 non
536 4309 574 4371 de
590 4308 660 4387 ista,
678 4309 863 4373 verificatur
881 4312 1098 4375 indubitanter
1119 4314 1203 4395 quod
1259 4312 1409 4374 mentali:
1424 4313 1573 4394 quoniam
1589 4316 1813 4394 constatquod
1831 4314 1900 4376 talis
1911 4330 1984 4375 erer-

457 4406 600 4469 Eoclcsia
614 4407 731 4469 dicitur
745 4428 814 4470 esse
831 4428 955 4491 semper
971 4410 1003 4473 in
1018 4412 1129 4492 gratia,
1144 4431 1203 4474 nec
1259 4410 1324 4472 ceri
1346 4429 1411 4473 non
1433 4420 1536 4492 potest
1557 4410 1620 4473 nisi
1643 4431 1661 4473 a
1683 4412 1836 4493 singulari
1858 4428 1983 4494 persona.

455 4524 560 4568 errare
585 4506 732 4587 possein
759 4505 834 4569 fide.
863 4508 894 4569 Si
920 4528 995 4589 ergo
1018 4528 1083 4573 non
1108 4511 1200 4592 Papa,

455 4604 510 4666 sed
529 4604 678 4685 generale
698 4606 871 4667 concilium
893 4606 988 4669 babet
1010 4608 1203 4688 jurisdictio
1447 4631 1692 4696 ARTIGULUS
1714 4632 1810 4696 XHL

453 4722 527 4765 nem
543 4722 638 4784 super
653 4704 866 4767 universalem
878 4705 1052 4768 Ecclesiam
1069 4709 1202 4789 conjun-

453 4802 529 4864 ctim
545 4810 720 4882 pensatam,
730 4802 773 4864 ita
787 4804 870 4883 quod
886 4802 1039 4866 dissoluto
1051 4805 1198 4883 eoncili0,

453 4899 644 4962 universalis
660 4901 802 4965 Ecclesia
817 4901 983 4963 collective
1003 4904 1203 4967 considerata

454 4998 582 5081 proprie
602 4998 761 5080 obligatur
782 5000 820 5061 ad
845 5008 959 5063 statuta
979 5009 1010 5063 et
1031 5002 1201 5065 ordinatio-

454 5116 509 5160 nes
531 5098 690 5179 generalis
714 5098 853 5179 concilii,
870 5118 934 5161 non
957 5106 1062 5161 autem
1084 5101 1123 5161 ad
1145 5101 1202 5162 ali·
1335 5101 1556 5164 ULTlPLIGEll
1577 5102 1721 5183 ejusdem
1745 5101 1881 5165 nominis
1897 5096 1980 5180 signi·

454 5214 548 5277 quem
566 5214 733 5274 canonem,
751 5196 853 5277 legem
870 5217 926 5259 seu
941 5197 1199 5261 constitutionem
1348 5198 1532 5263 ficationem
1553 5219 1617 5262 non
1637 5200 1845 5278 attendentes,
1860 5195 1980 5261 multifa-

455 5294 569 5356 summi
589 5293 775 5373 Pontificis;
792 5295 935 5377 sequitur
954 5295 1058 5359 verius
1077 5315 1114 5359 ac
1134 5316 1200 5360 ma·
1256 5297 1302 5361 rie
1318 5298 1525 5379 celeriterque
1539 5297 1693 5361 falluntur
1709 5321 1716 5359 :
1733 5295 1976 5380 quemadmodum

1256 4765 1304 4823 De
1318 4764 1498 4838 multiplici
1510 4764 1692 4838 acceptione
1706 4765 1867 4833 Ecclesiae,
1880 4772 1909 4822 et
1921 4780 1984 4840 quo

1297 4854 1389 4911 modo
1399 4853 1650 4928 inteilipeudacm
1659 4853 1703 4912 sit
1718 4857 1806 4931 quod
1816 4857 1903 4928 Papo
1914 4851 1983 4910 diti·

1297 4950 1355 5001 tur
1365 4959 1503 5017 proeesse
1518 4943 1579 5001 teti
1591 4962 1629 5001 oc
1644 4944 1829 5001 uniuersali
1838 4939 1979 5003 Ecclesia
