4309 6250
446 517 669 565 cantaturam
690 516 944 563 manonracsa.
968 516 996 561 v.
1019 512 1137 571 nanta,
1159 514 1248 560 cmm
1268 514 1312 560 m.
1334 530 1376 543 -·
1398 512 1468 559 aar.
1490 512 1547 559 xus
1711 490 1771 556 123

262 686 440 765 Postremo,
462 696 493 749 et
517 686 601 769 quod
629 686 683 749 tibi
712 684 773 768 ipsi
799 684 970 761 tenebaris,
987 683 1012 747 Α
1028 683 1061 745 in
1077 683 1208 747 caritate
1229 683 1391 760 fundatur,
1407 691 1439 745 et
1459 703 1497 746 ex
1517 680 1688 745 dilectione
1703 696 1775 760 pro-

214 784 283 847 tini
306 785 559 848 moderatissime
582 784 754 865 prebuisti.
778 782 907 864 Corpori
929 790 974 844 et·
1027 782 1123 845 cedit.
1139 783 1223 860 ldeo,
1236 782 1319 844 sicut
1333 781 1564 863 benignissima
1577 780 1667 860 virgo
1680 777 1776 840 ldaria

217 882 313 944 enim
338 902 396 945 suo
424 891 550 945 tenetur
578 882 673 945 bomo
699 880 971 958 sustentationem,
1028 880 1244 963 praecunctis,
1261 880 1436 942 visceribus
1451 878 1591 942 caritatis
1607 877 1774 954 redundat,

216 980 435 1043 directionem
459 989 490 1043 et
513 980 788 1061 gubernationem,
816 988 850 1041 ut
877 978 974 1041 faciat
1028 979 1149 1060 repleta
1170 987 1218 1041 est
1238 987 1270 1040 et
1290 977 1537 1059 superabundat,
1558 977 1603 1038 ita
1623 994 1688 1057 praa
1707 974 1777 1037 uni-

219 1078 308 1140 illud
323 1079 442 1141 servire
462 1078 587 1161 spiritui
602 1100 610 1153 3
627 1079 741 1140 animae
762 1095 889 1159 quoquc
910 1094 973 1138 suae
1028 1077 1131 1139 versis
1153 1076 1451 1139 misericordissima
1473 1076 1708 1157 comprobatur.

219 1186 354 1239 tenetur
367 1197 406 1239 ex
428 1178 549 1239 ratione
571 1177 760 1255 custodiam,
776 1182 809 1238 ct
829 1174 888 1237 sibi
912 1174 973 1256 ipsi
1068 1176 1211 1257 Insuper,
1242 1173 1343 1255 pietas
1372 1192 1410 1236 ex
1442 1172 1583 1236 bonitate
1610 1179 1737 1234 emanat
1766 1194 1773 1232 :

218 1274 435 1337 directionem
459 1274 499 1336 ad
524 1292 630 1336 veram
654 1274 801 1349 salutem,
824 1273 975 1353 quemad·
1029 1274 1148 1335 bonum
1173 1290 1310 1354 namque
1334 1280 1383 1333 est
1406 1271 1455 1333 sui
1479 1270 1578 1353 ipsius
1598 1268 1776 1333 communi-

220 1372 358 1435 modum
380 1371 413 1433 in
434 1372 657 1435 Ecclesiastico
678 1370 780 1433 fertur
803 1394 810 1431 ι
831 1370 912 1432 Deus
934 1369 973 1431 ab
1028 1370 1169 1433 cativum
1192 1389 1230 1432 ac
1255 1368 1455 1432 diffusivum.
1479 1368 1563 1445 ldeo,
1587 1367 1671 1430 sicut
1692 1366 1776 1429 Fons

220 1470 322 1533 initio
336 1469 689 1548 constituit'bominem,
705 1477 737 1530 et
759 1468 886 1549 reliquit
900 1486 973 1529 eum
1029 1467 1165 1531 infinitae
1199 1477 1232 1530 et
1259 1465 1591 1549 incomprehensibilis
1624 1464 1776 1527 bonitatis

221 1568 262 1630 in
294 1586 389 1630 manu
417 1568 544 1631 consilii
574 1568 646 1644 sui3
671 1566 790 1647 adjecit
818 1573 974 1646 praecepta
1029 1585 1119 1629 suam
1133 1563 1375 1628 dilectissimam
1389 1564 1518 1627 llatrem
1534 1583 1598 1627 suaa
1612 1564 1777 1626 immensae

221 1686 286 1727 sua
301 1689 308 1743 ;
325 1666 472 1748 apposuit
495 1665 553 1727 tibi
580 1664 688 1746 ignem
714 1672 744 1727 ct
768 1682 884 1743 aquam
906 1664 974 1725 :ad
1030 1663 1181 1728 bonitatis
1208 1662 1433 1725 liberalissima
1457 1661 1701 1743 participatione
1728 1680 1777 1723 re·

220 1765 315 1843 qnod
330 1764 479 1843 volueris,
497 1762 623 1844 porrige
644 1782 774 1824 manum
790 1770 886 1824 tuam.
904 1760 975 1824 Por·
1032 1763 1141 1847 plevit,
1165 1762 1208 1824 ita
1229 1762 1376 1824 deiformi
1399 1761 1517 1843 pietate
1538 1759 1673 1841 replevit
1693 1779 1777 1822 eam-

221 1881 264 1925 ro
290 1860 552 1943 gratiosissimam
577 1860 704 1923 Mariam
728 1860 795 1921 haec
820 1878 877 1921 sno
907 1878 975 1921 cor·
990 1852 1012 1914 ll
1029 1861 1113 1923 dem.
1136 1860 1209 1922 ldeo
1233 1878 1363 1942 prorsus
1386 1858 1531 1940 piissima
1554 1866 1611 1920 est.
1633 1857 1671 1919 Et
1694 1857 1778 1919 sicut

220 1960 377 2041 pori,suo
393 1958 570 2035 cordi,suaa
585 1976 728 2039 persona
743 1955 974 2039 perfectissime
1030 1958 1093 2021 [leo
1117 1957 1328 2020 essentialiter
1351 1966 1382 2020 et
1403 1955 1778 2037 incircumscriptibiliter

220 2056 422 2138 impendisse
437 2074 502 2118 non
522 2063 647 2137 oportet
665 2056 811 2137 probare,
828 2072 925 2135 quum
942 2054 973 2115 in
1031 2056 1114 2119 bono
1129 2075 1167 2118 ac
1182 2056 1236 2137 pio
1250 2055 1414 2136 proprium
1429 2062 1478 2117 est
1491 2053 1635 2116 misereri
1651 2072 1777 2135 semper

219 2154 479 2237 praestantissimi
496 2162 590 2234 atquo
612 2152 814 2215 mundissimi
830 2150 971 2233 corporis
1029 2162 1060 2217 et
1076 2172 1217 2235 parcere,
1230 2153 1381 2234 quoniam
1395 2171 1434 2214 ex
1448 2172 1482 2215 se
1496 2152 1565 2234 ipso
1579 2152 1611 2214 id
1627 2151 1778 2213 convenit

217 2254 275 2315 sui
302 2252 487 2315 educatione
511 2269 673 2333 nunquam
702 2250 831 2332 aregio
856 2250 972 2312 disces·
1030 2252 1101 2334 ipsi,
1123 2250 1216 2313 irasci
1242 2269 1317 2313 vero
1340 2259 1373 2313 et
1395 2250 1518 2328 ulcisci,
1544 2249 1667 2329 punire,
1690 2251 1778 2311 dam-

218 2350 306 2413 serit
330 2350 391 2429 via,
418 2368 529 2412 versus
554 2348 656 2429 magis
685 2356 739 2410 aut
767 2348 893 2421 minus;
919 2365 974 2409 cor
1030 2371 1117 2429 nare,
1147 2370 1186 2412 ex
1208 2350 1344 2412 aliomm
1372 2348 1598 2430 perversitatc3
1627 2348 1672 2409 sic
1700 2367 1778 2429 prae

218 2466 353 2530 quoque
377 2466 469 2510 suum
492 2446 729 2509 sanctissimum
751 2446 791 2508 ab
812 2445 899 2508 omni
921 2464 975 2507 cu-
1030 2448 1232 2511 stantissimae
1254 2446 1387 2528 Virgini,
1414 2445 1568 2524 misereri,
1594 2445 1776 2525 subvenire,

218 2546 358 2609 stodivit
381 2545 500 2627 jugiter
523 2545 616 2621 labe3
643 2553 674 2606 et
697 2543 852 2626 quidquid
881 2562 973 2605 suum
1031 2547 1196 2628 indulgere
1225 2564 1262 2607 ac
1288 2563 1418 2625 parcere
1442 2544 1606 2625 proprium
1634 2552 1692 2605 est.
1718 2544 1779 2605 lm·

217 2643 237 2706 f
240 2644 302 2720 ait,
323 2662 379 2724 pro
400 2662 457 2705 sua
479 2650 606 2705 strenue
629 2641 706 2705 fecit
727 2640 840 2719 salute,
861 2659 975 2721 coope·
1030 2644 1132 2727 piavit
1149 2643 1298 2725 equidem
1317 2642 1508 2705 excellenter
1525 2643 1611 2723 quod
1637 2642 1779 2704 hortatur

219 2760 303 2805 rans
321 2740 441 2821 gratia.
1031 2743 1199 2823 Apostolus
1230 2764 1237 2803 :
1267 2740 1444 2803 lmitatores
1473 2739 1528 2801 llei
1564 2748 1664 2803 estote
1695 2740 1923 2819 sicutnptma.

266 2839 291 2901 0
318 2837 542 2919 gloriosissima
570 2836 660 2918 virgo
687 2836 793 2915 llaria,
819 2844 971 2917 quantum
1031 2838 1093 2901 filii
1119 2836 1286 2900 carissimi.
1307 2836 1423 2917 Sicque
1448 2836 1517 2916 ipsa
1539 2844 1688 2918 tanquam
1710 2836 1778 2900 filia

219 2940 259 3001 in
282 2938 398 2999 virtute
416 2936 545 3016 justitiae
567 2934 762 3016 resplenduit
783 2934 890 2997 anima
910 2943 972 3009 tua,
1031 2955 1106 2998 vere
1130 2934 1294 2997 carissima
1318 2934 1439 2995 imitata
1467 2942 1515 2996 est
1537 2934 1637 2996 Deum
1662 2934 1695 2995 in
1718 2934 1779 2995 ista

219 3044 259 3097 et
278 3040 430 3115 quantum
453 3051 509 3113 per
526 3051 594 3094 eam
620 3031 765 3113 placuisti
792 3031 951 3093 Altissimo
966 3038 972 3092 t
990 3028 1012 3092 C
1032 3035 1225 3116 proprietate
1252 3031 1449 3112 dignissima,
1479 3032 1513 3093 in
1546 3032 1632 3095 omni
1662 3032 1778 3113 pictate

220 3132 410 3196 Similitudo
431 3148 579 3211 namquo,
601 3129 782 3193 dilectionis
804 3138 852 3192 est
873 3129 973 3204 rati03
1033 3142 1064 3195 et
1083 3131 1310 3194 misericordia.

91 3273 162 3310 ω,
192 3241 261 3300 ,ct
284 3231 324 3291 dc
349 3229 404 3291 illo
429 3228 472 3290 ait
495 3228 656 3309 Scriptura
673 3251 680 3288 ι
697 3227 851 3302 Quoniam
871 3227 976 3308 justus
1073 3229 1226 3310 Denique,
1242 3229 1306 3291 Deo
1328 3228 1502 3309 majestatis
1517 3228 1680 3290 immensae
1698 3227 1778 3291 nihil

222 3327 393 3405 Dominus,
418 3335 451 3389 et
477 3325 617 3406 justitias
646 3325 767 3404 dilexit,
797 3325 975 3406 equitatem
1034 3328 1182 3404 similius,
1204 3327 1284 3389 nibil
1306 3326 1516 3408 propinquius
1537 3345 1633 3407 quam
1657 3327 1781 3389 electis-

221 3426 308 3490 vidit
328 3427 435 3489 vultus
456 3425 537 3506 ejus
553 3423 643 3500 Nam,
660 3431 695 3486 ut
709 3423 803 3485 etiam
818 3423 978 3504 sapientes
1035 3427 1115 3488 sirna
1136 3427 1232 3488 llater
1252 3425 1323 3506 ejus
1344 3424 1451 3487 llaria.
1467 3423 1589 3487 ldcirco
1611 3424 1643 3485 in
1666 3425 1781 3507 pietate

222 3525 326 3605 hujus
342 3524 452 3585 mundi
467 3523 571 3586 testati
594 3530 678 3602 sunt,
694 3521 817 3603 justitia
839 3529 887 3584 est
901 3541 979 3602 prae-
1035 3533 1067 3587 et
1089 3523 1307 3586 misericordia
1330 3531 1379 3584 cst
1402 3523 1466 3584 lleo
1491 3521 1784 3604 incomparabiliter

223 3622 406 3686 clarissima
426 3621 538 3700 virtus,
559 3629 591 3682 et
611 3639 670 3682 nec
693 3619 851 3701 Hesperus
876 3639 979 3702 neque
1035 3641 1100 3704 prae
1115 3619 1502 3684 cunctisconformior.Et
1518 3619 1784 3701 sicutunicuique

221 3719 357 3784 Lucifer
375 3727 424 3782 est
443 3718 486 3780 ita
504 3717 714 3780 admirabilis.
730 3717 764 3779 ln
785 3737 823 3780 ea
841 3737 980 3798 namque
1036 3719 1241 3782 connaturale
1256 3737 1292 3780 ac
1314 3717 1504 3780 delectabile
1523 3725 1572 3780 est
1587 3718 1691 3781 facere
1706 3719 1783 3781 illud

225 3817 354 3880 virtutis
383 3817 534 3898 splendor
557 3825 605 3878 est
629 3815 795 3878 maximus.
824 3814 886 3877 Nec
916 3823 978 3877 tam
1035 3818 1120 3898 quod
1144 3816 1204 3897 ipsi
1227 3824 1276 3878 est
1296 3815 1472 3896 proprium,
1493 3823 1526 3876 et
1545 3816 1583 3877 ad
1605 3815 1688 3896 quod
1711 3834 1787 3879 con-

225 3914 363 3998 pulchre
388 3916 434 3977 sol
460 3912 561 3996 fulget
589 3913 622 3976 in
649 3913 730 3976 coelo
756 3922 791 3975 ut
816 3913 849 3974 in
874 3913 980 3974 anima
1037 3923 1144 3977 naum
1172 3915 1238 3976 sive
1273 3913 1448 3993 ingenitam
1477 3913 1573 3974 habet
1606 3913 1787 3977 inclinatio-

222 4023 283 4076 tua
312 4012 449 4074 radiavit
475 4011 599 4091 justitia
626 4034 632 4074 :
661 4029 730 4092 qua
760 4019 865 4072 tamen
895 4009 980 4072 circa
1038 4031 1133 4089 nem3
1164 4012 1210 4073 sic
1239 4009 1451 4072 serenissimae
1478 4019 1511 4072 et
1543 4010 1671 4091 optimae
1699 4011 1786 4074 llatri

224 4111 390 4194 proximos
417 4109 479 4172 fuit
503 4110 536 4172 in
564 4108 714 4172 omnibus
743 4115 980 4187 contemperata
1037 4109 1191 4191 virgineae
1208 4107 1413 4171 connaturale
1433 4116 1527 4189 atque
1540 4108 1718 4189 jucundum
1739 4118 1788 4172 cst

224 4208 469 4286 misericordia,
494 4208 583 4289 juxta
607 4225 775 4269 censuram
804 4225 878 4268 vere
907 4226 980 4288 pru·
997 4196 1021 4258 D
1038 4207 1161 4269 miseris
1177 4205 1358 4284 subvenire,
1375 4207 1589 4288 pauperrimis
1603 4207 1785 4288 condolere,

225 4305 348 4368 dentis.
1039 4304 1289 4368 misericordiam
1316 4302 1442 4366 cunctis
1471 4305 1510 4366 ad
1540 4323 1574 4366 se
1602 4304 1787 4386 confugien-

1037 4403 1124 4464 tibus
1144 4401 1304 4464 exhibere.

1077 4500 1241 4578 Praeterea,
1272 4498 1526 4579 sapientissimus
1555 4498 1637 4561 lleus
1665 4501 1789 4565 unicui-

426 4567 669 4632 ARTICULUS
693 4567 786 4630 Xffl·
1037 4617 1100 4678 que
1122 4596 1265 4659 infundit
1285 4616 1322 4658 ac
1345 4596 1454 4658 tribuit
1468 4596 1552 4659 dona
1573 4616 1715 4680 perque
1737 4619 1789 4663 ex-

288 4719 335 4776 De
350 4715 579 4775 misericordia
595 4723 626 4773 et
638 4715 760 4790 pietate
772 4713 924 4790 ploriosoe
1038 4703 1100 4758 ⁸1³2
1127 4695 1260 4757 id⁰¹¹0¹¹⁵
1288 4694 1326 4755 ad
1355 4695 1593 4774 0¹⁵0q¹¹0¹¹d¹¹¹¹¹
1622 4715 1716 4759 suum
1741 4699 1789 4760 ⁰f·

540 4805 669 4864 Μανία.
1038 4790 1163 4869 ficium,
1191 4792 1230 4854 ad
1255 4791 1339 4872 quod
1369 4799 1418 4854 est
1446 4791 1600 4855 divinitus
1625 4795 1788 4858 ordinatus

1039 4911 1075 4954 ac
1099 4890 1260 4952 institutus
1279 4913 1286 4950 :
1303 4889 1329 4950 si
1350 4888 1436 4950 enim
1457 4898 1569 4952 natura
1593 4910 1656 4954 non
1679 4893 1789 4956 deficit

300 4995 331 5053 B
350 4991 499 5066 infantia
523 5009 593 5049 mea
617 4993 719 5050 crevit
744 5011 868 5050 merram
893 4992 983 5050 miae·
1038 4989 1070 5050 in
1086 4987 1287 5063 necessariis,
1304 4987 1405 5050 multo
1420 4988 1529 5068 utique
1550 4988 1655 5050 minus
1674 4990 1785 5070 gratia.

314 5091 413 5150 ratio.
430 5086 644 5150 Misericordia
658 5087 759 5150 virtus
775 5096 823 5149 est
837 5107 900 5169 qua
915 5105 982 5169 pro-
1038 5087 1241 5148 benedictam
1277 5103 1352 5147 vero
1386 5085 1695 5168 sincerissimamque
1728 5089 1788 5150 lla-

224 5188 322 5252 ximis
350 5185 560 5250 condolemus
585 5185 617 5246 in
642 5204 750 5248 eorum
777 5185 927 5262 miseriis,
951 5193 983 5246 et
1039 5185 1119 5246 riam
1148 5183 1351 5266 omnipotens
1377 5183 1458 5244 Deus
1483 5183 1523 5244 ab
1550 5192 1668 5246 aterno
1692 5182 1788 5264 elegit

225 5303 395 5370 proposse
411 5282 620 5346 subvenimus
641 5283 772 5346 eisdem.
789 5283 860 5346 llaec
882 5281 981 5345 virtus
1039 5283 1072 5345 in
1107 5289 1241 5344 matrem
1269 5290 1300 5345 et
1333 5281 1530 5358 advocatam,
1561 5281 1593 5342 in
1622 5281 1786 5344 custodem
