4309 6250
454 503 514 571 664
536 523 574 570 llll
595 525 802 574 sterculum
823 525 918 572 suitur
938 523 1106 574 commuta
1127 523 1166 570 ll‘l'
1186 523 1356 570 cautulus
1377 523 1516 582 contult,
1538 523 1626 571 tisun
1646 523 1691 570 111.
1714 541 1755 552 ··
1774 522 1843 570 ΛΒΤ.
1865 521 1955 568 mm

315 713 440 760 ιιι-ιιιιιιιι
456 695 564 777 tioquc
580 695 718 778 sinistra,
735 697 886 781 inprime
902 695 1015 778 scripsi
1035 695 1244 779 opusculo,A
1298 695 1560 776 Praeterea,1uxtu
1575 694 1772 779 Apostolum,
1782 695 1822 759 ab
1835 715 1918 760 omni
1931 713 2078 777 spernat

307 785 435 880 :Qum
436 795 540 875 'quod
557 795 727 858 concilium
744 815 807 860 non
822 805 904 860 erret
921 795 953 856 in
969 795 1068 857 bisin
1089 794 1203 876 quibus
1258 792 1307 856 cie
1333 794 1417 856 mala
1440 804 1489 857 est
1512 793 1748 872 abstinendum,
1767 794 1924 876 potissime
1944 783 2020 855 bisi*

457 892 671 956 conciliariter
684 903 733 957 est
746 895 934 976 procedens,
951 892 1102 955 videlicet
1115 892 1204 973 juxta
1259 891 1313 972 qui
1339 892 1409 954 ideo
1433 900 1508 954 sunt
1529 893 1655 956 collecti
1681 901 1716 954 ut
1740 892 1836 956 totius
1855 892 1984 955 Ecclesia

457 990 592 1053 formam
607 991 793 1073 praefinam
786 1013 818 1055 rn
833 991 976 1074 generali
990 991 1127 1055 concilio
1149 990 1204 1052 ob
1259 988 1477 1052 reformationi
1502 990 1678 1053 intendant.
1694 989 1829 1063 Quum
1821 1010 1854 1052 rn
1877 989 1984 1052 Nicano

457 1090 656 1152 servandam.
673 1089 736 1153 Nec
758 1111 815 1173 per
834 1091 893 1154 boc
914 1089 1076 1152 infirmavi
1097 1097 1204 1151 aucto-
1259 1087 1395 1150 concilio
1408 1088 1539 1168 quidam
1550 1087 1693 1171 episcopi
1709 1087 1912 1170 particulares
1924 1107 1984 1150 suas

457 1188 581 1250 ritatem
604 1189 746 1268 concilii,
762 1209 861 1270 quum
885 1188 979 1251 etiarn
1006 1189 1032 1250 si
1057 1207 1114 1270 per
1137 1187 1205 1250 rio
1259 1204 1370 1248 causas
1393 1187 1572 1249 niterentur
1598 1205 1789 1270 proponere,
1811 1185 1985 1268 sapientissi-

457 1285 589 1349 lentiam
612 1296 667 1350 aut
690 1287 949 1351 informationem
975 1287 1135 1349 sinistram
1164 1286 1202 1347 ad
1257 1303 1327 1346 mus
1343 1284 1747 1365 imperatorGonstantinus
1762 1284 1984 1366 responditpm

457 1385 533 1448 mali
555 1385 675 1466 aliquid
698 1386 884 1465 traheretur,
901 1405 965 1450 non
987 1385 1031 1448 ibi
1054 1384 1204 1447 concilia·
1258 1390 1328 1464 pter
1348 1382 1423 1444 talia
1444 1402 1507 1445 non
1529 1402 1599 1445 esse
1621 1391 1848 1464 congregatum
1872 1381 1984 1445 coucili-

457 1484 534 1546 riter
554 1485 779 1566 procederetur
796 1509 802 1546 :
818 1486 902 1566 quod
924 1492 955 1547 et
979 1503 1062 1565 sape
1088 1483 1204 1565 legitur
1259 1499 1325 1559 um,
1341 1500 1401 1543 nec
1423 1500 1461 1543 ea
1481 1480 1621 1544 admisit.

458 1582 640 1665 contigisse.
657 1583 831 1646 Concilium
851 1584 937 1646 enim
953 1602 971 1647 a
986 1581 1105 1664 Spiritu
1127 1581 1204 1644 San-

457 1690 509 1745 cto
523 1682 617 1744 debet
629 1681 837 1745 directionem
852 1700 979 1764 sperare
995 1688 1026 1743 et
1041 1680 1201 1757 invocare,

457 1779 567 1861 sicque
582 1799 655 1841 curn
670 1780 776 1843 debita
790 1779 935 1843 libertate
954 1779 1151 1842 consulendo
1165 1796 1202 1839 ac
1418 1771 1662 1835 ARTICULUS
1685 1772 1843 1834 XXVIII.

455 1876 640 1940 d0f¹¹¹¹⁰¹¹d⁰
661 1897 700 1958 pr
700 1877 843 1940 ⁰⁰⁰d0l⁰
1221 1877 1244 1938 B
1259 1914 1421 1979 Quomodo
1441 1912 1551 1971 omnia
1571 1913 1664 1969 bonu
1667 1914 1744 1972 Eccl
1745 1913 1819 1970 caica
1836 1912 1899 1970 sint
1914 1931 1984 1969 sum·

404 2010 440 2040 111.
495 1974 647 2038 Praeterea
668 1975 788 2037 dictum
803 1983 851 2038 est
865 1982 1018 2056 quantum
1040 1973 1204 2056 pluralitas
1298 2001 1347 2058 m,-
1367 2001 1552 2076 Pontifici,
1571 2009 1601 2058 ep
1625 2020 1690 2078 qua
1692 2002 1770 2059 citer
1787 2003 1882 2060 ettam
1901 2019 1986 2076 regna

456 2071 693 2156 presidentium
710 2081 813 2149 nocet,
830 2072 1006 2154 praesertim
1025 2073 1101 2134 dum
1121 2091 1204 2134 unus
1299 2089 1626 2164 &imperiumacoer
1628 2109 1686 2148 era
1698 2090 1780 2148 oona
1795 2098 1919 2149 terrem
1931 2089 1985 2146 aar

457 2191 491 2233 se
514 2171 695 2234 intromittit
715 2171 754 2233 dc
774 2190 813 2233 eo
833 2170 917 2251 quod
937 2171 976 2232 ad
991 2170 1089 2232 alium
1110 2171 1206 2250 perti·
1300 2178 1381 2254 ejus.

457 2277 523 2346 net,
545 2269 605 2332 uisi
625 2269 678 2332 ille
698 2269 885 2332 consentiat.
912 2269 992 2330 ilinc
1017 2268 1101 2330 istud
1121 2268 1205 2330 inter

457 2385 617 2430 summum
639 2367 825 2429 Pontificem
848 2375 879 2429 et
900 2366 1072 2429 concilium
1095 2365 1206 2448 displi-
1327 2363 1354 2425 x
1378 2363 1555 2426 Alexandro
1579 2365 1618 2426 dc
1642 2365 1735 2427 llales
1756 2374 1805 2427 cst
1823 2365 2061 2446 allegatummu

457 2465 595 2528 centiam
610 2465 703 2548 parit,
717 2465 742 2527 si
759 2464 931 2528 concilium
947 2466 987 2527 de
1001 2465 1206 2546 quibuscum·
1341 2462 1426 2544 quod
1442 2461 1551 2524 omnia
1566 2463 1649 2526 bona
1662 2462 1813 2525 Ecclesiae
1827 2463 1888 2525 sint
1899 2462 1983 2544 Papa,

457 2583 518 2645 que
547 2583 581 2625 se
612 2564 801 2626 intromittat
830 2564 1035 2644 expediendis
1066 2583 1136 2645 quae
1166 2563 1204 2624 ad
1260 2569 1293 2622 et
1306 2560 1441 2641 accipiat
1461 2560 1535 2622 inde
1554 2568 1710 2641 quantum
1729 2562 1986 2643 vultlnsuperer

457 2663 561 2745 ipsum
578 2661 697 2724 directe
713 2681 776 2725 non
791 2663 961 2744 pertinent.
983 2661 1021 2722 Et
1041 2661 1066 2724 si
1084 2680 1141 2742 pro
1155 2681 1207 2723 en·
1261 2658 1377 2721 Iacobo
1398 2659 1437 2720 de
1457 2658 1613 2739 Voragine
1631 2659 1754 2720 dictum
1773 2668 1830 2737 est,
1846 2660 1923 2741 quod
1943 2659 2055 2720 tta-aa

457 2761 621 2824 cusatione
636 2760 790 2841 allegetur
804 2761 987 2837 necessitas
1000 2779 1064 2822 non
1081 2760 1207 2821 videtur
1262 2765 1329 2818 trus
1355 2757 1517 2838 apostolus
1541 2757 1686 2819 omnium
1712 2777 1822 2839 regum
1842 2767 1925 2820 terra
1945 2777 1987 2818 cx-

458 2857 541 2920 bona
563 2875 633 2938 qum
656 2857 695 2918 ad
718 2857 794 2920 talia
819 2857 994 2938 compulit3
1015 2865 1047 2919 et
1071 2876 1135 2919 uno
1160 2857 1208 2917 iu·
1263 2855 1344 2916 stitit
1357 2855 1519 2936 princeps.
1537 2855 1716 2917 Videndum
1731 2863 1780 2918 est
1793 2875 1865 2936 ergo
1877 2873 1987 2936 quomo

458 2954 667 3017 conveniente
691 2955 775 3032 dato,
804 2955 896 3036 plura
919 2964 1106 3034 sequuntur,
1132 2953 1206 3035 quia
1261 2953 1302 3015 do
1324 2953 1530 3034 intelligenda
1552 2952 1707 3015 sinthac.

309 3053 648 3133 nom.1n,r.(secundum
673 3052 872 3135 Apostolum)
897 3070 966 3133 quae
990 3071 1008 3113 a
1032 3053 1096 3114 Deo
1120 3060 1204 3133 sunt,
1225 3057 1247 3118 C
1302 3050 1409 3133 ltaque
1424 3051 1532 3112 Petrus
1550 3051 1590 3112 de
1609 3050 1730 3114 rilliaco
1750 3051 1831 3115 libro
1848 3051 1987 3114 delicula-

457 3152 602 3214 ordinata
617 3158 700 3213 sunt.
715 3151 805 3213 Teste
820 3168 945 3233 quoque
962 3151 1139 3228 Ambrosio,
1153 3171 1208 3213 nc·
1262 3150 1392 3211 siastioa
1405 3156 1560 3231 potestate
1578 3149 1618 3211 de
1638 3150 1698 3212 ista
1720 3151 1766 3212 sic
1786 3151 1829 3213 ait
1848 3150 1984 3213 materia:

459 3248 518 3312 scit
532 3250 619 3311 tarda
634 3248 801 3311 molimina
815 3248 950 3329 Spiritus
966 3248 1071 3311 Sancti
1094 3250 1205 3330 gratia.
1263 3248 1345 3330 Papa
1365 3256 1414 3310 est
1428 3247 1618 3335 uniuersalis
1632 3248 1842 3330 dispensator,
1857 3258 1986 3331 tanquam

499 3348 807 3410 Hiucllamascenus
831 3346 912 3409 libro
934 3347 1049 3429 primo,
1067 3348 1208 3429 capitulo
1263 3364 1447 3426 supremum
1473 3346 1651 3407 membrum
1679 3345 1840 3428 Ecclesia,
1863 3347 1987 3410 omnium

460 3446 583 3527 quinto,
601 3444 739 3526 probans
753 3445 836 3525 quod
857 3445 964 3527 plures
985 3445 1031 3506 Dii
1052 3466 1121 3508 esse
1143 3465 1208 3508 non
1263 3443 1454 3524 generaliter
1464 3442 1754 3506 ecclesiasticorum
1770 3445 1987 3524 bonorum,tam

461 3542 597 3625 possint,
613 3542 731 3605 effatur
753 3566 759 3605 :
781 3542 920 3616 Qualiter
934 3561 952 3603 a
968 3542 1076 3604 multis
1096 3543 1209 3623 guber·
1263 3541 1476 3623 spiritualium
1494 3561 1589 3622 quarn
1609 3543 1832 3623 temporalium
1849 3568 1856 3604 :
1871 3562 1927 3606 non
1949 3540 1986 3603 sic

460 3640 588 3703 nabitur
620 3640 769 3719 mundus,
799 3648 829 3702 ct
859 3659 922 3703 non
952 3640 1144 3703 dissolvetur
1170 3661 1207 3703 ac
1263 3641 1347 3721 quod
1363 3658 1473 3703 eorum
1494 3639 1534 3702 sit
1552 3640 1711 3720 dominus,
1729 3643 1785 3705 sed
1804 3644 1901 3705 solum
1917 3660 1988 3703 oom-

460 3748 804 3820 corrumpetur,pugna
821 3739 852 3799 in
868 3737 1121 3819 gubernantibus
1138 3759 1209 3801 con·
1263 3738 1402 3800 munitas
1427 3738 1578 3801 Ecclesia
1598 3739 1789 3802 universalis
1814 3750 1861 3803 est
1878 3739 1987 3803 domina

460 3838 617 3900 sideratal
632 3834 821 3899 Differentia
842 3835 928 3907 enim
952 3838 1207 3900 contrarietatem
1263 3855 1300 3898 ac
1322 3836 1530 3918 proprietario
1550 3837 1677 3900 illorum
1700 3838 1855 3901 bonorum
1877 3856 1989 3920 genera

460 3936 592 3999 inducit.
609 3936 651 3998 De
668 3936 726 3997 hoc
741 3935 868 3997 demum
890 3935 924 3997 in
944 3935 1090 4017 originali
1110 3936 1209 3999 histo·
1263 3933 1356 4010 liter3
1373 3942 1405 3996 et
1423 3934 1556 4015 singulae
1574 3936 1820 3999 communitates
1842 3946 1926 4017 atque
1941 3935 1989 3996 Ec-

460 4034 506 4097 ria
531 4034 738 4096 sanctissimae
764 4033 897 4114 virginis
921 4034 1066 4097 llarbarae
1092 4034 1209 4116 legitur
1264 4033 1369 4096 clesiae
1384 4033 1561 4097 dominium
1576 4032 1697 4096 habent
1709 4034 1741 4095 in
1758 4036 1851 4098 bouis
1865 4036 1919 4097 sibi
1932 4053 1988 4095 ror-

459 4132 550 4213 virgo
570 4131 625 4193 illa
644 4138 754 4193 contra
773 4130 956 4193 idololatras
975 4130 1081 4193 taliter
1099 4131 1209 4213 dispu-
1264 4130 1698 4214 respondentibus;personae
1712 4142 1820 4196 autem
1835 4132 1987 4215 singulares

460 4239 542 4292 tasse
560 4254 566 4291 :
583 4230 640 4292 Hic
662 4229 744 4290 Deus
764 4228 850 4291 solus
869 4229 1018 4292 omnibus
1038 4230 1208 4293 desideriis
1224 4233 1248 4294 b
1263 4249 1327 4291 non
1351 4229 1471 4291 habent
1492 4229 1545 4311 jus
1570 4229 1713 4310 dominii,
1740 4232 1797 4293 sed
1820 4232 1872 4313 jus
1897 4228 1986 4293 utendi

460 4337 509 4391 est
522 4327 790 4409 petendus‚quem
805 4326 932 4389 confido
948 4346 1046 4390 unum
1062 4347 1132 4390 esse
1148 4326 1207 4391 bac
1262 4327 1314 4390 vel
1337 4326 1555 4409 dispensandi.
1572 4327 1611 4388 Et
1634 4328 1695 4391 hcc
1716 4330 1839 4392 notavit
1858 4332 1988 4393 iunocen-

459 4426 591 4503 ratione,
617 4424 769 4505 quoniam
797 4425 858 4486 uisi
888 4445 971 4487 unus
1000 4434 1094 4502 esset,
1122 4434 1207 4488 tante
1263 4426 1336 4487 tius,
1368 4426 1446 4488 Hinc
1476 4434 1563 4507 patet
1594 4445 1684 4489 error
1710 4427 1894 4507 dicentium,
1919 4424 1987 4507 quod

460 4542 566 4587 rerum
595 4524 764 4586 concordia
788 4541 853 4585 uon
879 4523 970 4585 foret.
998 4522 1097 4586 Omne
1122 4525 1207 4586 enim
1263 4525 1349 4587 solus
1365 4524 1447 4605 Papa
1460 4524 1556 4586 habet
1568 4524 1622 4606 jus
1642 4525 1692 4586 vel
1713 4526 1890 4590 dominium
1904 4525 1988 4588 inbo

459 4622 543 4703 quod
564 4640 662 4683 unum
683 4629 741 4700 est,
758 4620 788 4682 id
808 4628 857 4683 cst
876 4628 1004 4702 propter
1023 4622 1103 4684 illud
1122 4623 1206 4703 quod
1263 4622 1314 4684 nis
1341 4621 1503 4701 Ecclesia,
1526 4629 1558 4684 et
1582 4640 1646 4684 non
1675 4622 1780 4686 solum
1805 4633 1853 4687 est
1875 4622 1989 4688 admini-

459 4739 560 4783 unum
582 4727 639 4781 est.
656 4720 818 4794 Quomodo
839 4719 955 4782 coelum
977 4729 1118 4783 curreret
1137 4740 1208 4803 per·
1263 4729 1377 4783 strator
1398 4719 1448 4783 rel
1472 4720 1673 4801 dispensator
1691 4721 1881 4785 uniuersalis
1900 4720 1988 4784 lisele

458 4826 555 4902 petua
579 4816 786 4892 volubilitate,
803 4816 864 4877 uisi
889 4824 972 4878 esset
997 4837 1060 4879 una
1083 4819 1209 4880 eadem·
1262 4820 1329 4897 siae,
1347 4820 1401 4881 sed
1422 4819 1578 4882 bonorum
1597 4818 1669 4901 ejus
1689 4838 1786 4882 verus
1806 4821 1940 4884 dominus
1957 4836 1987 4879 ac

459 4938 521 4999 que
550 4916 696 4979 ‘voluntas
723 4915 820 4977 unius
849 4916 1010 4996 creatoris,
1037 4917 1092 4997 qui
1122 4917 1206 4979 idem
1240 4917 1498 5000 proprietarius.
1515 4916 1623 4997 ltaque
1648 4917 1731 4999 Papa
1754 4938 1820 4982 non
1844 4927 1936 5001 potest
1955 4914 1987 4977 ad

459 5015 646 5098 perduraret
667 5020 698 5075 et
718 5012 906 5074 sententiam
927 5032 990 5075 non
1007 5018 1158 5077 mutaretl
1175 5014 1206 5076 Si
1262 5017 1388 5079 libitum
1414 5015 1688 5083 detrahere.boua
1712 5016 1930 5094 Ecclesiarum,
1951 5014 1988 5075 ita

461 5114 546 5177 enim
575 5113 638 5173 duo
663 5112 713 5172 vel
737 5118 801 5171 tres
824 5119 941 5189 essent,
967 5130 1048 5173 unus
1073 5112 1205 5193 diceret,
1261 5115 1345 5195 quod
1370 5112 1524 5196 quidquid
1550 5112 1692 5194 deipsis
1720 5116 1856 5193 ordinet,
1879 5121 1985 5187 teneat3

460 5212 580 5289 Currat,
597 5208 677 5271 alter
698 5217 814 5285 autem,
831 5209 919 5270 Stet:
938 5217 969 5271 et
987 5209 1032 5271 sic
1048 5210 1135 5271 varia
1154 5229 1207 5273 vo
1261 5214 1315 5274 sed
1331 5231 1430 5293 quum
1445 5212 1487 5272 sit
1501 5210 1647 5273 minister
1660 5212 1899 5294 etdispensator
1910 5212 1988 5273 bono

461 5310 565 5373 luntas
587 5306 710 5370 varium
733 5314 857 5389 pareret
877 5307 1031 5371 ordinem.
1261 5330 1331 5373 rum
1347 5309 1596 5387 communitatis,
1613 5309 1647 5371 iu
1662 5327 1726 5390 quo
1741 5312 1907 5394 requiritur
1918 5311 1987 5372 bona
