4309 6250
439 488 500 553 558
533 506 574 553 btt
595 505 806 554 auctentum
827 508 922 555 Sllssl
943 506 1111 556 homicidis
1137 508 1174 553 ET
1195 508 1365 556 annuentis
1393 508 1532 567 cunctati,
1556 511 1643 557 LIBER
1665 511 1686 555 1.
1710 528 1751 537 -
1771 510 1840 555 Ant.
1862 510 1973 568 xx,xx1

440 694 521 757 qnos
541 675 603 759 ipsi
622 677 802 758 jurisdictio
826 679 929 756 detur,
947 697 1003 741 seu
1023 698 1101 741 cura
1123 678 1229 740 ani-A
1247 687 1309 741 tem
1325 680 1434 761 gratie
1448 680 1546 761 gratis
1565 681 1645 742 datar
1664 688 1711 743 est
1730 678 1823 742 bonis
1844 698 1876 741 ac
1896 680 1972 743 malis

441 794 565 838 marum
600 776 817 840 committatur
849 797 868 840 a
902 777 1066 860 superiore
1097 802 1103 840 :
1135 776 1189 859 qni
1247 778 1426 841 eommunis
1454 802 1460 839 :
1488 779 1571 841 unde
1594 786 1626 839 et
1648 778 1743 840 Jndas
1770 776 1903 859 proditor
1923 776 2069 843 initium.

442 873 526 935 sicut
543 875 597 936 dat
615 893 685 937 eam
704 874 860 956 inferiori,
877 876 922 937 sic
943 883 1047 957 potest
1067 876 1097 938 ei
1119 894 1188 937 eam
1246 876 1420 957 apostolus,
1433 884 1464 937 et
1477 876 1604 939 Balaam
1619 876 1737 939 ariolus
1752 875 1814 938 lnit
1827 876 1970 957 propheta.
1991 901 2073 941 um-

442 969 568 1033 aulerre
583 971 616 1033 in
632 980 697 1035 toto
712 980 765 1034 aut
780 972 812 1034 in
829 981 928 1053 parte,
938 992 1034 1035 causa
1049 972 1190 1055 legitima
1247 972 1351 1035 Status
1376 992 1450 1037 vero
1470 974 1580 1056 gratiae
1601 982 1726 1055 gratnm
1748 972 1889 1036 facientis
1909 974 1972 1036 solis
1983 976 2024 1003 ¹¹¹¹*

442 1076 640 1131 occurrente.
1247 1072 1398 1154 competit
1413 1073 1514 1135 bonis.
1525 1072 1607 1155 Ergo
1622 1080 1722 1135 status
1736 1071 1882 1135 Ecclesia
1894 1082 1972 1153 atque

483 1166 654 1247 Postremo,
670 1169 755 1248 quod
774 1168 916 1231 Christus
936 1170 1025 1232 Petro
1050 1168 1191 1251 singula·
1248 1171 1375 1233 concilii
1391 1172 1548 1253 generalis
1565 1172 1652 1234 illam
1668 1170 1923 1253 representantis
1934 1182 1972 1234 est

327 1276 416 1321 natet.
444 1264 521 1327 riter
534 1264 623 1345 dixit,
640 1266 710 1328 Tibi
732 1266 814 1330 daho
834 1266 952 1345 claves,
969 1276 1044 1347 etc,
1060 1287 1124 1330 non
1145 1267 1192 1330 di·
1248 1289 1345 1351 super
1358 1270 1472 1353 Papam
1489 1290 1544 1333 sen
1559 1278 1674 1333 statum
1691 1270 1777 1333 illius
1795 1294 1802 1331 z
1820 1272 1971 1351 praesertim

295 1354 339 1392 ¹¹¹·
356 1342 389 1382 ¹⁹'
444 1363 490 1426 xit
509 1363 588 1425 alios
613 1364 832 1443 excludend03
849 1366 905 1428 sed
931 1366 1049 1429 idcirco
1073 1366 1113 1429 ad
1139 1366 1192 1429 Pe·
1247 1386 1345 1449 quum
1362 1369 1444 1432 duna
1459 1368 1567 1450 gratiae
1589 1370 1686 1451 gratis
1707 1370 1788 1432 datae
1810 1369 1974 1433 ordinentur

445 1471 528 1524 trum
548 1462 662 1525 direxit
680 1482 872 1545 sermonem,
887 1465 964 1545 quia
989 1484 1053 1547 pra)
1078 1465 1192 1527 ceteris
1248 1467 1286 1529 ad
1302 1468 1384 1531 dona
1399 1468 1507 1549 gratiae
1520 1477 1645 1549 gratum
1659 1466 1809 1530 facientis
1831 1467 1903 1531 siout
1921 1488 1975 1529 me-

445 1560 505 1623 luit
523 1561 747 1624 venerabiliter
770 1563 926 1626 Christum
952 1562 1129 1643 confessus,
1146 1562 1194 1625 di·
1247 1565 1334 1627 dium
1350 1573 1382 1629 et
1397 1566 1529 1629 inlerius
1545 1567 1584 1629 ad
1600 1565 1700 1629 linem
1723 1574 1755 1629 et
1777 1566 1815 1628 ad
1838 1567 1973 1648 superius,

323 1684 428 1728 remu.
445 1659 545 1721 cendo
572 1682 579 1720 :
606 1660 650 1722 l'u
676 1680 712 1722 es
735 1660 887 1740 Christus,
910 1662 1009 1723 Filius
1034 1661 1089 1724 liei
1116 1660 1190 1723 vivi.
1249 1673 1283 1726 ut
1304 1664 1439 1729 Thomas
1454 1674 1486 1728 et
1500 1665 1609 1728 Petrus
1623 1666 1663 1727 de
1679 1665 1859 1727 Tarantasin
1879 1685 1911 1727 ac
1929 1665 1977 1728 lto
2097 1682 2098 1701 ²

444 1758 531 1820 Unde
556 1757 675 1821 ibidem
699 1759 744 1821 ait
767 1759 975 1842 Hieronymus
993 1760 1191 1823 :Mercedem
1250 1772 1424 1827 narentura
1446 1762 1622 1826 affirment.
1639 1764 1740 1838 Ouum
1763 1782 1838 1845 ergo
1859 1763 1926 1825 linis
1944 1763 1978 1824 sit

444 1857 558 1939 recipit
571 1877 647 1921 vera
661 1857 832 1922 confessio.
849 1858 955 1923 Nihilo
974 1860 1093 1939 minus,
1110 1858 1193 1921 sicut
1211 1860 1234 1922 B
1251 1863 1450 1944 praestantior
1473 1872 1568 1944 atque
1592 1862 1759 1926 sublimior
1787 1862 1930 1925 ordinatis
1951 1861 1978 1923 in

444 1956 554 2019 Petrus
566 1956 598 2019 id
620 1976 678 2039 pro
698 1957 846 2020 omnibus
866 1958 946 2020 dixit
960 1958 1130 2040 Apostolis,
1147 1957 1193 2020 sic
1251 1962 1368 2041 ipsum,
1383 1961 1525 2024 Ecclesia
1541 1961 1608 2025 sive
1628 1960 1802 2024 concilium
1823 1960 1880 2023 erit
1898 1978 1980 2040 super
2098 2004 2099 2021 t

403 2062 418 2073 “
446 2054 507 2136 ipsi
523 2053 608 2117 lacta
621 2063 669 2118 est
683 2055 738 2120 illa
752 2057 931 2138 promissio,
948 2075 1012 2119 non
1034 2056 1137 2119 solum
1160 2062 1195 2117 ut
1250 2058 1377 2140 Papam.
1393 2096 1434 2105 -
1449 2060 1577 2136 liursuS,
1595 2058 1737 2122 Ecclesia
1758 2058 1804 2120 sic
1819 2057 1980 2121 estconsrr-

447 2154 509 2215 luit
523 2172 659 2235 persona
673 2156 836 2235 certa,sed
850 2164 886 2218 ut
900 2154 961 2218 luit
975 2155 1072 2218 totius
1087 2155 1195 2217 Eccle-
1251 2166 1335 2220 mata
1351 2157 1382 2219 in
1399 2158 1509 2238 gratia,
1526 2159 1611 2239 quod
1633 2176 1738 2219 errare
1761 2155 1980 2236 mortaliterque
2099 2226 2100 2235 ἵ

448 2251 501 2314 siai
519 2271 633 2334 gerens
653 2272 821 2335 personam
844 2262 1136 2336 representansque
1151 2254 1196 2315 vi·
1252 2274 1384 2338 peccare
1399 2275 1462 2318 non
1484 2256 1567 2319 valet
1584 2280 1591 2318 ε
1608 2256 1693 2336 quod
1715 2255 1806 2336 Papae
1828 2273 1887 2317 uon
1907 2272 1981 2316 com-
2099 2316 2100 2323 ,

448 2370 530 2430 cern,
552 2352 818 2432 quemadmodum
838 2352 1043 2433 Augustinus,
1064 2352 1196 2414 Ambro-
1253 2354 1342 2435 petit.
1355 2354 1475 2435 ltaque,
1487 2373 1585 2436 quum
1599 2352 1741 2416 Ecclesia
1755 2353 1798 2415 sit
1812 2352 1981 2415 confirmata

449 2450 527 2527 sius,
552 2450 647 2531 Beda,
672 2452 819 2514 liehanos
843 2471 916 2514 curn
944 2452 1059 2514 ceteris
1088 2450 1196 2513 multis
1253 2452 1285 2513 in
1308 2452 1494 2534 gratianos
1518 2452 1617 2535 possit
1640 2451 1769 2514 deviare
1794 2471 1831 2514 ac
1854 2469 1980 2532 peccare,

449 2550 683 2632 expositoribus
698 2558 926 2614 contestantur.
943 2550 1064 2612 Asserit
1077 2548 1196 2612 etenim
1253 2559 1286 2613 ut
1310 2552 1421 2629 fertur,
1438 2550 1639 2614 concluditur
1662 2551 1746 2632 quod
1772 2550 1884 2632 major,
1901 2547 1983 2611 altior
2100 2546 2101 2607 l

448 2648 645 2729 Augustinus
660 2650 693 2711 in
708 2668 855 2712 sermone
874 2651 914 2713 de
935 2648 1127 2712 beatissimis
1144 2648 1199 2710 Pe·
1253 2657 1346 2729 atque
1368 2648 1527 2730 potentior
1548 2647 1590 2710 sit
1609 2666 1705 2728 qnam
1727 2646 1822 2728 Papa.

301 2769 434 2819 tumus.
450 2754 498 2809 tro
526 2756 558 2810 et
585 2747 680 2811 Paulo
707 2748 860 2829 apostolis
890 2772 897 2810 ε
928 2748 1080 2810 ὓοιηίῐιυε
1108 2746 1197 2808 lesus
1291 2745 1434 2829 insuper,
1460 2746 1541 2828 Papa
1566 2754 1614 2809 est
1638 2745 1785 2807 minister
1809 2765 1863 2809 seu
1887 2762 1984 2807 sertus

450 2846 626 2927 discipulos
641 2866 715 2909 suos
729 2855 802 2910 ante
816 2847 995 2929 passionem
1017 2865 1107 2907 snam
1123 2845 1198 2926 (sio-
1252 2843 1404 2925 filiusque
1418 2845 1579 2923 Ecclesiae,
1597 2853 1628 2907 et
1648 2843 1702 2906 illa
1716 2852 1767 2906 est
1780 2852 1878 2906 mater
1890 2862 1924 2905 ac
1937 2842 1984 2903 do
2101 2886 2102 2891 η

307 2958 435 3007 uetante
451 2954 486 3008 ut
504 2946 618 3026 nostis)
637 2946 745 3028 elegit,
762 2964 843 3027 qnos
862 2953 894 3008 et
914 2944 1027 3009 fratres
1044 2944 1194 3008 vocavit:
1252 2943 1340 3006 mina
1361 2944 1431 3025 ejus
1448 2966 1455 3005 ι
1473 2962 1547 3025 ergo
1562 2952 1610 3005 est
1624 2942 1683 3005 sub
1698 2962 1746 3024 ea,
1763 2950 1794 3005 et
1815 2942 1844 3005 ei
1867 2940 1982 3005 obedire

301 3023 385 3129 sim·
400 3032 435 3069 ¹¹‘
449 3046 533 3108 inter
549 3063 629 3127 quos
648 3045 739 3127 qnasi
758 3044 876 3126 ubique
895 3044 1003 3106 Petrus
1023 3043 1120 3106 totius
1141 3042 1198 3105 Ec·
1214 3045 1236 3109 C
1253 3050 1387 3105 tenetur.
1404 3042 1582 3105 Bernardus
1597 3060 1723 3123 quoque
1743 3041 1824 3105 lihro
1838 3042 1876 3103 de
1889 3038 1985 3103 Consi-

449 3145 555 3208 clesiae
582 3145 725 3227 gestabat
752 3163 930 3227 personam.
957 3143 1087 3225 Propter
1113 3143 1196 3224 quod
1252 3142 1414 3207 donatione
1429 3144 1468 3205 ad
1483 3142 1659 3224 Eugenium
1675 3141 1799 3220 scribit,
1811 3141 1892 3223 quod
1907 3140 1985 3220 Papa
2102 3215 2103 3220 ἵ

448 3244 559 3306 andire
573 3242 688 3305 meruit
706 3266 713 3303 :
731 3242 799 3305 'libi
814 3242 1018 3304 daboclaves
1033 3241 1123 3322 regni
1139 3259 1198 3303 cte
1253 3260 1317 3304 non
1332 3241 1483 3323 competit
1496 3259 1566 3303 esse
1580 3241 1746 3304 dominum
1767 3239 1923 3316 Ecclesia,
1938 3236 1985 3298 sed
2102 3239 2103 3244 ’

449 3342 564 3405 lorum.
582 3340 664 3415 Quas
678 3341 784 3404 claves
799 3340 854 3403 ille
869 3359 933 3402 non
948 3347 983 3401 ut
997 3358 1080 3401 unus
1103 3338 1198 3402 homo
1253 3339 1443 3403 ministrum.
1460 3339 1574 3421 Sicque
1590 3339 1780 3422 relinquitur
1794 3339 1875 3420 quod
1890 3336 1988 3400 Eccle-

450 3442 506 3504 sed
527 3440 633 3501 unitas
654 3439 805 3502 Ecclesia
827 3439 961 3521 accepit.
1253 3438 1301 3500 sia
1329 3439 1370 3500 sit
1398 3437 1527 3502 domina
1555 3438 1637 3520 ejus,
1665 3457 1729 3502 non
1758 3437 1826 3519 ipse
1853 3435 1986 3500 dominus

1254 3538 1351 3615 illius,
1368 3539 1423 3601 sed
1445 3557 1566 3600 servus.
1584 3537 1713 3618 Propter
1733 3537 1817 3618 quod
1840 3535 1870 3597 S.
1885 3534 1987 3613 urago

1254 3634 1321 3697 rius
1337 3635 1462 3716 scripsit
1476 3654 1510 3697 se
1525 3653 1652 3698 servum
1667 3653 1830 3698 servorum
1850 3632 1913 3694 Dei.
1928 3631 1989 3691 Ser-

652 3731 897 3796 ARTICULUS
917 3731 994 3795 XX.
1255 3753 1294 3797 vo
1318 3741 1424 3796 antem
1446 3733 1598 3815 competit
1617 3733 1754 3796 dominae
1774 3751 1838 3794 suae
1857 3727 1985 3803 obedire,

448 3877 496 3936 De
516 3873 701 3932 rationibus
715 3880 852 3948 propter
872 3891 953 3950 quaa
974 3871 1109 3949 quidam
1122 3870 1198 3946 jam

489 3962 643 4038 temporis
657 3970 808 4020 asserunt
828 3961 1002 4019 concilium
1021 3979 1086 4018 esse
1101 3977 1200 4034 super

1254 3843 1319 3895 n'on
1349 3831 1419 3894 vice
1447 3849 1548 3894 versa.
1575 3830 1812 3908 -Postremo,
1843 3829 1922 3910 Papa
1948 3831 1989 3887 est

1254 3939 1383 4014 propter
1417 3929 1604 4007 Ecclesiam,
1636 3937 1786 4011 tanquam
1815 3927 1928 3990 relatus
1958 3941 1988 3984 ac

488 4054 665 4126 Papam,et
679 4053 719 4109 de
734 4052 826 4110 modo
841 4051 996 4128 loquendi
1009 4051 1198 4127 aliquorum
1254 4029 1415 4094 ordinatus
1440 4029 1479 4091 ad
1505 4028 1624 4090 honum
1650 4027 1748 4106 illins,
1773 4043 1836 4090 non
1860 4019 1990 4088 Ecclesia

490 4141 527 4199 in
543 4142 607 4199 ista
624 4141 775 4199 materia.

512 4325 688 4391 ONClLlUld
712 4345 782 4388 esse
807 4344 902 4408 super
924 4325 1041 4408 Papam
1069 4322 1198 4405 quidam

525 4444 611 4488 nunc
627 4424 731 4487 taliter
750 4431 1011 4506 argumentantur
1027 4447 1034 4485 :
1051 4423 1127 4486 'lota
1142 4420 1199 4483 Ec-

1255 4134 1383 4210 propter
1404 4127 1531 4208 Papam.

1437 4385 1684 4452 ARTICULUS
1709 4384 1802 4448 XXI.

450 4524 548 4588 clesia
562 4532 610 4586 est
630 4543 730 4586 unum
751 4522 919 4604 mysticum
941 4540 1068 4603 corpuS,
1087 4539 1200 4584 secun·
1255 4528 1383 4590 Solatia
1398 4527 1465 4586 sice
1483 4525 1641 4585 discussio
1663 4525 1828 4585 rationum
1846 4525 1990 4585 istarum.

450 4625 527 4688 dum
541 4621 719 4686 doctrinam
735 4620 887 4703 Apostoli,
898 4629 931 4683 et
943 4621 1040 4702 hujus
1055 4618 1198 4702 corporis

451 4731 548 4804 caput
561 4721 718 4784 vicarium
739 4741 776 4783 ac
796 4719 1002 4782 ministeriale
1022 4739 1079 4781 sen
1100 4737 1199 4781 mem·

450 4822 544 4885 hrum
563 4829 612 4883 est
629 4819 711 4901 Papa
728 4843 735 4880 :
753 4819 931 4880 membrum
953 4835 1029 4881 vero
1053 4825 1102 4880 est
1126 4835 1198 4899 pars

1326 4711 1487 4776 ATIONES
1502 4711 1709 4794 praecedentis
1725 4711 1850 4775 articuli
1866 4713 1992 4775 breviter

1341 4820 1443 4890 uctae,
1473 4810 1644 4893 diligenter
1677 4819 1750 4873 suut
1783 4811 1990 4886 discutienda,

451 4919 569 4997 totius;
585 4937 657 5000 pars
673 4925 779 4980 antem
795 4935 859 4980 non
881 4925 929 4978 est
944 4916 1047 4998 maior
1060 4934 1118 4978 suo
1135 4923 1199 4978 toto
1255 4912 1414 4978 solvendae
1436 4918 1490 4974 aut
1510 4909 1719 4974 declarandae.

451 5038 512 5083 nec
533 5037 631 5100 super
650 5017 741 5080 illud.

1294 5012 1340 5074 Ad
1371 5011 1510 5092 primurn
1538 5025 1613 5089 ergo
1642 5015 1867 5089 argumentum
1895 5007 1992 5069 dicen·

490 5117 654 5194 Praeterea,
671 5123 770 5177 status
792 5120 926 5195 papatus
944 5120 993 5174 est
1011 5118 1111 5173 status
1130 5129 1201 5193 gra·
1254 5112 1341 5190 dum,
1358 5108 1443 5190 quod
1464 5126 1537 5190 pars
1557 5124 1622 5169 non
1647 5113 1696 5168 est
1719 5114 1754 5168 nt
1778 5125 1851 5187 pers
1876 5105 1991 5186 dignior

450 5215 502 5279 tiae
523 5214 620 5297 gratis
639 5213 740 5291 datae3
757 5219 856 5274 status
880 5227 955 5272 vero
979 5209 1129 5272 Ecclesia
1152 5219 1200 5273 est
1255 5227 1312 5271 suo
1327 5215 1403 5286 toto,
1420 5204 1612 5268 includendo
1632 5211 1754 5285 partem
1774 5204 1808 5266 in
1831 5222 1889 5267 suo
1910 5210 1988 5266 toto:

330 5398 337 5408 ι
451 5323 551 5378 status
568 5313 676 5396 gratiae
693 5319 818 5395 gratum
840 5307 998 5371 incientis.
1016 5308 1120 5370 Status
1144 5327 1199 5371 au·
1253 5307 1328 5391 quia
1343 5305 1389 5368 sic
1404 5323 1478 5389 pars
1494 5311 1577 5366 esset
1598 5302 1700 5384 maJ'or
1719 5319 1753 5364 se
1772 5301 1852 5385 ipsa.
1869 5301 1933 5365 lmo
1951 5298 1990 5362 sio
