<?xml version="1.0" encoding="UTF-8"?>
<!DOCTYPE html PUBLIC "-//W3C//DTD XHTML 1.0 Transitional//EN"
    "http://www.w3.org/TR/xhtml1/DTD/xhtml1-transitional.dtd">
<html xmlns="http://www.w3.org/1999/xhtml" xml:lang="en" lang="en">
 <head>
  <title>
</title>
<meta http-equiv="Content-Type" content="text/html;charset=utf-8" />
  <meta name='ocr-system' content='tesseract 3.04.00' />
  <meta name='ocr-capabilities' content='ocr_page ocr_carea ocr_par ocr_line ocrx_word'/>
</head>
<body>
  <div class='ocr_page' id='page_1' title='image "./doctorisecstati03unkngoog_0072.png"; bbox 0 0 4309 6250; ppageno 0'>
   <div class='ocr_carea' id='block_1_1' title="bbox 409 473 1751 546">
    <p class='ocr_par' dir='ltr' id='par_1_1' title="bbox 409 473 1751 546">
     <span class='ocr_line' id='line_1_1' title="bbox 409 473 1751 546; baseline -0.007 -8"><span class='ocrx_word' id='word_1_1' title='bbox 409 473 449 538; x_wconf 64' lang='lat'><strong>64</strong></span> <span class='ocrx_word' id='word_1_2' title='bbox 617 487 658 536; x_wconf 72' lang='lat' dir='ltr'><strong>nh</strong></span> <span class='ocrx_word' id='word_1_3' title='bbox 679 485 844 535; x_wconf 70' lang='lat' dir='ltr'><strong>aldulmo</strong></span> <span class='ocrx_word' id='word_1_4' title='bbox 865 485 902 530; x_wconf 72' lang='grc' dir='ltr'><strong>ΕΤ</strong></span> <span class='ocrx_word' id='word_1_5' title='bbox 922 482 1071 530; x_wconf 69' lang='lat' dir='ltr'><strong>nicolaus</strong></span> <span class='ocrx_word' id='word_1_6' title='bbox 1092 482 1122 527; x_wconf 81' lang='lat' dir='ltr'><strong>B·</strong></span> <span class='ocrx_word' id='word_1_7' title='bbox 1146 481 1175 526; x_wconf 81' lang='lat' dir='ltr'><strong>V.</strong></span> <span class='ocrx_word' id='word_1_8' title='bbox 1197 481 1315 540; x_wconf 64' lang='grc' dir='ltr'><strong>ΚΑΜ,</strong></span> <span class='ocrx_word' id='word_1_9' title='bbox 1337 481 1424 528; x_wconf 77' lang='lat' dir='ltr'><strong>LlBER</strong></span> <span class='ocrx_word' id='word_1_10' title='bbox 1445 483 1466 528; x_wconf 88' lang='lat'><strong>1.</strong></span> <span class='ocrx_word' id='word_1_11' title='bbox 1488 499 1530 513; x_wconf 92' lang='lat'><strong>··</strong></span> <span class='ocrx_word' id='word_1_12' title='bbox 1550 482 1619 528; x_wconf 74' lang='lat' dir='ltr'><strong>ARV.</strong></span> <span class='ocrx_word' id='word_1_13' title='bbox 1642 482 1751 546; x_wconf 78' lang='lat' dir='ltr'><strong>mvn</strong></span> 
     </span>
    </p>
   </div>
   <div class='ocr_carea' id='block_1_2' title="bbox 408 649 1965 2305">
    <p class='ocr_par' dir='ltr' id='par_1_2' title="bbox 408 649 1965 2305">
     <span class='ocr_line' id='line_1_2' title="bbox 410 649 1963 741; baseline -0.006 -18"><span class='ocrx_word' id='word_1_14' title='bbox 410 658 494 723; x_wconf 83' lang='lat' dir='ltr'><strong>facie</strong></span> <span class='ocrx_word' id='word_1_15' title='bbox 518 657 703 741; x_wconf 78' lang='lat' dir='ltr'>apparebat,</span> <span class='ocrx_word' id='word_1_16' title='bbox 719 662 814 736; x_wconf 89' lang='lat' dir='ltr'><strong>atquc</strong></span> <span class='ocrx_word' id='word_1_17' title='bbox 838 657 887 733; x_wconf 87' lang='lat' dir='ltr'><strong>(ut</strong></span> <span class='ocrx_word' id='word_1_18' title='bbox 906 651 1035 734; x_wconf 92' lang='lat' dir='ltr'><strong>quidam</strong></span> <span class='ocrx_word' id='word_1_19' title='bbox 1061 649 1158 712; x_wconf 88' lang='lat' dir='ltr'><strong>ctiam</strong></span> <span class='ocrx_word' id='word_1_20' title='bbox 1172 652 1198 712; x_wconf 83' lang='grc' dir='ltr'><strong>Α</strong></span> <span class='ocrx_word' id='word_1_21' title='bbox 1213 650 1409 728; x_wconf 80' lang='lat' dir='ltr'><strong>Ambrosius,</strong></span> <span class='ocrx_word' id='word_1_22' title='bbox 1436 651 1768 732; x_wconf 87' lang='lat' dir='ltr'><strong>incomprehensibilis</strong></span> <span class='ocrx_word' id='word_1_23' title='bbox 1790 651 1890 715; x_wconf 83' lang='lat' dir='ltr'><strong>Filius</strong></span> <span class='ocrx_word' id='word_1_24' title='bbox 1913 651 1963 715; x_wconf 92' lang='lat' dir='ltr'><strong>in-</strong></span> 
     </span>
     <span class='ocr_line' id='line_1_3' title="bbox 411 745 1938 838; baseline -0.005 -20"><span class='ocrx_word' id='word_1_25' title='bbox 411 755 518 838; x_wconf 88' lang='lat' dir='ltr'><strong>magni</strong></span> <span class='ocrx_word' id='word_1_26' title='bbox 542 755 655 818; x_wconf 91' lang='lat' dir='ltr'><strong>dicunt</strong></span> <span class='ocrx_word' id='word_1_27' title='bbox 677 753 834 830; x_wconf 91' lang='lat' dir='ltr'><strong>doctores)</strong></span> <span class='ocrx_word' id='word_1_28' title='bbox 860 747 1029 814; x_wconf 76' lang='lat' dir='ltr'><strong>visibiliter</strong></span> <span class='ocrx_word' id='word_1_29' title='bbox 1058 745 1159 808; x_wconf 89' lang='lat' dir='ltr'><strong>radia·</strong></span> <span class='ocrx_word' id='word_1_30' title='bbox 1214 748 1547 830; x_wconf 77' lang='lat' dir='ltr'><strong>comprehensibiliter</strong></span> <span class='ocrx_word' id='word_1_31' title='bbox 1566 751 1757 830; x_wconf 80' lang='lat' dir='ltr'><strong>operabatur</strong></span> <span class='ocrx_word' id='word_1_32' title='bbox 1777 751 1811 812; x_wconf 92' lang='lat' dir='ltr'><strong>in</strong></span> <span class='ocrx_word' id='word_1_33' title='bbox 1832 751 1938 813; x_wconf 86' lang='lat' dir='ltr'><strong>llatre.</strong></span> 
     </span>
     <span class='ocr_line' id='line_1_4' title="bbox 411 844 1964 927; baseline -0.005 -11"><span class='ocrx_word' id='word_1_34' title='bbox 411 853 474 916; x_wconf 90' lang='lat' dir='ltr'><strong>bat.</strong></span> <span class='ocrx_word' id='word_1_35' title='bbox 493 854 718 915; x_wconf 85' lang='lat' dir='ltr'><strong>Verumtamen</strong></span> <span class='ocrx_word' id='word_1_36' title='bbox 734 846 951 911; x_wconf 87' lang='lat' dir='ltr'><strong>moderatibne</strong></span> <span class='ocrx_word' id='word_1_37' title='bbox 966 844 1073 908; x_wconf 92' lang='lat' dir='ltr'><strong>divina</strong></span> <span class='ocrx_word' id='word_1_38' title='bbox 1089 862 1159 905; x_wconf 90' lang='lat' dir='ltr'><strong>reor</strong></span> <span class='ocrx_word' id='word_1_39' title='bbox 1253 844 1408 926; x_wconf 86' lang='lat' dir='ltr'><strong>Amplius,</strong></span> <span class='ocrx_word' id='word_1_40' title='bbox 1437 854 1618 927; x_wconf 80' lang='lat' dir='ltr'><strong>praetactam</strong></span> <span class='ocrx_word' id='word_1_41' title='bbox 1651 848 1734 910; x_wconf 92' lang='lat' dir='ltr'><strong>hanc</strong></span> <span class='ocrx_word' id='word_1_42' title='bbox 1762 846 1964 910; x_wconf 90' lang='lat' dir='ltr'><strong>luminosita-</strong></span> 
     </span>
     <span class='ocr_line' id='line_1_5' title="bbox 411 943 1964 1028; baseline -0.003 -15"><span class='ocrx_word' id='word_1_43' title='bbox 411 949 619 1014; x_wconf 88' lang='lat' dir='ltr'><strong>radiationem</strong></span> <span class='ocrx_word' id='word_1_44' title='bbox 649 944 831 1028; x_wconf 85' lang='lat' dir='ltr'><strong>hujusmodi</strong></span> <span class='ocrx_word' id='word_1_45' title='bbox 868 943 967 1005; x_wconf 88' lang='lat' dir='ltr'><strong>luisse</strong></span> <span class='ocrx_word' id='word_1_46' title='bbox 1004 951 1160 1022; x_wconf 89' lang='lat' dir='ltr'><strong>tempera·</strong></span> <span class='ocrx_word' id='word_1_47' title='bbox 1213 951 1277 1005; x_wconf 91' lang='lat' dir='ltr'><strong>tem</strong></span> <span class='ocrx_word' id='word_1_48' title='bbox 1301 963 1338 1006; x_wconf 88' lang='lat' dir='ltr'><strong>ac</strong></span> <span class='ocrx_word' id='word_1_49' title='bbox 1361 944 1568 1006; x_wconf 90' lang='lat' dir='ltr'><strong>redolentiam</strong></span> <span class='ocrx_word' id='word_1_50' title='bbox 1593 945 1746 1027; x_wconf 77' lang='lat' dir='ltr'><strong>virgineae</strong></span> <span class='ocrx_word' id='word_1_51' title='bbox 1767 945 1873 1009; x_wconf 88' lang='lat' dir='ltr'><strong>carnis</strong></span> <span class='ocrx_word' id='word_1_52' title='bbox 1895 945 1964 1026; x_wconf 93' lang='lat' dir='ltr'><strong>glo-</strong></span> 
     </span>
     <span class='ocr_line' id='line_1_6' title="bbox 410 1040 1963 1127; baseline -0.004 -16"><span class='ocrx_word' id='word_1_53' title='bbox 410 1057 487 1127; x_wconf 86' lang='lat' dir='ltr'><strong>tam,</strong></span> <span class='ocrx_word' id='word_1_54' title='bbox 503 1055 539 1110; x_wconf 90' lang='lat' dir='ltr'><strong>ut</strong></span> <span class='ocrx_word' id='word_1_55' title='bbox 553 1043 787 1110; x_wconf 88' lang='lat' dir='ltr'><strong>conversationi</strong></span> <span class='ocrx_word' id='word_1_56' title='bbox 805 1041 972 1104; x_wconf 92' lang='lat' dir='ltr'><strong>hominum</strong></span> <span class='ocrx_word' id='word_1_57' title='bbox 988 1047 1071 1102; x_wconf 89' lang='lat' dir='ltr'><strong>esset</strong></span> <span class='ocrx_word' id='word_1_58' title='bbox 1087 1057 1159 1121; x_wconf 86' lang='lat' dir='ltr'><strong>por·</strong></span> <span class='ocrx_word' id='word_1_59' title='bbox 1213 1040 1305 1104; x_wconf 76' lang='lat' dir='ltr'><strong>riosae</strong></span> <span class='ocrx_word' id='word_1_60' title='bbox 1328 1040 1443 1120; x_wconf 79' lang='lat' dir='ltr'><strong>Mariae,</strong></span> <span class='ocrx_word' id='word_1_61' title='bbox 1469 1049 1541 1123; x_wconf 91' lang='lat' dir='ltr'><strong>post</strong></span> <span class='ocrx_word' id='word_1_62' title='bbox 1564 1042 1636 1103; x_wconf 88' lang='lat' dir='ltr'><strong>Filii</strong></span> <span class='ocrx_word' id='word_1_63' title='bbox 1661 1043 1710 1106; x_wconf 91' lang='lat' dir='ltr'><strong>sui</strong></span> <span class='ocrx_word' id='word_1_64' title='bbox 1739 1043 1963 1108; x_wconf 85' lang='lat' dir='ltr'><strong>ascensionem</strong></span> 
     </span>
     <span class='ocr_line' id='line_1_7' title="bbox 410 1138 1963 1226; baseline -0.003 -18"><span class='ocrx_word' id='word_1_65' title='bbox 410 1147 526 1226; x_wconf 90' lang='lat' dir='ltr'><strong>tabilis,</strong></span> <span class='ocrx_word' id='word_1_66' title='bbox 544 1153 576 1208; x_wconf 92' lang='lat' dir='ltr'><strong>et</strong></span> <span class='ocrx_word' id='word_1_67' title='bbox 594 1163 633 1206; x_wconf 91' lang='lat' dir='ltr'><strong>ne</strong></span> <span class='ocrx_word' id='word_1_68' title='bbox 649 1140 836 1206; x_wconf 83' lang='lat' dir='ltr'><strong>excellentia</strong></span> <span class='ocrx_word' id='word_1_69' title='bbox 855 1139 926 1220; x_wconf 83' lang='lat' dir='ltr'><strong>ejus</strong></span> <span class='ocrx_word' id='word_1_70' title='bbox 945 1146 1018 1200; x_wconf 91' lang='lat' dir='ltr'><strong>ante</strong></span> <span class='ocrx_word' id='word_1_71' title='bbox 1037 1147 1157 1218; x_wconf 90' lang='lat' dir='ltr'><strong>tempus</strong></span> <span class='ocrx_word' id='word_1_72' title='bbox 1213 1146 1245 1200; x_wconf 90' lang='lat' dir='ltr'><strong>et</strong></span> <span class='ocrx_word' id='word_1_73' title='bbox 1260 1139 1366 1200; x_wconf 86' lang='lat' dir='ltr'><strong>Sancti</strong></span> <span class='ocrx_word' id='word_1_74' title='bbox 1381 1138 1515 1221; x_wconf 87' lang='lat' dir='ltr'><strong>Spiritus</strong></span> <span class='ocrx_word' id='word_1_75' title='bbox 1530 1140 1716 1203; x_wconf 89' lang='lat' dir='ltr'><strong>missionem</strong></span> <span class='ocrx_word' id='word_1_76' title='bbox 1735 1150 1845 1205; x_wconf 88' lang='lat' dir='ltr'><strong>auctas</strong></span> <span class='ocrx_word' id='word_1_77' title='bbox 1860 1141 1963 1204; x_wconf 90' lang='lat' dir='ltr'><strong>luisse</strong></span> 
     </span>
     <span class='ocr_line' id='line_1_8' title="bbox 409 1235 1963 1329; baseline -0.005 -19"><span class='ocrx_word' id='word_1_78' title='bbox 409 1253 625 1329; x_wconf 88' lang='lat' dir='ltr'><strong>opportunum</strong></span> <span class='ocrx_word' id='word_1_79' title='bbox 647 1240 782 1303; x_wconf 91' lang='lat' dir='ltr'><strong>nimium</strong></span> <span class='ocrx_word' id='word_1_80' title='bbox 805 1238 1007 1320; x_wconf 89' lang='lat' dir='ltr'><strong>panderetur.</strong></span> <span class='ocrx_word' id='word_1_81' title='bbox 1213 1235 1356 1316; x_wconf 92' lang='lat' dir='ltr'><strong>opinor:</strong></span> <span class='ocrx_word' id='word_1_82' title='bbox 1379 1243 1535 1317; x_wconf 89' lang='lat' dir='ltr'><strong>quatenus</strong></span> <span class='ocrx_word' id='word_1_83' title='bbox 1560 1235 1639 1300; x_wconf 82' lang='lat' dir='ltr'><strong>Vilio</strong></span> <span class='ocrx_word' id='word_1_84' title='bbox 1663 1238 1759 1319; x_wconf 90' lang='lat' dir='ltr'><strong>plene</strong></span> <span class='ocrx_word' id='word_1_85' title='bbox 1782 1237 1963 1321; x_wconf 78' lang='lat' dir='ltr'><strong>glorificato</strong></span> 
     </span>
     <span class='ocr_line' id='line_1_9' title="bbox 449 1333 1964 1424; baseline -0.006 -18"><span class='ocrx_word' id='word_1_86' title='bbox 449 1344 603 1424; x_wconf 78' lang='lat' dir='ltr'><strong>lienique,</strong></span> <span class='ocrx_word' id='word_1_87' title='bbox 625 1341 663 1402; x_wconf 90' lang='lat' dir='ltr'><strong>de</strong></span> <span class='ocrx_word' id='word_1_88' title='bbox 688 1337 796 1401; x_wconf 88' lang='lat' dir='ltr'><strong>multis</strong></span> <span class='ocrx_word' id='word_1_89' title='bbox 821 1336 940 1399; x_wconf 90' lang='lat' dir='ltr'><strong>sanctis</strong></span> <span class='ocrx_word' id='word_1_90' title='bbox 965 1334 1081 1416; x_wconf 92' lang='lat' dir='ltr'><strong>legitur</strong></span> <span class='ocrx_word' id='word_1_91' title='bbox 1103 1334 1159 1396; x_wconf 91' lang='lat' dir='ltr'><strong>Pa·</strong></span> <span class='ocrx_word' id='word_1_92' title='bbox 1214 1333 1246 1394; x_wconf 92' lang='lat' dir='ltr'><strong>in</strong></span> <span class='ocrx_word' id='word_1_93' title='bbox 1273 1333 1375 1413; x_wconf 82' lang='lat' dir='ltr'><strong>coelis,</strong></span> <span class='ocrx_word' id='word_1_94' title='bbox 1400 1333 1497 1396; x_wconf 84' lang='lat' dir='ltr'><strong>Mater</strong></span> <span class='ocrx_word' id='word_1_95' title='bbox 1520 1353 1646 1416; x_wconf 91' lang='lat' dir='ltr'><strong>quoque</strong></span> <span class='ocrx_word' id='word_1_96' title='bbox 1675 1336 1841 1400; x_wconf 77' lang='lat' dir='ltr'><strong>munditiae</strong></span> <span class='ocrx_word' id='word_1_97' title='bbox 1869 1337 1964 1399; x_wconf 90' lang='lat' dir='ltr'><strong>clari·</strong></span> 
     </span>
     <span class='ocr_line' id='line_1_10' title="bbox 409 1432 1964 1522; baseline -0.006 -15"><span class='ocrx_word' id='word_1_98' title='bbox 409 1443 523 1520; x_wconf 90' lang='lat' dir='ltr'><strong>tribus,</strong></span> <span class='ocrx_word' id='word_1_99' title='bbox 539 1440 625 1522; x_wconf 93' lang='lat' dir='ltr'><strong>quod</strong></span> <span class='ocrx_word' id='word_1_100' title='bbox 646 1437 770 1499; x_wconf 87' lang='lat' dir='ltr'><strong>vultum</strong></span> <span class='ocrx_word' id='word_1_101' title='bbox 789 1433 1028 1518; x_wconf 77' lang='lat' dir='ltr'><strong>praetendebant</strong></span> <span class='ocrx_word' id='word_1_102' title='bbox 1046 1451 1082 1494; x_wconf 89' lang='lat' dir='ltr'><strong>ac</strong></span> <span class='ocrx_word' id='word_1_103' title='bbox 1105 1433 1159 1494; x_wconf 87' lang='lat' dir='ltr'><strong>dc-</strong></span> <span class='ocrx_word' id='word_1_104' title='bbox 1214 1432 1395 1496; x_wconf 89' lang='lat' dir='ltr'><strong>licationem</strong></span> <span class='ocrx_word' id='word_1_105' title='bbox 1419 1433 1589 1513; x_wconf 88' lang='lat' dir='ltr'><strong>qnamdam</strong></span> <span class='ocrx_word' id='word_1_106' title='bbox 1614 1434 1768 1514; x_wconf 93' lang='lat' dir='ltr'><strong>paulatim</strong></span> <span class='ocrx_word' id='word_1_107' title='bbox 1797 1435 1964 1498; x_wconf 90' lang='lat' dir='ltr'><strong>sortiretur</strong></span> 
     </span>
     <span class='ocr_line' id='line_1_11' title="bbox 408 1529 1963 1620; baseline -0.007 -15"><span class='ocrx_word' id='word_1_108' title='bbox 408 1541 556 1605; x_wconf 80' lang='lat' dir='ltr'><strong>terebant</strong></span> <span class='ocrx_word' id='word_1_109' title='bbox 574 1536 766 1620; x_wconf 90' lang='lat' dir='ltr'><strong>angelicum,</strong></span> <span class='ocrx_word' id='word_1_110' title='bbox 783 1541 814 1596; x_wconf 89' lang='lat' dir='ltr'><strong>et</strong></span> <span class='ocrx_word' id='word_1_111' title='bbox 834 1532 1001 1614; x_wconf 90' lang='lat' dir='ltr'><strong>splendida</strong></span> <span class='ocrx_word' id='word_1_112' title='bbox 1020 1533 1157 1613; x_wconf 87' lang='lat' dir='ltr'><strong>quadarn</strong></span> <span class='ocrx_word' id='word_1_113' title='bbox 1215 1530 1248 1592; x_wconf 93' lang='lat' dir='ltr'><strong>in</strong></span> <span class='ocrx_word' id='word_1_114' title='bbox 1277 1529 1380 1608; x_wconf 89' lang='lat' dir='ltr'><strong>terris,</strong></span> <span class='ocrx_word' id='word_1_115' title='bbox 1411 1538 1444 1592; x_wconf 90' lang='lat' dir='ltr'><strong>et</strong></span> <span class='ocrx_word' id='word_1_116' title='bbox 1471 1529 1646 1593; x_wconf 84' lang='lat' dir='ltr'><strong>sanctitatis</strong></span> <span class='ocrx_word' id='word_1_117' title='bbox 1674 1532 1746 1613; x_wconf 84' lang='lat' dir='ltr'><strong>ejus</strong></span> <span class='ocrx_word' id='word_1_118' title='bbox 1780 1532 1963 1595; x_wconf 84' lang='lat' dir='ltr'><strong>sublimitas</strong></span> 
     </span>
     <span class='ocr_line' id='line_1_12' title="bbox 409 1627 1963 1712; baseline -0.006 -9"><span class='ocrx_word' id='word_1_119' title='bbox 409 1646 575 1703; x_wconf 89' lang='lat' dir='ltr'><strong>venustate</strong></span> <span class='ocrx_word' id='word_1_120' title='bbox 598 1635 795 1700; x_wconf 90' lang='lat' dir='ltr'><strong>ornabantur</strong></span> <span class='ocrx_word' id='word_1_121' title='bbox 819 1633 852 1694; x_wconf 94' lang='lat' dir='ltr'><strong>in</strong></span> <span class='ocrx_word' id='word_1_122' title='bbox 877 1631 969 1709; x_wconf 82' lang='lat' dir='ltr'><strong>facie,</strong></span> <span class='ocrx_word' id='word_1_123' title='bbox 991 1649 1049 1712; x_wconf 92' lang='lat' dir='ltr'><strong>per</strong></span> <span class='ocrx_word' id='word_1_124' title='bbox 1072 1630 1158 1710; x_wconf 93' lang='lat' dir='ltr'><strong>quod</strong></span> <span class='ocrx_word' id='word_1_125' title='bbox 1214 1628 1410 1691; x_wconf 91' lang='lat' dir='ltr'><strong>intuentibus</strong></span> <span class='ocrx_word' id='word_1_126' title='bbox 1434 1627 1649 1691; x_wconf 79' lang='lat' dir='ltr'><strong>innotesceret</strong></span> <span class='ocrx_word' id='word_1_127' title='bbox 1673 1631 1809 1709; x_wconf 89' lang='lat' dir='ltr'><strong>cunctis,</strong></span> <span class='ocrx_word' id='word_1_128' title='bbox 1826 1632 1864 1693; x_wconf 90' lang='lat' dir='ltr'><strong>ad</strong></span> <span class='ocrx_word' id='word_1_129' title='bbox 1889 1630 1963 1694; x_wconf 88' lang='lat' dir='ltr'><strong>Om-</strong></span> 
     </span>
     <span class='ocr_line' id='line_1_13' title="bbox 409 1724 1965 1810; baseline -0.006 -9"><span class='ocrx_word' id='word_1_130' title='bbox 409 1738 449 1801; x_wconf 87' lang='lat' dir='ltr'><strong>ab</strong></span> <span class='ocrx_word' id='word_1_131' title='bbox 480 1734 679 1799; x_wconf 89' lang='lat' dir='ltr'><strong>intuentibus</strong></span> <span class='ocrx_word' id='word_1_132' title='bbox 704 1729 804 1794; x_wconf 90' lang='lat' dir='ltr'><strong>sancti</strong></span> <span class='ocrx_word' id='word_1_133' title='bbox 829 1749 899 1793; x_wconf 88' lang='lat' dir='ltr'><strong>esse</strong></span> <span class='ocrx_word' id='word_1_134' title='bbox 925 1735 999 1790; x_wconf 90' lang='lat' dir='ltr'><strong>sunt</strong></span> <span class='ocrx_word' id='word_1_135' title='bbox 1023 1727 1154 1808; x_wconf 80' lang='lat' dir='ltr'><strong>agniti:</strong></span> <span class='ocrx_word' id='word_1_136' title='bbox 1213 1726 1384 1807; x_wconf 89' lang='lat' dir='ltr'><strong>nipotentis</strong></span> <span class='ocrx_word' id='word_1_137' title='bbox 1416 1724 1570 1788; x_wconf 90' lang='lat' dir='ltr'><strong>honorem</strong></span> <span class='ocrx_word' id='word_1_138' title='bbox 1603 1726 1859 1810; x_wconf 89' lang='lat' dir='ltr'><strong>intuentiumque</strong></span> <span class='ocrx_word' id='word_1_139' title='bbox 1887 1729 1965 1793; x_wconf 79' lang='lat' dir='ltr'><strong>aedi-</strong></span> 
     </span>
     <span class='ocr_line' id='line_1_14' title="bbox 409 1823 1964 1918; baseline -0.005 -19"><span class='ocrx_word' id='word_1_140' title='bbox 409 1836 465 1918; x_wconf 90' lang='lat' dir='ltr'><strong>qui</strong></span> <span class='ocrx_word' id='word_1_141' title='bbox 489 1844 525 1898; x_wconf 87' lang='lat' dir='ltr'><strong>et</strong></span> <span class='ocrx_word' id='word_1_142' title='bbox 553 1832 694 1897; x_wconf 89' lang='lat' dir='ltr'><strong>vicissim</strong></span> <span class='ocrx_word' id='word_1_143' title='bbox 723 1830 782 1893; x_wconf 90' lang='lat' dir='ltr'><strong>visi</strong></span> <span class='ocrx_word' id='word_1_144' title='bbox 812 1836 887 1891; x_wconf 89' lang='lat' dir='ltr'><strong>sunt</strong></span> <span class='ocrx_word' id='word_1_145' title='bbox 914 1826 1043 1908; x_wconf 88' lang='lat' dir='ltr'><strong>igneum</strong></span> <span class='ocrx_word' id='word_1_146' title='bbox 1079 1823 1157 1888; x_wconf 93' lang='lat' dir='ltr'><strong>luci·</strong></span> <span class='ocrx_word' id='word_1_147' title='bbox 1173 1825 1198 1888; x_wconf 89' lang='lat' dir='ltr'>B</span> <span class='ocrx_word' id='word_1_148' title='bbox 1213 1823 1407 1888; x_wconf 79' lang='lat' dir='ltr'><strong>ficationem.</strong></span> <span class='ocrx_word' id='word_1_149' title='bbox 1425 1823 1504 1886; x_wconf 87' lang='lat' dir='ltr'><strong>hlinc</strong></span> <span class='ocrx_word' id='word_1_150' title='bbox 1528 1825 1641 1889; x_wconf 89' lang='lat' dir='ltr'><strong>merito</strong></span> <span class='ocrx_word' id='word_1_151' title='bbox 1668 1827 1819 1907; x_wconf 91' lang='lat' dir='ltr'><strong>creditur,</strong></span> <span class='ocrx_word' id='word_1_152' title='bbox 1835 1847 1874 1890; x_wconf 82' lang='lat' dir='ltr'><strong>ex</strong></span> <span class='ocrx_word' id='word_1_153' title='bbox 1893 1828 1964 1892; x_wconf 89' lang='lat' dir='ltr'><strong>solo</strong></span> 
     </span>
     <span class='ocr_line' id='line_1_15' title="bbox 410 1921 1965 2016; baseline -0.005 -20"><span class='ocrx_word' id='word_1_154' title='bbox 410 1934 576 2016; x_wconf 87' lang='lat' dir='ltr'><strong>lluumque</strong></span> <span class='ocrx_word' id='word_1_155' title='bbox 599 1948 709 2012; x_wconf 91' lang='lat' dir='ltr'><strong>gerere</strong></span> <span class='ocrx_word' id='word_1_156' title='bbox 728 1927 852 1990; x_wconf 91' lang='lat' dir='ltr'><strong>vultum</strong></span> <span class='ocrx_word' id='word_1_157' title='bbox 867 1949 874 2004; x_wconf 90' lang='lat'>;</span> <span class='ocrx_word' id='word_1_158' title='bbox 891 1942 1054 2007; x_wconf 90' lang='lat' dir='ltr'><strong>quumque</strong></span> <span class='ocrx_word' id='word_1_159' title='bbox 1073 1942 1092 1984; x_wconf 91' lang='lat' dir='ltr'><strong>a</strong></span> <span class='ocrx_word' id='word_1_160' title='bbox 1110 1943 1159 1986; x_wconf 90' lang='lat' dir='ltr'><strong>se·</strong></span> <span class='ocrx_word' id='word_1_161' title='bbox 1214 1923 1422 1986; x_wconf 80' lang='lat' dir='ltr'><strong>sanctissimae</strong></span> <span class='ocrx_word' id='word_1_162' title='bbox 1450 1921 1552 1985; x_wconf 84' lang='lat' dir='ltr'><strong>blariae</strong></span> <span class='ocrx_word' id='word_1_163' title='bbox 1581 1924 1699 1986; x_wconf 89' lang='lat' dir='ltr'><strong>intuitu</strong></span> <span class='ocrx_word' id='word_1_164' title='bbox 1727 1924 1882 2007; x_wconf 91' lang='lat' dir='ltr'><strong>plurimos</strong></span> <span class='ocrx_word' id='word_1_165' title='bbox 1910 1927 1965 1989; x_wconf 86' lang='lat' dir='ltr'><strong>lu·</strong></span> 
     </span>
     <span class='ocr_line' id='line_1_16' title="bbox 409 2020 1965 2111; baseline -0.006 -16"><span class='ocrx_word' id='word_1_166' title='bbox 409 2039 497 2095; x_wconf 89' lang='lat' dir='ltr'><strong>creto</strong></span> <span class='ocrx_word' id='word_1_167' title='bbox 518 2028 824 2111; x_wconf 89' lang='lat' dir='ltr'><strong>contemplationum</strong></span> <span class='ocrx_word' id='word_1_168' title='bbox 843 2033 876 2087; x_wconf 90' lang='lat' dir='ltr'><strong>et</strong></span> <span class='ocrx_word' id='word_1_169' title='bbox 897 2023 1023 2086; x_wconf 82' lang='lat' dir='ltr'><strong>fervore</strong></span> <span class='ocrx_word' id='word_1_170' title='bbox 1044 2022 1159 2085; x_wconf 89' lang='lat' dir='ltr'><strong>oratio·</strong></span> <span class='ocrx_word' id='word_1_171' title='bbox 1213 2021 1351 2083; x_wconf 68' lang='lat' dir='ltr'><strong>dacorum</strong></span> <span class='ocrx_word' id='word_1_172' title='bbox 1373 2028 1468 2101; x_wconf 91' lang='lat' dir='ltr'><strong>atque</strong></span> <span class='ocrx_word' id='word_1_173' title='bbox 1490 2020 1658 2100; x_wconf 82' lang='lat' dir='ltr'><strong>gentilium</strong></span> <span class='ocrx_word' id='word_1_174' title='bbox 1682 2020 1783 2085; x_wconf 86' lang='lat' dir='ltr'><strong>luisse</strong></span> <span class='ocrx_word' id='word_1_175' title='bbox 1808 2041 1965 2105; x_wconf 91' lang='lat' dir='ltr'><strong>compun-</strong></span> 
     </span>
     <span class='ocr_line' id='line_1_17' title="bbox 409 2119 1724 2209; baseline -0.006 -16"><span class='ocrx_word' id='word_1_176' title='bbox 409 2149 486 2192; x_wconf 92' lang='lat' dir='ltr'><strong>num</strong></span> <span class='ocrx_word' id='word_1_177' title='bbox 503 2147 631 2191; x_wconf 90' lang='lat' dir='ltr'><strong>suarum</strong></span> <span class='ocrx_word' id='word_1_178' title='bbox 646 2125 913 2209; x_wconf 82' lang='lat' dir='ltr'><strong>progrederentur</strong></span> <span class='ocrx_word' id='word_1_179' title='bbox 931 2121 964 2182; x_wconf 91' lang='lat' dir='ltr'><strong>in</strong></span> <span class='ocrx_word' id='word_1_180' title='bbox 981 2119 1156 2201; x_wconf 91' lang='lat' dir='ltr'><strong>publicum,</strong></span> <span class='ocrx_word' id='word_1_181' title='bbox 1214 2129 1292 2197; x_wconf 78' lang='lat' dir='ltr'><strong>ctoS,</strong></span> <span class='ocrx_word' id='word_1_182' title='bbox 1308 2120 1470 2200; x_wconf 88' lang='lat' dir='ltr'><strong>attonitos,</strong></span> <span class='ocrx_word' id='word_1_183' title='bbox 1487 2127 1520 2182; x_wconf 90' lang='lat' dir='ltr'><strong>et</strong></span> <span class='ocrx_word' id='word_1_184' title='bbox 1541 2139 1724 2186; x_wconf 91' lang='lat' dir='ltr'><strong>conversos.</strong></span> 
     </span>
     <span class='ocr_line' id='line_1_18' title="bbox 409 2218 1158 2305; baseline -0.015 -14"><span class='ocrx_word' id='word_1_185' title='bbox 409 2228 598 2290; x_wconf 88' lang='lat' dir='ltr'><strong>videbantur</strong></span> <span class='ocrx_word' id='word_1_186' title='bbox 612 2242 702 2288; x_wconf 89' lang='lat' dir='ltr'><strong>mseo</strong></span> <span class='ocrx_word' id='word_1_187' title='bbox 716 2223 852 2305; x_wconf 91' lang='lat' dir='ltr'><strong>quodam</strong></span> <span class='ocrx_word' id='word_1_188' title='bbox 867 2219 973 2284; x_wconf 87' lang='lat' dir='ltr'><strong>coloro</strong></span> <span class='ocrx_word' id='word_1_189' title='bbox 988 2218 1158 2298; x_wconf 90' lang='lat' dir='ltr'><strong>divinoque</strong></span> 
     </span>
    </p>
   </div>
   <div class='ocr_carea' id='block_1_3' title="bbox 409 2317 1806 2493">
    <p class='ocr_par' dir='ltr' id='par_1_3' title="bbox 409 2317 1806 2493">
     <span class='ocr_line' id='line_1_19' title="bbox 409 2317 1157 2405; baseline -0.012 -16"><span class='ocrx_word' id='word_1_190' title='bbox 409 2327 532 2389; x_wconf 91' lang='lat' dir='ltr'><strong>lumine</strong></span> <span class='ocrx_word' id='word_1_191' title='bbox 553 2343 623 2388; x_wconf 91' lang='lat' dir='ltr'><strong>esse</strong></span> <span class='ocrx_word' id='word_1_192' title='bbox 642 2322 775 2405; x_wconf 80' lang='lat' dir='ltr'><strong>perfusi.</strong></span> <span class='ocrx_word' id='word_1_193' title='bbox 793 2321 854 2384; x_wconf 84' lang='lat' dir='ltr'><strong>Gur</strong></span> <span class='ocrx_word' id='word_1_194' title='bbox 872 2337 936 2382; x_wconf 90' lang='lat' dir='ltr'><strong>non</strong></span> <span class='ocrx_word' id='word_1_195' title='bbox 959 2317 1035 2380; x_wconf 88' lang='lat' dir='ltr'><strong>talia</strong></span> <span class='ocrx_word' id='word_1_196' title='bbox 1057 2317 1157 2380; x_wconf 88' lang='lat' dir='ltr'><strong>multo</strong></span> 
     </span>
     <span class='ocr_line' id='line_1_20' title="bbox 409 2383 1806 2493; baseline -0.021 -5"><span class='ocrx_word' id='word_1_197' title='bbox 409 2422 618 2488; x_wconf 81' lang='lat' dir='ltr'><strong>excellentius</strong></span> <span class='ocrx_word' id='word_1_198' title='bbox 651 2421 745 2484; x_wconf 89' lang='lat' dir='ltr'><strong>liceat</strong></span> <span class='ocrx_word' id='word_1_199' title='bbox 772 2420 811 2483; x_wconf 91' lang='lat' dir='ltr'><strong>de</strong></span> <span class='ocrx_word' id='word_1_200' title='bbox 843 2416 1055 2493; x_wconf 89' lang='lat' dir='ltr'><strong>sanctissima,</strong></span> <span class='ocrx_word' id='word_1_201' title='bbox 1085 2414 1158 2477; x_wconf 93' lang='lat' dir='ltr'><strong>illu·</strong></span> <span class='ocrx_word' id='word_1_202' title='bbox 1364 2383 1609 2450; x_wconf 73' lang='lat' dir='ltr'><strong>ARTICULUS</strong></span> <span class='ocrx_word' id='word_1_203' title='bbox 1632 2385 1806 2450; x_wconf 79' lang='lat' dir='ltr'><strong>XXXVII·</strong></span> 
     </span>
    </p>
   </div>
   <div class='ocr_carea' id='block_1_4' title="bbox 407 2512 2115 5354">
    <p class='ocr_par' dir='ltr' id='par_1_4' title="bbox 408 2512 1897 2614">
     <span class='ocr_line' id='line_1_21' title="bbox 408 2512 1897 2614; baseline -0.006 -30"><span class='ocrx_word' id='word_1_204' title='bbox 408 2520 617 2586; x_wconf 84' lang='lat' dir='ltr'><strong>minutissima</strong></span> <span class='ocrx_word' id='word_1_205' title='bbox 637 2526 668 2582; x_wconf 89' lang='lat' dir='ltr'><strong>et</strong></span> <span class='ocrx_word' id='word_1_206' title='bbox 681 2515 910 2600; x_wconf 91' lang='lat' dir='ltr'><strong>gratiosissima</strong></span> <span class='ocrx_word' id='word_1_207' title='bbox 928 2512 1082 2594; x_wconf 91' lang='lat' dir='ltr'><strong>suspicari</strong></span> <span class='ocrx_word' id='word_1_208' title='bbox 1098 2512 1158 2575; x_wconf 88' lang='lat' dir='ltr'><strong>lla-</strong></span> <span class='ocrx_word' id='word_1_209' title='bbox 1276 2533 1318 2592; x_wconf 69' lang='grc' dir='ltr'><strong>[η</strong></span> <span class='ocrx_word' id='word_1_210' title='bbox 1337 2552 1402 2610; x_wconf 62' lang='lat' dir='ltr'><strong>qua</strong></span> <span class='ocrx_word' id='word_1_211' title='bbox 1422 2541 1516 2593; x_wconf 56' lang='lat' dir='ltr'><strong>,epate</strong></span> <span class='ocrx_word' id='word_1_212' title='bbox 1535 2535 1778 2610; x_wconf 54' lang='lat' dir='ltr'><strong>yrapgosgmma</strong></span> <span class='ocrx_word' id='word_1_213' title='bbox 1802 2537 1897 2614; x_wconf 55' lang='lat' dir='ltr'><strong>Vim„</strong></span> 
     </span>
    </p>

    <p class='ocr_par' dir='ltr' id='par_1_5' title="bbox 409 2611 1759 2701">
     <span class='ocr_line' id='line_1_22' title="bbox 409 2611 1759 2701; baseline -0.008 -18"><span class='ocrx_word' id='word_1_214' title='bbox 409 2621 466 2700; x_wconf 91' lang='lat' dir='ltr'><strong>ria,</strong></span> <span class='ocrx_word' id='word_1_215' title='bbox 491 2638 562 2701; x_wconf 83' lang='lat' dir='ltr'><strong>quae</strong></span> <span class='ocrx_word' id='word_1_216' title='bbox 585 2638 649 2701; x_wconf 80' lang='lat' dir='ltr'><strong>prm</strong></span> <span class='ocrx_word' id='word_1_217' title='bbox 674 2614 831 2678; x_wconf 90' lang='lat' dir='ltr'><strong>universis</strong></span> <span class='ocrx_word' id='word_1_218' title='bbox 854 2611 1039 2694; x_wconf 81' lang='lat' dir='ltr'><strong>frequenter</strong></span> <span class='ocrx_word' id='word_1_219' title='bbox 1068 2619 1157 2691; x_wconf 87' lang='lat' dir='ltr'><strong>rapta</strong></span> <span class='ocrx_word' id='word_1_220' title='bbox 1420 2624 1565 2698; x_wconf 67' lang='lat' dir='ltr'><strong>concepit</strong></span> <span class='ocrx_word' id='word_1_221' title='bbox 1581 2624 1759 2687; x_wconf 63' lang='lat' dir='ltr'><strong>christum,</strong></span> 
     </span>
    </p>

    <p class='ocr_par' dir='ltr' id='par_1_6' title="bbox 409 2707 1158 2794">
     <span class='ocr_line' id='line_1_23' title="bbox 409 2707 1158 2794; baseline -0.016 -16"><span class='ocrx_word' id='word_1_222' title='bbox 409 2715 471 2778; x_wconf 90' lang='lat' dir='ltr'><strong>luit</strong></span> <span class='ocrx_word' id='word_1_223' title='bbox 487 2714 519 2776; x_wconf 93' lang='lat' dir='ltr'><strong>in</strong></span> <span class='ocrx_word' id='word_1_224' title='bbox 534 2713 659 2777; x_wconf 90' lang='lat' dir='ltr'><strong>divitias</strong></span> <span class='ocrx_word' id='word_1_225' title='bbox 674 2709 781 2794; x_wconf 78' lang='lat' dir='ltr'><strong>gloria</strong></span> <span class='ocrx_word' id='word_1_226' title='bbox 796 2708 862 2786; x_wconf 82' lang='lat' dir='ltr'><strong>bei,</strong></span> <span class='ocrx_word' id='word_1_227' title='bbox 879 2715 974 2788; x_wconf 89' lang='lat' dir='ltr'><strong>atque</strong></span> <span class='ocrx_word' id='word_1_228' title='bbox 993 2707 1027 2768; x_wconf 93' lang='lat' dir='ltr'><strong>in</strong></span> <span class='ocrx_word' id='word_1_229' title='bbox 1048 2725 1158 2789; x_wconf 91' lang='lat' dir='ltr'><strong>super-</strong></span> 
     </span>
    </p>

    <p class='ocr_par' dir='ltr' id='par_1_7' title="bbox 410 2807 2115 2989">
     <span class='ocr_line' id='line_1_24' title="bbox 410 2807 2115 2896; baseline 0.001 -20"><span class='ocrx_word' id='word_1_230' title='bbox 410 2811 674 2896; x_wconf 80' lang='lat' dir='ltr'><strong>splendidissimae</strong></span> <span class='ocrx_word' id='word_1_231' title='bbox 689 2809 819 2873; x_wconf 88' lang='lat' dir='ltr'><strong>Deitatis</strong></span> <span class='ocrx_word' id='word_1_232' title='bbox 833 2810 980 2890; x_wconf 89' lang='lat' dir='ltr'><strong>absorpta</strong></span> <span class='ocrx_word' id='word_1_233' title='bbox 994 2807 1158 2888; x_wconf 83' lang='lat' dir='ltr'><strong>abyssuml</strong></span> <span class='ocrx_word' id='word_1_234' title='bbox 1275 2813 1388 2875; x_wconf 80' lang='lat' dir='ltr'><em>OROR</em></span> <span class='ocrx_word' id='word_1_235' title='bbox 1410 2821 1522 2872; x_wconf 80' lang='lat' dir='ltr'><strong>nostra</strong></span> <span class='ocrx_word' id='word_1_236' title='bbox 1547 2817 1692 2890; x_wconf 82' lang='lat' dir='ltr'><strong>parvola</strong></span> <span class='ocrx_word' id='word_1_237' title='bbox 1718 2824 1777 2886; x_wconf 83' lang='lat' dir='ltr'><strong>est,</strong></span> <span class='ocrx_word' id='word_1_238' title='bbox 1800 2825 1831 2875; x_wconf 84' lang='lat' dir='ltr'><strong>et</strong></span> <span class='ocrx_word' id='word_1_239' title='bbox 1859 2817 1962 2877; x_wconf 82' lang='lat' dir='ltr'><strong>ubero</strong></span> <span class='ocrx_word' id='word_1_240' title='bbox 1982 2840 2115 2889; x_wconf 48' lang='lat' dir='ltr'><strong>cursui,</strong></span> 
     </span>
     <span class='ocr_line' id='line_1_25' title="bbox 450 2907 1963 2989; baseline 0 -15"><span class='ocrx_word' id='word_1_241' title='bbox 450 2910 612 2989; x_wconf 75' lang='lat' dir='ltr'><strong>Praeterea,</strong></span> <span class='ocrx_word' id='word_1_242' title='bbox 648 2908 778 2989; x_wconf 84' lang='lat' dir='ltr'><strong>quidam</strong></span> <span class='ocrx_word' id='word_1_243' title='bbox 813 2907 938 2969; x_wconf 85' lang='lat' dir='ltr'><strong>Petrum</strong></span> <span class='ocrx_word' id='word_1_244' title='bbox 974 2913 1157 2967; x_wconf 88' lang='lat' dir='ltr'><strong>sanctorum</strong></span> <span class='ocrx_word' id='word_1_245' title='bbox 1287 2928 1353 2969; x_wconf 78' lang='lat' dir='ltr'><strong>non</strong></span> <span class='ocrx_word' id='word_1_246' title='bbox 1367 2911 1459 2970; x_wconf 77' lang='lat' dir='ltr'><strong>habet</strong></span> <span class='ocrx_word' id='word_1_247' title='bbox 1475 2931 1487 2970; x_wconf 93' lang='lat'><em>:</em></span> <span class='ocrx_word' id='word_1_248' title='bbox 1501 2913 1584 2989; x_wconf 84' lang='lat' dir='ltr'><strong>quid</strong></span> <span class='ocrx_word' id='word_1_249' title='bbox 1600 2913 1761 2988; x_wconf 83' lang='lat' dir='ltr'><strong>faciemus</strong></span> <span class='ocrx_word' id='word_1_250' title='bbox 1780 2916 1889 2974; x_wconf 83' lang='lat' dir='ltr'><strong>sorori</strong></span> <span class='ocrx_word' id='word_1_251' title='bbox 1906 2934 1963 2974; x_wconf 79' lang='lat' dir='ltr'><strong>no·</strong></span> 
     </span>
    </p>

    <p class='ocr_par' dir='ltr' id='par_1_8' title="bbox 409 3003 1963 3092">
     <span class='ocr_line' id='line_1_26' title="bbox 409 3003 1963 3092; baseline 0.001 -19"><span class='ocrx_word' id='word_1_252' title='bbox 409 3019 476 3074; x_wconf 87' lang='lat' dir='ltr'><strong>tam</strong></span> <span class='ocrx_word' id='word_1_253' title='bbox 491 3006 764 3073; x_wconf 90' lang='lat' dir='ltr'><strong>abstinentissime</strong></span> <span class='ocrx_word' id='word_1_254' title='bbox 778 3025 815 3068; x_wconf 92' lang='lat' dir='ltr'><strong>ac</strong></span> <span class='ocrx_word' id='word_1_255' title='bbox 830 3004 1028 3068; x_wconf 89' lang='lat' dir='ltr'><strong>sobriissime</strong></span> <span class='ocrx_word' id='word_1_256' title='bbox 1046 3003 1158 3084; x_wconf 88' lang='lat' dir='ltr'><strong>legun·</strong></span> <span class='ocrx_word' id='word_1_257' title='bbox 1176 3011 1290 3072; x_wconf 67' lang='lat' dir='ltr'><strong>cstroe</strong></span> <span class='ocrx_word' id='word_1_258' title='bbox 1304 3013 1341 3071; x_wconf 79' lang='lat' dir='ltr'><strong>in</strong></span> <span class='ocrx_word' id='word_1_259' title='bbox 1358 3014 1413 3071; x_wconf 79' lang='lat' dir='ltr'><strong>die</strong></span> <span class='ocrx_word' id='word_1_260' title='bbox 1427 3015 1557 3091; x_wconf 82' lang='lat' dir='ltr'><strong>quando</strong></span> <span class='ocrx_word' id='word_1_261' title='bbox 1576 3017 1772 3092; x_wconf 82' lang='lat' dir='ltr'><strong>alloquenda</strong></span> <span class='ocrx_word' id='word_1_262' title='bbox 1785 3016 1858 3075; x_wconf 77' lang='lat' dir='ltr'><strong>est?</strong></span> <span class='ocrx_word' id='word_1_263' title='bbox 1871 3015 1963 3077; x_wconf 85' lang='lat' dir='ltr'><strong>Dixe-</strong></span> 
     </span>
    </p>

    <p class='ocr_par' dir='ltr' id='par_1_9' title="bbox 410 3105 1963 3195">
     <span class='ocr_line' id='line_1_27' title="bbox 410 3105 1963 3195; baseline 0.001 -22"><span class='ocrx_word' id='word_1_264' title='bbox 410 3118 462 3173; x_wconf 91' lang='lat' dir='ltr'><strong>tur</strong></span> <span class='ocrx_word' id='word_1_265' title='bbox 489 3108 617 3188; x_wconf 82' lang='lat' dir='ltr'><strong>vixisse,</strong></span> <span class='ocrx_word' id='word_1_266' title='bbox 647 3105 731 3188; x_wconf 92' lang='lat' dir='ltr'><strong>quod</strong></span> <span class='ocrx_word' id='word_1_267' title='bbox 761 3112 870 3168; x_wconf 88' lang='lat' dir='ltr'><strong>sancte</strong></span> <span class='ocrx_word' id='word_1_268' title='bbox 905 3122 1015 3167; x_wconf 89' lang='lat' dir='ltr'><strong>eornm</strong></span> <span class='ocrx_word' id='word_1_269' title='bbox 1044 3120 1158 3184; x_wconf 85' lang='lat' dir='ltr'><strong>corpu·</strong></span> <span class='ocrx_word' id='word_1_270' title='bbox 1213 3116 1287 3171; x_wconf 89' lang='lat' dir='ltr'><strong>runt</strong></span> <span class='ocrx_word' id='word_1_271' title='bbox 1311 3108 1528 3191; x_wconf 87' lang='lat' dir='ltr'><strong>quamplures,</strong></span> <span class='ocrx_word' id='word_1_272' title='bbox 1544 3109 1640 3174; x_wconf 89' lang='lat' dir='ltr'><strong>etiarn</strong></span> <span class='ocrx_word' id='word_1_273' title='bbox 1665 3111 1792 3190; x_wconf 90' lang='lat' dir='ltr'><strong>eruditi,</strong></span> <span class='ocrx_word' id='word_1_274' title='bbox 1808 3114 1893 3195; x_wconf 91' lang='lat' dir='ltr'><strong>quod</strong></span> <span class='ocrx_word' id='word_1_275' title='bbox 1913 3133 1963 3177; x_wconf 89' lang='lat' dir='ltr'><strong>sa-</strong></span> 
     </span>
    </p>

    <p class='ocr_par' dir='ltr' id='par_1_10' title="bbox 410 3201 1960 3291">
     <span class='ocr_line' id='line_1_28' title="bbox 410 3201 1960 3291; baseline 0.006 -25"><span class='ocrx_word' id='word_1_276' title='bbox 410 3206 499 3271; x_wconf 85' lang='lat' dir='ltr'><strong>soula</strong></span> <span class='ocrx_word' id='word_1_277' title='bbox 527 3205 630 3269; x_wconf 87' lang='lat' dir='ltr'><strong>adhuc</strong></span> <span class='ocrx_word' id='word_1_278' title='bbox 660 3205 694 3266; x_wconf 92' lang='lat' dir='ltr'><strong>in</strong></span> <span class='ocrx_word' id='word_1_279' title='bbox 723 3203 814 3266; x_wconf 89' lang='lat' dir='ltr'><strong>terris</strong></span> <span class='ocrx_word' id='word_1_280' title='bbox 847 3201 986 3264; x_wconf 78' lang='lat' dir='ltr'><strong>animata</strong></span> <span class='ocrx_word' id='word_1_281' title='bbox 1018 3209 1050 3263; x_wconf 75' lang='lat' dir='ltr'><strong>et</strong></span> <span class='ocrx_word' id='word_1_282' title='bbox 1082 3218 1159 3263; x_wconf 83' lang='lat'><strong>0011·</strong></span> <span class='ocrx_word' id='word_1_283' title='bbox 1213 3207 1389 3270; x_wconf 89' lang='lat' dir='ltr'><strong>cratissima</strong></span> <span class='ocrx_word' id='word_1_284' title='bbox 1417 3207 1510 3270; x_wconf 87' lang='lat' dir='ltr'><strong>illaria</strong></span> <span class='ocrx_word' id='word_1_285' title='bbox 1537 3209 1624 3272; x_wconf 90' lang='lat' dir='ltr'><strong>circa</strong></span> <span class='ocrx_word' id='word_1_286' title='bbox 1651 3210 1960 3291; x_wconf 88' lang='lat' dir='ltr'><strong>quintumdecimum</strong></span> 
     </span>
    </p>

    <p class='ocr_par' dir='ltr' id='par_1_11' title="bbox 410 3298 1958 3390">
     <span class='ocr_line' id='line_1_29' title="bbox 410 3298 1958 3390; baseline 0.003 -22"><span class='ocrx_word' id='word_1_287' title='bbox 410 3306 582 3385; x_wconf 91' lang='lat' dir='ltr'><strong>versantia,</strong></span> <span class='ocrx_word' id='word_1_288' title='bbox 612 3302 750 3366; x_wconf 90' lang='lat' dir='ltr'><strong>dulciter</strong></span> <span class='ocrx_word' id='word_1_289' title='bbox 778 3300 974 3364; x_wconf 90' lang='lat' dir='ltr'><strong>redolebant.</strong></span> <span class='ocrx_word' id='word_1_290' title='bbox 1005 3298 1158 3361; x_wconf 91' lang='lat' dir='ltr'><strong>Similiter</strong></span> <span class='ocrx_word' id='word_1_291' title='bbox 1213 3324 1278 3367; x_wconf 72' lang='lat' dir='ltr'><strong>suae</strong></span> <span class='ocrx_word' id='word_1_292' title='bbox 1296 3305 1397 3367; x_wconf 79' lang='lat' dir='ltr'><strong>aetatis</strong></span> <span class='ocrx_word' id='word_1_293' title='bbox 1417 3323 1537 3367; x_wconf 90' lang='lat' dir='ltr'><strong>annum</strong></span> <span class='ocrx_word' id='word_1_294' title='bbox 1557 3308 1740 3390; x_wconf 87' lang='lat' dir='ltr'><strong>conceperit</strong></span> <span class='ocrx_word' id='word_1_295' title='bbox 1759 3310 1815 3373; x_wconf 88' lang='lat' dir='ltr'><strong>Dei</strong></span> <span class='ocrx_word' id='word_1_296' title='bbox 1830 3310 1958 3375; x_wconf 79' lang='lat' dir='ltr'><strong>Filium.</strong></span> 
     </span>
    </p>

    <p class='ocr_par' dir='ltr' id='par_1_12' title="bbox 410 3397 2095 3488">
     <span class='ocr_line' id='line_1_30' title="bbox 410 3397 2095 3488; baseline 0.002 -21"><span class='ocrx_word' id='word_1_297' title='bbox 410 3403 565 3467; x_wconf 88' lang='lat' dir='ltr'><strong>castitatis</strong></span> <span class='ocrx_word' id='word_1_298' title='bbox 593 3400 742 3482; x_wconf 74' lang='lat' dir='ltr'><strong>perlecta</strong></span> <span class='ocrx_word' id='word_1_299' title='bbox 775 3397 949 3479; x_wconf 80' lang='lat' dir='ltr'><strong>fragrantia</strong></span> <span class='ocrx_word' id='word_1_300' title='bbox 977 3404 1082 3478; x_wconf 90' lang='lat' dir='ltr'><strong>potest</strong></span> <span class='ocrx_word' id='word_1_301' title='bbox 1109 3415 1157 3459; x_wconf 88' lang='lat' dir='ltr'><strong>re·</strong></span> <span class='ocrx_word' id='word_1_302' title='bbox 1212 3403 1307 3465; x_wconf 90' lang='lat' dir='ltr'><strong>Porro</strong></span> <span class='ocrx_word' id='word_1_303' title='bbox 1335 3401 1483 3465; x_wconf 79' lang='lat' dir='ltr'><strong>hibertus</strong></span> <span class='ocrx_word' id='word_1_304' title='bbox 1512 3403 1599 3465; x_wconf 90' lang='lat' dir='ltr'><strong>circa</strong></span> <span class='ocrx_word' id='word_1_305' title='bbox 1623 3403 1684 3467; x_wconf 95' lang='lat' dir='ltr'><strong>boc</strong></span> <span class='ocrx_word' id='word_1_306' title='bbox 1708 3416 1958 3488; x_wconf 84' lang='lat' dir='ltr'><strong>argumentatur,</strong></span> <span class='ocrx_word' id='word_1_307' title='bbox 1991 3434 2095 3487; x_wconf 58' lang='lat' dir='ltr'><strong>affl,</strong></span> 
     </span>
    </p>

    <p class='ocr_par' dir='ltr' id='par_1_13' title="bbox 409 3495 2067 3585">
     <span class='ocr_line' id='line_1_31' title="bbox 409 3495 2067 3585; baseline 0.002 -22"><span class='ocrx_word' id='word_1_308' title='bbox 409 3502 551 3566; x_wconf 89' lang='lat' dir='ltr'><strong>dundare</strong></span> <span class='ocrx_word' id='word_1_309' title='bbox 580 3499 614 3561; x_wconf 93' lang='lat' dir='ltr'><strong>in</strong></span> <span class='ocrx_word' id='word_1_310' title='bbox 642 3516 767 3579; x_wconf 90' lang='lat' dir='ltr'><strong>corpus.</strong></span> <span class='ocrx_word' id='word_1_311' title='bbox 794 3496 855 3559; x_wconf 82' lang='lat' dir='ltr'><strong>Cur</strong></span> <span class='ocrx_word' id='word_1_312' title='bbox 884 3495 980 3576; x_wconf 76' lang='lat' dir='ltr'><strong>igitur</strong></span> <span class='ocrx_word' id='word_1_313' title='bbox 1006 3513 1071 3557; x_wconf 83' lang='lat'>11011</span> <span class='ocrx_word' id='word_1_314' title='bbox 1100 3513 1157 3576; x_wconf 80' lang='lat' dir='ltr'><strong>pu·</strong></span> <span class='ocrx_word' id='word_1_315' title='bbox 1211 3509 1243 3563; x_wconf 90' lang='lat' dir='ltr'><strong>et</strong></span> <span class='ocrx_word' id='word_1_316' title='bbox 1268 3499 1374 3562; x_wconf 86' lang='lat' dir='ltr'><strong>verius</strong></span> <span class='ocrx_word' id='word_1_317' title='bbox 1399 3500 1555 3581; x_wconf 89' lang='lat' dir='ltr'><strong>opinatur,</strong></span> <span class='ocrx_word' id='word_1_318' title='bbox 1582 3502 1666 3583; x_wconf 95' lang='lat' dir='ltr'><strong>quod</strong></span> <span class='ocrx_word' id='word_1_319' title='bbox 1690 3503 1724 3565; x_wconf 94' lang='lat' dir='ltr'><strong>in</strong></span> <span class='ocrx_word' id='word_1_320' title='bbox 1751 3523 1789 3566; x_wconf 90' lang='lat' dir='ltr'><strong>ea</strong></span> <span class='ocrx_word' id='word_1_321' title='bbox 1813 3505 1962 3585; x_wconf 90' lang='lat' dir='ltr'><strong>concepit</strong></span> <span class='ocrx_word' id='word_1_322' title='bbox 1975 3510 2004 3552; x_wconf 60' lang='grc'><strong>*1-</strong></span> <span class='ocrx_word' id='word_1_323' title='bbox 2018 3512 2067 3543; x_wconf 68' lang='lat'><strong>¹¹*-</strong></span> 
     </span>
    </p>

    <p class='ocr_par' dir='ltr' id='par_1_14' title="bbox 409 3592 1962 3682">
     <span class='ocr_line' id='line_1_32' title="bbox 409 3592 1962 3682; baseline -0.001 -19"><span class='ocrx_word' id='word_1_324' title='bbox 409 3608 493 3663; x_wconf 86' lang='lat' dir='ltr'><strong>tetur</strong></span> <span class='ocrx_word' id='word_1_325' title='bbox 521 3596 684 3675; x_wconf 88' lang='lat' dir='ltr'><strong>credibile,</strong></span> <span class='ocrx_word' id='word_1_326' title='bbox 710 3594 795 3676; x_wconf 92' lang='lat' dir='ltr'><strong>quod</strong></span> <span class='ocrx_word' id='word_1_327' title='bbox 823 3592 1034 3655; x_wconf 89' lang='lat' dir='ltr'><strong>mundissima</strong></span> <span class='ocrx_word' id='word_1_328' title='bbox 1062 3600 1157 3673; x_wconf 88' lang='lat' dir='ltr'><strong>atque</strong></span> <span class='ocrx_word' id='word_1_329' title='bbox 1210 3605 1302 3660; x_wconf 70' lang='lat' dir='ltr'><strong>mute</strong></span> <span class='ocrx_word' id='word_1_330' title='bbox 1325 3616 1387 3678; x_wconf 88' lang='lat' dir='ltr'><strong>qua</strong></span> <span class='ocrx_word' id='word_1_331' title='bbox 1408 3597 1549 3678; x_wconf 87' lang='lat' dir='ltr'><strong>perlecta</strong></span> <span class='ocrx_word' id='word_1_332' title='bbox 1573 3599 1634 3661; x_wconf 87' lang='lat' dir='ltr'><strong>luit</strong></span> <span class='ocrx_word' id='word_1_333' title='bbox 1658 3602 1801 3682; x_wconf 91' lang='lat' dir='ltr'><strong>corporis</strong></span> <span class='ocrx_word' id='word_1_334' title='bbox 1823 3610 1905 3665; x_wconf 88' lang='lat' dir='ltr'><strong>statu</strong></span> <span class='ocrx_word' id='word_1_335' title='bbox 1929 3610 1962 3665; x_wconf 89' lang='lat' dir='ltr'><strong>et</strong></span> 
     </span>
    </p>

    <p class='ocr_par' dir='ltr' id='par_1_15' title="bbox 409 3690 1963 3779">
     <span class='ocr_line' id='line_1_33' title="bbox 409 3690 1963 3779; baseline 0.001 -18"><span class='ocrx_word' id='word_1_336' title='bbox 409 3698 555 3779; x_wconf 87' lang='lat' dir='ltr'><strong>virginea</strong></span> <span class='ocrx_word' id='word_1_337' title='bbox 579 3694 819 3761; x_wconf 69' lang='lat' dir='ltr'><strong>virtuosissimos</strong></span> <span class='ocrx_word' id='word_1_338' title='bbox 844 3690 981 3773; x_wconf 88' lang='lat' dir='ltr'><strong>Virginis</strong></span> <span class='ocrx_word' id='word_1_339' title='bbox 1005 3709 1078 3754; x_wconf 89' lang='lat' dir='ltr'><strong>caro</strong></span> <span class='ocrx_word' id='word_1_340' title='bbox 1105 3710 1157 3752; x_wconf 89' lang='lat' dir='ltr'><strong>su·</strong></span> <span class='ocrx_word' id='word_1_341' title='bbox 1211 3696 1397 3778; x_wconf 87' lang='lat' dir='ltr'><strong>quantitate,</strong></span> <span class='ocrx_word' id='word_1_342' title='bbox 1427 3704 1460 3757; x_wconf 91' lang='lat' dir='ltr'><strong>et</strong></span> <span class='ocrx_word' id='word_1_343' title='bbox 1491 3697 1574 3777; x_wconf 87' lang='lat' dir='ltr'><strong>quod</strong></span> <span class='ocrx_word' id='word_1_344' title='bbox 1613 3696 1699 3759; x_wconf 89' lang='lat' dir='ltr'><strong>circa</strong></span> <span class='ocrx_word' id='word_1_345' title='bbox 1727 3700 1871 3762; x_wconf 88' lang='lat' dir='ltr'><strong>camdem</strong></span> <span class='ocrx_word' id='word_1_346' title='bbox 1899 3699 1963 3763; x_wconf 90' lang='lat' dir='ltr'><strong>luit</strong></span> 
     </span>
    </p>

    <p class='ocr_par' dir='ltr' id='par_1_16' title="bbox 409 3787 1963 3881">
     <span class='ocr_line' id='line_1_34' title="bbox 409 3787 1963 3881; baseline 0.001 -21"><span class='ocrx_word' id='word_1_347' title='bbox 409 3796 657 3881; x_wconf 88' lang='lat' dir='ltr'><strong>percastissima,</strong></span> <span class='ocrx_word' id='word_1_348' title='bbox 686 3812 756 3875; x_wconf 79' lang='lat' dir='ltr'><strong>qum</strong></span> <span class='ocrx_word' id='word_1_349' title='bbox 784 3811 843 3855; x_wconf 90' lang='lat' dir='ltr'><strong>nec</strong></span> <span class='ocrx_word' id='word_1_350' title='bbox 872 3791 904 3853; x_wconf 92' lang='lat' dir='ltr'><strong>in</strong></span> <span class='ocrx_word' id='word_1_351' title='bbox 933 3789 1005 3853; x_wconf 92' lang='lat' dir='ltr'><strong>cibo</strong></span> <span class='ocrx_word' id='word_1_352' title='bbox 1033 3808 1093 3852; x_wconf 89' lang='lat' dir='ltr'><strong>nec</strong></span> <span class='ocrx_word' id='word_1_353' title='bbox 1122 3787 1156 3850; x_wconf 95' lang='lat' dir='ltr'><strong>in</strong></span> <span class='ocrx_word' id='word_1_354' title='bbox 1211 3796 1402 3875; x_wconf 88' lang='lat' dir='ltr'><strong>desponsata</strong></span> <span class='ocrx_word' id='word_1_355' title='bbox 1425 3800 1559 3857; x_wconf 81' lang='lat' dir='ltr'><strong>aetatem.</strong></span> <span class='ocrx_word' id='word_1_356' title='bbox 1576 3794 1614 3857; x_wconf 84' lang='lat' dir='ltr'><strong>Et</strong></span> <span class='ocrx_word' id='word_1_357' title='bbox 1634 3794 1718 3857; x_wconf 89' lang='lat' dir='ltr'><strong>inter</strong></span> <span class='ocrx_word' id='word_1_358' title='bbox 1742 3805 1849 3859; x_wconf 89' lang='lat' dir='ltr'><strong>cetera</strong></span> <span class='ocrx_word' id='word_1_359' title='bbox 1871 3818 1963 3880; x_wconf 90' lang='lat' dir='ltr'><strong>argu-</strong></span> 
     </span>
    </p>

    <p class='ocr_par' dir='ltr' id='par_1_17' title="bbox 409 3886 1963 3978">
     <span class='ocr_line' id='line_1_35' title="bbox 409 3886 1963 3978; baseline 0.001 -20"><span class='ocrx_word' id='word_1_360' title='bbox 409 3903 487 3978; x_wconf 88' lang='lat' dir='ltr'><strong>potu</strong></span> <span class='ocrx_word' id='word_1_361' title='bbox 523 3911 662 3975; x_wconf 90' lang='lat' dir='ltr'><strong>unquam</strong></span> <span class='ocrx_word' id='word_1_362' title='bbox 698 3889 832 3954; x_wconf 80' lang='lat' dir='ltr'><strong>excessit</strong></span> <span class='ocrx_word' id='word_1_363' title='bbox 866 3887 964 3969; x_wconf 91' lang='lat' dir='ltr'><strong>(quod</strong></span> <span class='ocrx_word' id='word_1_364' title='bbox 999 3886 1154 3965; x_wconf 88' lang='lat' dir='ltr'><strong>Patribus,</strong></span> <span class='ocrx_word' id='word_1_365' title='bbox 1212 3899 1371 3953; x_wconf 87' lang='lat' dir='ltr'><strong>mentatnr</strong></span> <span class='ocrx_word' id='word_1_366' title='bbox 1389 3890 1435 3953; x_wconf 91' lang='lat' dir='ltr'><strong>sic</strong></span> <span class='ocrx_word' id='word_1_367' title='bbox 1453 3892 1502 3951; x_wconf 80' lang='lat' dir='ltr'><strong>:A</strong></span> <span class='ocrx_word' id='word_1_368' title='bbox 1525 3910 1658 3974; x_wconf 88' lang='lat' dir='ltr'><strong>corpore</strong></span> <span class='ocrx_word' id='word_1_369' title='bbox 1681 3893 1874 3959; x_wconf 74' lang='lat' dir='ltr'><strong>beatissimae</strong></span> <span class='ocrx_word' id='word_1_370' title='bbox 1895 3896 1963 3959; x_wconf 70' lang='lat' dir='ltr'><strong>Vir</strong></span> 
     </span>
    </p>

    <p class='ocr_par' dir='ltr' id='par_1_18' title="bbox 409 3984 1963 4076">
     <span class='ocr_line' id='line_1_36' title="bbox 409 3984 1963 4076; baseline 0.001 -21"><span class='ocrx_word' id='word_1_371' title='bbox 409 3990 615 4075; x_wconf 90' lang='lat' dir='ltr'><strong>quantumvis</strong></span> <span class='ocrx_word' id='word_1_372' title='bbox 640 3988 771 4066; x_wconf 89' lang='lat' dir='ltr'><strong>sanctis,</strong></span> <span class='ocrx_word' id='word_1_373' title='bbox 797 4006 861 4049; x_wconf 94' lang='lat' dir='ltr'><strong>non</strong></span> <span class='ocrx_word' id='word_1_374' title='bbox 888 3984 1061 4063; x_wconf 91' lang='lat' dir='ltr'><strong>convenit),</strong></span> <span class='ocrx_word' id='word_1_375' title='bbox 1087 3984 1157 4045; x_wconf 91' lang='lat' dir='ltr'><strong>dul-</strong></span> <span class='ocrx_word' id='word_1_376' title='bbox 1212 3988 1294 4069; x_wconf 89' lang='lat' dir='ltr'><strong>ginis</strong></span> <span class='ocrx_word' id='word_1_377' title='bbox 1328 3988 1524 4051; x_wconf 82' lang='lat' dir='ltr'><strong>formabatur</strong></span> <span class='ocrx_word' id='word_1_378' title='bbox 1558 4009 1675 4073; x_wconf 90' lang='lat' dir='ltr'><strong>corpus</strong></span> <span class='ocrx_word' id='word_1_379' title='bbox 1708 3992 1824 4055; x_wconf 86' lang='lat' dir='ltr'><strong>Christi</strong></span> <span class='ocrx_word' id='word_1_380' title='bbox 1858 3994 1963 4076; x_wconf 86' lang='lat' dir='ltr'><strong>perle-</strong></span> 
     </span>
    </p>

    <p class='ocr_par' dir='ltr' id='par_1_19' title="bbox 410 4082 1962 4173">
     <span class='ocr_line' id='line_1_37' title="bbox 410 4082 1962 4173; baseline 0.001 -18"><span class='ocrx_word' id='word_1_381' title='bbox 410 4110 480 4155; x_wconf 89' lang='lat' dir='ltr'><strong>cem</strong></span> <span class='ocrx_word' id='word_1_382' title='bbox 506 4090 547 4152; x_wconf 91' lang='lat' dir='ltr'><strong>sit</strong></span> <span class='ocrx_word' id='word_1_383' title='bbox 575 4088 684 4153; x_wconf 88' lang='lat' dir='ltr'><strong>sortita</strong></span> <span class='ocrx_word' id='word_1_384' title='bbox 712 4086 854 4165; x_wconf 90' lang='lat' dir='ltr'><strong>odorem,</strong></span> <span class='ocrx_word' id='word_1_385' title='bbox 881 4082 1054 4164; x_wconf 78' lang='lat' dir='ltr'><strong>presertim</strong></span> <span class='ocrx_word' id='word_1_386' title='bbox 1083 4082 1157 4162; x_wconf 89' lang='lat' dir='ltr'><strong>quia</strong></span> <span class='ocrx_word' id='word_1_387' title='bbox 1213 4086 1392 4148; x_wconf 89' lang='lat' dir='ltr'><strong>ctissimum</strong></span> <span class='ocrx_word' id='word_1_388' title='bbox 1420 4090 1596 4151; x_wconf 88' lang='lat' dir='ltr'><strong>secundum</strong></span> <span class='ocrx_word' id='word_1_389' title='bbox 1622 4100 1767 4153; x_wconf 84' lang='lat' dir='ltr'><strong>naturam</strong></span> <span class='ocrx_word' id='word_1_390' title='bbox 1794 4115 1801 4153; x_wconf 76' lang='grc' dir='ltr'><em>τ</em></span> <span class='ocrx_word' id='word_1_391' title='bbox 1828 4094 1904 4173; x_wconf 90' lang='lat' dir='ltr'><strong>quia</strong></span> <span class='ocrx_word' id='word_1_392' title='bbox 1923 4114 1962 4157; x_wconf 84' lang='lat' dir='ltr'><strong>ox</strong></span> 
     </span>
    </p>

    <p class='ocr_par' dir='ltr' id='par_1_20' title="bbox 409 4179 1962 4272">
     <span class='ocr_line' id='line_1_38' title="bbox 409 4179 1962 4272; baseline 0.001 -19"><span class='ocrx_word' id='word_1_393' title='bbox 409 4199 441 4254; x_wconf 91' lang='lat' dir='ltr'><strong>et</strong></span> <span class='ocrx_word' id='word_1_394' title='bbox 464 4188 592 4271; x_wconf 81' lang='lat' dir='ltr'><strong>optimae</strong></span> <span class='ocrx_word' id='word_1_395' title='bbox 616 4186 677 4249; x_wconf 85' lang='lat' dir='ltr'><strong>luit</strong></span> <span class='ocrx_word' id='word_1_396' title='bbox 701 4182 940 4265; x_wconf 84' lang='lat' dir='ltr'><strong>complexionis,</strong></span> <span class='ocrx_word' id='word_1_397' title='bbox 961 4179 1157 4242; x_wconf 89' lang='lat' dir='ltr'><strong>ordinatissi-</strong></span> <span class='ocrx_word' id='word_1_398' title='bbox 1172 4180 1196 4241; x_wconf 88' lang='lat' dir='ltr'>D</span> <span class='ocrx_word' id='word_1_399' title='bbox 1212 4202 1345 4267; x_wconf 91' lang='lat' dir='ltr'><strong>corpore</strong></span> <span class='ocrx_word' id='word_1_400' title='bbox 1372 4184 1427 4246; x_wconf 89' lang='lat' dir='ltr'><strong>tali</strong></span> <span class='ocrx_word' id='word_1_401' title='bbox 1451 4184 1608 4249; x_wconf 83' lang='lat' dir='ltr'><strong>formatur</strong></span> <span class='ocrx_word' id='word_1_402' title='bbox 1632 4207 1748 4272; x_wconf 90' lang='lat' dir='ltr'><strong>corpus</strong></span> <span class='ocrx_word' id='word_1_403' title='bbox 1773 4191 1846 4271; x_wconf 90' lang='lat' dir='ltr'><strong>tale,</strong></span> <span class='ocrx_word' id='word_1_404' title='bbox 1868 4200 1900 4255; x_wconf 90' lang='lat' dir='ltr'><strong>et</strong></span> <span class='ocrx_word' id='word_1_405' title='bbox 1923 4210 1962 4254; x_wconf 82' lang='lat' dir='ltr'><strong>ex</strong></span> 
     </span>
    </p>

    <p class='ocr_par' dir='ltr' id='par_1_21' title="bbox 408 4279 1963 4371">
     <span class='ocr_line' id='line_1_39' title="bbox 408 4279 1963 4371; baseline 0.001 -20"><span class='ocrx_word' id='word_1_406' title='bbox 408 4306 460 4351; x_wconf 90' lang='lat' dir='ltr'><strong>me</strong></span> <span class='ocrx_word' id='word_1_407' title='bbox 485 4305 610 4368; x_wconf 90' lang='lat' dir='ltr'><strong>quoque</strong></span> <span class='ocrx_word' id='word_1_408' title='bbox 634 4292 666 4347; x_wconf 86' lang='lat' dir='ltr'><strong>et</strong></span> <span class='ocrx_word' id='word_1_409' title='bbox 694 4282 786 4345; x_wconf 92' lang='lat' dir='ltr'><strong>valde</strong></span> <span class='ocrx_word' id='word_1_410' title='bbox 815 4279 1001 4343; x_wconf 86' lang='lat' dir='ltr'><strong>naturaliter</strong></span> <span class='ocrx_word' id='word_1_411' title='bbox 1029 4297 1157 4359; x_wconf 87' lang='lat' dir='ltr'><strong>semper</strong></span> <span class='ocrx_word' id='word_1_412' title='bbox 1212 4282 1313 4363; x_wconf 88' lang='lat' dir='ltr'><strong>magis</strong></span> <span class='ocrx_word' id='word_1_413' title='bbox 1328 4281 1396 4359; x_wconf 93' lang='lat' dir='ltr'><strong>tali,</strong></span> <span class='ocrx_word' id='word_1_414' title='bbox 1412 4283 1514 4363; x_wconf 88' lang='lat' dir='ltr'><strong>magis</strong></span> <span class='ocrx_word' id='word_1_415' title='bbox 1534 4284 1607 4347; x_wconf 90' lang='lat' dir='ltr'><strong>tale.</strong></span> <span class='ocrx_word' id='word_1_416' title='bbox 1625 4285 1744 4368; x_wconf 85' lang='lat' dir='ltr'><strong>Corpus</strong></span> <span class='ocrx_word' id='word_1_417' title='bbox 1765 4297 1872 4351; x_wconf 88' lang='lat' dir='ltr'><strong>autem</strong></span> <span class='ocrx_word' id='word_1_418' title='bbox 1891 4308 1963 4371; x_wconf 89' lang='lat' dir='ltr'><strong>per·</strong></span> 
     </span>
    </p>

    <p class='ocr_par' dir='ltr' id='par_1_22' title="bbox 408 4376 1961 4465">
     <span class='ocr_line' id='line_1_40' title="bbox 408 4376 1961 4465; baseline -0.008 -16"><span class='ocrx_word' id='word_1_419' title='bbox 408 4386 506 4450; x_wconf 80' lang='lat' dir='ltr'><strong>vixitt</strong></span> <span class='ocrx_word' id='word_1_420' title='bbox 532 4385 676 4465; x_wconf 83' lang='lat' dir='ltr'><strong>Insuper,</strong></span> <span class='ocrx_word' id='word_1_421' title='bbox 702 4400 739 4444; x_wconf 83' lang='lat' dir='ltr'><strong>ex</strong></span> <span class='ocrx_word' id='word_1_422' title='bbox 764 4378 890 4442; x_wconf 81' lang='lat' dir='ltr'><strong>assiduo</strong></span> <span class='ocrx_word' id='word_1_423' title='bbox 914 4376 1031 4440; x_wconf 80' lang='lat' dir='ltr'><strong>divinae</strong></span> <span class='ocrx_word' id='word_1_424' title='bbox 1057 4376 1155 4439; x_wconf 74' lang='lat' dir='ltr'><strong>Ptolis</strong></span> <span class='ocrx_word' id='word_1_425' title='bbox 1212 4380 1422 4445; x_wconf 79' lang='lat' dir='ltr'><strong>lectissimum</strong></span> <span class='ocrx_word' id='word_1_426' title='bbox 1446 4400 1510 4444; x_wconf 88' lang='lat' dir='ltr'><strong>non</strong></span> <span class='ocrx_word' id='word_1_427' title='bbox 1536 4390 1584 4445; x_wconf 82' lang='lat' dir='ltr'><strong>est</strong></span> <span class='ocrx_word' id='word_1_428' title='bbox 1609 4386 1785 4449; x_wconf 76' lang='lat' dir='ltr'><strong>secundum</strong></span> <span class='ocrx_word' id='word_1_429' title='bbox 1814 4396 1961 4451; x_wconf 65' lang='lat' dir='ltr'><strong>naturam</strong></span> 
     </span>
    </p>

    <p class='ocr_par' dir='ltr' id='par_1_23' title="bbox 408 4474 1957 4564">
     <span class='ocr_line' id='line_1_41' title="bbox 408 4474 1957 4564; baseline 0.002 -17"><span class='ocrx_word' id='word_1_430' title='bbox 408 4490 557 4547; x_wconf 87' lang='lat' dir='ltr'><strong>contactu</strong></span> <span class='ocrx_word' id='word_1_431' title='bbox 585 4488 616 4544; x_wconf 92' lang='lat' dir='ltr'><strong>et</strong></span> <span class='ocrx_word' id='word_1_432' title='bbox 644 4478 862 4560; x_wconf 87' lang='lat' dir='ltr'><strong>deportatione</strong></span> <span class='ocrx_word' id='word_1_433' title='bbox 891 4476 962 4557; x_wconf 80' lang='lat' dir='ltr'><strong>ejus</strong></span> <span class='ocrx_word' id='word_1_434' title='bbox 997 4474 1029 4536; x_wconf 93' lang='lat' dir='ltr'><strong>in</strong></span> <span class='ocrx_word' id='word_1_435' title='bbox 1065 4483 1155 4538; x_wconf 89' lang='lat' dir='ltr'><strong>utero</strong></span> <span class='ocrx_word' id='word_1_436' title='bbox 1212 4487 1285 4543; x_wconf 90' lang='lat' dir='ltr'><strong>ante</strong></span> <span class='ocrx_word' id='word_1_437' title='bbox 1313 4486 1428 4541; x_wconf 88' lang='lat' dir='ltr'><strong>statum</strong></span> <span class='ocrx_word' id='word_1_438' title='bbox 1457 4479 1571 4561; x_wconf 91' lang='lat' dir='ltr'><strong>viginti</strong></span> <span class='ocrx_word' id='word_1_439' title='bbox 1600 4482 1741 4564; x_wconf 92' lang='lat' dir='ltr'><strong>quinque</strong></span> <span class='ocrx_word' id='word_1_440' title='bbox 1770 4503 1957 4549; x_wconf 91' lang='lat' dir='ltr'><strong>annorum:</strong></span> 
     </span>
    </p>

    <p class='ocr_par' dir='ltr' id='par_1_24' title="bbox 408 4573 1960 4663">
     <span class='ocr_line' id='line_1_42' title="bbox 408 4573 1960 4663; baseline -0.001 -18"><span class='ocrx_word' id='word_1_441' title='bbox 408 4581 529 4645; x_wconf 84' lang='lat' dir='ltr'><strong>exstitit</strong></span> <span class='ocrx_word' id='word_1_442' title='bbox 543 4579 748 4643; x_wconf 91' lang='lat' dir='ltr'><strong>vehementer</strong></span> <span class='ocrx_word' id='word_1_443' title='bbox 766 4574 937 4650; x_wconf 72' lang='lat' dir='ltr'><strong>deificata,</strong></span> <span class='ocrx_word' id='word_1_444' title='bbox 955 4581 986 4635; x_wconf 93' lang='lat' dir='ltr'><strong>et</strong></span> <span class='ocrx_word' id='word_1_445' title='bbox 999 4591 1070 4654; x_wconf 77' lang='lat' dir='ltr'><strong>quae</strong></span> <span class='ocrx_word' id='word_1_446' title='bbox 1085 4573 1156 4635; x_wconf 89' lang='lat' dir='ltr'><strong>uni·</strong></span> <span class='ocrx_word' id='word_1_447' title='bbox 1212 4597 1287 4660; x_wconf 86' lang='lat' dir='ltr'><strong>crgo</strong></span> <span class='ocrx_word' id='word_1_448' title='bbox 1315 4596 1431 4659; x_wconf 90' lang='lat' dir='ltr'><strong>corpus</strong></span> <span class='ocrx_word' id='word_1_449' title='bbox 1459 4577 1650 4642; x_wconf 76' lang='lat' dir='ltr'><strong>beatissimae</strong></span> <span class='ocrx_word' id='word_1_450' title='bbox 1679 4581 1820 4663; x_wconf 85' lang='lat' dir='ltr'><strong>Virginis</strong></span> <span class='ocrx_word' id='word_1_451' title='bbox 1847 4584 1960 4647; x_wconf 84' lang='lat' dir='ltr'><strong>debuit</strong></span> 
     </span>
    </p>

    <p class='ocr_par' dir='ltr' id='par_1_25' title="bbox 409 4673 1958 4761">
     <span class='ocr_line' id='line_1_43' title="bbox 409 4673 1958 4761; baseline 0.001 -18"><span class='ocrx_word' id='word_1_452' title='bbox 409 4698 508 4745; x_wconf 81' lang='lat' dir='ltr'><strong>versae</strong></span> <span class='ocrx_word' id='word_1_453' title='bbox 528 4677 689 4741; x_wconf 90' lang='lat' dir='ltr'><strong>suavitatis</strong></span> <span class='ocrx_word' id='word_1_454' title='bbox 708 4676 852 4751; x_wconf 71' lang='lat' dir='ltr'><strong>Fonmm,</strong></span> <span class='ocrx_word' id='word_1_455' title='bbox 868 4673 1010 4735; x_wconf 91' lang='lat' dir='ltr'><strong>datorem</strong></span> <span class='ocrx_word' id='word_1_456' title='bbox 1029 4680 1061 4735; x_wconf 90' lang='lat' dir='ltr'><strong>et</strong></span> <span class='ocrx_word' id='word_1_457' title='bbox 1082 4692 1156 4736; x_wconf 88' lang='lat' dir='ltr'><strong>cau·</strong></span> <span class='ocrx_word' id='word_1_458' title='bbox 1212 4696 1282 4740; x_wconf 91' lang='lat' dir='ltr'><strong>esse</strong></span> <span class='ocrx_word' id='word_1_459' title='bbox 1305 4677 1345 4739; x_wconf 93' lang='lat' dir='ltr'><strong>ad</strong></span> <span class='ocrx_word' id='word_1_460' title='bbox 1368 4675 1476 4738; x_wconf 88' lang='lat' dir='ltr'><strong>minus</strong></span> <span class='ocrx_word' id='word_1_461' title='bbox 1500 4677 1611 4758; x_wconf 91' lang='lat' dir='ltr'><strong>viginti</strong></span> <span class='ocrx_word' id='word_1_462' title='bbox 1635 4678 1777 4761; x_wconf 91' lang='lat' dir='ltr'><strong>quinque</strong></span> <span class='ocrx_word' id='word_1_463' title='bbox 1800 4700 1958 4744; x_wconf 89' lang='lat' dir='ltr'><strong>annorum</strong></span> 
     </span>
    </p>

    <p class='ocr_par' dir='ltr' id='par_1_26' title="bbox 410 4772 1960 4863">
     <span class='ocr_line' id='line_1_44' title="bbox 410 4772 1960 4863; baseline 0.002 -22"><span class='ocrx_word' id='word_1_464' title='bbox 410 4797 478 4841; x_wconf 90' lang='lat' dir='ltr'><strong>sam</strong></span> <span class='ocrx_word' id='word_1_465' title='bbox 492 4785 539 4841; x_wconf 87' lang='lat' dir='ltr'><strong>tot</strong></span> <span class='ocrx_word' id='word_1_466' title='bbox 553 4774 716 4839; x_wconf 90' lang='lat' dir='ltr'><strong>mensibus</strong></span> <span class='ocrx_word' id='word_1_467' title='bbox 731 4772 803 4835; x_wconf 90' lang='lat' dir='ltr'><strong>tulit</strong></span> <span class='ocrx_word' id='word_1_468' title='bbox 817 4772 851 4833; x_wconf 92' lang='lat' dir='ltr'><strong>in</strong></span> <span class='ocrx_word' id='word_1_469' title='bbox 866 4778 1047 4849; x_wconf 90' lang='lat' dir='ltr'><strong>ventre,tot</strong></span> <span class='ocrx_word' id='word_1_470' title='bbox 1062 4772 1155 4835; x_wconf 89' lang='lat' dir='ltr'><strong>annis</strong></span> <span class='ocrx_word' id='word_1_471' title='bbox 1210 4777 1287 4839; x_wconf 88' lang='lat' dir='ltr'><strong>dum</strong></span> <span class='ocrx_word' id='word_1_472' title='bbox 1315 4775 1472 4837; x_wconf 82' lang='lat' dir='ltr'><strong>Christum</strong></span> <span class='ocrx_word' id='word_1_473' title='bbox 1505 4776 1662 4857; x_wconf 89' lang='lat' dir='ltr'><strong>concepit.</strong></span> <span class='ocrx_word' id='word_1_474' title='bbox 1691 4778 1810 4859; x_wconf 92' lang='lat' dir='ltr'><strong>ltaque,</strong></span> <span class='ocrx_word' id='word_1_475' title='bbox 1841 4799 1960 4863; x_wconf 89' lang='lat' dir='ltr'><strong>suppo-</strong></span> 
     </span>
    </p>

    <p class='ocr_par' dir='ltr' id='par_1_27' title="bbox 409 4871 1960 4959">
     <span class='ocr_line' id='line_1_45' title="bbox 409 4871 1960 4959; baseline 0.001 -20"><span class='ocrx_word' id='word_1_476' title='bbox 409 4874 628 4953; x_wconf 89' lang='lat' dir='ltr'><strong>contrectavit,</strong></span> <span class='ocrx_word' id='word_1_477' title='bbox 663 4871 754 4949; x_wconf 89' lang='lat' dir='ltr'><strong>lovit,</strong></span> <span class='ocrx_word' id='word_1_478' title='bbox 784 4871 930 4952; x_wconf 80' lang='lat' dir='ltr'><strong>amplexa</strong></span> <span class='ocrx_word' id='word_1_479' title='bbox 964 4876 1023 4947; x_wconf 86' lang='lat' dir='ltr'><strong>est,</strong></span> <span class='ocrx_word' id='word_1_480' title='bbox 1054 4874 1156 4952; x_wconf 91' lang='lat' dir='ltr'><strong>potuit</strong></span> <span class='ocrx_word' id='word_1_481' title='bbox 1211 4874 1316 4937; x_wconf 91' lang='lat' dir='ltr'><strong>nendo</strong></span> <span class='ocrx_word' id='word_1_482' title='bbox 1344 4874 1428 4955; x_wconf 93' lang='lat' dir='ltr'><strong>quod</strong></span> <span class='ocrx_word' id='word_1_483' title='bbox 1457 4873 1492 4935; x_wconf 94' lang='lat' dir='ltr'><strong>in</strong></span> <span class='ocrx_word' id='word_1_484' title='bbox 1523 4872 1707 4937; x_wconf 87' lang='lat' dir='ltr'><strong>beatissima</strong></span> <span class='ocrx_word' id='word_1_485' title='bbox 1732 4878 1865 4959; x_wconf 89' lang='lat' dir='ltr'><strong>Virgine</strong></span> <span class='ocrx_word' id='word_1_486' title='bbox 1896 4878 1960 4941; x_wconf 89' lang='lat' dir='ltr'><strong>luit</strong></span> 
     </span>
    </p>

    <p class='ocr_par' dir='ltr' id='par_1_28' title="bbox 408 4969 1958 5055">
     <span class='ocr_line' id='line_1_46' title="bbox 408 4969 1958 5055; baseline 0.002 -18"><span class='ocrx_word' id='word_1_487' title='bbox 408 4974 519 5055; x_wconf 89' lang='lat' dir='ltr'><strong>utique</strong></span> <span class='ocrx_word' id='word_1_488' title='bbox 547 4992 611 5036; x_wconf 91' lang='lat' dir='ltr'><strong>non</strong></span> <span class='ocrx_word' id='word_1_489' title='bbox 641 4972 833 5034; x_wconf 91' lang='lat' dir='ltr'><strong>mediocrem</strong></span> <span class='ocrx_word' id='word_1_490' title='bbox 865 4970 939 5033; x_wconf 90' lang='lat' dir='ltr'><strong>inde</strong></span> <span class='ocrx_word' id='word_1_491' title='bbox 968 4969 1155 5033; x_wconf 88' lang='lat' dir='ltr'><strong>contrahere</strong></span> <span class='ocrx_word' id='word_1_492' title='bbox 1210 4972 1314 5035; x_wconf 93' lang='lat' dir='ltr'><strong>omnis</strong></span> <span class='ocrx_word' id='word_1_493' title='bbox 1339 4971 1557 5053; x_wconf 87' lang='lat' dir='ltr'><strong>congruentia,</strong></span> <span class='ocrx_word' id='word_1_494' title='bbox 1575 4980 1638 5033; x_wconf 87' lang='lat' dir='ltr'><strong>tam</strong></span> <span class='ocrx_word' id='word_1_495' title='bbox 1663 4992 1701 5035; x_wconf 81' lang='lat' dir='ltr'><strong>ex</strong></span> <span class='ocrx_word' id='word_1_496' title='bbox 1724 4983 1812 5055; x_wconf 88' lang='lat' dir='ltr'><strong>parto</strong></span> <span class='ocrx_word' id='word_1_497' title='bbox 1837 4985 1958 5040; x_wconf 75' lang='lat' dir='ltr'><strong>naturas</strong></span> 
     </span>
    </p>

    <p class='ocr_par' dir='ltr' id='par_1_29' title="bbox 407 5068 1959 5153">
     <span class='ocr_line' id='line_1_47' title="bbox 407 5068 1959 5153; baseline 0 -16"><span class='ocrx_word' id='word_1_498' title='bbox 407 5073 525 5137; x_wconf 91' lang='lat' dir='ltr'><strong>mentis</strong></span> <span class='ocrx_word' id='word_1_499' title='bbox 554 5070 760 5153; x_wconf 90' lang='lat' dir='ltr'><strong>corporisque</strong></span> <span class='ocrx_word' id='word_1_500' title='bbox 787 5068 1000 5149; x_wconf 91' lang='lat' dir='ltr'><strong>dulcedinem,</strong></span> <span class='ocrx_word' id='word_1_501' title='bbox 1017 5076 1156 5149; x_wconf 90' lang='lat' dir='ltr'><strong>poterat·</strong></span> <span class='ocrx_word' id='word_1_502' title='bbox 1210 5088 1305 5151; x_wconf 87' lang='lat' dir='ltr'><strong>quam</strong></span> <span class='ocrx_word' id='word_1_503' title='bbox 1330 5089 1369 5133; x_wconf 86' lang='lat' dir='ltr'><strong>es</strong></span> <span class='ocrx_word' id='word_1_504' title='bbox 1392 5078 1481 5151; x_wconf 91' lang='lat' dir='ltr'><strong>parte</strong></span> <span class='ocrx_word' id='word_1_505' title='bbox 1504 5068 1625 5151; x_wconf 84' lang='lat' dir='ltr'><strong>gratiae,</strong></span> <span class='ocrx_word' id='word_1_506' title='bbox 1650 5070 1690 5132; x_wconf 92' lang='lat' dir='ltr'><strong>ad</strong></span> <span class='ocrx_word' id='word_1_507' title='bbox 1717 5072 1778 5134; x_wconf 92' lang='lat' dir='ltr'><strong>hoc</strong></span> <span class='ocrx_word' id='word_1_508' title='bbox 1804 5081 1839 5135; x_wconf 91' lang='lat' dir='ltr'><strong>ut</strong></span> <span class='ocrx_word' id='word_1_509' title='bbox 1862 5074 1959 5137; x_wconf 89' lang='lat' dir='ltr'><strong>ldater</strong></span> 
     </span>
    </p>

    <p class='ocr_par' dir='ltr' id='par_1_30' title="bbox 407 5166 1959 5255">
     <span class='ocr_line' id='line_1_48' title="bbox 407 5166 1959 5255; baseline 0.001 -20"><span class='ocrx_word' id='word_1_510' title='bbox 407 5191 468 5255; x_wconf 89' lang='lat' dir='ltr'><strong>que</strong></span> <span class='ocrx_word' id='word_1_511' title='bbox 494 5171 629 5235; x_wconf 89' lang='lat' dir='ltr'><strong>dulcedo</strong></span> <span class='ocrx_word' id='word_1_512' title='bbox 657 5167 791 5232; x_wconf 88' lang='lat' dir='ltr'><strong>interior</strong></span> <span class='ocrx_word' id='word_1_513' title='bbox 813 5167 989 5231; x_wconf 91' lang='lat' dir='ltr'><strong>redundare</strong></span> <span class='ocrx_word' id='word_1_514' title='bbox 1015 5186 1052 5231; x_wconf 89' lang='lat' dir='ltr'><strong>ac</strong></span> <span class='ocrx_word' id='word_1_515' title='bbox 1079 5169 1156 5232; x_wconf 91' lang='lat' dir='ltr'><strong>odo-</strong></span> <span class='ocrx_word' id='word_1_516' title='bbox 1210 5167 1265 5231; x_wconf 87' lang='lat' dir='ltr'><strong>Dei</strong></span> <span class='ocrx_word' id='word_1_517' title='bbox 1284 5166 1389 5246; x_wconf 83' lang='lat' dir='ltr'><strong>lieret,</strong></span> <span class='ocrx_word' id='word_1_518' title='bbox 1405 5167 1564 5229; x_wconf 90' lang='lat' dir='ltr'><strong>credimus</strong></span> <span class='ocrx_word' id='word_1_519' title='bbox 1582 5168 1668 5248; x_wconf 91' lang='lat' dir='ltr'><strong>quod</strong></span> <span class='ocrx_word' id='word_1_520' title='bbox 1689 5168 1788 5231; x_wconf 85' lang='lat' dir='ltr'><strong>Deum</strong></span> <span class='ocrx_word' id='word_1_521' title='bbox 1809 5173 1959 5254; x_wconf 89' lang='lat' dir='ltr'><strong>concepit</strong></span> 
     </span>
    </p>

    <p class='ocr_par' dir='ltr' id='par_1_31' title="bbox 407 5264 1957 5354">
     <span class='ocr_line' id='line_1_49' title="bbox 407 5264 1957 5354; baseline -0.003 -17"><span class='ocrx_word' id='word_1_522' title='bbox 407 5272 469 5337; x_wconf 91' lang='lat' dir='ltr'><strong>rari</strong></span> <span class='ocrx_word' id='word_1_523' title='bbox 493 5272 527 5335; x_wconf 92' lang='lat' dir='ltr'><strong>in</strong></span> <span class='ocrx_word' id='word_1_524' title='bbox 550 5288 694 5354; x_wconf 89' lang='lat' dir='ltr'><strong>corpore.</strong></span> <span class='ocrx_word' id='word_1_525' title='bbox 720 5268 852 5352; x_wconf 88' lang='lat' dir='ltr'><strong>Nempe,</strong></span> <span class='ocrx_word' id='word_1_526' title='bbox 878 5274 912 5329; x_wconf 89' lang='lat' dir='ltr'><strong>ut</strong></span> <span class='ocrx_word' id='word_1_527' title='bbox 935 5265 1054 5348; x_wconf 90' lang='lat' dir='ltr'><strong>optime</strong></span> <span class='ocrx_word' id='word_1_528' title='bbox 1076 5267 1155 5331; x_wconf 86' lang='lat' dir='ltr'><strong>dixit</strong></span> <span class='ocrx_word' id='word_1_529' title='bbox 1210 5266 1267 5328; x_wconf 89' lang='lat' dir='ltr'><strong>tali</strong></span> <span class='ocrx_word' id='word_1_530' title='bbox 1286 5272 1376 5328; x_wconf 78' lang='lat' dir='ltr'><strong>etate</strong></span> <span class='ocrx_word' id='word_1_531' title='bbox 1394 5282 1458 5347; x_wconf 88' lang='lat' dir='ltr'><strong>qua</strong></span> <span class='ocrx_word' id='word_1_532' title='bbox 1475 5264 1618 5347; x_wconf 87' lang='lat' dir='ltr'><strong>perlecta</strong></span> <span class='ocrx_word' id='word_1_533' title='bbox 1634 5264 1698 5329; x_wconf 87' lang='lat' dir='ltr'><strong>luit</strong></span> <span class='ocrx_word' id='word_1_534' title='bbox 1716 5274 1799 5331; x_wconf 89' lang='lat' dir='ltr'><strong>statu</strong></span> <span class='ocrx_word' id='word_1_535' title='bbox 1814 5269 1957 5352; x_wconf 85' lang='lat' dir='ltr'><strong>corporis</strong></span> 
     </span>
    </p>
   </div>
   <div class='ocr_carea' id='block_1_5' title="bbox 0 0 2160 6246">
    <p class='ocr_par' dir='ltr' id='par_1_32' title="bbox 0 0 2160 6246">
     <span class='ocr_line' id='line_1_50' title="bbox 0 0 2160 6246; baseline 0 0"><span class='ocrx_word' id='word_1_536' title='bbox 0 0 2160 6246; x_wconf 95' lang='lat' dir='ltr'><strong> </strong></span> 
     </span>
    </p>
   </div>
  </div>
 </body>
</html>
