4309 6250
488 522 607 572 mursa
628 522 796 569 rsarrman
815 521 988 585 xsnonn,
1010 523 1098 569 crasa
1121 524 1139 568 v.
1163 542 1203 553 -
1224 525 1296 572 aar.
1319 527 1375 573 vin
1650 507 1711 572 249

159 692 377 774 sequebantur
389 691 585 756 Christianos
600 692 791 768 catholicos3
806 699 839 754 et
852 709 908 755 eos
922 690 949 753 Α
964 691 1118 756 mittendo
1130 693 1169 756 ad
1184 712 1254 756 eam
1270 695 1355 758 viros
1369 695 1498 774 electae,
1507 715 1564 778 per
1577 713 1711 777 quorum

158 791 214 874 qui
228 792 331 855 lleum
345 811 415 855 esse
434 791 554 854 trinum
574 789 821 868 confitebantur,
838 809 909 872 pne
964 790 1176 872 exemplarem
1203 801 1408 874 sanctamque
1437 793 1547 872 vitam,
1573 793 1715 856 saluber-

160 890 220 952 sim
242 898 339 971 atque
358 888 501 952 feraliter
519 888 757 969 jugulaverrmt.
780 887 819 950 Et
841 889 910 950 bre
964 888 1046 951 rima
1058 889 1260 970 documenta,
1278 891 1428 973 preclara
1451 891 1616 968 miracula,
1632 891 1713 955 alios

160 988 250 1065 viter,
277 986 409 1050 heresis
436 986 491 1048 illa
520 986 554 1048 in
578 993 701 1048 tantum
731 986 908 1066 prevaluit,
965 986 1160 1068 reformavit,
1201 990 1359 1068 accendit,
1401 990 1715 1070 innumerabilesque

160 1085 245 1166 quod
273 1085 346 1165 ejus
365 1084 547 1166 exstirpatio
567 1084 695 1147 videtur
717 1102 782 1146 non
803 1083 909 1147 minus
966 1086 1110 1148 salvavit.
1140 1087 1289 1160 Quamvis
1318 1088 1437 1151 etenim
1472 1089 1570 1152 solius
1599 1087 1715 1151 Christi

159 1183 353 1246 miraculosa
371 1183 471 1245 fuisse
491 1202 588 1264 quam
610 1183 714 1266 prima
733 1182 910 1262 divulgatio
965 1184 1111 1246 doctrina
1129 1193 1160 1246 et
1180 1183 1282 1266 signa,
1300 1187 1414 1248 merito
1434 1205 1534 1268 usque
1555 1187 1589 1248 in
1613 1185 1715 1248 finem

158 1301 195 1345 ae
210 1281 438 1364 multiplicatio
448 1281 526 1344 fidei
541 1280 810 1344 christianeNon
824 1281 910 1343 enim
966 1281 1074 1344 seculi
1107 1281 1147 1344 ad
1178 1283 1453 1346 conservationem
1482 1284 1561 1347 fidei
1596 1303 1633 1346 ac
1663 1285 1717 1346 de·

158 1382 301 1444 bumana
314 1387 470 1462 potestate
484 1387 538 1442 aut
551 1379 689 1442 naturali
710 1379 844 1441 seientia
859 1399 912 1440 ex·
965 1380 1105 1444 votiouis
1128 1381 1162 1444 in
1187 1379 1437 1445 Christianorum
1458 1382 1607 1446 cordibus
1628 1401 1716 1465 pron

159 1479 292 1560 stirpata
305 1477 368 1540 fuit
377 1477 508 1541 heresis
523 1477 653 1554 illa,sed
665 1496 723 1559 per
733 1477 911 1539 innumera·
966 1497 1020 1540 sus
1039 1477 1238 1558 sufficerent,
1256 1487 1343 1542 tauta
1364 1487 1469 1544 emen
1493 1489 1542 1544 est
1560 1481 1715 1544 mentium

158 1575 249 1652 bilia,
267 1574 510 1657 praeclarissima
528 1575 653 1656 solique
668 1574 731 1638 Deo
747 1573 912 1658 possibilia
966 1575 1177 1640 humanarum
1199 1575 1365 1658 fragilitas,
1388 1587 1476 1642 tanta
1496 1579 1626 1656 oblivio,
1651 1579 1715 1642 imo

159 1674 299 1756 gloriosa
322 1673 477 1736 miracula
501 1698 509 1737 :
535 1673 611 1756 quia
636 1673 669 1735 in
697 1672 847 1736 omnibus
871 1671 911 1734 fi·
966 1681 998 1735 et
1012 1681 1099 1736 tanta
1119 1675 1321 1756 perversitas,
1340 1684 1426 1739 tanta
1446 1695 1573 1759 quoque
1595 1677 1716 1740 incom-

159 1772 257 1836 nibus
275 1771 388 1834 mundi
410 1771 579 1834 suscitavit
596 1769 739 1834 Christus
760 1778 835 1832 tunc
854 1769 912 1832 ali·
966 1771 1224 1853 prehensibilitas
1236 1775 1466 1838 credendorum
1479 1774 1716 1856 difficultasque

159 1889 241 1951 quos
271 1877 399 1932 sanctos
423 1869 540 1947 Patres,
557 1869 727 1951 episcopos
750 1877 783 1930 et
805 1868 913 1932 docto-
929 1865 953 1927 B
967 1869 1174 1949 agendorum,
1204 1871 1288 1950 quod
1324 1871 1385 1932 nisi
1415 1873 1558 1936 Salvator
1587 1873 1717 1953 prefato

161 1987 223 2044 res,
240 1967 297 2048 qui
316 1987 376 2030 sua
393 1967 636 2030 conversatione
660 1966 862 2028 sanctissima
881 1974 912 2027 ct
967 1966 1062 2028 modo
1083 1965 1267 2048 frequenter
1287 1967 1447 2032 visitasset
1467 1969 1654 2048 Ecclesiam,
1678 1969 1717 2032 fi-

160 2065 386 2147 predioatioue
404 2065 581 2144 verissima,
598 2063 912 2146 preclarissimisque
967 2063 1024 2125 des
1042 2072 1075 2126 et
1094 2065 1221 2128 devotio
1241 2066 1491 2130 Christianorum
1513 2077 1567 2130 aut
1586 2067 1717 2131 omnino

160 2164 339 2241 miraculis,
366 2161 513 2225 heresim
542 2163 641 2238 illam,
669 2162 733 2224 Deo
760 2161 914 2224 auxilian-
968 2170 1023 2224 aut
1043 2161 1133 2243 quasi
1155 2163 1295 2226 totaliter
1315 2163 1496 2228 defecisset.
1513 2166 1600 2228 Unde
1616 2184 1716 2247 usque

161 2271 204 2338 te,
220 2260 368 2324 funditus
386 2268 582 2324 everterunt.
600 2259 663 2322 Nec
682 2259 914 2322 rationabiliter
968 2259 1008 2321 ad
1022 2267 1148 2341 tempus
1163 2259 1247 2324 istud
1262 2259 1393 2324 fuerunt
1408 2263 1441 2325 in
1456 2262 1599 2326 Ecclesia
1615 2263 1716 2326 sancti

160 2356 245 2439 fingi
273 2365 378 2439 potest
404 2356 544 2437 qualiter
574 2357 704 2420 heresis
737 2356 793 2418 illa
821 2356 915 2418 aliter
968 2357 1030 2419 viri
1052 2365 1084 2419 et
1104 2355 1232 2420 femine
1250 2367 1378 2438 sancte,
1395 2379 1452 2442 par
1473 2378 1553 2441 quos
1574 2361 1717 2424 Christus

160 2455 261 2519 fuerit
281 2455 464 2537 exstirpata.
967 2455 1081 2517 tamin
1097 2456 1161 2518 vita
1182 2475 1291 2518 eorum
1313 2474 1409 2537 quam
1430 2465 1550 2539 postea,
1567 2457 1665 2520 multa
1687 2467 1718 2520 et

201 2553 361 2636 Deinceps
389 2553 521 2616 fuemnt
546 2561 579 2616 et
610 2553 665 2615 alii
694 2553 785 2614 multi
821 2553 915 2615 here
969 2571 1084 2634 magna
1106 2551 1184 2616 fecit
1205 2553 1368 2617 miracula.

121 2687 149 2715 ιι.
163 2652 299 2716 siarebe
325 2675 333 2713 ε
359 2651 443 2715 inter
471 2670 552 2733 quos
580 2651 677 2730 (sicut
704 2650 915 2732 praehabitum
1009 2651 1091 2713 Ecce
1116 2651 1148 2712 in
1174 2649 1235 2714 isto
1259 2652 1393 2715 articulo
1419 2651 1559 2716 fideliter
1586 2653 1716 2716 recitavi

162 2753 226 2830 est)
240 2750 393 2813 Photinus
407 2748 632 2830 Nestoriusque
647 2747 788 2828 fuerunt,
800 2749 915 2812 Christi
969 2747 1107 2829 qualiter
1120 2747 1202 2811 fides
1224 2749 1398 2812 christiana
1412 2750 1516 2832 primo
1536 2751 1716 2832 predicata,

162 2848 315 2912 deitatem
337 2855 501 2928 negantes,
523 2865 660 2928 eumque
679 2866 795 2929 purum
817 2845 917 2909 fuisse
969 2845 1131 2926 divulgata
1159 2855 1191 2908 et
1221 2866 1319 2929 usque
1348 2847 1381 2909 in
1405 2867 1545 2930 presens
1574 2847 1617 2910 sit
1644 2867 1719 2912 con-

162 2947 328 3010 bomiuem
364 2945 577 3010 affirmantes.
606 2947 745 3021 Quorum
780 2953 918 3008 sectator
970 2954 1106 3009 servata.
1137 2947 1198 3008 Sed
1226 2947 1376 3028 quoniam
1412 2948 1504 3010 nude
1538 2946 1717 3010 recitationi

163 3045 288 3108 exstitit
311 3045 451 3127 Sergius,
474 3045 650 3107 monachus
676 3043 786 3120 falsus,
812 3063 831 3106 a
853 3063 916 3127 quo
933 3047 955 3110 C
971 3041 1079 3106 forsan
1096 3062 1159 3106 non
1175 3045 1324 3123 creditur,
1341 3045 1407 3106 heo
1430 3045 1623 3126 insequenti
1645 3043 1720 3106 arti·

163 3148 214 3226 (ut
241 3145 328 3207 infra
355 3145 492 3226 dicetur)
521 3144 697 3207 instructus
725 3144 828 3207 fuerat
856 3145 917 3207 lla·
971 3142 1044 3205 culo
1064 3142 1250 3223 diligentius
1272 3152 1346 3205 suut
1368 3144 1543 3226 probanda.

164 3246 324 3307 bometus.
355 3244 442 3307 Unde
469 3252 502 3306 et
534 3242 712 3307 Nestoriani
745 3242 915 3307 Christiani

162 3344 341 3405 llahometo
369 3362 434 3424 pre
461 3340 577 3404 ceteris
605 3342 806 3423 placuerunt,
834 3343 917 3405 sicut

162 3440 301 3503 inferius
330 3459 369 3502 ex
403 3438 539 3521 epistola
566 3438 734 3519 cujusdam
763 3440 914 3521 precipui
1163 3402 1408 3469 ARTICULUS
1432 3404 1524 3468 Vm·

161 3538 331 3601 &mcclii
352 3536 549 3619 probabitur.
574 3536 689 3599 velum
714 3537 797 3599 '¹³⁰⁰
818 3538 917 3601 hm·
999 3554 1157 3614 Prodatio
1185 3571 1296 3611 eorum
1325 3573 1398 3633 que
1429 3556 1465 3613 in
1490 3555 1691 3629 precedenti

161 3636 236 3715 sim,
262 3636 348 3698 sicut
375 3644 408 3698 et
431 3643 564 3715 ceteras,
589 3634 733 3696 Christos
760 3654 817 3716 per
844 3656 916 3699 san·
1161 3644 1304 3701 articulo
1324 3644 1414 3702 dicta
1435 3652 1523 3703 sunt.

161 3743 289 3797 otorum
304 3732 430 3796 Patmm
446 3740 479 3795 et
498 3732 730 3796 catholicorum
749 3732 916 3798 doctorum

161 3831 435 3915 predicationem,
450 3830 642 3909 doctrinam,
658 3830 859 3893 sanctitatem
873 3840 916 3894 at
1040 3830 1126 3893 lC'l'A
1142 3827 1174 3891 in
1196 3828 1386 3911 precedenti
1408 3829 1541 3893 articulo
1556 3848 1658 3912 usque
1679 3832 1718 3893 ad

159 3949 225 4012 que
240 3927 463 4006 miracula,ab
476 3927 621 3991 Ecclesia
635 3928 832 4009 exstirpavit.
1055 3927 1098 4003 id,
1120 3926 1241 3989 lnterea
1264 3927 1356 3989 multi
1382 3947 1472 4008 reges
1497 3928 1721 4011 principesque

202 4030 369 4105 Praeterea,
398 4026 598 4090 cessantibus
625 4026 796 4105 hereticis,
823 4046 916 4110 pacc-
969 4026 1137 4107 gentilium
1154 4044 1217 4088 non
1233 4025 1498 4106 credentes,eto.,
1512 4046 1550 4089 ex
1564 4028 1721 4108 scriptura

160 4148 225 4209 que
255 4126 392 4203 reddita,
421 4134 565 4207 ternpore
594 4124 786 4206 procedente
820 4134 915 4207 atque
970 4124 1125 4187 canonica
1145 4124 1219 4186 novi
1243 4124 1432 4186 Testamenti
1460 4125 1628 4188 manifeste
1649 4144 1721 4208 pro-

160 4225 287 4288 malitia
301 4224 506 4306 prevalente,
518 4222 703 4304 frequenter
717 4222 750 4283 iu
765 4222 915 4285 cordibus
930 4222 954 4283 l)
970 4220 1086 4283 bantur
1113 4244 1120 4283 ε
1147 4220 1218 4284 ideo
1247 4221 1411 4285 Sarraceni
1441 4221 1486 4284 eis
1514 4224 1628 4287 merito
1653 4242 1721 4287 cre-

159 4322 416 4386 Christianorum
440 4320 598 4401 refriguit,
625 4321 704 4402 prob
730 4320 840 4384 dolor!
865 4341 915 4384 ca·
969 4319 1091 4396 derant,
1108 4319 1284 4402 presertim
1305 4338 1404 4401 quum
1426 4320 1537 4383 llahon
1560 4320 1653 4384 toties
1675 4320 1722 4384 fa-

160 4422 240 4483 ritas
263 4420 332 4498 bei,
348 4419 477 4482 devotio
498 4418 626 4495 Christi,
646 4418 801 4499 vigorque
823 4418 912 4497 fidei,
969 4425 1071 4480 teatur
1086 4417 1294 4499 Evangelium
1305 4418 1429 4481 Christo
1444 4438 1461 4480 a
1477 4418 1540 4483 Deo
1555 4419 1717 4483 collatum.

160 4520 207 4581 ita
228 4518 317 4599 quod
338 4516 428 4598 quasi
448 4516 538 4579 nulla
558 4524 613 4578 aut
632 4534 734 4597 pauca
749 4516 915 4579 videbatur
968 4515 1013 4577 Ex
1040 4515 1213 4597 Evangelio
1242 4534 1379 4596 namque
1410 4524 1440 4577 et
1475 4516 1556 4579 libro
1584 4518 1719 4580 Actuum

158 4617 192 4679 in
209 4616 359 4698 pluribus
373 4614 562 4677 Christianis
576 4614 660 4677 fides
675 4615 841 4691 mansisse,
858 4616 913 4696 qui
969 4614 1307 4695 Apostolorum,queru
1322 4614 1424 4676 Lucas
1438 4614 1633 4697 evangelista
1648 4635 1720 4678 san-

158 4725 226 4778 tam
249 4714 433 4775 intimorate
454 4713 603 4775 vixerunt
625 4712 716 4794 quasi
741 4732 807 4775 non
831 4722 915 4775 esset
968 4720 1039 4774 ctus
1063 4710 1265 4793 conscripsit,
1292 4711 1346 4774 illa
1370 4712 1477 4775 omnia
1500 4713 1719 4775 demonstran-

157 4816 227 4877 vita
241 4810 912 4895 postvitampresentem,nequefuturum
970 4819 1030 4873 tur.
1057 4810 1166 4873 Cetera
1195 4828 1269 4873 vero
1298 4829 1336 4871 ex
1364 4809 1524 4873 chronicis
1552 4820 1646 4893 atque
1671 4812 1719 4873 bi-

155 4912 331 4993 judicium.
347 4908 514 4990 Quumque
528 4909 681 4973 llorninus
701 4917 811 4973 noster
823 4910 914 4971 lesus
969 4908 1075 4971 storiis
1091 4909 1167 4970 satis
1182 4908 1373 4971 authenticis
1389 4908 1644 4989 comprobantur.

156 5012 316 5085 Christus,
333 5006 444 5069 mundi
466 5007 617 5084 salvator,
633 5006 809 5070 Ecclesiam
823 5026 913 5068 suam
1008 5007 1040 5068 Si
1056 5025 1132 5070 vero
1148 5007 1358 5087 respondeant
1374 5006 1616 5083 Sarraceni,nos
1631 5008 1719 5071 Cbri-

157 5124 329 5189 nunquam
357 5105 391 5167 in
418 5112 486 5168 toto
513 5104 709 5187 relinquens,
739 5124 810 5168 eam
838 5123 915 5167 con·
968 5106 1089 5167 stianos
1109 5124 1217 5166 veram
1233 5104 1395 5185 Evangelii
1419 5104 1555 5167 litteram
1578 5124 1641 5168 uon
1663 5106 1718 5168 ba-

158 5207 303 5289 spioeret
327 5203 433 5265 taliter
455 5200 639 5266 labefactari
662 5223 700 5266 ac
728 5203 912 5280 deformari,
969 5204 1054 5279 bere,
1071 5204 1128 5265 sed
1144 5210 1263 5264 textum
1279 5211 1476 5284 corruptum,
1495 5201 1640 5265 incidunt
1655 5203 1718 5265 hae-

160 5323 293 5388 semper
304 5300 605 5367 misericordissime
626 5302 776 5367 subvenit
795 5302 913 5381 eidem,
970 5302 1064 5365 resim
1089 5300 1342 5379 Manichaeorum,
1363 5301 1418 5383 qui
1444 5300 1617 5383 scripturas
1642 5302 1717 5366 novi
