4309 6250
415 508 473 579 i00
646 532 687 579 ou
706 532 870 580 othmare
891 534 928 579 ΕΤ
948 532 1097 579 munibus
1119 532 1145 577 Β.
1169 532 1198 577 V.
1215 530 1330 588 HARlAE,
1352 532 1441 579 LIBER
1462 534 1496 580 ll.
1518 552 1559 563 -
1579 533 1649 580 ΑΜΤ.
1671 535 1735 581 XXV

414 702 735 787 incomparabilisque
748 703 842 765 Μανία
862 702 892 764 iu
914 702 1057 765 Ecclesia
1078 700 1162 763 mili·
1176 702 1201 763 Α
1215 702 1327 784 erepti,
1353 722 1443 783 spem
1466 704 1679 786 meritumque
1703 712 1828 768 ammte
1851 702 1972 767 salutis

414 802 492 865 tanti
514 802 575 865 fuit
589 811 620 865 ct
635 802 667 863 in
687 801 829 864 Ecclesia
848 801 1055 883 triumphanti
1075 820 1160 862 nunc
1216 802 1333 882 adepti.
1935 862 1940 870 ,

414 908 462 963 est
481 919 604 963 summa
629 908 660 962 et
687 899 823 961 maxime
852 907 1012 977 constans,
1037 898 1161 961 exsules
1255 898 1398 979 Oquam
1424 900 1666 981 praeclarissima
1689 921 1726 963 ac
1754 900 1972 965 celeberrima

413 998 565 1080 dirigens,
582 998 666 1060 viam
689 997 799 1059 salutis
819 997 1052 1087 demonstrans,
1069 996 1161 1057 iudu-
1215 1015 1261 1074 es,
1273 998 1362 1078 virgo
1377 998 1482 1077 llario,
1494 1000 1717 1061 ardentissima
1731 998 1971 1062 lucentissima-

415 1103 499 1159 ratos
523 1096 701 1173 emolliens,
727 1103 759 1156 et
783 1095 867 1157 circa
893 1094 996 1176 ipsam
1021 1094 1160 1156 muudus
1215 1111 1277 1174 que
1306 1094 1446 1174 lucerua,
1472 1096 1721 1160 luminosissima
1743 1097 1865 1179 lampas
1888 1096 1970 1177 igne

413 1202 567 1257 versatur.
1214 1191 1323 1255 divino
1338 1211 1484 1271 accensa,
1499 1203 1617 1256 aeteruo
1632 1194 1752 1257 lumine
1775 1194 1970 1276 impraegna-

452 1292 613 1371 Pratcrea,
638 1310 708 1355 esse
736 1290 968 1369 recreatricem,
999 1290 1160 1352 illumiua-
1214 1296 1267 1365 ta;
1297 1309 1366 1371 quae
1401 1290 1505 1353 lucem
1533 1291 1842 1373 incircumscriptam
1875 1290 1968 1353 inira

410 1389 522 1453 tricem
539 1389 802 1470 salvatricemque
817 1388 940 1469 mundi,
957 1389 1110 1451 Dominus
1128 1395 1160 1449 et
1215 1386 1439 1468 corpusculum
1460 1407 1498 1449 ex
1524 1397 1554 1450 te
1579 1397 1740 1470 sumptum
1765 1397 1964 1468 manentem,

410 1489 553 1552 Salvator
573 1508 637 1551 suae
658 1487 883 1567 dilectissimae,
899 1486 1099 1549 electissimas
1121 1505 1157 1548 ac
1214 1483 1297 1545 iutra
1312 1484 1456 1565 virginea
1469 1486 1591 1548 viscera
1609 1486 1785 1563 deferebas,
1803 1493 1966 1566 tantaque

410 1585 677 1668 prestantissima
691 1584 843 1648 Genitrici
859 1584 1110 1647 communicavit
1124 1584 1157 1644 in
1214 1582 1295 1644 lucis
1310 1582 1405 1645 radiis
1421 1583 1505 1644 iutra
1520 1592 1549 1645 te
1563 1583 1772 1646 exuberanter
1786 1584 1882 1645 nimis
1901 1584 1968 1645 mi-

410 1682 608 1765 quadmplici
636 1701 753 1764 genere
782 1700 895 1745 ceusae.
921 1682 991 1762 lpsa
1019 1700 1156 1763 namque
1215 1681 1329 1758 cabas;
1345 1700 1503 1762 quaevere
1519 1681 1691 1762 etcopiose
1711 1682 1865 1743 muudum
1887 1682 1967 1743 illu·
1984 1705 2103 1749 naara

410 1781 512 1864 primo
526 1780 610 1844 iacta
624 1788 672 1843 est
685 1800 780 1843 causa
801 1779 949 1842 alliciens
971 1787 1086 1842 nostrae
1107 1798 1155 1841 rc·
1214 1777 1436 1856 minasti,dum
1452 1778 1634 1841 sedentibus
1649 1779 1681 1840 iu
1698 1778 1837 1841 tenebris
1849 1786 1879 1841 et
1890 1798 1967 1841 um-

409 1878 583 1961 parationis
604 1887 636 1941 et
657 1877 899 1941 illuminationis
917 1900 924 1938 :
941 1876 1092 1957 quoniam
1108 1896 1156 1939 re-
1175 1872 1198 1934 B
1214 1876 1270 1937 bra
1289 1876 1399 1938 mortis
1420 1876 1528 1939 lumen
1547 1877 1608 1939 hoc
1626 1877 1788 1958 peperisti,
1809 1884 1841 1940 et
1864 1897 1965 1940 suum

409 1983 587 2058 paratorem
606 1984 638 2038 et
660 1974 908 2037 illuminatorem
933 1974 1075 2037 omnium
1101 1993 1157 2036 no
1212 1974 1377 2036 ostendisti
1398 1974 1583 2037 homiuibus
1608 1975 1798 2055 Creatorem,
1821 1976 1964 2038 detentis

409 2081 510 2136 strum
534 2074 604 2154 ipsa
625 2072 772 2153 concepit
791 2091 827 2134 ac
848 2072 972 2154 peperit
996 2071 1110 2149 uobis;
1127 2080 1158 2134 et
1210 2090 1337 2154 quoque
1358 2071 1392 2133 iu
1412 2071 1510 2136 limbo
1530 2073 1836 2136 desideratissimum
1851 2084 1965 2155 protu-

409 2191 530 2251 rursus,
546 2170 696 2252 quoniam
718 2170 866 2251 precibus
886 2170 951 2232 suis
974 2189 1010 2232 ac
1036 2170 1158 2232 meritis
1211 2169 1276 2231 listi
1293 2170 1493 2233 liberatorem
1503 2178 1509 2231 t
1521 2170 1565 2231 Ex
1580 2180 1610 2234 te
1626 2179 1658 2234 et
1671 2190 1729 2251 per
1742 2179 1774 2233 te
1790 2171 1879 2233 illum
1892 2192 1964 2235 sus-

409 2270 547 2349 veniam,
563 2268 697 2350 gratiam
716 2288 752 2331 ac
773 2268 906 2330 salutem
928 2267 1019 2330 uobis
1045 2286 1158 2349 procu·
1210 2267 1355 2349 cepimus
1374 2286 1546 2349 perquem
1565 2268 1682 2331 veritas
1705 2278 1736 2331 et
1753 2269 1856 2350 gratia
1874 2270 1964 2332 lacta
1980 2284 2116 2329 loannis.

409 2376 467 2430 rat.
494 2368 588 2429 Facta
613 2374 661 2429 est
685 2366 781 2429 etiam
804 2374 921 2429 nostrae
949 2366 1157 2448 reparationis
1210 2373 1269 2443 est,
1285 2367 1340 2447 qui
1354 2374 1402 2428 est
1418 2368 1529 2430 doctor
1547 2367 1690 2447 justitias,
1707 2367 1868 2449 legislator
1888 2388 1966 2450 per-

410 2484 505 2528 causa
525 2464 710 2542 materialis,
726 2463 801 2545 quia
820 2484 858 2527 ex
882 2464 951 2544 ejus
976 2463 1157 2544 purissimis
1210 2461 1325 2543 iectus,
1343 2463 1414 2526 lons
1437 2465 1611 2546 sapientia,
1628 2466 1747 2527 candor
1768 2464 1850 2528 lucis
1870 2475 1966 2529 ater·
1983 2480 2064 2525 aaa
2076 2486 2116 2524 aa

409 2562 619 2644 sanguinibus
648 2571 809 2643 sumptum
845 2569 877 2623 et
910 2561 1081 2624 formatum
1110 2569 1158 2623 est
1210 2578 1269 2640 uae,
1301 2560 1466 2642 speculum
1495 2561 1671 2642 majestatis
1702 2561 1830 2625 divinae.
1860 2564 1962 2637 Quem
1981 2553 2116 2609 ³“P-'l'i

409 2680 524 2742 corpus
552 2660 745 2735 salvatoris,
773 2678 868 2721 causa
891 2677 1016 2740 quoque
1041 2659 1158 2722 forma·
1209 2658 1284 2739 quia
1299 2658 1333 2719 in
1348 2678 1404 2721 sua
1420 2678 1483 2722 nou
1498 2659 1660 2741 potuimus
1676 2678 1790 2741 capere
1809 2661 1961 2743 puritate,

409 2758 449 2821 lis
476 2766 508 2821 et
542 2757 742 2839 exemplaris,
772 2757 922 2837 quoniam
948 2757 1019 2819 lucc
1048 2756 1157 2837 gratiae
1210 2775 1270 2818 uec
1286 2756 1390 2838 ipsum
1406 2758 1439 2819 in
1454 2776 1512 2819 sua
1525 2756 1653 2820 infinita
1666 2757 1852 2839 conspicere
1867 2759 1966 2821 clari-

409 2876 484 2935 suae,
501 2865 675 2919 etsuarum
698 2854 865 2937 splendore
881 2855 1046 2933 virtutum,
1063 2863 1156 2936 atque
1209 2862 1284 2934 tate,
1310 2864 1451 2917 nostram
1476 2875 1514 2919 ex
1542 2864 1573 2918 te
1601 2857 1774 2938 assumpsit
1801 2866 1961 2939 naturam,

408 2954 552 3036 exemplo
574 2974 639 3017 suae
661 2953 912 3017 conversationis
936 2953 1154 3031 sanctissimae,
1211 2952 1321 3033 sicque
1341 2972 1374 3015 sc
1395 2953 1501 3035 ipsum
1521 2953 1655 3035 praebuit
1673 2953 1766 3017 nobis
1786 2954 1962 3035 visibilem,

408 3053 527 3136 prabet
541 3052 689 3115 omnibus
704 3051 796 3114 uobis
811 3049 946 3113 lormam
966 3050 1109 3129 vivendi,
1126 3049 1193 3113 etC
1211 3050 1384 3112 audibilem
1404 3059 1499 3133 atque
1512 3051 1728 3133 tractabilem.
1746 3052 1780 3113 lu
1801 3060 1832 3115 te
1852 3060 1885 3115 ct
1902 3072 1964 3136 per

408 3152 494 3215 viem
510 3151 661 3214 redeundi
684 3170 702 3212 a
722 3149 861 3212 tenebris
880 3151 918 3212 ad
939 3150 1085 3212 salutem.
1102 3150 1159 3212 Est
1212 3157 1242 3211 te
1273 3148 1428 3211 habemus
1457 3150 1490 3211 in
1519 3150 1606 3211 omni
1635 3150 1824 3213 necessitate
1857 3152 1964 3214 subsi-

408 3250 502 3313 etiam
532 3268 627 3311 causa
655 3248 762 3310 liualis
791 3256 905 3310 uostrae
933 3247 1155 3328 reparationis,
1211 3246 1311 3325 dium,
1328 3246 1462 3310 inomni
1482 3265 1618 3311 moerore
1639 3248 1798 3328 solatium,
1816 3249 1847 3311 iu
1869 3251 1962 3313 omui

408 3348 558 3428 quoniam
575 3345 660 3408 salus
675 3355 782 3409 nostra
798 3345 1016 3427 principaliter
1034 3346 1159 3408 ordina-
1211 3345 1385 3408 tentatione
1404 3345 1597 3425 relevamen,
1615 3346 1648 3407 iu
1670 3347 1757 3408 omui
1783 3347 1964 3429 indigentia

408 3454 460 3508 tur
474 3445 513 3507 ad
528 3444 662 3525 gloriam
677 3442 802 3522 Christi,
813 3442 928 3504 deinde
942 3442 1048 3524 aliquo
1063 3444 1157 3506 modo
1212 3460 1316 3523 opem.
1333 3444 1377 3506 lle
1392 3451 1438 3506 tot
1451 3452 1482 3505 et
1497 3444 1592 3506 tantis
1607 3443 1777 3507 beneficiis
1792 3445 1885 3508 uobis
1905 3446 1966 3509 de-

409 3542 448 3605 ad
463 3542 597 3623 gloriam
612 3560 675 3603 suaa
688 3540 1077 3620 llatris,quemadm0dum
1090 3560 1158 3622 pro·
1213 3560 1308 3623 super
1326 3561 1364 3604 ex
1383 3550 1414 3604 te
1433 3549 1464 3605 ct
1482 3561 1539 3624 per
1558 3551 1589 3605 te
1608 3542 1743 3622 collatis,
1760 3543 1824 3607 Deo
1843 3562 1965 3624 nequa-

409 3640 513 3703 lectus
538 3647 570 3702 et
593 3639 677 3700 salus
706 3638 905 3701 subditorum
933 3638 1089 3702 bonorum
1117 3640 1156 3701 ad
1212 3658 1308 3720 quam
1331 3641 1487 3722 condigne
1510 3641 1672 3722 regratiari
1695 3642 1850 3704 valemus

410 3757 538 3802 suorum
558 3736 691 3818 gloriam
715 3735 926 3817 prelatorum,
943 3744 1038 3818 prout
1061 3737 1158 3799 Thes-

264 3849 359 3895 tram.
374 3864 396 3904 ιι,
411 3834 664 3899 salonicensibus
680 3833 791 3896 scribit
805 3834 974 3914 Apostolus
992 3858 998 3896 :
1015 3833 1088 3908 Qua
1109 3844 1158 3898 cst

265 3917 298 3959 ¹⁹·
411 3953 484 4016 spos
499 3940 606 3996 nostra
620 3941 675 3995 aut
689 3949 805 3995 corona
826 3930 956 4012 gloriael
972 3951 1079 3996 nonne
1101 3952 1156 3997 vos
1396 3904 1640 3968 ARTICULUS
1664 3904 1771 3967 XXV·

409 4033 441 4094 iu
458 4031 596 4094 adventu
611 4029 736 4092 Domini
750 4027 852 4091 nestri
868 4029 940 4091 Jesu
955 4029 1092 4092 Christil
1213 4053 1305 4119 Quod
1319 4053 1529 4111 divinissima
1544 4053 1636 4128 ,imo
1651 4054 1764 4114 Maria
1780 4057 1964 4116 certissime

451 4129 495 4190 Ex
508 4128 559 4190 his
574 4126 745 4189 innotescit
759 4125 928 4188 multitudo
949 4134 980 4188 et
1000 4127 1158 4208 magnitu-
1248 4143 1469 4216 proecoynovp
1479 4142 1606 4201 Filium
1620 4161 1717 4200 ,uum
1727 4161 1918 4218 passurum.

411 4227 451 4292 do
480 4224 711 4290 beneficiorum
736 4224 829 4286 uobis
857 4223 995 4306 desuper
1018 4245 1076 4308 per
1098 4227 1198 4290 lla-l)
1223 4226 1225 4231 ’

411 4324 489 4386 riam
506 4320 725 4383 dulcissimam
740 4317 962 4400 prestiturum.
979 4319 1098 4403 Nempe
1119 4342 1157 4386 ex
1277 4329 1466 4389 oscum
1486 4329 1592 4387 Israel
1609 4345 1754 4402 pueram
1778 4349 1887 4401 suum,
1907 4351 1959 4392 re·
1988 4364 2125 4416 mm,

412 4422 482 4503 ipsa
502 4428 534 4482 et
551 4436 609 4500 per
628 4417 742 4498 ipsam,
758 4415 840 4478 Deus
859 4423 968 4479 noster
985 4415 1089 4481 lactus
1110 4430 1159 4482 est
1286 4427 1440 4484 corrictus
1460 4426 1696 4485 misericordiae
1713 4445 1791 4495 suaa,
1813 4429 1898 4488 sicut
1916 4433 1959 4490 lo
1976 4430 2022 4472 ⁵⁵·

412 4519 510 4582 irater
524 4514 799 4593 noster,Dominus
814 4522 921 4577 noster
936 4515 1035 4578 lactus
1047 4526 1160 4582 estne
1211 4533 1307 4583 cutus
1333 4531 1379 4581 est
1407 4524 1451 4581 ad
1475 4531 1586 4596 patres
1618 4531 1755 4582 nostros.
1783 4524 1818 4587 ln
1851 4526 1959 4590 verbis

413 4625 477 4680 ster
502 4613 657 4689 minister,
684 4611 812 4674 Creator
843 4619 950 4675 noster
980 4612 1084 4676 iactus
1111 4624 1159 4678 est
1212 4617 1329 4679 cantici
1345 4617 1394 4678 sui
1409 4614 1598 4694 dulcissimi,
1615 4616 1876 4682 benedictissima
1893 4622 1958 4685 vir·

412 4722 520 4777 noster
548 4710 695 4789 salvator,
722 4709 820 4771 ludex
848 4718 955 4773 noster
983 4711 1087 4774 lactus
1111 4723 1159 4776 est
1211 4734 1251 4796 go
1266 4714 1360 4777 Μανία
1374 4712 1551 4775 insinuavit
1571 4733 1605 4776 se
1624 4713 1708 4776 scire
1727 4716 1861 4796 qualiter
1878 4719 1956 4782 olim
1974 4747 2064 4794 Μ,
2076 4769 2092 4804 ,‚
2108 4758 2126 4795 ,,

411 4819 519 4875 noster
538 4808 704 4886 mediator,
725 4807 946 4872 reconciliator
969 4817 1000 4871 ct
1024 4811 1159 4874 advoca·
1212 4813 1293 4875 Deus
1313 4810 1486 4874 multifarie
1510 4811 1682 4892 multisque
1705 4813 1808 4876 modis
1833 4815 1958 4880 locutus

263 4928 396 4986 apianae.
410 4918 471 4972 tus.
492 4907 549 4983 Qui
571 4924 696 4968 eramus
718 4904 779 4966 lilii
803 4905 869 4983 irae,
887 4925 943 4988 per
967 4907 1068 4988 ipsius
1093 4908 1159 4972 lru-
1211 4909 1271 4973 luit
1298 4908 1440 4992 patribus
1465 4927 1522 4990 ραν
1546 4909 1715 4990 Prophetas
1742 4911 1782 4974 de
1809 4912 1882 4975 llilii
1907 4915 1958 4978 sui

410 5016 495 5071 ctum
517 5014 549 5068 et
572 5023 666 5087 opem
694 5003 769 5065 facti
798 5023 906 5065 sumus
935 5003 997 5066 lilii
1026 5007 1155 5086 gratiae3
1210 5010 1349 5072 adventu
1364 5008 1403 5069 ad
1418 5007 1641 5070 redimendum
1654 5027 1756 5089 genus
1772 5010 1958 5076 humanum.

408 5103 563 5188 quidquid
578 5101 729 5165 bonitatis
744 5108 776 5162 et
789 5102 898 5181 gratiae
912 5101 1064 5164 divinitus
1079 5104 1159 5167 obti·
1211 5106 1274 5168 Nec
1299 5104 1361 5166 luit
1389 5103 1660 5167 illuminatissima
1684 5106 1773 5188 virgo
1797 5108 1894 5172 Μανία
1917 5111 1958 5175 de

407 5222 531 5281 nemus,
548 5219 605 5284 per
627 5199 728 5282 ipsam
748 5198 943 5279 acquirimus
957 5223 965 5277 ;
981 5219 1038 5282 par
1052 5201 1156 5283 ipsam
1210 5199 1386 5266 camaliam
1411 5218 1544 5263 numero
1571 5201 1761 5283 iudeorum,
1786 5204 1842 5284 qui
1866 5214 1959 5287 puta-

407 5321 425 5366 α
451 5302 528 5384 jugo
556 5297 690 5382 peceati,
717 5314 736 5358 a
764 5295 869 5377 poenis
897 5295 1014 5360 inferni
1043 5319 1154 5364 sumus
1209 5304 1286 5366 baut
1309 5299 1467 5362 Christum
1491 5307 1660 5362 venturum
1684 5299 1718 5362 iu
1743 5311 1897 5383 potestate
1924 5316 1958 5371 et
