4309 6250
464 480 526 545 54⁴
565 498 606 544 b!
626 496 836 545 sumamma
857 495 952 542 Sllssl
972 493 1140 542 rortrtrrcrs
1161 493 1198 538 ΕΤ
1219 493 1390 541 censentis
1411 495 1551 557 conetur,
1574 497 1663 544 creuit
1683 499 1704 545 1.
1727 517 1767 527 -
1789 500 1858 547 altr.
1881 502 1912 548 11

466 668 584 731 haerere
601 690 609 730 ε
624 667 709 749 quod
725 666 759 729 in
774 665 905 728 Actibus
919 665 1028 726 Petrus
1048 662 1211 746 apostolus
1228 662 1253 725 Α
1268 663 1487 745 structionem,
1504 665 1598 729 idest
1614 685 1677 730 non
1693 676 1727 730 ut
1741 688 1778 733 ea
1793 672 1954 735 abutantur
1964 674 1994 736 ad

330 778 450 826 tetam·
465 767 559 830 docet
571 785 643 829 esse
657 765 929 848 agendum,atque
945 763 977 824 in
993 761 1092 825 veteri
1107 762 1213 824 Testa-
1268 761 1446 824 animarum
1461 764 1693 845 perditionem:
1707 766 1771 829 imo
1786 768 1847 831 boc
1861 770 1993 834 divinitus

464 874 572 928 mento
598 864 699 927 sancti
728 863 890 945 Prophetae
919 862 1067 944 leguntur
1096 859 1209 942 egisse,
1267 858 1313 921 eis
1328 859 1522 941 prohibitum
1538 870 1587 925 est
1605 863 1645 926 ab
1665 863 1720 926 illo
1742 864 1794 927 cui
1817 886 1910 930 omne
1928 867 1993 949 inju-

464 982 554 1045 reges
575 970 607 1025 et
627 961 806 1026 sacerdotes
826 958 998 1039 sacrilegos
1022 956 1212 1021 constantis-
1268 964 1351 1019 stum
1372 958 1651 1042 inordinatumque
1669 962 1829 1044 displicet,
1847 984 1939 1047 quum
1958 986 1995 1030 es

463 1061 544 1124 sime
562 1060 735 1141 arguendo,
752 1059 834 1122 siout
855 1058 888 1119 in
914 1055 1005 1119 libris
1028 1056 1149 1137 Regum
1174 1074 1210 1119 ac
1268 1055 1444 1119 sentialiter
1459 1066 1588 1120 sanctus
1609 1066 1641 1121 et
1660 1061 1787 1143 sopiens
1810 1063 1859 1126 sit.
1876 1064 1994 1128 Minister

462 1159 732 1241 Paralipomenon,
740 1164 772 1219 et
785 1156 862 1219 item
878 1155 912 1217 in
923 1154 1058 1217 Ieremia
1072 1162 1105 1215 et
1115 1154 1210 1216 Amos
1268 1171 1405 1235 namque
1419 1162 1451 1236 et
1465 1155 1718 1220 instrumentalis
1733 1178 1840 1241 causa,
1850 1163 1957 1226 moveri
1970 1172 1993 1225 et

462 1257 637 1321 clarissime
653 1256 779 1338 legitur.
791 1255 1027 1332 Verumtamen,
1035 1252 1124 1333 juxte
1139 1270 1211 1333 apo
1268 1270 1362 1332 agere
1376 1251 1493 1316 debent
1506 1256 1682 1319 secundum
1697 1256 1905 1323 directionem
1918 1271 1945 1324 et
1956 1280 1994 1325 ro

462 1357 575 1420 stolica
602 1358 804 1433 documenta,
833 1352 970 1436 prelatis
999 1350 1211 1433 principibus·
1269 1350 1421 1413 luntatem
1444 1352 1650 1417 dominatoris
1673 1374 1711 1419 ae
1732 1357 1919 1441 principalis
1938 1360 1995 1423 arti

344 1464 350 1475 '
462 1475 525 1539 que
539 1454 668 1537 injustis
682 1453 859 1536 parendum
873 1459 933 1530 est,
948 1449 1121 1512 dummodo
1136 1466 1211 1512 oon·
1268 1447 1354 1511 licis.
1371 1450 1469 1529 Unde,
1486 1460 1521 1515 ιιι
1544 1453 1738 1535 dispensatio
1759 1456 1862 1521 valeat
1881 1468 1963 1541 atque
1980 1480 1994 1522 a

463 1563 511 1617 tra
525 1554 624 1616 Deum
639 1560 672 1615 et
685 1550 867 1633 aequitatem
882 1547 927 1610 nil
943 1547 1088 1629 jubeant.
1269 1547 1363 1629 culpa
1381 1566 1489 1611 coram
1508 1550 1572 1614 Deo
1591 1561 1730 1631 excuset,
1753 1574 1885 1619 necesse
1906 1568 1948 1620 est
1968 1568 1994 1620 ut

502 1650 725 1729 Postremo,de
738 1650 799 1712 bac
815 1646 1014 1728 subjectione
1029 1665 1092 1727 qua
1106 1645 1211 1708 omnis
1269 1647 1444 1709 secundum
1465 1649 1582 1711 summi
1604 1650 1795 1732 legislatoris
1816 1655 1995 1737 omnipoten-

462 1761 567 1816 creata
580 1769 672 1815 mens
690 1748 754 1831 legi
768 1748 886 1811 diviua
907 1745 1001 1810 debet
1020 1764 1090 1807 esse
1105 1744 1211 1825 subje·
1267 1743 1371 1824 tisque
1386 1744 1442 1807 liei
1457 1745 1652 1810 voluntatem
1673 1750 1872 1832 exhibeatur,
1887 1762 1953 1834 puta
1964 1774 1994 1817 er

463 1859 524 1928 cta,
541 1850 632 1931 lingo
650 1856 682 1911 et
699 1847 847 1910 Albertus
866 1843 1074 1927 superverba
1094 1843 1126 1905 B.
1140 1842 1211 1906 llio
1228 1845 1252 1908 B
1267 1842 1447 1905 rationabili
1483 1863 1589 1923 causa,
1619 1848 1739 1930 absquo
1772 1850 1856 1931 juris
1884 1852 1992 1933 injuria,

462 1948 546 2031 nysii
569 1947 765 2030 praeinducta
788 1944 921 2028 pulchre
944 1944 1138 2025 loquuntur;
1155 1943 1209 2005 sed
1267 1948 1360 2022 prout
1374 1941 1405 2004 S.
1414 1942 1549 2005 Thomas
1565 1943 1599 2005 in
1614 1947 1753 2008 monada
1768 1950 1995 2031 secundaque

462 2048 539 2130 quia
561 2048 630 2111 bec
653 2045 748 2128 plana
773 2050 858 2124 sunt,
884 2045 924 2106 ad
948 2035 1135 2105 difficiliora
1162 2049 1210 2105 est
1266 2038 1367 2103 stione
1382 2040 1576 2123 octogesima
1589 2051 1714 2122 octava,
1730 2045 1851 2129 aliique
1869 2048 1994 2113 doceres
2014 2076 2088 2117 aaa

462 2145 711 2231 properandum.
907 2138 913 2148 ⁴
1266 2138 1466 2201 concorditer
1486 2138 1640 2203 scribunt.
2004 2141 2032 2169 '³

1305 2236 1384 2300 Hinc
1399 2236 1586 2302 Guillelmus
1599 2240 1786 2305 Parisiensis
1800 2244 1961 2309 disseruit:
1974 2246 1993 2307 l

1238 2336 1374 2399 ’multis
1388 2336 1598 2418 prudentibus
1613 2339 1741 2421 dicitur,
1751 2344 1837 2423 quod
1851 2344 1995 2427 dispensa·

675 2415 926 2481 ARTICULUS
940 2414 1000 2479 IX·
1267 2434 1310 2497 tio
1325 2442 1374 2496 est
1386 2434 1451 2515 jus,
1467 2444 1499 2498 et
1513 2454 1577 2500 non
1591 2436 1673 2518 juris
1694 2438 1867 2505 diminutio
1886 2450 1936 2505 aut
1952 2442 1995 2505 de·

536 2560 689 2629 Qualiter
710 2559 807 2617 liceat
830 2574 954 2615 summo
978 2552 1139 2630 Pontifici
1265 2533 1387 2615 ‘⁰8⁸l50
1414 2552 1471 2597 ⁸⁰¹¹
1499 2534 1569 2615 Olus
1595 2535 1629 2599 in
1656 2536 1765 2620 ali‘1¹¹⁰
1792 2539 1890 2605 lffiSlll·
1912 2541 1996 2604 0³⁰⁹

735 2648 936 2722 despensare.
1266 2631 1422 2712 siquidem
1449 2642 1580 2715 propter
1612 2654 1708 2718 quam
1739 2637 1931 2721 dispensum
1953 2640 1994 2719 ιιι,

1265 2729 1344 2793 lacit
1361 2730 1471 2813 procul
1491 2732 1590 2797 dubio
1610 2743 1645 2796 ut
1661 2733 1785 2816 justum
1805 2737 1845 2800 sit
1863 2739 1940 2820 quod
1957 2739 1996 2799 in-

531 2833 769 2917 Eplenitudine
788 2829 950 2914 potestatis
968 2829 1059 2912 Papae
1079 2829 1145 2911 jam
1164 2827 1211 2890 di·
1265 2828 1413 2909 dulgetur
1430 2829 1573 2913 :alioqui
1588 2832 1654 2896 ndu
1668 2832 1876 2918 dispensatio,
1891 2838 1940 2900 sed
1954 2837 1996 2918 ju-

547 2943 599 2999 cta
612 2941 685 2997 sunt
699 2932 837 3014 plurima
852 2954 860 2993 ι
877 2937 1108 3006 verumtamen,
1125 2927 1209 3008 quod
1266 2926 1308 2989 ris
1322 2926 1489 3011 dissipatio
1503 2938 1598 2995 esset.
1615 2930 1695 2995 Hinc
1716 2932 1772 2996 alii
1791 2935 1912 3014 dicunt,
1925 2936 1995 3017 qued

462 3054 569 3099 coram
590 3034 654 3097 lieo
675 3051 740 3095 non
759 3030 854 3093 liceat
871 3027 901 3091 ei
917 3046 954 3090 ea
968 3026 1014 3089 uti
1029 3027 1068 3089 ad
1084 3026 1210 3090 libitum
1229 3025 1460 3108 cdispensatio
1483 3027 1568 3091 aliud
1593 3049 1658 3094 non
1686 3038 1735 3094 est
1764 3051 1860 3115 quam
1884 3033 1994 3097 latentis

462 3154 568 3214 suum,
584 3133 639 3196 sed
660 3130 764 3195 solum
783 3128 897 3192 debeat
916 3145 954 3190 ea
972 3124 1017 3188 uti
1038 3124 1208 3207 sapienter,
1264 3134 1298 3189 et
1320 3126 1466 3190 virtualis
1487 3128 1675 3193 intentionis
1697 3130 1800 3214 ipsius
1823 3133 1995 3217 legislatoris

462 3232 515 3314 pie
530 3251 566 3294 ac
580 3231 677 3312 juste,
692 3229 759 3310 jam
775 3225 891 3290 clarius
906 3231 955 3288 est
970 3222 1187 3305 pandendum.
1264 3224 1437 3306 expressio,
1463 3226 1506 3290 ita
1534 3228 1619 3307 quod
1649 3227 1677 3291 si
1702 3228 1757 3293 ille
1785 3232 1918 3313 adesset,
1938 3232 1995 3313 ipse

352 3356 436 3399 rm.
501 3331 610 3409 Porro,
638 3346 737 3409 quum
772 3323 914 3388 cbristus
942 3321 1090 3399 fateatur,
1121 3320 1210 3384 Sicut
1265 3332 1367 3387 stante
1392 3323 1446 3387 tali
1472 3325 1653 3392 rationabili
1678 3346 1776 3392 causa
1796 3330 1994 3428 dispensandi,

313 3430 358 3468 ¹¹¹·
373 3421 407 3463 ³¹·
461 3429 647 3492 mandatum
668 3425 757 3488 dedit
779 3422 857 3486 mibi
879 3421 979 3497 Pater,
995 3420 1043 3483 sic
1058 3419 1162 3498 lacio;
1178 3427 1210 3481 et
1266 3420 1311 3484 sic
1332 3422 1490 3503 judicarat
1508 3425 1667 3506 agendum
1692 3443 1730 3490 ac
1750 3427 1993 3510 dispensandum,

312 3542 447 3596 numer.
461 3526 551 3605 alibi,
580 3524 650 3589 Non
684 3522 758 3587 veui
793 3528 828 3583 ut
862 3518 978 3582 laciam
1013 3518 1209 3581 voluntatem
1265 3518 1331 3583 imo
1355 3520 1402 3582 sic
1426 3529 1543 3603 agaret.
1569 3521 1705 3602 Idcirco,
1732 3528 1907 3590 seeundum
1928 3527 1993 3602 bac,

461 3645 577 3705 meam,
593 3624 649 3688 sed
664 3623 860 3687 voluntatem
875 3616 1014 3700 ejusqui
1029 3616 1118 3679 misit
1132 3635 1207 3680 me:
1265 3637 1323 3700 per
1336 3617 1608 3700 dispensationem
1622 3629 1765 3686 mutatur
1785 3625 1942 3688 materiale
1960 3624 1996 3687 le

461 3732 580 3808 quanto
595 3722 697 3805 magis
711 3720 794 3802 Papa
807 3718 871 3782 Ileo
886 3717 920 3779 in
933 3715 1083 3779 omnibus
1102 3715 1210 3779 obedi·
1264 3715 1325 3797 gis,
1351 3734 1416 3780 non
1441 3715 1512 3797 ejus
1541 3716 1675 3782 lormale
1704 3743 1711 3782 :
1738 3740 1855 3805 nempe
1879 3720 1996 3786 lormale

461 3843 496 3900 re
510 3843 547 3887 ac
562 3820 680 3903 subjici
695 3819 800 3898 debet,
817 3824 849 3880 et
864 3816 965 3878 instar
978 3814 1032 3877 Dei
1054 3821 1209 3897 potestate
1265 3813 1344 3895 legis
1359 3823 1407 3876 est
1421 3814 1556 3879 intentio
1570 3815 1776 3898 legislatoris,
1784 3838 1854 3901 quae
1869 3827 1915 3883 est
1927 3819 1997 3902 pria

461 3922 523 3987 sibi
551 3938 704 3984 concessa
731 3916 777 3979 uti
805 3912 1025 3978 tantummodo
1052 3911 1207 3990 ordinate,
1265 3911 1367 3994 cipale
1383 3912 1654 3996 principaliusque
1668 3919 1834 3999 pensanda
1847 3918 1881 3981 in
1894 3919 1969 4000 lege.
2102 4003 2103 4014 ἵ

462 4018 618 4102 sapientia
637 4037 693 4080 sen
711 4013 904 4078 discretione
923 4011 1028 4093 ipsum
1051 4009 1085 4072 in
1109 4009 1210 4073 omni·
1305 4009 1411 4090 Porro,
1434 4011 1609 4075 secundum
1635 4013 1825 4097 Ostiensem,
1851 4016 1997 4098 depensa·

462 4120 522 4183 bus
545 4117 715 4199 dirigente,
740 4112 869 4177 caritate
893 4117 1053 4190 movente,
1080 4109 1208 4191 pietate,
1264 4109 1308 4173 tio
1332 4117 1379 4172 est
1407 4109 1587 4175 misericors
1617 4111 1769 4178 relaxatio
1799 4114 1908 4198 rigoris
1928 4114 1997 4198 juris

460 4216 586 4300 justitia
600 4213 777 4294 ceterisque
791 4209 961 4274 virtutibus
976 4209 1081 4291 ipsum
1096 4208 1135 4271 ad
1151 4207 1209 4270 rite
1224 4219 1250 4282 Ι)
1264 4208 1297 4270 in
1318 4228 1405 4288 casu,
1421 4226 1479 4291 per
1493 4228 1567 4273 eum
1585 4210 1624 4273 ad
1644 4230 1741 4293 quem
1761 4213 1898 4295 pertinet
1916 4231 1998 4277 cano
2101 4301 2102 4314 χ

460 4316 619 4398 agendum
633 4309 876 4396 perficientibus
890 4316 984 4389 atque
998 4306 1206 4388 trahentibus,
1265 4306 1337 4370 nice
1360 4306 1455 4371 lacta.
1480 4307 1519 4372 Et
1543 4308 1626 4373 sicut
1653 4310 1698 4372 ait
1725 4311 1892 4376 Durandus
1914 4331 1998 4395 super
2101 4329 2102 4340 ¹

460 4422 497 4477 ut
517 4413 563 4476 sic
582 4420 656 4494 agat
680 4412 762 4474 sicut
784 4407 938 4491 approbat
960 4406 1064 4468 Deusl
1081 4404 1209 4488 Dispen·
1265 4405 1454 4487 Senwntias,
1481 4407 1677 4490 dispensatio
1705 4410 1853 4494 designat
1879 4411 1997 4476 amotio·

462 4512 552 4575 sandi
566 4529 704 4593 namque
718 4516 857 4592 potestas
871 4506 906 4568 in
920 4523 1045 4569 summo
1064 4504 1208 4568 consistit
1264 4523 1338 4568 nem
1357 4503 1560 4586 obligationis
1581 4507 1731 4590 precepti
1755 4509 1791 4572 in
1812 4528 1889 4574 casu
1910 4529 1998 4592 quan·

459 4608 617 4675 Pontilice
632 4608 809 4690 ceterisque
824 4603 972 4687 praelatis,
989 4621 1054 4667 non
1069 4603 1152 4666 sicut
1174 4603 1207 4666 in
1263 4612 1330 4666 tum
1351 4604 1391 4666 ad
1411 4602 1553 4685 aliquem
1568 4605 1617 4668 vel
1632 4605 1757 4687 aliquos
1772 4608 1876 4690 :quod
1891 4609 1997 4690 absque
2100 4631 2101 4682 ι

459 4709 602 4774 dominio
616 4717 671 4772 ant
688 4705 858 4790 principali
877 4702 1048 4787 principio,
1065 4704 1121 4766 sed
1141 4711 1209 4766 tan-
1263 4702 1444 4768 rationabili
1468 4723 1565 4767 causa
1587 4705 1662 4768 lieri
1686 4725 1752 4770 non
1777 4707 1885 4788 licere,
1908 4708 1999 4773 omni·

460 4826 557 4891 qaam
590 4807 624 4869 in
659 4802 813 4868 ministris
847 4809 878 4864 et
911 4801 1208 4864 instrumentalibus
1263 4801 1322 4864 bus
1345 4810 1477 4865 constat.
1495 4801 1579 4866 Talis
1601 4822 1676 4868 vero
1697 4805 1895 4870 rationabilis
1913 4826 1998 4870 causa

460 4906 567 4970 causis
580 4914 675 4987 atque
690 4902 831 4981 vicariis,
847 4908 1007 4983 precepto
1020 4910 1052 4964 et
1066 4903 1208 4973 dominio
1262 4899 1469 4982 dispensandi
1490 4921 1508 4964 e
1526 4902 1711 4967 doctoribus
1731 4905 1862 4987 ponitur
1879 4907 1997 4990 duplex,
2099 4999 2100 5004 γ

460 5004 634 5088 superioris
648 5004 727 5084 (imo
748 4999 865 5064 summi
884 5000 954 5079 Ilei)
970 4999 1134 5082 subjectis,
1151 5006 1207 5087 qui
1263 4999 1423 5081 videlicet,
1451 5019 1569 5083 urgens
1598 5003 1782 5086 necessitas,
1809 5015 1844 5069 et
1870 5025 1943 5070 vera
1966 5024 1997 5068 ac

311 5115 446 5170 acmes.
459 5103 506 5168 eis
525 5111 713 5185 potestatem
738 5099 870 5182 largitas
893 5107 941 5163 est
964 5099 999 5161 in
1021 5100 1208 5166 aedilicatio·
1261 5098 1432 5163 manifesta
1451 5099 1572 5163 utilitas
1589 5125 1596 5184 ι
1613 5120 1749 5183 quarum
1770 5105 1797 5167 si
1818 5115 1932 5171 neutra
1952 5105 1998 5168 ad·

459 5220 546 5284 nem,
560 5201 593 5265 id
607 5210 656 5264 est
669 5201 709 5264 ad
722 5200 784 5263 boc
804 5206 839 5261 ιιι
859 5219 897 5263 ea
917 5199 1146 5264 rationabiliter
1167 5201 1205 5265 ad
1261 5195 1369 5280 luerit,
1385 5215 1450 5262 non
1464 5198 1661 5282 dispensatio
1675 5202 1732 5264 sed
1745 5201 1914 5286 dissipatio
1925 5203 1996 5287 juris

459 5300 676 5385 subjectorum
695 5299 830 5362 salutem
849 5306 988 5380 atantm,
1004 5317 1069 5363 non
1094 5298 1127 5361 in
1151 5299 1206 5363 de-
1261 5296 1330 5376 erit,
1351 5305 1383 5362 et
1407 5315 1466 5360 nec
1490 5297 1692 5382 dispensator
1715 5321 1775 5365 nec
1798 5301 1996 5386 dispensatio
