4309 6250
511 506 632 555 acerna
652 506 820 554 ammian
844 505 1018 564 moseri,
1041 505 1130 554 uasa
1151 507 1183 554 u.
1206 525 1248 538 -
1268 506 1338 554 aar.
1362 507 1382 554 x
1665 489 1726 556 289

937 679 1053 760 Aque,
1080 679 1163 761 qnod
1188 680 1293 742 omnis
1320 678 1531 762 intelligentia
1557 675 1606 742 est
1633 679 1728 762 plene

390 736 635 802 ARTIOEJLUS
664 737 708 804 X·
977 775 1100 855 formis,
1126 777 1158 840 id
1184 785 1233 840 est
1260 776 1517 860 intelligibilibus
1545 775 1726 859 speciebus,

215 886 338 946 Contra
356 886 439 945 elios
457 887 614 964 quosdam
632 905 761 946 errores
777 885 885 962 primi
977 893 1035 956 per
1054 893 1133 956 quas
1157 894 1263 938 rerum
1287 875 1443 939 vocabule
1467 883 1499 938 et
1521 883 1651 938 naturas
1675 893 1729 938 co-

384 975 525 1050 capitati
544 975 714 1036 alcorani.
976 973 1113 1052 gnoscit.
1122 972 1273 1036 Praeterea
1286 973 1320 1035 in
1335 973 1393 1036 lob
1407 972 1557 1036 habetur:
1566 971 1726 1054 Numquid
1739 991 1780 1034 rot
1791 995 1870 1041 aaa

977 1079 1026 1132 est
1045 1089 1198 1134 numerus
1217 1071 1356 1134 militum
1378 1071 1461 1152 ejus,
1477 1070 1509 1132 id
1531 1079 1579 1134 est
1600 1070 1729 1152 angelo-

235 1169 330 1234 ltlreo
344 1189 454 1232 rursus
468 1169 616 1233 dlcoreni
631 1168 772 1251 capitulo
786 1168 921 1232 dicitur:
978 1187 1049 1231 rum
1062 1169 1136 1232 nait
1150 1168 1188 1232 Et
1202 1187 1407 1252 superquam
1423 1188 1487 1233 non
1502 1169 1604 1251 surgit
1618 1169 1727 1232 lumen

249 1274 339 1334 Deua
361 1271 541 1330 mendonis
563 1269 710 1346 peractis
736 1271 923 1339 mendene,
977 1265 1100 1348 ipsiusl
1115 1267 1181 1342 Quo
1197 1273 1283 1349 patet
1300 1267 1385 1348 quod
1405 1266 1514 1330 divine
1537 1265 1728 1332 illuminatio

170 1378 292 1444 septem
314 1368 546 1436 cartomensis
567 1367 684 1436 aciens,
698 1366 869 1442 dispescit.
891 1364 923 1428 Si
976 1364 1099 1447 angelis
1124 1364 1307 1446 specialiter
1329 1365 1441 1428 entur.
1458 1365 1632 1443 Postremo,
1649 1365 1728 1429 ordo

170 1465 285 1528 ldahon
310 1465 355 1528 ita
378 1465 439 1528 hoc
463 1463 631 1543 intellexit,
651 1464 737 1544 quod
761 1462 844 1526 Deus
866 1482 924 1544 per
977 1461 1223 1526 decentissimus
1247 1463 1402 1545 estquod
1427 1462 1544 1526 divinia
1568 1461 1729 1526 illumina-

171 1564 234 1628 loci
249 1563 457 1627 mutationem
479 1563 634 1644 escendit,
651 1570 715 1624 tam
737 1561 924 1644 theologice
979 1559 1081 1624 hones
1109 1579 1166 1644 per
1190 1559 1320 1643 angelos
1344 1561 1531 1625 deriventur
1558 1561 1597 1624 ad
1627 1561 1728 1624 homi·

171 1682 270 1745 quam
284 1660 514 1744 philosophice
528 1661 654 1724 veritati
669 1660 864 1724 contrarium
878 1680 924 1722 es
977 1679 1035 1722 nes
1052 1683 1060 1722 ε
1077 1661 1165 1742 prius
1183 1678 1259 1742 ergo
1277 1667 1310 1724 et
1328 1659 1490 1743 copiosius
1508 1659 1631 1742 angelis
1654 1679 1729 1725 con·

172 1770 233 1838 set,
249 1759 402 1843 quoniam
422 1761 504 1823 Deus
522 1759 733 1838 invariabilis,
750 1759 925 1822 immateri-
976 1758 1135 1822 leruntnr.
1151 1757 1189 1821 Et
1207 1759 1268 1822 hoc
1288 1778 1327 1821 ex
1348 1759 1512 1840 utriusque
1536 1759 1728 1822 Testamenti

171 1861 233 1924 alis
259 1867 354 1942 atque
378 1859 553 1922 immensus
577 1868 636 1935 est,
661 1858 716 1939 qui
745 1877 803 1940 per
829 1856 959 1920 Mala-B
978 1853 1157 1936 scripturis,
1174 1855 1205 1918 S.
1223 1855 1391 1938 Dionysius
1413 1855 1445 1918 in
1467 1855 1550 1919 libro
1571 1857 1611 1920 de
1625 1858 1728 1939 Ange·

46 1987 144 2031 mm,
171 1960 281 2023 chiam
304 1966 497 2042 protestetur
512 1980 519 2018 ε
535 1957 602 2039 Ego
623 1955 786 2036 Dominus,
804 1966 838 2020 et
857 1975 921 2020 non
977 1951 1040 2016 lica
1058 1952 1238 2016 hierarchia
1257 1955 1463 2017 demonstrat.
1480 1954 1526 2017 Ad
1549 1954 1634 2018 idern
1656 1973 1729 2038 pos·
1740 1984 1869 2037 ομηιοιι.

33 2055 87 2098 Μ·
170 2065 289 2122 mutor.
306 2057 368 2120 Sed
382 2056 490 2119 lorsan
511 2055 624 2118 ldahon
646 2055 690 2117 ita
712 2073 776 2118 non
799 2054 924 2118 intelle·
977 2069 1043 2114 sem
1062 2052 1179 2115 multas
1197 2052 1337 2116 rationes
1358 2060 1390 2116 et
1411 2051 1615 2116 auctoritates
1634 2053 1728 2118 indu·

169 2156 227 2234 xit,
243 2155 420 2238 presertim
441 2171 541 2235 quum
562 2171 647 2217 nono
667 2152 815 2216 alcorani
838 2153 924 2235 capi·
977 2168 1070 2227 aere3
1086 2151 1141 2213 scd
1157 2151 1302 2214 brevitati
1317 2153 1460 2233 studens,
1476 2151 1544 2214 baec
1567 2171 1669 2234 pauca
1690 2171 1728 2216 ex

169 2255 239 2318 tulo
263 2253 420 2335 scriptum
443 2252 486 2315 sit
510 2275 518 2314 t
543 2255 632 2314 Deus
654 2261 700 2312 est
723 2255 868 2312 eccelesia
891 2261 922 2312 et
977 2249 1086 2310 multis
1109 2250 1249 2331 tetigisse
1271 2259 1450 2315 contentos.

167 2357 406 2421 immensusret
420 2369 530 2414 rursus
545 2350 630 2414 circe
644 2349 745 2412 linem
756 2348 921 2412 alcorani:
1016 2347 1139 2410 interea
1152 2368 1260 2411 verum
1275 2350 1422 2430 estquod
1438 2350 1519 2412 [leus
1534 2349 1728 2413 naturalium

167 2453 433 2512 Constanterdt'c
446 2454 551 2512 Deum
572 2469 677 2510 unum
698 2469 764 2509 esse
783 2469 922 2508 necesse·
977 2446 1263 2509 remmseientiam
1279 2448 1461 2510 concreavit
1475 2448 1560 2528 ada,
1577 2448 1726 2530 quamvis

168 2550 323 2610 riurein
342 2550 504 2610 omnihus.
977 2543 1104 2607 nonita
1125 2545 1334 2608 excellentem
1359 2555 1394 2608 ut
1417 2545 1549 2628 angelis.
1566 2546 1727 2629 Scriptum

209 2645 331 2710 Εοᾱοιιι
360 2647 465 2729 primo
493 2645 634 2728 capitulo
661 2645 779 2708 dicitur
802 2667 810 2706 ι
834 2649 923 2708 Deus
977 2648 1026 2703 est
1039 2641 1126 2705 enim
1141 2643 1174 2704 in
1189 2642 1463 2706 Genesizddduxit
1477 2644 1559 2707 [leus
1574 2644 1613 2708 ed
1628 2645 1727 2707 Adam
1750 2668 1866 2722 amasa.

167 2748 327 2807 voeabuta
348 2767 463 2807 rerum
486 2746 631 2805 seeaotim
651 2748 759 2806 Adam
782 2745 922 2814 edocuit,
977 2740 1128 2804 universa
1142 2742 1315 2805 animantia
1331 2751 1432 2821 terrea,
1450 2751 1485 2806 ul
1507 2743 1629 2806 videret
1650 2742 1727 2824 quid
1743 2733 1776 2776 ²⁰·

168 2847 318 2905 nondum
340 2847 466 2922 anystis
489 2845 614 2921 agnita.
634 2842 720 2904 lstud
745 2849 795 2904 est
818 2861 924 2923 repre-
978 2849 1107 2902 vocaret
1131 2859 1188 2920 ea;
1209 2841 1445 2922 appellavitque
1467 2842 1567 2904 Adam
1592 2841 1730 2904 nomini-

168 2940 342 3004 hensibile.
357 2941 440 3003 Deus
454 2959 574 3021 namqu
603 2938 786 3002 concreavit
799 2939 923 3020 angelis
978 2938 1038 3000 bus
1065 2940 1132 3002 suis
1161 2947 1276 3002 cuncta
1304 2939 1489 3018 animantia,
1519 2947 1552 3002 et
1579 2941 1729 3002 universa

167 3040 238 3102 sive
256 3038 480 3121 intelligentiis
498 3037 641 3102 omnium
660 3037 853 3100 naturalium
874 3043 960 3108 rec
978 3037 1120 3100 volatilia
1151 3037 1237 3118 coeli,
1267 3057 1304 3102 ec
1332 3057 1444 3102 omncs
1473 3039 1590 3102 bestias
1624 3047 1727 3102 terre.

167 3159 241 3202 rum
265 3139 435 3201 scientiam
459 3160 467 3198 ε
490 3136 611 3201 idcirco
633 3136 790 3199 vocabule
816 3155 921 3199 rerum
977 3136 1064 3211 Quod
1101 3135 1206 3201 lacere
1235 3155 1298 3200 non
1328 3138 1493 3219 potuisset,
1523 3137 1586 3200 nisi
1616 3156 1728 3201 eorum

166 3247 244 3301 ente
258 3238 360 3301 Adam
378 3244 547 3299 noverunt.
563 3235 603 3298 lit
621 3236 706 3298 istud
725 3236 758 3297 in
778 3235 862 3297 libro
881 3235 922 3299 de
977 3234 1160 3317 agnovisset
1184 3243 1323 3298 naturas.
1347 3235 1435 3298 Unde
1458 3236 1544 3317 quod
1568 3233 1671 3299 iertur
1694 3235 1728 3299 in

166 3336 281 3399 Gensis
305 3334 469 3418 probatur.
486 3333 673 3397 Aristoteles
696 3352 823 3415 quoque
847 3352 922 3395 cum
976 3333 1144 3411 alcorano,
1170 3334 1255 3415 quod
1280 3356 1297 3394 e
1322 3332 1405 3397 Deus
1435 3333 1591 3397 vocabula
1622 3353 1727 3397 rerum
1822 3361 1824 3367 r

166 3432 336 3495 avicenna
358 3441 392 3495 et
414 3430 530 3495 ceteris
555 3429 783 3514 Peripateticis,
810 3430 866 3494 sed
890 3438 923 3493 et
976 3430 1087 3494 docuit
1110 3431 1210 3494 Adam
1235 3432 1381 3495 semotim
1407 3454 1437 3510 e,
1462 3432 1554 3512 quasi
1583 3450 1728 3495 seorsum

166 3532 270 3612 Plato,
279 3530 471 3613 Porphyrius
485 3528 645 3612 ceterique
660 3528 823 3607 Platonici,
837 3528 921 3591 idem
976 3537 1009 3593 et
1027 3538 1149 3593 secrete
1169 3529 1201 3592 id
1222 3528 1403 3609 iocarique
1428 3530 1469 3593 ab
1492 3529 1614 3611 angelis
1639 3529 1729 3593 eudi-

167 3630 422 3694 aliirmant.lmo
435 3638 468 3693 et
481 3648 520 3691 ex
534 3628 708 3710 Scripturis
721 3628 822 3691 sacris
837 3627 921 3691 idam
976 3637 1074 3706 retur,
1091 3628 1256 3710 pueriliter
1279 3637 1381 3691 sonat.
1399 3628 1482 3691 Deus
1507 3646 1646 3709 namque
1670 3646 1729 3711 per

168 3727 363 3793 ostenditur.
372 3726 536 3809 Siquidem
550 3726 635 3809 apud
649 3725 847 3789 Ezechielem
863 3726 923 3789 sub
975 3726 1242 3790 illuminationem
1258 3727 1416 3789 internam
1435 3726 1544 3791 docuit
1565 3744 1649 3789 eum.
1667 3727 1729 3790 Un-

167 3846 312 3912 persona
325 3826 410 3908 regis
424 3825 496 3907 Tyri
518 3824 752 3907 diciturprimo
772 3832 923 3908 apostate
976 3827 1017 3887 de
1030 3824 1147 3888 laisum
1163 3834 1211 3889 est
1229 3826 1314 3907 quod
1335 3826 1368 3888 in
1382 3824 1539 3888 hleorano
1561 3824 1729 3907 subjungi-

168 3927 300 4009 angelo,
314 3924 371 4007 qui
388 3924 422 3986 in
436 3924 571 3986 Alooran
588 3922 765 3987 Beelzebub
783 3922 924 4006 appella·
977 3933 1029 3987 tur
1045 3946 1052 3985 :
1069 3926 1205 4001 Angelis
1219 3944 1251 3984 se
1266 3926 1495 3984 vocabulorum
1510 3942 1624 3985 rerum
1634 3927 1728 4001 peri·

57 4042 141 4087 rma.
169 4034 226 4088 tur
241 4047 249 4085 :
266 4024 313 4087 'ln
334 4020 535 4105 signaculum
559 4020 793 4102 similitudinis,
809 4020 923 4105 planus
977 4026 1057 4085 tiam
1081 4024 1236 4099 ipnorere
1253 4024 1446 4101 fatentibus,
1462 4042 1562 4102 quem
1583 4026 1672 4085 Deus
1688 4024 1728 4083 ab

30 4117 96 4211 ,Ψ
120 4109 154 4154 ¹²·
168 4120 333 4206 sapientie
354 4129 387 4184 et
406 4118 567 4203 perlectus
591 4119 718 4199 decore,
739 4119 772 4182 in
798 4118 923 4182 deliciis
976 4124 1048 4182 iltis
1062 4122 1195 4199 petisset
1216 4123 1310 4183 itlius
1328 4122 1567 4198 expressionem
1582 4122 1727 4198 peritiae,

167 4219 312 4306 paradisi
339 4218 396 4283 bei
423 4218 523 4281 luisti.
548 4218 691 4299 llenique
715 4217 793 4282 ordo
816 4238 922 4281 rerum
938 4223 1007 4286 hai
1021 4240 1150 4282 veraces
1163 4230 1279 4291 essent,
1294 4226 1356 4283 etc.

168 4320 309 4403 requirit
322 4326 357 4381 ut
370 4325 523 4382 creature
541 4316 606 4381 ileo
625 4316 870 4400 propinquiores
891 4325 924 4382 et
1016 4318 1135 4383 Eodem
1156 4318 1285 4382 demum
1306 4317 1446 4401 capitulo
1465 4316 1607 4382 dicitur:
1628 4319 1728 4382 Illius

168 4420 280 4505 primo
293 4418 334 4481 ab
348 4436 388 4481 eo
401 4416 621 4499 procedentes,
629 4415 694 4478 sint
706 4415 737 4479 ei
752 4414 923 4481 similiores
976 4420 1155 4499 eloquium,
1170 4416 1202 4479 id
1225 4424 1274 4480 est
1293 4416 1368 4479 ade
1392 4435 1584 4497 sermonem,
1600 4420 1727 4496 sapien·

167 4528 203 4584 at
219 4517 322 4599 magis
336 4513 495 4599 perfecte.
508 4514 666 4579 ldentibus
679 4533 756 4597 ergo
769 4514 922 4597 angelicis
978 4520 1033 4578 tire
1055 4536 1123 4577 suoe
1137 4534 1210 4594 prce
1227 4518 1354 4577 conctis
1373 4518 1500 4594 sepelis
1520 4520 1609 4579 Deus
1629 4536 1727 4595 argu·

168 4615 309 4682 contulit
322 4615 406 4678 Dens
419 4616 461 4677 ab
473 4614 603 4677 exordio
623 4612 791 4677 creationis
811 4632 922 4676 aarum
977 4625 1120 4677 mentum
1149 4616 1295 4675 induoeit.
1313 4614 1432 4677 Sensus
1455 4622 1515 4697 est,
1534 4615 1620 4696 quod
1646 4614 1727 4679 Deus

168 4716 330 4798 majorem
351 4712 518 4777 scientiam
539 4730 635 4793 quam
658 4711 781 4775 homini
804 4712 919 4795 primo.
977 4733 1035 4797 per
1053 4713 1245 4777 locutionem
1264 4713 1338 4775 Adae
1358 4713 1506 4793 probavit
1524 4732 1558 4777 se
1577 4712 1727 4778 omnibus

166 4816 319 4895 Insuper,
339 4812 421 4875 sicut
440 4810 572 4893 angelus
592 4818 642 4874 est
661 4810 783 4874 altioris
801 4819 922 4874 naturas
976 4812 1099 4894 angelis
1121 4810 1356 4895 sapientiorem,
1374 4813 1450 4893 quia
1468 4811 1620 4875 videlicet
1640 4813 1727 4876 dedit

167 4932 271 4997 quam
293 4912 403 4988 homo,
428 4909 474 4972 sic
502 4909 532 4972 ei
559 4908 744 4972 naturaliter
771 4910 924 4993 competit
977 4914 1051 4975 Adae
1070 4912 1217 4994 peritiam
1242 4912 1482 4991 vocabulorum,
1498 4930 1595 4993 quam
1620 4910 1726 4994 angeli

168 5010 367 5077 eminentior
391 5007 525 5072 scientia
548 5026 645 5089 quem
672 5007 794 5071 bomini
819 5018 925 5091 proto-
978 5020 1055 5074 tunc
1077 5029 1177 5091 usque
1201 5010 1438 5091 ignoraverunt.
1455 5009 1536 5073 Ecce
1562 5009 1629 5073 iste
1653 5015 1728 5073 sunt

168 5113 289 5196 plasto.
312 5108 392 5171 ilinc
415 5105 450 5169 in
475 5106 558 5170 libro
582 5106 753 5169 Causarum
777 5107 922 5187 babetur,
977 5108 1114 5172 iudaice
1138 5108 1338 5190 puerilesque
1363 5107 1479 5170 lahulae
1496 5130 1503 5169 ι
1520 5126 1599 5189 quas
1623 5106 1727 5171 blaho-

167 5210 260 5293 quod
278 5206 386 5271 omnis
404 5204 618 5287 intelligentia
635 5205 698 5269 scit
714 5206 748 5267 id
766 5207 850 5288 quod
873 5227 925 5269 su·
979 5216 1045 5273 met
1067 5227 1132 5271 non
1156 5226 1174 5269 a
1198 5208 1273 5285 Deo,
1291 5207 1345 5269 sed
1369 5208 1418 5287 (ut
1442 5208 1525 5286 reor)
1549 5227 1567 5269 a
1591 5206 1727 5288 perfidis

167 5328 233 5395 per
249 5326 284 5369 se
303 5313 364 5384 est,
379 5311 412 5367 et
429 5302 462 5366 id
482 5304 568 5385 quod
589 5300 674 5367 inira
693 5324 727 5367 se
748 5313 817 5384 est;
832 5307 925 5371 item·
979 5308 1092 5372 didicit
1106 5306 1232 5387 ludaeis,
1248 5305 1303 5389 qui
1319 5323 1420 5386 usque
1441 5304 1473 5367 in
1496 5324 1635 5387 presens
1657 5304 1728 5367 tali·

297 5440 332 5493 Τ.
349 5438 390 5490 aa.
1572 5440 1603 5493 19
