4309 6250
479 521 600 570 cosma
620 517 788 567 eunoun
805 514 978 572 naucum,
1000 515 1091 562 ιιιιιι
1112 516 1145 562 ιι.
1168 534 1209 546 -
1229 517 1299 564 iar.
1323 517 1398 564 xm
1652 491 1713 560 82⁹

163 715 226 760 non
240 694 347 760 solum
361 694 478 758 callida
490 701 558 758 arte
571 701 605 757 et
618 689 784 774 ingeniosa
802 690 911 770 loqua-
923 683 950 748 Δ
964 686 1243 771 suscitati,quibus
1257 689 1405 773 apperuit
1417 689 1504 772 quod
1514 693 1714 770 portentum

164 794 268 871 citato,
285 794 343 858 sed
366 802 399 857 et
420 791 539 876 gladio,
559 800 592 854 et
615 788 780 866 violentia,
800 796 833 850 et
853 805 911 868 op-
964 794 1019 849 eut
1032 787 1170 870 amplius
1190 807 1291 852 annos
1313 789 1346 852 in
1367 788 1470 871 poenis
1488 787 1630 850 luemnt.
1646 784 1715 849 lmo

163 892 339 976 pressione,
364 900 397 955 et
423 889 670 974 depopulatione
697 886 844 952 homines
870 885 910 956 ad
963 887 1111 950 nonnulli
1127 887 1160 951 in
1175 887 1290 970 spiritu
1305 888 1387 971 repti
1407 887 1593 968 visioneque
1607 883 1713 968 potiti,

164 1010 253 1054 suam
281 990 388 1072 coegit
415 989 596 1074 perfidiam.
626 985 795 1068 Nunquam
822 984 910 1048 enim
965 986 1004 1049 ed
1019 986 1089 1050 loca
1105 987 1244 1069 poenalie
1257 987 1346 1050 ducti
1368 995 1399 1048 et
1420 1005 1532 1068 poenas
1548 1003 1604 1048 suo
1619 982 1714 1047 modo

164 1090 307 1154 anditum
331 1097 381 1152 est
403 1088 489 1170 quod
517 1087 572 1151 ille
594 1086 676 1150 dixit
694 1082 878 1148 hominibus
900 1106 908 1145 ε
966 1086 1121 1168 perpessi,
1137 1094 1209 1169 post
1222 1087 1301 1150 duas
1323 1085 1417 1149 horas
1432 1093 1487 1148 aut
1500 1084 1627 1148 circiter
1640 1091 1716 1146 sunt

164 1191 367 1268 Qicemqne
388 1208 454 1249 non
471 1188 681 1264 confitebitur
697 1203 747 1245 me
766 1203 832 1244 esee
848 1183 912 1246 Dei
965 1183 1005 1245 ad
1020 1184 1155 1266 seipsos
1170 1183 1433 1266 reversi:quibus
1449 1181 1715 1263 videbaturquod

159 1288 483 1365 proplietamylodio
497 1287 595 1346 illem
607 1286 742 1362 feriam,
757 1292 788 1343 et
802 1301 911 1344 omnes
965 1300 1022 1363 per
1043 1290 1172 1345 centum
1194 1301 1294 1346 annos
1316 1291 1348 1346 et
1366 1282 1502 1365 amplius
1527 1280 1663 1345 luissent
1681 1280 1714 1342 in

162 1387 284 1466 quide
305 1386 462 1461 progenie
482 1403 553 1444 meo
573 1391 664 1453 sent,
684 1382 841 1442 similiter
859 1381 911 1456 fn·
966 1381 1081 1462 poenis.
1107 1381 1147 1442 At
1175 1399 1262 1458 vero,
1288 1381 1315 1444 si
1342 1380 1453 1444 llahon
1483 1378 1606 1462 putevit
1619 1378 1714 1460 [quod

162 1485 246 1544 cient
252 1505 268 1552 ,·
281 1492 314 1544 et
327 1485 460 1544 mnium
474 1483 546 1560 ejus
558 1483 732 1558 diripiam,
740 1488 770 1540 et
784 1497 910 1540 omnem
965 1477 1081 1558 anime
1094 1478 1318 1542 deiunctorum
1334 1486 1406 1542 ante
1420 1478 1506 1542 diem
1520 1477 1633 1559 judicii
1649 1494 1715 1560 poe·

162 1583 233 1660 ejus
250 1583 420 1658 [emiliam
442 1581 634 1658 captivitate
655 1581 817 1656 affligam.
838 1576 911 1640 lltec
965 1596 1024 1640 nas
1037 1595 1102 1640 non
1117 1576 1245 1655 habent,
1263 1578 1377 1641 ceteris
1392 1577 1458 1641 suis
1473 1574 1616 1659 perfidiis
1631 1576 1714 1638 hanc

163 1678 239 1742 lecit
257 1679 366 1744 socius
384 1685 468 1756 tuus,
484 1679 526 1742 ad
544 1677 637 1759 cujus
656 1683 776 1741 sentem
790 1694 842 1738 me
863 1674 912 1737 in·
966 1675 1094 1756 adjecit.

163 1778 262 1842 vitare
277 1797 344 1841 non
358 1776 533 1855 erubescis,
550 1775 606 1858 qui
622 1775 731 1840 omnia
751 1793 912 1856 quecum-
1005 1773 1083 1836 ltern
1098 1773 1151 1837 hic
1165 1773 1430 1836 diciturzPancie
1444 1775 1598 1854 illincque
1607 1775 1717 1850 gentis

163 1896 224 1958 que
246 1877 407 1940 lluhomcl
429 1875 511 1938 dixit
533 1884 588 1937 aut
611 1873 751 1956 scripsit,
775 1872 911 1954 diligen·
928 1861 1116 1932 Bmintmn
1133 1873 1243 1950 Moysi
1259 1873 1477 1941 credentibus,
1493 1879 1553 1934 etc.
1572 1871 1647 1934 Vult
1670 1871 1716 1935 di·

163 1974 287 2038 tissime
317 1973 508 2055 investigavi
536 1981 631 2054 atque
659 1971 796 2055 inspexi.
825 1970 850 2032 0
877 1978 911 2033 tu
966 1990 1050 2050 cere,
1066 1971 1151 2052 quod
1175 1970 1269 2052 peuci
1294 1970 1509 2052 AEgyptiorum
1531 1989 1567 2032 ec
1587 1970 1714 2034 minimi

163 2073 419 2156 pmdens,quem
434 2071 516 2133 Deus
531 2069 807 2151 salvet,numquid
820 2068 913 2132 decet
966 2070 1050 2133 inter
1076 2087 1131 2132 eos
1155 2069 1251 2152 lloysi
1276 2069 1490 2133 crediderunt.
1518 2069 1578 2132 Sed
1604 2077 1715 2150 contre

163 2171 366 2254 prudentiam
391 2177 477 2233 tuam
500 2178 554 2232 aut
577 2169 704 2251 generis
724 2167 911 2250 dignitatem
966 2169 1027 2233 hoc
1054 2175 1103 2232 ost
1131 2170 1215 2250 quod
1242 2167 1340 2232 Exodi
1369 2167 1559 2232 duodecimo
1586 2167 1713 2250 legitur,

162 2270 300 2334 invitare
327 2289 380 2332 me
404 2269 444 2333 ad
466 2268 522 2332 ille
548 2267 712 2332 horribilia
737 2267 831 2345 mala,
857 2265 911 2348 qui
967 2268 1083 2350 vulgus
1106 2267 1323 2350 promiscuum
1348 2266 1581 2330 innumerabile
1605 2286 1716 2330 ascen·
1742 2255 1861 2338 umens]

163 2368 383 2431 indesinenter
405 2367 457 2429 die
485 2386 521 2430 ae
546 2374 640 2430 nocte
664 2365 763 2429 verbe
784 2365 911 2430 Domini
966 2366 1053 2429 disse
1067 2385 1141 2430 curn
1156 2365 1238 2429 lillis
1251 2365 1345 2428 isreel
1368 2385 1406 2428 ex
1419 2365 1563 2448 AEgypto.
1581 2364 1716 2447 Vulgus·
1734 2349 1769 2392 ²⁸·

163 2465 225 2528 mei
238 2465 316 2528 lesu
330 2463 446 2528 Christi
464 2463 611 2526 meditari
631 2482 697 2528 non
712 2466 825 2527 cessol
840 2464 911 2545 lpse
967 2483 1030 2547 que
1059 2463 1139 2528 illud
1168 2463 1347 2528 crediderat
1369 2463 1478 2547 Moysi,
1505 2471 1599 2546 atque
1624 2465 1716 2547 AEgy·

162 2572 209 2626 est
223 2562 402 2628 consolatio
420 2581 492 2624 mea
512 2569 545 2625 et
563 2561 722 2643 relugium
737 2580 855 2624 meum.
872 2597 912 2608 -
967 2562 1070 2646 ptium
1092 2561 1165 2626 luit.

163 2661 233 2725 llaec
254 2661 370 2726 doctor
388 2658 549 2743 prelatus.
1007 2660 1129 2724 Dicitur
1150 2679 1277 2742 quoque
1301 2659 1354 2724 hic
1374 2685 1382 2724 :
1403 2663 1533 2722 Constat
1559 2663 1610 2722 nil
1629 2665 1717 2722 coele·

966 2762 1068 2822 stium
1089 2761 1156 2820 sice
1171 2761 1393 2830 terrestrium,
1407 2779 1466 2820 nec
1479 2761 1642 2821 miracula
1662 2779 1718 2820 seu

968 2859 1120 2927 virtutes,
1142 2858 1325 2918 incredulis
1346 2859 1527 2938 quidquam
1545 2861 1714 2936 preficere.

339 2923 583 2988 ARTICULUS
611 2922 738 2986 XXIX·
968 2955 999 3018 Si
1014 2955 1076 3018 hoc
1092 2974 1201 3018 verum
1217 2962 1275 3034 est,
1287 2973 1345 3018 cur
1358 2954 1440 3018 Deus
1455 2954 1544 3017 dedit
1558 2955 1717 3036 Apostolis

202 3067 327 3129 Contra
349 3083 479 3124 errores
497 3063 639 3141 capituti
660 3062 870 3122 nonidecimi.
933 3057 1006 3122 Cae
1030 3053 1195 3137 Prophetis
1219 3053 1352 3135 gretiam
1376 3052 1515 3116 faciendi
1540 3052 1716 3116 miraculal

968 3153 1079 3219 Nonne
1108 3172 1165 3236 per
1193 3152 1347 3215 miracula
1374 3150 1529 3215 mundum
1554 3161 1717 3216 converte-

222 3254 351 3319 lill'lllil
367 3253 401 3316 in
421 3253 484 3317 isto
497 3251 638 3336 cepitulo
654 3276 662 3315 ι
680 3254 719 3315 ln
734 3254 789 3312 die
804 3272 914 3313 resur·
969 3259 1043 3315 runt
1063 3251 1228 3334 Apostolii
1243 3249 1373 3333 Nempe,
1390 3270 1489 3332 quum
1512 3250 1715 3314 beatissimus

237 3355 394 3416 rectionis
412 3354 639 3429 opinabuntur
652 3352 778 3427 sinpuli
797 3370 830 3410 sc
848 3370 913 3411 non
968 3352 1077 3415 Petrus
1092 3350 1254 3433 apostolus
1276 3370 1314 3413 ox
1329 3358 1418 3413 utero
1433 3350 1543 3412 metris
1565 3350 1715 3413 claudum
1744 3373 1863 3423 enne.

160 3457 236 3529 ptus
257 3471 359 3533 mmm
378 3468 442 3527 per
463 3451 565 3510 enies
587 3449 677 3509 borae
699 3450 841 3524 spatium
859 3449 914 3525 jc·
969 3457 1121 3525 curasset,
1150 3448 1293 3530 quinque
1328 3447 1427 3511 millia
1462 3448 1640 3512 iudeorum
1675 3450 1714 3512 ad
1730 3436 1824 3487 ⁸³¹'·⁴·

161 3554 276 3621 cnissc,
291 3559 323 3611 et
341 3552 386 3609 od
406 3550 545 3609 inuicem
564 3566 597 3607 ee
614 3555 811 3624 cognoscent.
827 3542 929 3609 lstud‘
967 3548 1126 3611 Christum
1143 3565 1298 3609 conversa
1312 3555 1396 3625 sunt,
1413 3554 1447 3609 ut
1460 3546 1561 3610 huces
1580 3565 1715 3628 evange·

163 3657 210 3711 est
223 3649 356 3726 laisum,
371 3655 404 3709 et
422 3644 550 3725 rationi,
566 3644 768 3727 experientia
785 3663 913 3726 quoque
968 3646 1041 3709 lista
1061 3645 1241 3727 descripsit.
1263 3644 1320 3720 Qui
1340 3645 1373 3707 iu
1400 3664 1457 3709 suo
1476 3664 1601 3727 quoque
1620 3664 1716 3707 evan-

164 3746 370 3811 contrarium.
386 3742 473 3807 llulti
496 3760 635 3824 namque
658 3761 768 3806 eorum
787 3742 842 3823 qui
865 3760 914 3804 re·
967 3744 1052 3827 gelio
1081 3750 1282 3825 protestatur,
1311 3744 1395 3824 quod
1432 3744 1576 3807 centurio
1604 3743 1714 3806 videns
1743 3760 1796 3805 nse.

164 3854 306 3927 surgent,
333 3842 443 3907 multis
469 3841 563 3904 annis
591 3840 625 3903 in
654 3840 757 3923 poenis
780 3840 910 3915 inferni,
967 3842 1041 3924 quia
1055 3842 1146 3905 lesus
1166 3841 1228 3903 alta
1248 3860 1327 3904 voce
1348 3841 1489 3904 clemens
1510 3841 1713 3923 exspirasset,
1729 3826 1863 3929 22:232&

163 3953 320 4025 quantum
333 3944 373 4005 ad
387 3941 528 4005 animam
542 3959 644 4016 suam,
661 3938 800 4003 luerunt.
817 3938 912 4003 Porro
967 3939 1162 4023 glorilicavit
1176 3939 1287 4019 lienum
1298 3948 1328 4002 et
1343 3939 1442 4002 dixit:
1457 3940 1536 4003 Vere
1551 3939 1604 4003 hic
1618 3940 1715 4005 homo
1729 3962 1794 3999 m...
1821 3949 1864 3999 tis

164 4042 196 4105 in
211 4041 352 4119 inlerno,
368 4047 498 4124 propter
514 4038 717 4102 acerbitatem
732 4057 909 4120 poenarum,
967 4039 1066 4102 Filius
1095 4038 1149 4101 Dei
1178 4037 1251 4100 luit.
1282 4038 1454 4120 Omnisque
1484 4037 1576 4101 turha
1603 4057 1715 4103 eorum
1730 4011 1806 4118 ἔξω
1828 4024 1864 4062 ”’

164 4141 388 4205 brevissimum
403 4148 529 4221 tempus
543 4137 765 4219 longissimum
780 4156 850 4200 esse
865 4136 912 4198 vi·
967 4138 1021 4220 qui
1036 4138 1179 4216 ederent,
1193 4137 1261 4200 viso
1277 4144 1367 4200 terrae
1382 4144 1482 4215 motu,
1491 4137 1714 4202 obscuratione

164 4240 266 4304 detur.
286 4238 476 4303 llesusciteti
499 4245 605 4300 autem
626 4254 690 4301 non
709 4242 803 4299 erunt
820 4234 911 4298 obliti
926 4236 952 4299 b
966 4238 1062 4301 etiam
1077 4235 1154 4299 solis
1170 4244 1201 4301 et
1215 4236 1330 4299 ceteris
1349 4255 1420 4318 que
1434 4236 1554 4300 liobant
1575 4245 1716 4319 tempore

164 4357 332 4421 poenamm
344 4356 424 4419 quas
438 4335 661 4419 pertulerunt:
678 4354 752 4398 nam
768 4334 802 4397 iu
820 4342 911 4397 etate
967 4334 1125 4419 passionis
1148 4334 1262 4398 Christi
1287 4335 1479 4417 conspectis,
1502 4335 1716 4418 percutientes

163 4437 246 4500 virili
262 4444 441 4518 resurgent,
456 4443 489 4498 et
506 4434 627 4497 retione
641 4434 748 4496 statim
769 4440 908 4496 utentur.
966 4444 1096 4519 pectora
1116 4453 1172 4496 sua
1192 4434 1442 4497 revertebantur.
1460 4434 1621 4511 Similiter,
1638 4444 1717 4499 tem-

163 4536 259 4614 Unde,
275 4534 425 4617 quamvis
440 4534 573 4597 verbum
588 4531 673 4595 istud
694 4531 910 4614 aliquomodo
966 4552 1043 4617 pore
1061 4531 1214 4596 lledriani
1235 4532 1448 4614 imperatoris,
1464 4552 1562 4615 quum
1583 4534 1716 4616 angelus

162 4633 278 4697 salvari
292 4640 400 4715 posset
412 4632 502 4713 juxta
521 4630 701 4694 doctrinam
715 4629 865 4711 Platonis,
883 4631 909 4693 si
965 4633 1021 4695 llei
1037 4631 1207 4694 visibiliter
1222 4632 1422 4714 apperuisset
1442 4631 1552 4694 decern
1573 4632 1716 4697 millibus

161 4732 307 4796 homines
326 4731 360 4793 in
378 4738 469 4793 etete
488 4728 628 4792 inlentili
641 4729 690 4809 (in
705 4748 767 4811 que
789 4730 909 4792 ratione
966 4730 1117 4807 militum,
1134 4748 1252 4810 eosque
1277 4731 1316 4793 ad
1340 4728 1455 4793 Christi
1481 4729 1579 4793 iidem
1603 4731 1718 4795 luisset

161 4831 218 4909 uti,
233 4832 277 4895 oh
299 4828 442 4912 corporis
462 4827 752 4909 indispositionem,
773 4828 908 4906 lluxum,
965 4829 1121 4907 hortatus,
1151 4827 1341 4910 promittens
1369 4828 1414 4890 cis
1443 4827 1476 4889 in
1505 4826 1570 4892 lide
1600 4828 1716 4893 Christi

161 4930 342 5008 mollitiem,
358 4946 423 4991 non
445 4927 600 5006 valerent)
622 4934 845 5009 resurgerent3
865 4934 910 4989 ta-
965 4927 1134 5019 victoriem
1170 4934 1282 4990 contre
1316 4925 1435 5005 hostes,
1466 4946 1539 4991 mox
1573 4927 1716 4991 universi

161 5047 233 5092 men
256 5035 353 5111 prout
372 5026 426 5090 hic
446 5026 608 5103 recimtur,
630 5033 663 5089 et
683 5034 778 5108 prout
798 5044 910 5088 secun·
965 5025 1169 5089 crediderunt
1194 5024 1227 5086 in
1251 5024 1423 5101 Christum,
1444 5033 1538 5106 atque
1563 5044 1622 5107 pro
1646 5026 1717 5108 ejus

162 5128 237 5189 dum
265 5125 345 5189 huoi
373 5126 565 5188 documenta
592 5123 800 5187 resurrecturi
835 5132 911 5186 aunt
965 5124 1031 5188 lide
1059 5124 1328 5207 gloriosissimum
1363 5125 1565 5206 pertulerunt
1600 5132 1717 5207 marty-

161 5224 318 5304 homines,
334 5222 529 5287 salvarinon
545 5230 659 5304 potest.
675 5222 818 5303 lienique
833 5222 911 5285 mul·
966 5222 1060 5288 rium.
1087 5223 1260 5299 Postremo,
1287 5222 1442 5286 miracula
1469 5222 1508 5285 ad
1538 5223 1716 5286 incredulo-

162 5322 246 5387 tiin
264 5321 460 5407 *avangehca
483 5322 554 5405 lege
576 5330 649 5407 post
671 5329 807 5389 mortem
834 5329 910 5385 suut
965 5342 1037 5387 rum
1073 5320 1315 5387 conversionem
1350 5320 1526 5406 presertim
1554 5320 1712 5403 conlerre,
