4309 6250
174 525 295 572 comae
314 529 401 574 vim
421 528 678 576 sonanstmotttt!
699 527 807 582 QtJttttts
829 525 920 584 cioca
940 527 1058 573 cotto!
1081 523 1154 573 vett!
1174 525 1224 572 DE!
1247 527 1399 574 hnntwtt.
1422 545 1463 558 -
1484 527 1554 574 aad.
1577 527 1622 574 111
1670 507 1730 572 223

173 697 361 780 trequenter
379 717 414 761 se
432 697 604 773 demones,
620 703 652 758 et
672 693 797 758 occulte
818 693 963 775 aliqnah
979 693 1172 757 tendendum
1187 713 1258 758 esse
1273 693 1406 758 somniis
1420 695 1459 758 ad
1475 693 1730 777 cognoscendum

171 796 219 857 eis
233 796 400 858 insinuant
417 813 487 876 quae
508 792 606 856 variis
627 794 731 856 modis
752 811 925 875 agnoscere
978 792 1146 855 interiores
1167 791 1405 874 dispositiones,

171 902 309 975 possunt
329 893 432 975 magis
453 909 550 973 quam
570 890 728 953 homines.
1017 891 1177 954 Interdum
1213 899 1319 955 antem
1354 890 1479 956 somnia
1510 891 1658 954 oriuntur
1692 909 1730 954 ex

211 991 309 1054 Porro
322 990 454 1073 quidam
468 987 652 1070 philosophi
671 987 820 1070 astrologi
839 988 925 1050 dixe
977 1008 1072 1053 cansa
1096 991 1285 1070 extrinseca,
1306 1009 1377 1072 que
1402 989 1498 1052 etiam
1520 990 1639 1072 duplex
1668 997 1726 1066 est,

74 1115 78 1119 ’
172 1097 248 1151 runt
269 1088 381 1152 omnia
405 1087 568 1164 inferiora,
585 1086 681 1149 etiam
699 1095 789 1150 actus
813 1087 925 1149 huma·
976 1088 1100 1152 scilicet
1130 1112 1137 1151 :
1168 1087 1352 1170 corporalis,
1383 1088 1510 1171 quando
1544 1087 1728 1171 imaginatio

170 1206 243 1264 nos,
258 1188 299 1250 de
322 1186 510 1250 necessitato
532 1183 605 1247 lieri
627 1205 664 1247 ac
685 1185 815 1248 evenire
833 1185 924 1265 juxta
975 1186 1164 1250 dormientis
1179 1185 1365 1248 immutetur
1379 1187 1419 1248 ab
1433 1205 1505 1250 aere
1521 1184 1729 1248 circumstan—

168 1284 442 1362 constellationes,
458 1281 660 1346 causalitates
683 1291 716 1346 et
738 1282 923 1366 impressio-
977 1291 1019 1362 te,
1036 1284 1087 1347 vel
1109 1304 1128 1347 a
1150 1285 1328 1348 coelestium
1353 1302 1522 1366 corporum
1545 1283 1728 1365 impressio-

168 1403 227 1446 nes
252 1384 401 1448 caelestes
424 1407 431 1446 :
452 1382 721 1465 quemadmodum
736 1381 863 1444 Alhindi
887 1380 920 1442 iu
976 1402 1028 1460 ne,
1053 1383 1097 1446 111
1121 1383 1205 1465 quod
1230 1381 1401 1446 dormienti
1430 1392 1585 1466 apparent
1612 1381 1727 1464 alique

167 1483 252 1546 libro
277 1502 336 1547 suo
357 1483 398 1546 de
422 1480 541 1561 Rodiis,
561 1489 657 1563 atque
677 1481 867 1543 Albumasar
886 1480 919 1542 in
976 1481 1150 1562 phantasim
1175 1480 1298 1544 similes
1319 1480 1521 1563 dispositioni
1549 1478 1632 1544 aeris
1659 1499 1728 1543 cor·

165 1580 401 1645 lntroductorio
415 1579 541 1661 maiori,
557 1579 721 1642 hvicenna
738 1596 867 1661 qnoque
888 1587 921 1642 et
975 1579 1105 1662 porisve
1121 1579 1260 1642 coelestis
1278 1603 1284 1641 :
1303 1579 1430 1662 utquod
1448 1579 1489 1642 sit
1503 1578 1650 1642 fertilitas
1665 1587 1727 1641 ter·

166 1679 296 1761 1131111
318 1680 353 1742 in
374 1678 597 1761 hletaphysicis
617 1678 694 1742 suis.
710 1679 825 1742 Contra
842 1689 948 1759 quo-⁰
976 1697 1017 1741 111
1028 1679 1096 1740 sive
1112 1677 1273 1756 sterilitas,
1290 1687 1344 1741 aut
1359 1677 1441 1740 aeris
1464 1677 1633 1740 humiditas
1657 1677 1725 1740 sive

166 1797 239 1840 rum
255 1778 461 1842 stultissimos
482 1777 702 1860 pessimosqne
723 1795 847 1841 errores
865 1777 921 1840 do-
976 1777 1140 1840 serenites.
1157 1777 1351 1858 Quandoque
1372 1785 1478 1840 autem
1498 1795 1594 1840 causa
1608 1776 1727 1840 extrin-

166 1887 273 1940 ctores
300 1877 451 1941 catholici
475 1876 569 1959 plene
592 1885 624 1938 et
646 1875 819 1956 diligenter
842 1874 959 1938 scri-B
975 1895 1048 1939 seca
1072 1877 1269 1940 somniorum
1294 1883 1342 1938 est
1369 1875 1543 1957 spiritualis
1570 1899 1577 1938 ε
1604 1883 1636 1938 11
1664 1876 1724 1938 ista

163 1985 311 2057 pserunt,
327 1975 501 2060 presertim
522 1975 711 2038 Guillelmns
731 1974 918 2038 Parisieusis
974 1991 1084 2034 rursus
1106 1980 1154 2035 est
1172 1973 1300 2054 duplex.
1317 1971 1395 2036 Nam
1415 1992 1478 2036 una
1498 1981 1546 2036 est
1566 1973 1648 2037 bona
1665 1997 1672 2034 :
1690 1981 1724 2036 ut

163 2075 196 2137 in
216 2075 303 2139 libro
322 2077 363 2138 de
383 2075 458 2138 Fide
476 2084 509 2138 et
526 2074 664 2156 legibus,
681 2073 822 2155 AEgidius
841 2092 919 2155 quo-
974 2072 1102 2153 quando
1117 2091 1135 2134 a
1149 2073 1212 2136 Deo
1228 2091 1284 2155 per
1298 2073 1428 2155 angelos
1444 2073 1562 2156 aliquid
1584 2073 1617 2136 in
1639 2093 1722 2138 som-

161 2192 226 2254 qne
241 2174 284 2236 de
298 2174 398 2237 110111
413 2174 447 2236 11
467 2180 602 2236 tractatu
621 2191 679 2236 suo
698 2171 813 2235 Contra
832 2190 918 2236 erro-
973 2189 1016 2232 no
1030 2171 1190 2234 revelatur
1204 2171 1399 2236 hominibus.
1418 2173 1503 2236 Unde
1523 2171 1555 2235 in
1576 2172 1722 2236 Numerio

161 2293 214 2335 res
229 2273 506 2355 philosophorum,
519 2273 656 2335 Thomas
670 2271 765 2334 etiam
780 2270 814 2333 in
829 2270 917 2333 Sum·
974 2268 1056 2331 Deus
1070 2268 1115 2332 111
1129 2270 1168 2332 ad
1183 2272 1286 2334 Aaron
1309 2279 1340 2333 et
1358 2270 1485 2334 Mariam
1502 2295 1509 2333 ε
1527 2270 1558 2333 Si
1579 2271 1651 2353 quis
1673 2270 1723 2334 lu·
1737 2300 1869 2354 p„„.‚‚„‚⁶‚

161 2391 215 2434 ma
252 2380 366 2434 contra
392 2371 540 2454 gentiles.
572 2371 659 2433 Unde
687 2389 832 2432 summus
861 2369 916 2432 ille
973 2367 1383 2451 eritintervospropheta,
1400 2369 1571 2433 invisione
1590 2389 1722 2452 appare-

160 2479 368 2534 astronomus
392 2469 578 2534 Ptolomeus
606 2467 774 2532 verissime
801 2467 880 2530 dixit
906 2490 914 2530 2
972 2465 1014 2528 bo
1028 2466 1071 2547 ei,
1090 2467 1138 2530 vel
1154 2487 1210 2548 per
1224 2467 1385 2531 somnium
1400 2468 1512 2550 loquar
1526 2469 1565 2531 ad
1584 2487 1669 2532 cum.
1686 2469 1721 2530 ln

160 2569 300 2650 Sapiens
321 2567 538 2632 dominabitur
558 2565 663 2630 astris.
971 2563 1030 2627 101)
1053 2583 1180 2648 quoque
1205 2566 1360 2648 seriptum
1384 2575 1432 2630 est
1453 2591 1460 2629 :
1483 2567 1540 2630 Per
1560 2567 1721 2631 somnium
1743 2593 1784 2638 oe
1796 2608 1868 2648 usur.

970 2660 1005 2724 in
1026 2662 1150 2727 visione
1176 2673 1343 2746 nocturna,
1359 2666 1486 2747 quando
1509 2683 1605 2749 sopor
1628 2667 1722 2729 irruit
1738 2661 1770 2710 ¹⁵¹
1786 2662 1819 2704 ¹⁸·

366 2822 612 2888 ARTICULUS
631 2823 698 2886 ΧΠ
971 2781 1069 2844 super
1079 2763 1225 2827 homines
1239 2772 1271 2827 11
1284 2765 1446 2828 dormiunt
1459 2765 1492 2826 in
1508 2765 1721 2846 lectulo,tuno

701 2869 709 2886 ·
971 2863 1074 2944 aperit
1088 2863 1170 2926 Deus
1185 2883 1278 2926 aures
1293 2863 1446 2942 virorum,
1456 2872 1488 2927 et
1502 2865 1650 2928 erudiens
1666 2885 1722 2929 eos

176 2979 235 3036 An
249 2973 419 3034 divinatio
433 2991 505 3052 quoe
518 2976 557 3049 fit
569 2990 631 3048 per
645 2971 771 3032 somma
787 2971 893 3031 liceat,
972 2959 1101 3024 instruit
1125 2961 1305 3044 disciplina.
1328 2961 1417 3042 Nam,
1434 2962 1517 3026 sicut
1537 2963 1655 3028 ibidem
1670 2964 1722 3027 hl-

929 3061 952 3124 G
971 3059 1090 3139 bertus,
1108 3061 1243 3126 Thomas
1257 3059 1377 3145 aliique
1392 3069 1549 3126 testantur
1563 3064 1721 3147 exposito·

228 3159 381 3223 lVEllSAE
396 3168 471 3223 sunt
485 3178 588 3223 causae
603 3159 820 3223 somniorum:
836 3158 914 3240 quia
971 3179 1033 3239 res,
1063 3160 1097 3221 in
1130 3178 1243 3223 somno
1276 3160 1476 3224 cessantibus
1510 3162 1719 3227 exterioribus

243 3260 408 3323 interdum
430 3268 606 3322 nascuntur
624 3276 662 3320 ex
681 3276 777 3321 causa
801 3257 915 3320 intrin·
970 3257 1116 3321 sensibus
1135 3258 1175 3321 ab
1194 3259 1455 3342 occupationibus
1475 3269 1506 3323 et
1525 3260 1720 3343 inquietudi-

156 3379 245 3423 seca.
258 3358 298 3421 Et
314 3358 370 3421 illa
384 3366 433 3420 est
446 3356 563 3439 duplex
580 3380 587 3419 :
605 3376 668 3419 una
683 3356 833 3419 videlicet
846 3356 915 3419 ani·
969 3357 1065 3421 nibus
1080 3358 1158 3439 suis,
1177 3358 1225 3421 vis
1240 3358 1448 3441 imaginativa
1461 3360 1599 3442 quietior
1616 3370 1665 3423 est
1686 3369 1718 3425 et

155 3459 266 3537 malis,
282 3466 315 3519 11
338 3456 574 3539 quodammodo
598 3454 785 3537 spiritualis,
802 3464 914 3538 utputa
969 3455 1076 3518 anima
1104 3456 1204 3538 magis
1232 3456 1377 3539 quiescit,
1410 3457 1520 3539 sicque
1550 3458 1589 3521 lit
1616 3459 1720 3541 aptior

154 3556 284 3619 intenta
298 3554 449 3637 cogitatio
464 3573 521 3617 seu
539 3572 655 3635 magna
676 3552 806 3617 allectio
827 3553 913 3617 11111
968 3555 1008 3617 ad
1023 3556 1234 3619 revelationes
1254 3556 1414 3638 angelicas
1429 3564 1461 3619 et
1475 3555 1719 3621 informationes

153 3656 282 3739 aliquid
297 3663 440 3737 tempore
456 3653 665 3735 vigiliae.0uae
679 3652 766 3716 enim
780 3654 815 3716 in
835 3654 915 3735 vigi·
968 3653 1106 3717 divinas.
1123 3654 1301 3735 Aliquando
1317 3673 1391 3718 vero
1410 3674 1505 3717 causa
1521 3656 1718 3721 somniorum

153 3755 254 3819 lando
274 3754 402 3817 10111111
424 3754 605 3835 cogitantur
627 3761 682 3816 aut
707 3760 911 3836 appetuntur,
968 3752 1146 3816 extrinseca
1161 3752 1346 3834 spiritualis,
1363 3762 1412 3817 est
1426 3754 1657 3836 mala,quando
1674 3756 1720 3819 vi-

152 3861 335 3917 occurrunt
349 3852 571 3934 imaginationi
591 3871 648 3914 seu
667 3852 843 3933 phantasiae
856 3852 913 3915 ho-
968 3850 1087 3913 delicet
1101 3851 1280 3915 demonum
1296 3852 1479 3934 operatione
1494 3862 1650 3935 apparent
1663 3854 1720 3917 ali-

152 3953 254 4017 minis
275 3952 309 4013 in
329 3950 527 4015 dormiendo.
545 3950 693 4031 'salisque
712 3970 808 4013 causa
830 3970 913 4014 som·
968 3968 1039 4031 quae
1060 3950 1171 4015 forme
1196 3970 1253 4013 seu
1275 3951 1449 4033 phantasiae
1473 3952 1716 4033 dormientibus,

154 4052 289 4115 nicrum
320 4069 384 4114 non
418 4058 468 4111 est
502 4068 597 4111 causa
625 4057 799 4112 eventuum
827 4048 914 4112 lutu-
968 4067 1026 4132 per
1043 4069 1122 4131 quas
1144 4051 1303 4113 interdum
1323 4051 1468 4132 quedam
1494 4051 1601 4115 lutura
1621 4062 1652 4117 et
1671 4074 1719 4117 se-

153 4169 281 4215 rorum.
316 4148 440 4211 idcirco
475 4147 661 4229 hujusmodi
697 4148 822 4211 somnia
856 4168 914 4231 per
968 4156 1056 4211 creta
1069 4149 1229 4213 demones
1245 4148 1291 4212 eis
1307 4150 1451 4213 revelant
1469 4150 1525 4233 qui
1545 4170 1618 4215 cum
1641 4152 1718 4235 ipsis

153 4250 313 4312 accidens
337 4246 456 4310 habent
481 4264 515 4309 se
540 4245 579 4308 ad
603 4246 728 4309 futuros
751 4254 910 4310 eventus:
928 4255 1060 4329 Dpacta
1082 4247 1200 4311 habent
1223 4248 1348 4312 illicita.

151 4349 231 4428 imo,
249 4348 279 4409 si
294 4346 455 4409 interdum
469 4345 630 4409 somnium
646 4345 707 4407 tale
726 4354 758 4407 11
778 4355 912 4409 eventus
1006 4346 1061 4408 Est
1090 4365 1166 4429 ergo
1195 4348 1378 4429 dicendum,
1409 4351 1495 4431 quod
1530 4350 1557 4412 si
1585 4350 1718 4414 somniis

154 4466 300 4529 sequens
315 4452 573 4525 concurrant,est
588 4444 912 4526 casualehliquando
967 4446 1040 4527 quis
1059 4454 1166 4508 utatur
1189 4447 1227 4509 ad
1252 4450 1576 4530 praeeognoscendum
1600 4449 1716 4532 lutura,

153 4558 268 4611 autem
303 4564 399 4607 cansa
432 4543 604 4607 intrinseca
638 4543 836 4607 somniorum
864 4554 913 4606 est
968 4544 1143 4607 secundum
1159 4547 1243 4627 quod
1266 4547 1390 4609 somnia
1413 4548 1590 4630 procedunt
1611 4568 1648 4611 ex
1670 4569 1719 4613 re-

153 4644 348 4729 corporalis,
367 4643 520 4726 quoniam
542 4663 580 4705 ex
604 4642 747 4706 interiori
770 4643 912 4725 corporis
968 4644 1126 4706 velatione
1142 4644 1286 4725 angelica
1302 4666 1358 4709 seu
1373 4648 1490 4729 divina,
1509 4658 1563 4713 aut
1576 4659 1661 4713 certe
1680 4669 1717 4714 ex

152 4744 370 4829 dispositione
389 4742 429 4805 lit
447 4750 552 4806 motus
570 4743 701 4823 quidam
724 4741 757 4804 in
780 4742 913 4825 phanta-
968 4761 1063 4804 causa
1086 4742 1224 4805 naturali
1251 4744 1423 4809 intrinseca
1446 4757 1500 4811 aut
1527 4749 1715 4830 extrinseca,

152 4847 214 4925 sia,
230 4842 440 4925 dispositioni
455 4841 503 4904 illi
518 4840 676 4924 corporali
692 4842 910 4904 conveniens:
968 4842 1001 4903 iu
1025 4851 1180 4923 quantum
1205 4864 1238 4905 se
1263 4864 1358 4907 causa
1384 4846 1437 4909 illa
1466 4849 1627 4928 extendit,
1651 4869 1715 4914 non

151 4943 429 5028 quemadmodum
458 4941 580 5004 homini
606 4942 639 5003 iu
664 4940 788 5023 frigidis
812 4942 913 5005 abun-
967 4940 1027 5003 crit
1048 4941 1160 5005 illicita
1178 4943 1333 5007 divinatio
1358 4964 1413 5007 seu
1434 4946 1615 5011 futurorum
1638 4970 1717 5032 pro«

153 5046 246 5109 danti
269 5042 458 5105 humoribus
477 5050 607 5123 apparet
631 5042 665 5103 iu
690 5060 802 5105 somam
827 5044 912 5123 quod
968 5040 1134 5103 nuntiatio.
1165 5041 1271 5121 Porro,
1298 5044 1324 5105 si
1349 5045 1504 5110 divinatio
1528 5048 1713 5129 hujusmodi

152 5148 194 5207 sit
217 5145 254 5206 in
275 5162 358 5225 aqua
382 5150 437 5203 aut
460 5140 555 5216 nivc3
581 5139 754 5203 abundanti
778 5159 854 5204 vero
879 5141 912 5203 iu
968 5139 1119 5223 procedat
1147 5160 1185 5203 ex
1210 5142 1403 5207 revelatione
1429 5144 1513 5209 iacta
1543 5146 1574 5208 in
1604 5168 1715 5211 somno

152 5242 350 5308 humoribus
365 5239 479 5303 calidis
493 5240 617 5303 videtur
638 5238 671 5301 in
694 5258 807 5303 somno
827 5241 911 5322 quod
970 5260 1027 5322 per
1039 5241 1212 5320 demones,
1229 5261 1301 5304 cum
1317 5243 1433 5325 quibus
1448 5245 1605 5309 habentur
1624 5257 1716 5329 pacta

153 5344 293 5409 exsistat
306 5342 340 5404 in
357 5342 441 5423 igne.
458 5340 538 5403 11111
558 5339 674 5402 medici
696 5348 843 5402 asserunt
866 5340 914 5401 in·
970 5358 1130 5421 expresse,
1146 5340 1219 5421 quia
1234 5341 1272 5403 nd
1292 5340 1351 5404 hoc
1373 5344 1579 5424 advocantur,
1595 5356 1649 5409 aut
1672 5356 1716 5408 ta-
