4309 6250
239 520 279 565 ott
301 518 509 567 coarctatum
529 523 624 569 Sllssl
645 524 811 572 romuleis
832 526 869 572 ET
889 527 1059 575 dannanus
1081 528 1221 587 condicti,
1244 532 1331 579 LIBER
1351 533 1371 578 1.
1395 551 1435 563 -
1456 534 1526 580 AET.
1549 535 1656 581 Xffl'll
1680 517 1741 582 379

191 686 420 751 rationabiliter
442 697 491 752 est
511 692 717 768 credendum,
734 696 819 774 quod
840 697 977 777 quan-A
995 697 1139 778 rigantur
1162 718 1198 761 ac
1226 699 1435 779 illustrentur,
1459 710 1601 785 satagere
1625 706 1742 768 debent

190 793 223 846 to
248 787 411 869 supposita
441 789 543 871 ipsius
567 791 696 854 concilii
725 792 845 855 luerint
874 794 938 855 ileo
994 813 1034 857 ne
1053 796 1149 858 alicui
1172 797 1358 879 subjaceant
1379 800 1505 863 mortali
1527 811 1668 883 peccato,
1687 803 1742 866 sed

189 884 324 962 cariora,
348 906 405 949 seu
431 888 530 970 magis
555 891 680 967 devota,
704 899 799 973 atque
819 890 938 954 divinae
993 892 1123 955 caritate
1148 902 1179 955 at
1207 894 1307 975 gratia
1335 896 1389 958 Dei
1418 915 1483 977 prae
1510 898 1625 961 ceteris
1649 899 1744 962 deco

188 981 386 1060 directionis,
403 984 644 1049 illuminationis
666 998 698 1049 et
718 989 827 1069 gratiae
846 1007 938 1070 capa·
993 998 1115 1052 rentur.

188 1080 288 1159 ciora,
305 1100 344 1145 eo
358 1083 582 1147 exuberantius
595 1092 627 1149 et
641 1086 803 1167 copiosius
818 1087 937 1149 illumi-

187 1178 360 1259 nabuntur,
373 1190 533 1262 ungentur
546 1190 579 1245 et
592 1183 771 1264 dirigentur
785 1204 803 1247 a
818 1186 937 1266 Spiritu

186 1276 303 1341 Sancto
321 1278 355 1340 in
375 1279 600 1344 conciliaribus
614 1280 718 1345 lactis.
736 1282 816 1346 Hinc
837 1284 938 1347 omni·
1139 1278 1384 1346 ARTICULUS
1417 1282 1591 1348 XXXVII.

186 1394 230 1439 no
248 1377 511 1440 decentrsstmum
533 1379 841 1462 saluberrimumque
862 1401 938 1445 oon·
992 1427 1143 1494 Qualiter
1162 1430 1398 1500 admonendus,
1413 1440 1443 1490 οἱ
1460 1432 1506 1509 (35
1523 1450 1602 1507 opu,
1621 1433 1743 1511 suerit)

186 1474 283 1554 sistit,
299 1485 334 1539 ut
348 1496 411 1539 non
433 1477 536 1541 solum
556 1481 704 1543 studeant
718 1500 789 1544 essa
804 1481 837 1543 in
853 1490 936 1544 statu
1030 1517 1130 1575 mam
1151 1518 1435 1592 reprehendendus
1455 1522 1499 1580 s„
1513 1523 1607 1597 Papa
1623 1542 1642 1581 a
1659 1524 1742 1582 viris

185 1573 310 1653 Willis>
326 1574 396 1638 ⁸5⁰0
419 1584 549 1657 9000810
564 1578 689 1642 ¹¹¹⁰¹⁸l⁸¹l
705 1578 855 1660 VivendQ
871 1580 937 1643 i¹¹¹⁰
1030 1607 1153 1665 sanclis
1167 1625 1223 1665 seu
1233 1607 1462 1683 familiaribus
1475 1611 1591 1669 sibiad
1605 1612 1663 1671 ltoc
1674 1613 1743 1671 ido-

185 1673 283 1734 etiam
298 1682 442 1754 satagant
462 1694 533 1738 esse
554 1677 695 1758 perlecta
713 1678 822 1742 devoti
838 1678 937 1741 abun·
1031 1695 1121 1761 mis,-
1135 1702 1165 1753 et
1180 1697 1220 1754 de
1239 1697 1466 1757 exhortatione
1483 1700 1638 1776 facienda
1657 1720 1743 1761 sum.

185 1772 361 1853 danterque
375 1772 521 1855 virtuosi,
538 1783 572 1836 ut
586 1776 619 1837 in
635 1775 748 1857 primis
764 1776 938 1841 reforment
1032 1802 1083 1842 mo
1098 1786 1267 1861 Pontifici.

186 1890 221 1931 se
238 1870 335 1951 ipsos,
352 1878 383 1933 et
402 1880 466 1934 tam
489 1873 619 1955 copiosa
638 1875 703 1937 sint
720 1875 822 1956 gratia
839 1874 975 1939 adim-B

187 1968 277 2049 ploti,
295 1976 330 2031 ut
351 1969 392 2032 de
413 1969 609 2051 plenitudine
631 1992 688 2035 sua
706 1973 777 2035 aliis
796 1993 938 2037 commu·
1055 1971 1152 2033 ESTE
1177 1973 1209 2035 S.
1226 1972 1429 2056 Hieronymo,
1445 1994 1508 2057 quo
1534 1977 1682 2059 praelatus
1710 1978 1742 2041 in

28 2091 120 2140 tm,
131 2094 171 2133 aa.
188 2066 299 2129 nicent
321 2086 358 2130 ac
381 2067 576 2132 dillundant.
593 2070 674 2145 Quid
698 2072 786 2134 enim
810 2073 938 2155 prolicit
1069 2070 1173 2133 altiori
1189 2079 1237 2133 est
1250 2073 1349 2153 gradu
1365 2091 1420 2135 seu
1435 2074 1549 2155 majori
1564 2074 1688 2153 ollicio,
1704 2096 1743 2140 co

186 2165 297 2243 bomo,
314 2165 340 2227 si
356 2166 499 2229 lucretur
513 2168 697 2232 universum
720 2171 887 2249 mundum,
904 2192 937 2235 se
992 2167 1025 2229 in
1040 2168 1259 2251 periculosiori
1282 2179 1330 2232 est
1351 2180 1455 2249 statn3
1472 2180 1504 2235 et
1518 2192 1581 2255 quo
1595 2174 1741 2257 pluribus

186 2264 293 2345 ipsum
319 2273 424 2328 autem
450 2268 561 2348 perdat
585 2276 617 2331 et
640 2269 866 2333 detrimentum
888 2270 936 2333 sui
992 2269 1270 2349 praestruunt
1295 2270 1430 2351 diligens
1455 2270 1563 2351 luerit)
1586 2274 1688 2355 major
1712 2273 1741 2336 ei

187 2362 307 2425 laciatl
335 2364 519 2446 Rursusque
547 2366 580 2428 in
609 2367 831 2431 Ecclesiastico
862 2369 937 2431 scri-
991 2366 1154 2430 damnatio
1180 2367 1250 2430 erit.
1280 2367 1352 2431 ideo
1378 2369 1408 2431 S.
1435 2368 1628 2451 Augustinus
1653 2372 1741 2435 obte-

72 2486 155 2530 εηιῑ,
186 2467 278 2543 ptum
294 2470 343 2525 est
361 2485 368 2523 ι
384 2463 442 2537 Qui
458 2463 518 2526 sibi
533 2483 670 2546 nequam
685 2474 745 2545 cst,
762 2466 814 2529 cui
834 2466 937 2529 bonus
993 2472 1093 2527 statur
1116 2466 1276 2547 subjectos
1302 2474 1336 2527 ut
1363 2467 1528 2549 praelatum
1553 2489 1646 2533 suum
1675 2490 1739 2534 non

28 2564 72 2657 [ἦ.
86 2554 162 2657 ἱω
186 2559 265 2621 eritl
276 2560 313 2621 Et
327 2561 404 2624 item
421 2561 588 2625 :Miserere
602 2564 716 2627 animae
732 2572 792 2627 tuae
807 2566 937 2647 placens
992 2562 1095 2625 solum
1111 2563 1216 2626 debite
1233 2573 1447 2645 revereantur,
1457 2568 1511 2629 sed
1527 2567 1622 2630 etiam
1636 2568 1740 2631 eidem

91 2648 97 2657 ’
164 2647 170 2660 '
255 2707 262 2719 .
992 2669 1122 2743 propter
1150 2662 1400 2743 magnitudinem
1428 2665 1535 2727 oneris
1564 2666 1613 2729 sui
1646 2666 1743 2730 mise-

227 2756 382 2839 Denique,
407 2777 507 2839 quum
535 2762 575 2822 ad
605 2762 817 2842 prudentiam,
843 2763 937 2844 cujus
993 2768 1131 2821 reantur.
1148 2758 1251 2833 Quum
1272 2761 1378 2843 itaque
1394 2762 1475 2843 Papa
1497 2763 1648 2827 universo
1663 2784 1743 2846 prte-

184 2863 275 2917 actus
289 2864 340 2919 est
354 2856 535 2937 consilium,
544 2859 702 2940 pertineat
715 2860 755 2922 de
769 2859 936 2924 bominum
992 2856 1095 2919 sideat
1108 2857 1190 2935 orbi,
1202 2858 1410 2941 omniumque
1425 2860 1569 2923 fidelium
1585 2880 1662 2925 cura
1677 2862 1740 2926 sibi

184 2954 312 3017 actibus
326 2972 383 3017 seu
403 2955 535 3036 agendis
558 2956 670 3020 idonee
692 2958 847 3038 judicare,
862 2968 937 3042 apta
992 2956 1162 3017 commissa
1177 2956 1228 3033 sit,
1246 2964 1278 3018 et
1299 2957 1394 3020 totius
1410 2958 1560 3022 Ecclesiae
1582 2961 1740 3041 generalis

182 3071 311 3135 quoque
323 3054 427 3116 media
441 3053 585 3117 invenire
599 3057 638 3118 ad
653 3056 862 3120 obtinendum
879 3078 935 3120 seu
954 3060 975 3122 C
991 3054 1179 3137 gubernatio
1208 3063 1301 3138 etque
1337 3056 1495 3138 praecipua
1530 3057 1712 3122 sollicitudo
1730 3081 1737 3136 3

181 3153 438 3215 conservandum
461 3153 602 3216 debitum
622 3153 733 3235 linem,
750 3156 806 3236 qui
827 3158 936 3237 praeci·
990 3162 1112 3216 certum
1132 3162 1181 3216 est
1205 3155 1289 3236 quod
1314 3154 1347 3215 in
1369 3155 1637 3236 periculosissimo
1657 3165 1739 3220 statu

180 3269 245 3331 pue
259 3258 307 3312 est
321 3250 440 3314 bonum
455 3269 643 3330 communa3
656 3253 745 3332 binc,
759 3257 935 3318 secundum
989 3253 1031 3315 sit
1050 3253 1250 3333 constitutus,
1267 3261 1298 3314 et
1319 3272 1383 3334 quo
1404 3255 1642 3318 reverentialius
1664 3256 1739 3320 obe·

179 3348 383 3411 Aristotelem
407 3357 593 3430 ceterosque
615 3350 821 3433 pbilosopbos
841 3361 935 3434 atque
989 3352 1153 3430 diendurn,
1170 3369 1208 3414 ao
1233 3360 1263 3414 et
1289 3351 1459 3416 cordialius
1480 3355 1737 3436 compatiendum

179 3445 359 3528 theologos,
377 3466 451 3510 vera
465 3449 635 3528 prudentia
655 3467 719 3512 non
735 3449 797 3512 nisi
814 3451 932 3515 virtuo-
989 3450 1031 3512 sit
1051 3450 1165 3512 animae
1187 3450 1267 3531 ejus.
1291 3449 1392 3531 lpsius
1415 3451 1543 3513 demum
1569 3461 1617 3516 est
1639 3453 1738 3516 adim-

178 3545 226 3607 sis
241 3545 326 3607 inest
339 3545 535 3624 bominibus,
553 3548 729 3628 prasertim
750 3568 849 3630 quum
869 3550 933 3612 vir·
990 3549 1076 3628 plere
1092 3549 1176 3629 quod
1199 3547 1233 3609 in
1248 3547 1471 3612 Ecclesiastico
1493 3551 1734 3632 scriptumest:

178 3651 263 3706 tutes
279 3653 493 3706 concatenatae
506 3644 706 3725 dicantur,ct
720 3656 849 3727 peccata
864 3667 932 3730 pas·
988 3645 1110 3718 Quanto
1131 3647 1234 3726 maJ'or
1254 3666 1301 3726 es,
1316 3647 1450 3708 humilia
1470 3655 1500 3710 te
1521 3647 1554 3710 in
1574 3650 1732 3713 omnibus.
1764 3679 1836 3724 aaa.
1851 3695 1880 3732 ,,.,

178 3742 351 3824 sionesque
366 3742 481 3806 animae
497 3743 651 3806 rationem
666 3743 877 3808 obtenebrant
890 3766 932 3810 ne
987 3744 1214 3806 Admonandus
1236 3753 1285 3805 est
1308 3763 1383 3824 ergo
1406 3763 1479 3806 cum
1504 3745 1683 3810 bumilitate
1704 3755 1736 3812 et
1749 3745 1783 3786 ²⁰·

178 3839 362 3902 ellicaciter
383 3840 514 3920 judicet.
531 3840 700 3905 Prudentia
723 3852 829 3906 autem
854 3864 932 3926 prae-
988 3841 1166 3904 reverentia
1181 3841 1328 3921 maxima,
1344 3849 1376 3904 et
1390 3860 1463 3904 cum
1478 3842 1643 3924 diligentia
1658 3863 1736 3926 quo·

179 3938 276 4020 cipue
295 3939 334 4000 ad
357 3937 561 4001 consiliantes
582 3941 725 4003 noscitur
745 3943 930 4023 pertinere:
987 3959 1048 4021 que
1065 3939 1236 4021 praecipua.
1252 3939 1339 4014 Quod
1363 3939 1389 4001 si
1412 3959 1450 4002 ex
1472 3941 1666 4022 negligentia
1680 3950 1735 4004 aut

180 4036 360 4115 idcirc0,ut
374 4036 407 4098 in
422 4057 459 4099 ea
475 4037 691 4117 abundent,in
707 4038 819 4122 primis
832 4042 933 4104 nitan-
987 4039 1142 4121 pravitate
1164 4037 1276 4119 ipsius,
1293 4037 1378 4100 bono
1396 4039 1558 4102 communi
1580 4047 1634 4102 aut
1655 4040 1733 4104 lidei

179 4144 235 4198 tur
255 4154 392 4217 purgare
413 4142 444 4198 et
466 4136 641 4199 reformare
662 4156 696 4200 se
718 4137 814 4221 ipsos.
986 4137 1169 4200 immineret
1183 4135 1373 4218 periculum,
1391 4137 1670 4218 reprehendendus
1685 4158 1734 4202 es·

219 4234 393 4313 Postremo,
421 4234 505 4298 inter
533 4242 654 4317 septem
683 4236 766 4299 dona
794 4238 931 4320 Spiritus
946 4241 971 4303 Ι)
986 4245 1033 4300 set
1054 4235 1183 4318 publice
1205 4242 1237 4298 et
1258 4235 1422 4298 instanter.

63 4369 83 4398 a.
109 4357 160 4405 aa.
178 4331 287 4396 Sancti
303 4352 402 4396 unum
417 4341 465 4396 est
478 4334 599 4396 donum
620 4334 759 4413 consilii,
776 4340 930 4404 sumendo
1024 4335 1129 4412 Porro,
1156 4343 1190 4396 ut
1214 4334 1392 4398 innotescat
1414 4334 1551 4398 lucidius
1575 4337 1733 4419 exempla·
1838 4405 1841 4412 ,

177 4432 348 4496 consilium
364 4451 422 4515 pro
437 4432 547 4495 babitu
562 4435 793 4515 supernaturali
810 4435 928 4518 inluso,
984 4436 1124 4516 riterque
1139 4441 1279 4516 patescat
1293 4433 1430 4514 qualiter
1444 4435 1566 4516 agenda
1581 4434 1645 4496 sint
1659 4435 1731 4516 ista,

176 4551 244 4613 quo
258 4531 355 4594 bomo
368 4529 408 4592 iit
428 4532 510 4594 bene
525 4532 638 4595 docilis
654 4553 689 4597 ac
705 4535 842 4599 faciliter
863 4556 930 4600 mo-
984 4534 1124 4598 breviter
1138 4533 1393 4596 commemorabo
1404 4531 1548 4613 quasdam
1562 4535 1733 4599 verborum

177 4630 251 4693 bilis
280 4651 299 4692 a
327 4629 447 4711 Spiritu
476 4630 591 4694 Sancto
626 4632 665 4694 ad
693 4632 928 4714 inspiciendum
984 4633 1015 4695 S.
1032 4632 1194 4712 bernardi,
1211 4631 1326 4713 quibus
1342 4631 1410 4713 ipse
1426 4632 1458 4693 in
1475 4631 1556 4696 libro
1571 4633 1611 4696 de
1625 4633 1734 4697 Consi·

175 4727 379 4810 expedientia
393 4730 498 4791 media
512 4730 552 4791 ad
567 4729 667 4793 linem
682 4740 836 4813 optatum,
849 4743 880 4796 et
895 4743 930 4796 ut
983 4731 1147 4794 deratione
1160 4730 1349 4811 Eugenium,
1367 4730 1415 4792 sui
1437 4731 1588 4812 temporis
1603 4733 1730 4814 Papam,

176 4827 261 4889 sciat
273 4825 408 4907 aliisque
422 4826 569 4890 notilicat
589 4830 664 4911 quid
686 4830 728 4892 sit
746 4832 853 4912 potius
872 4833 929 4894 eli·
983 4830 1089 4892 virum
1103 4829 1213 4910 utique
1228 4827 1412 4908 religiosum
1426 4829 1732 4908 etvirtuosum,bor·

174 4923 318 5006 gendum
334 4943 371 4986 ac
386 4924 581 4990 laciendum.
599 4928 685 4990 Dona
704 4938 809 4992 antem
829 4931 928 4994 nullis
983 4935 1067 4990 tatur
1081 4937 1113 4990 et
1126 4925 1403 5008 increpatNempe
1415 4927 1571 5008 objiciens
1586 4928 1633 4990 illi
1649 4930 1731 5012 quod

175 5023 289 5084 insunt
314 5022 375 5083 nisi
400 5022 591 5087 habentibus
616 5027 779 5090 ceritatem
803 5036 835 5090 et
858 5048 929 5110 gra·
982 5027 1022 5088 de
1037 5026 1086 5088 sui
1103 5025 1233 5088 licentia
1248 5025 1378 5088 abbates
1393 5025 1653 5089 subtraherentur
1668 5028 1732 5110 epi·

174 5122 266 5184 tiam.
296 5119 428 5199 idcirco,
458 5129 493 5183 ut
521 5124 685 5206 supposita
719 5127 927 5190 conciliorum
982 5123 1247 5207 scopis,episcopi
1262 5123 1732 5208 archiepiscopisarcbiepisco·

172 5220 239 5283 boc
258 5221 491 5300 supernaturali
515 5222 601 5286 dono
620 5224 747 5287 consilii
773 5225 927 5308 implean·
982 5224 1015 5307 pi
1036 5222 1237 5305 patriarchis,
1253 5221 1337 5284 inter
1352 5231 1456 5286 cetera
1470 5223 1514 5285 ait
1535 5223 1731 5306 increpando

172 5327 241 5399 tur,
266 5317 376 5399 sicque
403 5338 422 5381 a
445 5319 564 5401 Spiritu
588 5322 704 5386 Sancto
727 5323 855 5406 plenius
879 5325 926 5388 di·
982 5322 1073 5385 illum
1096 5330 1241 5385 sanctum
1263 5320 1449 5386 Pantilicem
1472 5342 1632 5386 summum
1649 5345 1656 5386 ε
1673 5323 1741 5390 Bo-.

28 2684 58 2723 ll·
