4309 6250
441 488 502 558 326
741 509 861 558 carran
881 508 1049 556 cuminian
1070 505 1243 567 aaronem,
1265 505 1355 552 arnna
1376 506 1408 552 u.
1431 523 1471 536 -
1492 505 1562 552 aar.
1586 504 1685 555 nrm

442 691 573 754 mntem,
583 685 649 744 eibi
659 686 750 762 fecit.
761 681 860 748 Exodi
873 677 1036 744 tricesimo
1050 678 1190 743 secundo
1205 676 1230 740 A
1247 696 1335 740 num.
1365 677 1460 742 Porro
1493 676 1527 740 in
1555 676 1757 760 Apocalypsi,
1787 675 1893 741 llahon
1925 695 2072 760 peram

408 819 414 833 ·
442 779 579 843 vitulum
594 780 710 845 fecisse
729 779 925 845 conflatilem
946 777 1188 856 describuntur3
1245 777 1378 841 bestiam
1400 777 1595 859 designatur.

442 897 502 942 nec
517 887 566 942 cst
579 879 743 962 probabile
757 881 841 963 quod
856 886 959 941 statua
978 877 1033 939 illa
1051 876 1189 939 sonitum
1284 875 1414 939 Ponitur
1428 893 1553 958 quoque
1574 875 1626 939 hic
1642 876 1776 940 verbum
1796 875 1971 954 fabulosum,

441 976 538 1041 talem
564 979 717 1057 emiserit,
744 977 805 1041 nisi
830 977 940 1042 forsan
964 975 1110 1039 diabolus
1135 993 1191 1056 per
1244 976 1329 1057 quod
1354 973 1477 1038 scilicet
1494 979 1582 1038 Deus
1603 985 1744 1036 montem
1758 977 1874 1036 eatam
1888 993 1974 1051 asper

442 1085 578 1141 statuam
602 1077 635 1140 id
659 1077 763 1160 egisse
785 1076 920 1153 dicetur,
937 1075 992 1158 qui
1016 1074 1111 1138 etiem
1134 1093 1191 1156 per
1243 1077 1330 1152 filios
1353 1077 1470 1144 Israel,
1485 1076 1581 1152 cujus
1605 1077 1741 1136 ruinam
1756 1092 1850 1152 super
1871 1095 1902 1134 sc
1923 1095 1974 1134 me

441 1175 526 1239 idola
553 1176 699 1258 gentium
730 1175 818 1239 dedit
847 1192 1009 1257 responsa.
1040 1173 1191 1254 Sequitur
1246 1175 1389 1243 tacebant,
1419 1181 1581 1252 quatenus
1617 1173 1734 1233 timore
1763 1174 1867 1234 ruinoe
1894 1175 1975 1233 illius

439 1274 494 1338 hic
520 1298 527 1338 ε
553 1278 621 1338 Sed
648 1295 750 1355 quum
775 1276 924 1335 viderent
953 1293 1022 1333 eam
1053 1271 1190 1352 (scilicet
1244 1274 1310 1332 Deo
1327 1279 1496 1347 parerent.

441 1379 577 1435 statuum
599 1372 705 1452 istum)
722 1373 791 1450 fitia·
811 1374 929 1441 Israel,
949 1391 981 1432 se
1001 1375 1189 1448 confitentes
1285 1367 1457 1450 Sequitur:
1476 1371 1588 1432 Omnis
1606 1371 1777 1439 aberrans,
1795 1371 1828 1430 in
1841 1371 1975 1445 pedenna

440 1491 578 1541 errasse,
598 1473 762 1532 dixerunt
777 1471 882 1532 :Nisi
899 1473 986 1532 Deus
1004 1471 1189 1529 misericor·
1240 1476 1394 1544 ponetur,
1405 1487 1468 1546 pue
1478 1469 1726 1527 multitudinem
1736 1469 1975 1538 diabolorum

440 1570 529 1629 diam
544 1570 674 1645 fecerit,
690 1589 748 1628 nos
760 1569 937 1644 perdendis
957 1567 1188 1627 annumerati·
1244 1566 1410 1625 hominum
1428 1566 1616 1626 habentium
1639 1567 1739 1625 corda
1761 1567 1829 1626 sine
1843 1567 1977 1626 discreti·

440 1665 692 1729 mur.1)iss0nat
716 1673 822 1728 autem
846 1663 906 1727 ista
930 1663 1070 1727 narratio
1095 1683 1113 1726 a
1137 1683 1190 1726 ve·
1244 1683 1314 1734 one,
1331 1667 1437 1723 oculos
1455 1664 1525 1722 sinc
1548 1665 1632 1734 visu,
1652 1683 1750 1723 aures
1772 1664 1839 1724 sina
1859 1665 1975 1734 andita,

440 1762 543 1826 ritatis
579 1763 751 1845 Scriptura.
781 1763 839 1825 llic
872 1761 957 1825 enim
987 1762 1190 1825 insinuantur
1246 1763 1422 1823 mittemus.

439 1860 502 1924 filii
522 1862 618 1924 lsrael
639 1861 828 1944 poenituisse
850 1862 889 1925 dc
912 1861 1032 1924 scalere
1046 1860 1119 1940 isto,
1134 1867 1230 1930 an-B
1285 1859 1376 1922 Circe
1398 1859 1458 1922 hoc
1482 1859 1566 1938 dico,
1583 1860 1668 1941 quod
1694 1860 1833 1936 damnati
1857 1881 1912 1924 usu
1935 1881 1975 1923 ra·

439 1969 568 2042 taquam
583 1960 703 2042 Moyses
716 1959 882 2022 descendit
899 1959 937 2022 ad
953 1977 1008 2022 eos
1022 1959 1061 2022 de
1082 1969 1190 2022 monte
1245 1957 1340 2021 tionis
1355 1957 1482 2038 penitus
1497 1975 1561 2021 non
1578 1958 1731 2022 carebunt
1741 1982 1748 2021 :
1758 1959 1821 2022 imo
1834 1958 1974 2041 quidquid

441 2057 539 2120 Sinai.
557 2058 617 2121 Sed
632 2057 730 2121 Exodi
746 2057 909 2121 tricesimo
928 2057 1068 2120 secundo
1092 2075 1190 2139 eppo
1245 2075 1355 2119 eorum
1370 2055 1583 2120 calamitatem
1603 2065 1697 2139 auget
1716 2067 1915 2140 cognoscent,
1929 2059 1975 2120 ad-

321 2170 426 2215 nrans.
441 2157 536 2218 situm
565 2157 725 2234 edocetur,
756 2175 819 2238 quo
847 2155 965 2238 legitur
995 2155 1190 2238 :Quumque
1246 2161 1433 2236 venientque
1458 2173 1493 2217 se
1518 2154 1552 2217 in
1577 2154 1673 2218 tantis
1698 2154 1836 2219 miseriis
1859 2163 1974 2220 aeterna·

440 2253 562 2336 lloyses
578 2254 627 2316 -de
652 2263 760 2317 monte
783 2254 992 2317 descenderet
1019 2261 1049 2316 at
1077 2272 1191 2336 appro
1247 2253 1320 2316 liter
1354 2271 1588 2334 permansuros.
1619 2253 1691 2316 Post
1725 2254 1972 2317 resurrectionem

441 2353 627 2434 pinquasset
654 2351 693 2414 ad
727 2360 840 2432 castra,
871 2351 953 2414 vidit
981 2351 1129 2430 vitulum,
1160 2360 1192 2414 et
1247 2370 1373 2432 quoque
1392 2350 1524 2414 finalem
1545 2351 1708 2416 habebunt
1727 2351 1831 2414 visum
1852 2360 1882 2416 et
1901 2352 1976 2415 audi·

441 2451 566 2529 choms,
582 2450 613 2512 id
638 2451 741 2513 estin
764 2468 842 2532 gyro
866 2449 959 2512 vituli
983 2448 1071 2513 filios
1096 2451 1190 2513 lsrael
1248 2458 1314 2512 tum
1339 2467 1526 2531 corporeum
1549 2450 1589 2513 ad
1613 2469 1678 2513 suae
1702 2450 1910 2514 damnationis
1931 2470 1975 2512 au

440 2549 639 2612 chorizantes
666 2573 672 2612 :
700 2548 755 2632 qui
780 2549 819 2610 ad
846 2549 1001 2612 honorem
1026 2549 1101 2612 idoli
1129 2549 1191 2612 hoc
1248 2557 1411 2628 gmcntum
1440 2571 1446 2609 :
1472 2547 1537 2611 imo
1561 2567 1595 2610 se
1619 2548 1706 2630 ipsos
1731 2568 1769 2612 ac
1792 2549 1870 2613 alios
1891 2548 1977 2631 inspi-

440 2647 596 2710 fecerunt.
612 2647 759 2710 Nondum
773 2665 850 2728 ergo
869 2655 946 2710 tunc
961 2647 1188 2728 poenituerunt.
1249 2645 1362 2709 ciendo
1397 2647 1574 2724 damnatos,
1610 2646 1750 2728 graviter
1783 2646 1973 2729 affligentur3
2098 2666 2099 2754 p

441 2744 1193 2824 SubditurhiczMoysesitaqucreversus,mal·
1248 2744 1406 2825 similiter,
1432 2743 1605 2807 infernales
1633 2745 1773 2808 ululatus
1797 2765 1833 2809 ac
1856 2745 1975 2828 gemitus
2098 2757 2099 2810 l

442 2855 476 2906 ta
490 2852 666 2904 commotus
682 2845 735 2903 irc
750 2845 926 2920 increpans
949 2846 1034 2914 illes,
1048 2845 1189 2920 fratrem
1248 2843 1417 2906 audiend0.
1433 2879 1471 2888 -
1496 2843 1556 2905 Sed
1580 2843 1677 2924 objici
1703 2853 1808 2926 potest
1831 2843 1906 2907 illud
1928 2844 1975 2906 Ec·

440 2963 537 3004 mum
551 2962 624 3002 cum
637 2943 768 3018 capillis
781 2943 942 3019 arripuit,
959 2949 1020 3004 etc.
1036 2942 1075 3004 Et
1089 2942 1192 3025 sequi·
1248 2940 1402 3004 clesiastae
1416 2958 1513 3019 nono,
1531 2941 1586 3005 ubi
1608 2940 1756 3006 Salomon
1777 2949 1973 3025 protestatur:

441 3048 493 3103 tur
506 3039 590 3123 quod
605 3041 661 3100 itti
673 3041 734 3119 qut
748 3049 882 3100 taurum
893 3043 1118 3101 adoraverunt
1129 3043 1227 3118 poe-c
1246 3040 1324 3115 Quia
1349 3059 1409 3102 nec
1434 3058 1512 3122 opes
1534 3038 1600 3120 (vel
1619 3042 1724 3122 opus),
1741 3059 1800 3104 nec
1826 3041 1912 3118 ratio,
1926 3059 1975 3102 nec
1998 3061 2072 3106 raia

321 3154 382 3199 nu.
393 3157 427 3198 sa.
441 3142 627 3201 nituerunt.
645 3139 718 3217 Sed,
735 3147 770 3201 ut
784 3146 903 3201 tactum
924 3147 983 3217 est,
1001 3139 1116 3221 viginti
1131 3140 1190 3204 tria
1247 3138 1413 3220 sapientia,
1423 3156 1482 3201 nec
1498 3138 1642 3219 scientie,
1654 3146 1748 3202 erunt
1761 3141 1844 3222 apud
1859 3139 1974 3202 inferos.
1989 3132 2012 3170 ¹⁰·

441 3237 542 3301 millia
556 3256 613 3319 pro
629 3236 807 3301 idololatria
825 3236 880 3299 illa
895 3238 1041 3318 protinus
1061 3237 1192 3301 fuemnt
1246 3236 1525 3319 Respondandum,
1555 3237 1639 3318 quod
1668 3238 1870 3301 vehementia
1894 3236 1977 3300 infer·

441 3336 559 3401 occisa.
1247 3335 1329 3398 nalis
1357 3335 1506 3418 supplicii
1539 3355 1633 3399 usum
1666 3336 1798 3400 rationis
1832 3337 1974 3415 absorbet,

481 3434 593 3498 Adhuc
616 3433 733 3496 dicitur
756 3432 807 3496 hic
830 3456 837 3495 :
861 3436 1049 3495 Imitatores
1077 3436 1193 3495 nuntii
1247 3444 1401 3516 quantum
1422 3435 1462 3498 ad
1483 3434 1769 3498 considerationem
1792 3454 1898 3500 eorum
1918 3454 1976 3517 que

442 3544 540 3614 atque
551 3534 718 3611 prophetea
727 3534 893 3593 scribendi
902 3535 1069 3610 tependive
1079 3534 1191 3605 nescii,
1248 3541 1404 3597 tormenta
1425 3533 1544 3597 inferni
1566 3542 1697 3616 possent
1718 3534 1896 3616 aliqualiter
1913 3534 1976 3597 alle

442 3634 539 3710 cujus
561 3651 677 3692 nomen
696 3650 735 3692 ac
753 3632 874 3691 mentio
894 3632 1063 3708 reperitur
1086 3634 1119 3691 in
1139 3636 1192 3693 Te·
1248 3633 1345 3696 viare.
1371 3632 1521 3695 Praedicta
1545 3650 1671 3714 quoque
1694 3651 1759 3696 non
1784 3644 1858 3697 sunt
1882 3634 1913 3696 in
1938 3633 1977 3694 in-

443 3738 602 3791 stamento
622 3738 720 3809 atque
740 3730 930 3805 Eneapetio.
947 3727 1004 3790 llic
1029 3728 1121 3791 datur
1145 3728 1192 3791 in·
1248 3731 1340 3794 ferne
1354 3731 1393 3793 ad
1409 3731 1665 3813 promerendum,
1682 3731 1757 3814 quia
1771 3732 1906 3796 damnati
1923 3750 1976 3794 non

445 3826 558 3909 telligi,
585 3827 668 3908 quod
697 3826 808 3888 lichen
838 3825 977 3889 nescivit
1004 3825 1110 3908 legere
1139 3835 1193 3889 aut
1249 3836 1322 3891 sunt
1343 3828 1376 3890 in
1398 3836 1480 3891 statu
1503 3828 1657 3891 merendi.

445 3925 595 3988 scribere.
611 3924 718 4003 Porro,
734 3922 819 4005 quod
845 3924 900 4003 ait,
917 3946 935 3983 a
956 3924 1050 4007 cujus
1075 3944 1192 3988 noman
1288 3926 1369 3990 Ecce
1393 3935 1469 4009 quot
1492 3946 1614 3989 errores
1639 3934 1671 3990 et
1695 3926 1851 3991 falsitates
1874 3929 1906 3991 in
1927 3927 1977 3990 hoc

444 4042 482 4087 ac
507 4022 627 4086 mentio
651 4021 683 4084 in
708 4022 909 4085 ‘testamento
934 4030 1028 4103 atque
1052 4023 1195 4105 Evange·
1249 4043 1313 4089 uno
1334 4026 1537 4089 continentur
1558 4024 1712 4107 capitulo!

445 4123 489 4186 lio
504 4144 533 4199 a,
550 4120 582 4183 id
607 4128 655 4183 est
678 4120 710 4183 in
731 4120 823 4184 libris
846 4120 920 4183 novi
943 4134 981 4183 ac
1001 4121 1118 4185 veteris
1138 4123 1194 4185 l'e-

446 4220 606 4299 stamenti,
622 4217 855 4302 «reperitur»,
873 4227 995 4283 certum
1013 4227 1063 4282 est
1075 4238 1193 4284 nomen
1209 4227 1234 4290 D

446 4318 612 4402 proprium
636 4318 747 4382 llabcn
772 4337 832 4381 nec
853 4318 887 4381 in
907 4318 1110 4382 Testamenta
1133 4338 1193 4383 nec
1405 4336 1650 4403 ARTICULUS
1678 4336 1837 4401 xxvffl,

446 4419 480 4481 in
509 4416 682 4499 Evangelio
712 4416 855 4498 reperiri,
886 4418 1046 4499 quomodo
1076 4436 1193 4481 nomen

312 4538 432 4592 1·.m,r.
447 4516 530 4599 Gyri,
552 4516 608 4578 diu
632 4522 800 4596 antequam
824 4514 1026 4595 nascebatur,
1049 4516 1082 4578 in
1107 4516 1195 4581 lsaiae
1248 4504 1433 4564 Destructio
1448 4500 1974 4579 erroramcapituta'octaeidecimi.

447 4616 529 4679 libro
553 4613 785 4694 inveniebatur,
810 4633 928 4677 nornen
952 4631 1079 4696 quoque
1104 4616 1195 4680 Josie

299 4736 433 4793 rimeyaa,
448 4714 482 4777 in
508 4712 602 4776 tertio
630 4712 751 4793 Regum
775 4713 949 4778 volumine.
975 4714 1091 4778 lientio
1119 4735 1195 4780 vero
1318 4718 1356 4780 l'l
1385 4716 1532 4799 praesenti
1563 4716 1704 4800 capitulo
1728 4718 1825 4782 totius
1851 4716 1976 4783 falsitatis

298 4802 320 4843 ¹·
447 4814 531 4895 ejus,
546 4811 578 4873 id
593 4818 642 4873 est
654 4810 694 4873 de
709 4810 779 4891 ejus
801 4812 921 4875 malitia
936 4821 1029 4893 atque
1043 4813 1194 4895 perfidia,
1334 4816 1494 4897 magister,
1517 4815 1691 4897 sacrilegus
1714 4816 1825 4881 llahon
1843 4819 1976 4881 :Iudaeos

446 4913 479 4976 in
504 4907 677 4991 Evangelio
702 4908 783 4971 etin
803 4910 992 4992 Apocalypsi
1015 4910 1046 4973 S.
1063 4911 1194 4975 Joannis
1248 4917 1390 4975 dicentes
1409 4916 1576 4975 Abraham
1600 4934 1665 4975 esse
1683 4918 1791 4995 fitium
1811 4918 1884 4985 Det,
1898 4914 1975 4977 Ciri-

331 5024 419 5069 Μὴ.
446 5009 591 5074 habetur.
613 5007 778 5090 Siquidem
802 5002 944 5071 Christus
967 5007 1013 5071 ait
1033 5032 1040 5071 ι
1057 5009 1195 5092 Surgent
1247 5014 1370 5072 stianos
1393 5032 1479 5081 vero,
1496 5012 1663 5073 Christum
1686 5033 1752 5073 esse
1774 5016 1896 5076 Filium
1914 5012 1974 5081 net,

297 5090 397 5138 ”¹''²‘'
410 5090 431 5130 ⁵·
445 5107 538 5173 multi
563 5106 857 5190 pseudoprophetae,
879 5114 911 5168 et
934 5106 1088 5170 seducent
1112 5110 1194 5171 mul·
1246 5112 1429 5187 confundat
1443 5114 1551 5179 Deam
1564 5112 1622 5189 qai
1635 5112 1734 5172 etiam
1748 5116 1921 5174 sacerdotes
1936 5118 1976 5169 ct·

311 5224 364 5269 rue.
386 5238 429 5276 n..
443 5216 513 5286 tos3
529 5206 669 5287 itemque
687 5203 879 5266 :Jerusalem
895 5204 1069 5267 calcabitur
1084 5226 1101 5267 a
1115 5226 1192 5288 gen·
1246 5228 1307 5288 que
1328 5210 1498 5286 pontifices
1517 5227 1602 5279 suos,
1621 5212 1795 5289 lassamque
1817 5212 1930 5273 Mario
1944 5210 1975 5285 fi·

299 5288 334 5330 ²⁸·
442 5306 538 5387 tibus,
567 5305 669 5368 donec
697 5300 891 5384 impleantur
917 5310 1060 5385 tempora
1087 5304 1190 5369 natio·
1246 5309 1342 5379 lium,
1367 5308 1432 5367 siti
1457 5308 1613 5369 Dominae
1641 5310 1707 5368 loco
1734 5309 1797 5370 Dei
1818 5316 1973 5374 sumentes,
