4309 6250
444 472 505 537 288
785 486 905 534 comas
926 485 1095 532 rnarromu
1114 483 1285 546 uarrouurr,
1309 485 1397 532 crasa
1418 485 1450 532 11.
1473 504 1514 516 —
1535 487 1603 534 aar.
1627 489 1659 534 rx

445 658 580 722 diversis
594 658 797 738 languorum,
812 656 883 719 aliis
902 672 1030 736 quoque
1051 653 1198 715 innume·
1213 653 1239 716 A
1254 653 1399 717 catholici
1428 654 1608 736 Christiani,
1633 655 1880 740 defeceruntque
1900 678 1992 724 evan-

446 756 491 818 ris
505 765 537 819 et
551 753 895 819 excellentissimisllei
911 751 1197 831 miraculis3quam
1252 751 1336 832 galia
1361 752 1415 815 illa
1443 753 1593 816 haeretica
1618 774 1692 817 cum
1717 756 1890 820 fautoribus
1913 759 1990 821 suis.

447 855 541 918 etiam
557 853 688 916 tradidit
701 851 885 915 hominibus
899 850 990 912 vanis
1009 868 1046 912 ac
1068 848 1198 911 menda·
1252 848 1414 924 Quomodo
1433 869 1509 932 ergo
1534 851 1675 934 confingi
1701 861 1807 935 potest
1829 853 1860 916 in
1883 855 1991 938 primo,

447 953 598 1033 cissimis,
611 971 649 1015 ac
664 951 748 1014 inter
762 969 796 1012 se
811 950 884 1012 hinc
900 947 974 1011 inde
988 946 1199 1010 discordanti·
1253 966 1328 1010 vero
1343 955 1374 1010 et
1389 957 1532 1012 correcto
1546 951 1719 1032 Evangelio
1734 969 1800 1014 nou
1815 951 1906 1016 fuisse
1918 973 1993 1016 con·

446 1051 560 1128 bus,ut
573 1048 793 1129 unusquisque
806 1052 880 1129 post
893 1065 963 1108 earn
977 1043 1067 1126 juata
1077 1042 1198 1126 proprii
1254 1053 1376 1108 tentum
1400 1047 1483 1128 quod
1509 1047 1650 1129 Christus
1675 1049 1716 1110 sit
1739 1049 1833 1128 Deua,
1858 1059 1887 1113 ct
1910 1053 1991 1133 quod

447 1149 552 1212 cordis
572 1147 784 1210 intentionem
803 1152 949 1221 mutaret,
966 1150 1196 1224 corrumperet,
1253 1142 1335 1204 Deus
1355 1141 1389 1204 in
1409 1144 1554 1226 personis
1579 1143 1622 1207 sit
1645 1145 1771 1209 trinusl
1786 1146 1919 1230 insuper,
1934 1167 1993 1230 per

445 1253 586 1329 augeret,
609 1246 779 1323 minueret,
803 1251 836 1305 et
856 1243 954 1323 (sicut
975 1259 1071 1321 supra
1093 1247 1198 1302 osten·
1254 1239 1365 1302 eadem
1380 1249 1567 1322 argumenta
1581 1262 1639 1325 per
1652 1261 1723 1324 quaa
1738 1243 1856 1307 scimus
1868 1246 1993 1327 aposto

446 1345 565 1425 dimus)
580 1343 712 1407 omnino
728 1361 786 1424 pro
801 1341 883 1404 velle
898 1358 956 1402 suo
972 1338 1058 1400 varie
1079 1337 1198 1400 lacera·
1253 1336 1291 1399 lis
1307 1345 1338 1400 et
1352 1336 1517 1419 Prophetis
1531 1359 1602 1403 esse
1616 1341 1992 1423 credendum,probamus

447 1451 505 1507 ret.
522 1444 603 1506 Sane
617 1443 686 1526 ipse
698 1441 856 1504 Mahomet
870 1437 960 1500 testis
981 1436 1122 1518 idoneus⁸
1137 1443 1195 1516 est,
1254 1435 1446 1500 credendum
1470 1457 1540 1500 esse
1559 1438 1747 1502 Christianis
1762 1441 1919 1504 catholicis
1937 1442 1992 1524 qui

445 1561 543 1625 quum
558 1541 655 1604 dicit:
669 1541 747 1603 Nisi
762 1559 865 1599 meam
878 1539 1080 1612 scripturam
1095 1554 1199 1596 susce-
1253 1533 1301 1595 usi
1318 1542 1391 1596 sunt
1409 1534 1582 1618 Evangelio
1602 1538 1686 1618 quod
1710 1557 1769 1601 nos
1792 1539 1881 1603 modo
1900 1539 1993 1602 habe-

440 1644 582 1720 peris,et
595 1639 779 1701 credideras
792 1658 861 1697 eam
873 1657 893 1695 a
903 1639 969 1697 Deo
983 1637 1196 1704 descendisse,
1253 1651 1333 1694 mus.
1351 1631 1408 1696 Per
1422 1634 1533 1696 eadem
1548 1635 1667 1717 quippe
1682 1635 1838 1700 miracula
1855 1657 1908 1720 per
1923 1657 1992 1720 qua

444 1761 557 1821 meque
570 1741 759 1816 prophetam
776 1756 797 1795 a
811 1734 1198 1809 Deomtssumconfeasus
1252 1731 1333 1794 Deus
1362 1733 1506 1795 sublimis
1530 1741 1562 1795 et
1585 1735 1773 1798 benedictus
1798 1737 1993 1800 confirmavit

442 1831 1197 1915 suert's,diripiamomnemsubstantiamtuem,
1212 1834 1236 1897 Β
1252 1830 1429 1893 doctrinam
1458 1832 1680 1913 Apostolorum
1705 1842 1737 1897 ot
1761 1833 1990 1916 Prophetarum,

444 1946 475 1996 et
497 1956 647 2004 uxorem,
661 1935 799 2010 filiosuo
812 1932 901 2007 filias
916 1939 990 1989 tuos
1007 1929 1197 2004 captivitati
1252 1928 1457 1992 confirmavit
1480 1936 1512 1990 et
1535 1931 1725 2012 approbavit
1746 1931 1918 1995 doctrinam
1940 1951 1994 1994 eo-

444 2035 632 2111 subjict'am,
646 2041 677 2092 et
698 2040 728 2090 te
747 2033 854 2106 ipsum
874 2029 1029 2088 occidam.
1045 2025 1118 2087 ldeo
1137 2024 1196 2086 mi·
1253 2045 1322 2088 rum
1347 2026 1401 2107 qui
1427 2027 1599 2109 Evangelio
1621 2030 1707 2110 quod
1736 2028 1896 2111 habemus,
1920 2038 1993 2092 sunt

444 2130 506 2194 seri
527 2129 675 2193 homines
694 2128 789 2190 minis
812 2135 844 2190 et
863 2133 982 2188 terrore
997 2123 1110 2202 coacti,
1128 2141 1196 2185 sus·
1252 2125 1313 2202 usi,
1343 2125 1493 2190 videlicet
1524 2126 1659 2206 Martini,
1689 2127 1824 2208 Nicolai,
1852 2128 1992 2207 Servatii,

445 2237 602 2311 ceperunt
624 2227 728 2310 legem
756 2226 899 2308 iniquam
927 2223 1048 2305 absque
1073 2221 1194 2284 ratione
1250 2223 1444 2305 hieronymi,
1461 2224 1640 2306 Augustini,
1657 2225 1819 2306 Germani,
1835 2225 1991 2304 Bernardi,

444 2335 478 2391 et
499 2346 609 2390 sensu,
1251 2320 1423 2402 Tranclsci,
1439 2322 1607 2402 Dominiei,
1625 2323 1689 2388 imo
1709 2325 1883 2389 certissime
1903 2325 1994 2387 innu-

485 2425 598 2489 0mnia
619 2424 681 2487 ista
699 2430 775 2487 sunt
791 2422 889 2485 verba
907 2420 1030 2503 praefati
1054 2418 1194 2482 doctoris
1252 2419 1451 2482 morabilium
1470 2419 1606 2483 aliorum
1630 2431 1805 2505 martyrum
1824 2431 1855 2486 et
1872 2422 1993 2487 confes-

445 2524 578 2587 virtuosi
602 2531 635 2586 et
659 2520 887 2604 sapientissimi
913 2519 1093 2600 virisque
1119 2517 1194 2579 lieet
1252 2536 1371 2596 sorum,
1394 2527 1428 2580 ut
1453 2518 1487 2580 in
1511 2519 1615 2600 primo
1639 2519 1720 2584 libro
1744 2522 1909 2604 probatum
1932 2529 1990 2598 est,
2005 2553 2107 2592 aaa.

445 2623 643 2705 propositum
659 2629 723 2683 tam
742 2618 918 2682 efficaciter
938 2617 1073 2698 probent
1093 2624 1129 2678 ut
1148 2615 1193 2676 nil
1251 2624 1282 2678 et
1310 2615 1394 2678 infra
1421 2617 1616 2698 probabitur.
1643 2617 1785 2682 Fuerunt
1810 2639 1932 2702 quoque
1960 2619 1993 2682 in

444 2722 519 2784 addi
548 2727 703 2803 oporteat,
729 2738 767 2781 ex
792 2717 1062 2801 superabundanti
1088 2723 1194 2778 tamen
1250 2717 1391 2780 Ecclesia
1405 2717 1519 2780 Christi
1534 2718 1633 2780 multa
1653 2720 1818 2801 generalia
1838 2720 1991 2785 concilia:

445 2819 608 2882 modicum
632 2819 759 2881 addam.
774 2817 871 2897 idque
895 2817 929 2877 in
951 2815 1064 2896 primis
1088 2833 1194 2878 coram
1250 2834 1320 2896 quae
1348 2815 1468 2879 ideireo
1494 2816 1659 2898 potissime
1685 2818 1936 2899 celebrabantur,
1961 2827 1996 2881 ut

444 2919 509 2981 Deo
523 2917 679 2980 altissimo
693 2915 727 2977 in
743 2913 938 2978 conscientia
953 2932 1039 2992 vera,
1055 2931 1075 2976 o
1090 2913 1195 2975 Sarra·
1251 2913 1500 2996 exstirparentur
1518 2932 1629 2977 eorum
1652 2934 1777 2980 errores
1801 2936 1839 2980 ae
1863 2917 1995 2980 hareses
2124 2919 2125 2950 ³

445 3016 527 3094 ceni,
559 3022 725 3098 protestor,
751 3014 836 3095 quod
864 3031 922 3075 nos
951 3011 1119 3074 Christiani
1147 3010 1192 3073 nil
1213 3011 1305 3093 oqui
1324 3011 1445 3093 aliquid
1464 3020 1574 3074 contra
1589 3013 1761 3095 Scriptura
1782 3015 1897 3078 diviua
1918 3015 1996 3078 veri-

444 3114 546 3197 magis
561 3113 781 3190 abhorremus,
798 3112 933 3175 vitamus
952 3119 984 3173 et
1002 3110 1194 3173 condemna·
1251 3118 1346 3173 tatem
1361 3110 1467 3174 dicere
1490 3121 1772 3195 presumpserunt.
1788 3112 1916 3196 lterum,
1931 3132 1997 3177 eer-

443 3232 630 3295 mus,quam
645 3231 743 3275 sacrae
758 3211 927 3293 Scriptura
941 3210 1192 3290 corruptionem,
1252 3217 1318 3272 tum
1337 3210 1488 3292 estquod
1508 3230 1545 3273 ea
1563 3230 1634 3293 quaa
1659 3211 1810 3276 infideles
1834 3213 1996 3277 affirmant

443 3312 652 3375 mutationem
666 3318 699 3372 et
713 3308 920 3371 infectionem
939 3332 946 3370 ε
964 3308 1057 3389 eujus
1079 3314 1110 3369 et
1133 3306 1192 3369 hoc
1251 3328 1309 3370 nos
1323 3309 1496 3371 inseruisse
1511 3311 1707 3374 mendaciter
1721 3312 1894 3395 Evangelio
1912 3314 1996 3377 Chri·
2123 3362 2124 3367 η

443 3409 658 3474 certissimum
673 3409 801 3490 signum
816 3414 874 3484 est,
892 3406 976 3487 quod
990 3404 1138 3487 quamvis
1159 3404 1192 3465 in
1251 3408 1302 3485 sti,
1329 3416 1402 3469 sunt
1426 3406 1622 3470 difficillima
1646 3409 1684 3471 ad
1709 3411 1903 3474 credendum
1930 3435 1938 3474 :
1963 3420 1996 3474 ut

443 3509 535 3571 libris
550 3508 778 3590 Prophetarum
793 3505 891 3566 multe
906 3505 1003 3566 verba
1017 3504 1193 3565 habeantur
1250 3505 1334 3587 quod
1359 3504 1441 3569 Deus
1464 3514 1512 3568 est
1537 3506 1651 3585 trinus,
1675 3508 1761 3588 quod
1785 3508 1927 3571 Christus
1951 3516 1997 3571 est

443 3625 514 3688 qua
541 3606 630 3687 juxta
665 3602 870 3686 superficiem
903 3602 1015 3663 littera
1044 3602 1194 3664 videntur
1250 3603 1342 3665 Deus.
1360 3600 1522 3677 Quomodo
1537 3622 1612 3686 ergo
1626 3604 1774 3667 homines
1788 3606 1996 3669 credidissent

443 3722 592 3787 magnam
607 3701 754 3765 conferre
768 3700 883 3763 ludaeis
902 3700 968 3762 vim
986 3708 1019 3761 et
1038 3717 1193 3780 apparen-
1250 3699 1366 3763 talibus
1394 3701 1628 3780 additamentis,
1659 3710 1713 3765 aut
1739 3703 1878 3784 qualiter
1905 3704 1996 3767 susti-

443 3804 520 3866 tiam
541 3810 651 3865 contra
675 3819 734 3863 uos
755 3798 916 3881 (quamvis
939 3798 1114 3860 secundum
1140 3815 1193 3859 ve·
1249 3798 1394 3861 nuissent
1405 3799 1574 3861 Christiani
1590 3799 1667 3862 talia
1680 3801 1754 3863 addi
1770 3802 1871 3865 veteri
1886 3802 1993 3879 textuu,

443 3920 513 3964 rum
529 3899 792 3981 spiritualemque
813 3895 1011 3959 intellectum
1032 3894 1105 3957 illos
1127 3912 1191 3957 non
1248 3896 1369 3978 absque
1394 3897 1648 3961 attestationibus
1671 3898 1853 3963 divinorum
1879 3908 1911 3963 et
1938 3901 1995 3965 soli

442 3999 620 4081 adjuvent),
636 4016 695 4060 nos
710 4005 816 4058 minen
831 3994 865 4056 in
880 3994 968 4056 nulla
983 3994 1079 4056 etiam
1098 3992 1193 4055 mini·
1249 3996 1313 4059 Deo
1334 3995 1536 4078 possibilium
1560 3996 1811 4060 miraculoruml

442 4117 495 4160 ma
516 4096 655 4159 dictione
669 4102 724 4157 aut
738 4093 870 4176 syllaba,
887 4111 1029 4173 unquam
1050 4090 1193 4173 corrupi·
1289 4092 1338 4155 Nil
1358 4112 1433 4175 ergo
1456 4094 1649 4175 apparentiae
1668 4094 1765 4157 habet
1783 4094 1994 4178 excogitatum

442 4215 525 4273 mus,
541 4202 597 4257 aut
611 4192 836 4270 subtraximus,
854 4191 921 4253 sive
936 4190 1141 4269 mutavimus,
1157 4189 1191 4251 iu
1209 4198 1234 4261 D
1249 4192 1327 4254 illud
1363 4192 1576 4272 mendacium,
1607 4193 1690 4275 quod
1720 4193 1845 4256 scilicet
1871 4194 1995 4258 divinas

441 4291 626 4375 hujusmodi
641 4291 870 4373 Prophetarum
884 4288 1031 4370 eloquiis,
1048 4288 1103 4350 sed
1125 4305 1193 4350 om·
1248 4289 1426 4372 Scripturas
1445 4290 1658 4373 corrupimus.
1674 4291 1713 4355 Et
1730 4291 1884 4373 quonlam
1899 4292 1933 4355 in
1948 4294 1996 4357 Al·

442 4393 496 4455 nia
510 4389 755 4455 inviolatissima
774 4406 1010 4452 conservamus.
1026 4388 1189 4465 Praeterea,
1249 4406 1366 4452 corano
1400 4387 1502 4450 fertur
1535 4387 1697 4452 multoties
1724 4390 1809 4470 quod
1838 4392 1996 4474 scriptura

441 4492 539 4555 etiarn
571 4498 715 4571 tempore
744 4487 1000 4551 beatissimorum
1027 4486 1192 4567 Apostolo-
1246 4486 1462 4567 Evangeliiac
1482 4486 1674 4550 Testamenti
1694 4488 1899 4553 descendite
1919 4490 1993 4568 Deo,

441 4609 512 4654 rum
541 4588 640 4670 aliqui
667 4586 948 4651 haeresiarcharum
977 4584 1035 4646 sub
1062 4582 1191 4646 nomine
1245 4584 1374 4667 jamque
1385 4585 1551 4668 probatum
1567 4593 1616 4647 est
1634 4585 1717 4666 quod
1732 4585 1946 4668 Evangelium
1961 4608 1994 4653 ac

441 4688 583 4773 proprio,
600 4694 655 4750 aut
675 4687 735 4748 sub
755 4684 941 4749 nominibus
955 4682 1189 4765 Apostolorum,
1247 4685 1482 4746 Testamentum
1507 4702 1617 4747 verum
1642 4694 1674 4747 at
1698 4694 1877 4748 correctum
1900 4687 1995 4751 habe

441 4784 644 4870 evangelium
659 4785 929 4866 conscripserunt,
945 4790 979 4844 ut
993 4781 1144 4860 Marcion,
1160 4788 1192 4843 et
1247 4800 1333 4861 mus3
1356 4781 1475 4845 idcirco
1498 4783 1558 4845 hoc
1578 4784 1618 4845 de
1637 4792 1743 4847 cetero
1767 4792 1919 4867 tanquam
1946 4807 1996 4851 re-

440 4887 580 4970 Apelles,
606 4894 638 4947 et
665 4884 842 4959 Basilides3
869 4882 1034 4963 variasque
1062 4880 1095 4942 in
1124 4880 1190 4942 suis
1246 4881 1408 4943 rissimum
1438 4890 1731 4963 praesupponentes,
1758 4902 1931 4965 possumus
1961 4905 1996 4950 ex

441 4986 609 5068 scripturis
623 4985 823 5046 miscuerunt
836 4981 1000 5064 perfidias,
1017 4980 1094 5061 quia
1111 4980 1191 5042 divi·
1245 4980 1411 5060 utriusque
1423 4980 1615 5043 Testamenti
1631 4980 1800 5063 scripturis
1815 4982 1933 5047 idonea
1950 5005 1995 5049 su·

441 5085 573 5147 nitatem
589 5084 622 5145 in
637 5082 759 5145 Christo
774 5098 1046 5163 personarumque
1067 5078 1190 5140 trinita·
1245 5096 1331 5139 mere
1349 5085 1536 5159 argumenta
1557 5086 1667 5141 contra
1689 5087 1840 5143 contenta
1855 5080 1891 5143 in
1906 5084 1996 5148 Alco·

440 5193 505 5248 tem
520 5183 553 5245 in
568 5183 633 5245 Deo
647 5187 845 5262 negaverunt
862 5202 869 5240 :
886 5186 918 5240 et
931 5186 1037 5241 tamen
1060 5177 1187 5240 illorum
1245 5195 1322 5240 rano
1347 5196 1383 5239 ae
1405 5177 1605 5241 documentis
1626 5178 1793 5243 ltahommi
1814 5182 1994 5266 ceterisque

440 5282 607 5366 evangelia
630 5297 757 5361 semper
781 5284 972 5361 respuerunt
1000 5277 1067 5340 veri
1094 5284 1188 5358 atque
1246 5276 1414 5358 scripturis
1436 5276 1691 5341 sarracenorum.
