4309 6250
447 511 508 576 356
761 526 879 576 eornm
900 528 1068 576 rmrromu
1088 527 1259 592 mnonsrr,
1282 527 1369 576 crasa
1390 529 1422 576 u.
1445 547 1486 558 -
1506 531 1575 577 aar.
1599 530 1683 576 xuvn

488 699 528 761 lit
542 699 810 781 respondendum,
826 699 952 780 quodsi
971 699 1011 762 de
1030 699 1194 762 miraculis
1211 701 1236 762 Α
1251 698 1457 780 sionibusque
1473 717 1648 781 magorum,
1656 697 1822 761 sciendum
1835 697 1911 780 quod
1925 695 1980 760 for

449 797 666 879 propriissime
681 797 859 878 loquamur,
875 797 1025 860 videlicet
1045 805 1196 879 tanquam
1251 815 1311 858 maa
1329 815 1399 878 quae
1419 795 1452 858 in
1472 796 1552 878 ipsis
1571 796 1730 873 videntur,
1749 803 1822 857 sunt
1838 797 1883 875 (ut
1905 813 1981 856 com-

449 896 490 958 de
504 894 673 958 effectibus
695 903 792 958 totam
814 895 992 958 naturalem
1012 895 1196 957 facultatem
1253 893 1404 973 munitor)
1420 902 1543 957 tantum
1558 894 1591 955 in
1606 911 1714 972 sensu,
1731 901 1763 955 et
1777 892 1876 955 taliter
1888 899 1981 974 potest

449 1001 482 1056 et
508 993 654 1055 ordinem
682 1011 788 1055 rerum
814 994 1124 1071 transcendentibus,
1150 992 1198 1055 sic
1253 991 1399 1054 diabolus
1420 993 1574 1055 humanos
1594 991 1744 1074 decipere
1765 1009 1870 1054 sensus
1890 988 1983 1071 dupli·

450 1091 511 1155 soli
534 1092 598 1155 Deo
622 1092 774 1173 competit
797 1091 950 1155 miracula
973 1093 1117 1174 operari3
1138 1111 1197 1154 nec
1253 1089 1343 1151 citer.
1360 1089 1474 1167 Primo,
1496 1099 1531 1152 ut
1554 1108 1592 1152 ex
1616 1089 1765 1152 thesauro
1790 1086 1982 1169 imaginativa

450 1209 591 1271 unquam
604 1189 689 1253 finnt
702 1190 765 1252 nisi
785 1190 902 1253 virtute
923 1190 1033 1253 divina
1055 1191 1096 1254 oh
1117 1190 1199 1252 veri·
1254 1189 1402 1270 potentiae
1418 1187 1540 1270 species
1554 1189 1593 1251 ad
1609 1188 1780 1274 exteriores
1796 1205 1900 1249 sensus
1912 1185 1983 1247 deri·

449 1289 523 1352 tatis
544 1287 833 1365 confirmationem,
849 1297 904 1350 aut
923 1289 965 1351 oh
987 1288 1081 1351 aliam
1105 1289 1199 1352 ratio-
1254 1295 1368 1349 ventur
1382 1305 1419 1349 ac
1435 1286 1593 1364 refluant3
1610 1287 1721 1368 sicque
1736 1285 1885 1348 uniuntur
1897 1283 1940 1346 eis
1956 1291 1982 1346 et

335 1423 354 1453 ι.
420 1420 436 1459 ι,
450 1387 587 1449 nabilem
606 1404 745 1448 causam.
767 1386 847 1448 llinc
867 1387 910 1448 ait
929 1386 1093 1449 Psalmista
1114 1411 1120 1449 :
1143 1387 1199 1448 Re-
1254 1384 1442 1465 qualificant
1457 1383 1523 1448 sive
1542 1383 1691 1447 afficiunt
1713 1383 1764 1447 vel
1786 1391 1906 1446 actuant
1924 1399 1980 1460 eos,

331 1503 337 1514 ·
450 1485 595 1547 nedictus
621 1484 772 1546 Dominus
800 1484 883 1545 Deus
908 1484 1015 1561 lsrael,
1042 1485 1096 1564 qui
1122 1483 1199 1547 facit
1255 1481 1339 1544 acsi
1364 1501 1414 1544 res
1441 1483 1517 1566 ipsae
1540 1489 1647 1544 essent
1669 1491 1839 1564 presentes
1859 1505 1865 1542 ε
1884 1499 1983 1561 qnem-

450 1580 609 1644 mirahilia
622 1580 720 1644 solus.
738 1581 776 1644 Et
794 1581 869 1643 talia
889 1582 988 1643 multa
1014 1582 1092 1644 fecit
1112 1582 1199 1645 Chri·
1254 1581 1426 1643 admodum
1448 1581 1564 1644 accidit
1588 1589 1619 1644 et
1644 1581 1677 1642 in
1702 1599 1825 1643 somno.
1852 1578 1981 1642 Secume

449 1689 528 1759 stus,
547 1688 643 1762 atque
665 1679 808 1760 Apostoli
829 1680 991 1761 ceterique
1016 1681 1200 1742 innumera·
1254 1679 1439 1760 contingere
1454 1687 1558 1761 potest
1572 1679 1719 1760 deceptio
1733 1678 1794 1741 ista
1806 1697 1843 1741 ex
1855 1678 1981 1740 immuta·

449 1778 528 1841 biles
542 1777 649 1840 Sancti
663 1786 806 1859 tempore
827 1778 1020 1859 evangelicae
1041 1778 1134 1859 legis.
1151 1778 1199 1840 ld·
1253 1776 1340 1840 tione
1355 1777 1476 1859 organi,
1492 1797 1555 1860 qua
1569 1795 1682 1839 sensus
1696 1777 1835 1840 faciliter
1850 1775 1980 1838 fallitur:

385 1909 434 1947 ,ιη
450 1878 535 1941 circo
550 1877 582 1938 in
598 1875 719 1939 Joanne
733 1875 776 1938 ait
790 1876 934 1938 Salvator
950 1899 957 1938 ε
974 1876 1007 1938 Si
1022 1893 1119 1958 opera
1133 1880 1235 1941 nonB
1254 1874 1337 1936 siout
1370 1874 1499 1937 habenti
1532 1883 1661 1956 gustum
1690 1873 1854 1952 infectum,
1881 1883 1983 1936 cuncta

330 1991 337 2005 ·
449 1975 598 2038 fecissem
613 1973 645 2035 in
660 1973 707 2036 eis
722 1992 793 2054 quae
807 1974 915 2036 nullus
929 1974 1011 2036 alius
1026 1973 1198 2055 fecit,peo-
1253 1971 1402 2035 videntur
1427 1992 1545 2035 amara.
1568 1972 1655 2035 llanc
1679 1991 1755 2035 vero
1779 1971 1900 2053 organis
1923 1989 1984 2032 sen-

449 2080 555 2136 catnm
576 2091 641 2134 non
662 2072 827 2135 haberent.
844 2073 883 2134 Et
897 2092 1007 2135 rursus
1028 2072 1194 2152 loquitur:
1253 2090 1345 2134 snum
1361 2071 1616 2134 immutationem
1632 2071 1783 2134 inducere
1804 2069 1983 2133 damonibus

344 2200 349 2209 ·
366 2230 373 2243 ,
389 2210 433 2249 m,
448 2172 506 2246 Qui
522 2171 623 2234 credit
637 2170 671 2232 in
686 2189 748 2251 me,
765 2188 862 2252 opera
881 2189 951 2251 que
972 2190 1031 2252 ego
1052 2169 1148 2252 facio,
1165 2179 1197 2233 et
1253 2178 1352 2232 exstat
1367 2157 1531 2251 perfacile.
1541 2169 1628 2232 Unde
1643 2178 1674 2232 et
1687 2168 1720 2230 in
1735 2168 1931 2232 interioribus
1944 2167 1984 2228 vi-

331 2293 337 2306 ·
448 2268 516 2349 ipse
535 2268 643 2348 faciet,
664 2276 696 2331 et
714 2268 835 2349 majora
857 2269 972 2332 horum
996 2268 1104 2348 faciet,
1122 2268 1197 2350 quia
1253 2267 1341 2330 ribus
1355 2267 1524 2349 organicis,
1533 2267 1622 2331 venis
1635 2276 1666 2329 et
1678 2267 1797 2345 nervis,
1805 2275 1836 2329 et
1850 2265 1982 2328 vitalibus

448 2384 507 2447 ego
529 2366 568 2428 ad
589 2366 711 2429 Patrem
733 2365 825 2430 vado.
1252 2366 1502 2448 animalibusque
1517 2365 1694 2447 spiritibus,
1710 2365 1806 2428 talem
1821 2366 1904 2445 (dum
1923 2383 1984 2446 par-

487 2464 594 2545 Porro,
610 2464 636 2527 si
655 2465 824 2545 loquamur
846 2464 886 2526 de
911 2465 1073 2528 miraculis
1095 2464 1196 2546 magis
1251 2465 1433 2545 mittuntur)
1459 2463 1566 2528 facere
1593 2464 1701 2528 valent
1733 2463 1981 2539 immutationem,

447 2563 670 2641 communiter,
678 2571 788 2645 utpote
803 2571 955 2644 tanquam
970 2564 1010 2625 de
1025 2561 1195 2625 effectibus
1251 2572 1286 2626 ut
1300 2564 1395 2627 homo
1410 2582 1429 2624 a
1442 2571 1531 2626 motu
1550 2571 1581 2625 et
1600 2562 1781 2626 sensatione
1795 2561 1981 2645 impediatur.

447 2662 656 2740 inconsuetis,
672 2669 704 2723 et
718 2669 833 2742 praeter
847 2661 976 2724 solitum
990 2681 1120 2724 cursum
1141 2647 1197 2723 na·
1291 2661 1335 2724 Ex
1360 2661 1410 2723 his
1435 2669 1522 2742 patet
1549 2661 1713 2742 responsio
1740 2661 1780 2723 ad
1808 2660 1910 2724 omnia
1936 2658 1982 2720 illa

446 2761 645 2841 turalemque
660 2759 790 2822 modum
807 2759 1043 2841 productis‚.sio
1064 2779 1084 2821 a
1104 2760 1197 2822 sedu-
1251 2761 1340 2843 qnasi
1373 2759 1520 2842 prodigia
1551 2759 1590 2821 de
1621 2759 1777 2822 llahomet
1807 2759 1981 2838 introducta,

447 2858 588 2921 ctorihus
619 2857 694 2920 fieri
722 2865 844 2938 queunt
872 2859 997 2939 magica
1023 2867 1101 2938 arte,
1132 2867 1195 2920 tam
1250 2867 1382 2941 excepto
1398 2857 1554 2940 figmento
1569 2857 1625 2920 illo
1640 2857 1679 2920 de
1694 2857 1982 2938 innabatoquippo

445 2975 521 3019 vere
545 2974 641 3038 quam
668 2964 860 3038 apparenter
887 2956 954 3019 sive
984 2957 1193 3038 phantastice.
1251 2958 1335 3040 quod
1349 2957 1460 3020 ldahon
1477 2956 1614 3019 audierit
1628 2975 1741 3020 vocem
1754 2957 1841 3019 illam
1856 2955 1937 3018 velut
1951 2973 1984 3016 er
2102 3001 2103 3018 .

445 3055 609 3117 Daemones
629 3054 716 3117 enim
741 3062 878 3118 noscunt
903 3054 1063 3116 naturales
1089 3059 1232 3122 rerumG
1251 3056 1392 3140 scapula,
1413 3053 1483 3118 Noli
1507 3073 1558 3118 me
1584 3055 1773 3134 comedere;
1797 3064 1828 3117 et
1850 3055 1929 3138 quod
1950 3053 1983 3114 da
2102 3089 2103 3099 .

445 3154 591 3235 virtutes,
615 3154 824 3237 proprietates
849 3161 881 3215 et
905 3152 1079 3231 efficacias,
1102 3162 1196 3234 atque
1252 3174 1387 3219 caverna
1402 3154 1514 3217 exierit
1532 3172 1635 3236 aqua3
1652 3156 1737 3237 quod
1758 3155 1833 3218 item
1854 3152 1984 3217 arborei

445 3253 487 3316 oh
515 3272 581 3315 suia
608 3251 782 3334 spiritualis
810 3260 931 3314 naturas
955 3252 1140 3333 dignitatem
1165 3260 1197 3315 et
1252 3273 1285 3316 sa
1309 3252 1512 3317 inclinaverit
1534 3254 1586 3315 vel
1610 3272 1697 3331 vere,
1713 3252 1765 3317 vel
1789 3260 1982 3335 apparentem

446 3351 653 3431 activitatem,
676 3370 770 3432 agere
795 3358 827 3412 et
849 3349 1034 3430 imprimere
1062 3359 1197 3431 possunt
1252 3353 1336 3435 qnod
1361 3353 1438 3415 item
1461 3352 1495 3414 in
1519 3352 1618 3415 altum
1643 3351 1767 3414 levatus
1791 3352 1863 3414 sit:
1889 3348 1984 3414 omnia

446 3450 693 3532 incorporalem
715 3456 873 3526 naturam,
889 3467 959 3511 eam
981 3448 1196 3511 diversimode
1252 3452 1322 3529 ista,
1339 3460 1372 3514 et
1387 3450 1486 3513 multa
1504 3450 1626 3531 majora
1646 3468 1684 3513 ao
1705 3450 1907 3527 mirabiliora,
1923 3447 1983 3510 lieri
2101 3504 2102 3507 ,

448 3549 607 3612 movendo
634 3566 671 3609 ac
699 3547 952 3624 transmutando,
979 3546 1013 3607 in
1042 3555 1196 3628 quantum
1251 3557 1374 3631 queunt
1388 3549 1510 3629 magica
1525 3556 1591 3611 arte
1606 3556 1638 3610 et
1652 3547 1809 3612 diabolica
1823 3566 1892 3629 ope.
1904 3548 1984 3607 -At

447 3646 602 3710 divinitus
629 3646 858 3728 permittuntur
884 3669 892 3706 ι
916 3645 981 3708 imo
1005 3644 1039 3707 in
1064 3663 1197 3728 corpora
1252 3666 1328 3712 vero
1352 3647 1392 3710 de
1416 3646 1472 3710 illo
1496 3646 1582 3729 quod
1607 3646 1728 3710 dictum
1750 3655 1810 3727 est,
1829 3647 1983 3727 quemdam

363 3786 371 3795 ·
448 3746 588 3807 humana
627 3744 860 3825 sensitivasque
898 3743 993 3821 vires,
1030 3744 1197 3825 organicas
1252 3746 1368 3809 fecisse
1397 3764 1515 3828 equum
1544 3763 1637 3807 suum
1665 3744 1746 3807 mori
1773 3752 1868 3826 atque
1895 3762 1985 3807 resur·

448 3862 574 3926 quoque
603 3842 771 3924 potentias,
798 3850 933 3923 possunt
961 3842 1111 3905 influere.
1141 3842 1199 3905 l'e-
1253 3863 1338 3925 gere,
1375 3861 1577 3927 nequaquam
1614 3843 1791 3925 putandum
1830 3852 1876 3906 est
1912 3840 1983 3923 qnod

448 3950 628 4004 rumtamen
643 3940 764 4002 nullam
779 3938 916 4002 formam
931 3940 1121 4018 naturalem,
1139 3959 1197 4002 nec
1253 3961 1370 4023 equum
1385 3943 1540 4006 veraciter
1560 3950 1722 4005 mortuum
1743 3941 1924 4020 suscitavit,
1939 3939 1984 4003 sed
2100 3926 2101 3951 ¹

448 4040 687 4103 substantialem
702 4058 761 4101 nec
781 4037 1023 4116 accidentalem,
1045 4039 1197 4101 inducere
1252 4042 1360 4123 aliquo
1376 4042 1470 4104 modo
1483 4048 1634 4125 praetacto
1649 4040 1752 4122 potuit
1766 4040 1840 4104 fieri
1854 4050 1888 4103 ut
1901 4056 1985 4121 equus

447 4146 582 4220 possunt
597 4137 628 4198 in
644 4135 798 4199 inferiora
816 4137 883 4198 haec
904 4154 1048 4217 corpora,
1066 4137 1129 4198 nisi
1145 4138 1198 4199 ad·
1251 4139 1373 4220 jaceret
1386 4138 1476 4219 quasi
1491 4138 1657 4217 exanimis,
1674 4138 1756 4201 sicut
1770 4138 1803 4202 in
1824 4136 1984 4220 arrepticiis

447 4236 601 4299 miniculo
626 4235 818 4297 naturalium
842 4234 1016 4315 agentium.
1034 4235 1197 4298 Daemones
1212 4238 1237 4299 ll
1252 4235 1485 4319 quodammodo
1510 4236 1681 4299 cernimus.
1702 4272 1743 4283 -
1766 4236 1933 4315 Postremo,
1951 4235 1984 4296 de

447 4336 556 4415 itaque
570 4352 628 4416 per
643 4331 887 4414 applicationem
909 4333 1101 4396 naturalium
1123 4334 1199 4396 acti·
1253 4335 1355 4417 magis
1374 4334 1546 4397 Pharaonis
1563 4335 1693 4416 quidam
1713 4334 1876 4397 affirmant
1893 4336 1984 4397 docte

447 4452 561 4499 vorum
576 4440 608 4494 et
623 4432 835 4513 passivorum,
851 4431 969 4494 multos
984 4440 1105 4511 queunt
1119 4431 1199 4496 elle·
1254 4454 1315 4513 res,
1331 4433 1415 4515 quod
1430 4432 1528 4514 virgae
1543 4451 1652 4496 eorum
1673 4450 1737 4495 non
1758 4430 1887 4495 fuerunt
1901 4448 1984 4495 verse

449 4542 519 4595 ctus
533 4532 710 4613 producere
724 4537 839 4610 praeter
853 4537 1040 4591 consuetum
1055 4550 1196 4612 cursum,
1254 4532 1408 4596 veraciter
1426 4531 1459 4593 in
1479 4530 1644 4609 dracones,
1661 4530 1716 4592 sed
1735 4531 1820 4610 quod
1842 4531 1984 4593 &menes

448 4629 579 4694 modum
604 4628 813 4708 ordinemque
836 4634 967 4705 naturae,
991 4629 1198 4693 accelerando
1254 4650 1318 4693 suae
1333 4629 1469 4692 naturali
1489 4628 1599 4691 virtuti
1617 4628 1750 4709 dimissi,
1766 4626 1985 4710 imperceptibi-

449 4727 599 4791 videlioet
633 4744 725 4807 opus,
756 4733 811 4787 aut
838 4724 901 4787 alio
934 4725 1039 4806 modo,
1070 4736 1199 4809 propter
1256 4729 1328 4791 liter
1346 4747 1382 4790 ac
1403 4728 1495 4791 valde
1515 4726 1680 4790 celerrime
1703 4745 1757 4789 eas
1777 4726 1924 4803 tulerunt,
1940 4725 1986 4786 hu·
2098 4746 2099 4773 1

451 4824 686 4890 vehementiam
708 4842 745 4885 ac
767 4822 1067 4905 multiplicationem
1090 4825 1200 4887 activi·
1255 4845 1413 4908 manoque
1437 4826 1544 4889 sensui
1570 4824 1864 4907 imperceptibiliter
1886 4824 1987 4887 subdu-

450 4924 524 4987 tatis
539 4940 645 4984 rerum
660 4928 922 5001 congregatarum
940 4920 1198 5002 habilitatemque
1255 4932 1380 5002 xerunt,
1410 4933 1503 5007 atque
1532 4930 1694 5005 serpentes
1722 4922 1851 4987 aliunde
1878 4923 1984 4999 allatos,

450 5022 662 5107 passivorum.
678 5019 752 5082 ldeo
766 5038 837 5099 quaa
851 5019 885 5080 in
903 5026 1057 5099 potestate
1079 5029 1199 5083 naturae
1255 5032 1310 5086 ant
1329 5023 1373 5085 ihi
1395 5024 1434 5086 de
1458 5042 1542 5087 novo
1565 5022 1681 5086 virtute
1705 5022 1858 5085 naturalis
1881 5020 1986 5105 agentis
2098 5032 2099 5035 ’

450 5141 515 5186 non
530 5128 615 5197 sunt,
632 5136 726 5200 agere
740 5124 913 5197 nequeunt,
926 5123 961 5177 ut
975 5126 1116 5180 mortuos
1131 5139 1200 5181 sus·
1255 5120 1437 5203 productos,
1467 5128 1711 5203 supposuerunt.
1738 5119 1888 5193 Quamvis
1914 5119 1984 5183 enirn

449 5221 560 5298 citare,
576 5217 639 5279 nisi
654 5216 687 5277 in
708 5214 867 5296 praestigio
889 5221 1023 5293 tantum,
1039 5215 1124 5295 qnod
1143 5216 1198 5279 diu
1255 5240 1293 5283 ex
1307 5218 1405 5301 virgis
1419 5238 1476 5301 per
1490 5219 1633 5282 naturale
1651 5237 1750 5300 agens
1770 5220 1914 5300 generari
1927 5238 1986 5302 pos
2097 5228 2098 5233 ’

450 5338 515 5383 non
530 5324 706 5403 permanet.
716 5314 876 5391 Praeterea,
889 5312 929 5375 de
944 5312 1111 5394 prestigiis
1126 5314 1199 5378 illu·
1255 5318 1318 5380 sint
1332 5326 1505 5399 serpentes,
1522 5336 1586 5381 non
1601 5326 1707 5381 mmen
1726 5326 1791 5381 tarn
1812 5318 1925 5401 subito,
1939 5317 1984 5380 sed
