<?xml version="1.0" encoding="UTF-8"?>
<!DOCTYPE html PUBLIC "-//W3C//DTD XHTML 1.0 Transitional//EN"
    "http://www.w3.org/TR/xhtml1/DTD/xhtml1-transitional.dtd">
<html xmlns="http://www.w3.org/1999/xhtml" xml:lang="en" lang="en">
 <head>
  <title>
</title>
<meta http-equiv="Content-Type" content="text/html;charset=utf-8" />
  <meta name='ocr-system' content='tesseract 3.04.00' />
  <meta name='ocr-capabilities' content='ocr_page ocr_carea ocr_par ocr_line ocrx_word'/>
</head>
<body>
  <div class='ocr_page' id='page_1' title='image "./doctorisecstati03unkngoog_0358.png"; bbox 0 0 4309 6250; ppageno 0'>
   <div class='ocr_carea' id='block_1_1' title="bbox 435 467 1683 541">
    <p class='ocr_par' dir='ltr' id='par_1_1' title="bbox 435 467 1683 541">
     <span class='ocr_line' id='line_1_1' title="bbox 435 467 1683 541; baseline -0.001 -10"><span class='ocrx_word' id='word_1_1' title='bbox 435 467 496 531; x_wconf 74' lang='grc'>333</span> <span class='ocrx_word' id='word_1_2' title='bbox 740 484 859 534; x_wconf 76' lang='lat' dir='ltr'>contat</span> <span class='ocrx_word' id='word_1_3' title='bbox 881 484 1049 531; x_wconf 68' lang='lat' dir='ltr'>Phanota!</span> <span class='ocrx_word' id='word_1_4' title='bbox 1070 482 1242 541; x_wconf 73' lang='lat' dir='ltr'>uhuorum,</span> <span class='ocrx_word' id='word_1_5' title='bbox 1265 484 1352 530; x_wconf 72' lang='lat' dir='ltr'>lelill</span> <span class='ocrx_word' id='word_1_6' title='bbox 1374 483 1407 530; x_wconf 89' lang='lat' dir='ltr'>tt.</span> <span class='ocrx_word' id='word_1_7' title='bbox 1430 501 1471 514; x_wconf 94' lang='lat'>·-</span> <span class='ocrx_word' id='word_1_8' title='bbox 1491 484 1559 531; x_wconf 80' lang='grc' dir='ltr'>ΛιιΤ.</span> <span class='ocrx_word' id='word_1_9' title='bbox 1582 483 1683 532; x_wconf 84' lang='lat' dir='ltr'>xxxttt</span> 
     </span>
    </p>
   </div>
   <div class='ocr_carea' id='block_1_2' title="bbox 424 652 1983 5364">
    <p class='ocr_par' dir='ltr' id='par_1_2' title="bbox 430 652 1983 838">
     <span class='ocr_line' id='line_1_2' title="bbox 430 652 1983 740; baseline -0.003 -21"><span class='ocrx_word' id='word_1_10' title='bbox 430 656 577 720; x_wconf 87' lang='lat' dir='ltr'>stimeuti</span> <span class='ocrx_word' id='word_1_11' title='bbox 591 657 704 740; x_wconf 88' lang='lat' dir='ltr'>ipsius,</span> <span class='ocrx_word' id='word_1_12' title='bbox 720 657 830 721; x_wconf 92' lang='lat' dir='ltr'>dicens</span> <span class='ocrx_word' id='word_1_13' title='bbox 847 680 855 719; x_wconf 79' lang='grc' dir='ltr'>ι</span> <span class='ocrx_word' id='word_1_14' title='bbox 871 655 978 720; x_wconf 85' lang='lat' dir='ltr'>Dormi</span> <span class='ocrx_word' id='word_1_15' title='bbox 993 674 1131 718; x_wconf 90' lang='lat' dir='ltr'>mecum.</span> <span class='ocrx_word' id='word_1_16' title='bbox 1148 653 1186 716; x_wconf 84' lang='lat' dir='ltr'>Et</span> <span class='ocrx_word' id='word_1_17' title='bbox 1200 655 1224 717; x_wconf 88' lang='grc' dir='ltr'>Α</span> <span class='ocrx_word' id='word_1_18' title='bbox 1242 655 1520 719; x_wconf 74' lang='lat' dir='ltr'>incarceraverunt</span> <span class='ocrx_word' id='word_1_19' title='bbox 1540 656 1667 739; x_wconf 91' lang='lat' dir='ltr'>Joseph,</span> <span class='ocrx_word' id='word_1_20' title='bbox 1684 654 1821 719; x_wconf 89' lang='lat' dir='ltr'>scientes</span> <span class='ocrx_word' id='word_1_21' title='bbox 1836 652 1983 717; x_wconf 91' lang='lat' dir='ltr'>innocen·</span> 
     </span>
     <span class='ocr_line' id='line_1_3' title="bbox 435 752 1420 838; baseline -0.002 -20"><span class='ocrx_word' id='word_1_22' title='bbox 435 754 521 818; x_wconf 89' lang='lat' dir='ltr'>istud</span> <span class='ocrx_word' id='word_1_23' title='bbox 549 755 694 838; x_wconf 82' lang='lat' dir='ltr'>intelligo</span> <span class='ocrx_word' id='word_1_24' title='bbox 722 756 761 818; x_wconf 92' lang='lat' dir='ltr'>de</span> <span class='ocrx_word' id='word_1_25' title='bbox 790 755 979 819; x_wconf 83' lang='lat' dir='ltr'>invitatione</span> <span class='ocrx_word' id='word_1_26' title='bbox 1008 753 1091 817; x_wconf 92' lang='lat' dir='ltr'>unde</span> <span class='ocrx_word' id='word_1_27' title='bbox 1119 753 1185 834; x_wconf 89' lang='lat' dir='ltr'>jam</span> <span class='ocrx_word' id='word_1_28' title='bbox 1241 752 1317 815; x_wconf 89' lang='lat' dir='ltr'>tiam</span> <span class='ocrx_word' id='word_1_29' title='bbox 1339 753 1420 835; x_wconf 87' lang='lat' dir='ltr'>ejus.</span> 
     </span>
    </p>

    <p class='ocr_par' dir='ltr' id='par_1_3' title="bbox 424 849 1983 5364">
     <span class='ocr_line' id='line_1_4' title="bbox 436 849 1982 934; baseline -0.003 -18"><span class='ocrx_word' id='word_1_30' title='bbox 436 872 551 916; x_wconf 89' lang='lat' dir='ltr'>sermo.</span> <span class='ocrx_word' id='word_1_31' title='bbox 567 890 608 900; x_wconf 98' lang='lat'>—</span> <span class='ocrx_word' id='word_1_32' title='bbox 626 853 727 933; x_wconf 91' lang='lat' dir='ltr'>Nono,</span> <span class='ocrx_word' id='word_1_33' title='bbox 744 852 862 916; x_wconf 82' lang='lat' dir='ltr'>salsum</span> <span class='ocrx_word' id='word_1_34' title='bbox 887 861 935 915; x_wconf 91' lang='lat' dir='ltr'>est</span> <span class='ocrx_word' id='word_1_35' title='bbox 961 853 1045 934; x_wconf 94' lang='lat' dir='ltr'>quod</span> <span class='ocrx_word' id='word_1_36' title='bbox 1070 850 1187 914; x_wconf 91' lang='lat' dir='ltr'>mulier</span> <span class='ocrx_word' id='word_1_37' title='bbox 1281 851 1510 932; x_wconf 81' lang='lat' dir='ltr'>sextodecimo,</span> <span class='ocrx_word' id='word_1_38' title='bbox 1532 852 1645 916; x_wconf 87' lang='lat' dir='ltr'>laisum</span> <span class='ocrx_word' id='word_1_39' title='bbox 1671 852 1828 933; x_wconf 89' lang='lat' dir='ltr'>estquod</span> <span class='ocrx_word' id='word_1_40' title='bbox 1852 851 1914 916; x_wconf 95' lang='lat' dir='ltr'>duo</span> <span class='ocrx_word' id='word_1_41' title='bbox 1936 849 1982 931; x_wconf 81' lang='lat' dir='ltr'>ju-</span> 
     </span>
     <span class='ocr_line' id='line_1_5' title="bbox 435 947 1980 1034; baseline -0.002 -22"><span class='ocrx_word' id='word_1_42' title='bbox 435 951 608 1032; x_wconf 91' lang='lat' dir='ltr'>insequens</span> <span class='ocrx_word' id='word_1_43' title='bbox 629 951 744 1034; x_wconf 86' lang='lat' dir='ltr'>Joseph</span> <span class='ocrx_word' id='word_1_44' title='bbox 766 950 954 1033; x_wconf 77' lang='lat' dir='ltr'>fugientem,</span> <span class='ocrx_word' id='word_1_45' title='bbox 974 947 1185 1033; x_wconf 80' lang='lat' dir='ltr'>apprehendit</span> <span class='ocrx_word' id='word_1_46' title='bbox 1240 969 1349 1026; x_wconf 88' lang='lat' dir='ltr'>venes,</span> <span class='ocrx_word' id='word_1_47' title='bbox 1376 951 1500 1014; x_wconf 91' lang='lat' dir='ltr'>scilieet</span> <span class='ocrx_word' id='word_1_48' title='bbox 1522 951 1561 1014; x_wconf 90' lang='lat' dir='ltr'>de</span> <span class='ocrx_word' id='word_1_49' title='bbox 1585 951 1701 1032; x_wconf 88' lang='lat' dir='ltr'>quibus</span> <span class='ocrx_word' id='word_1_50' title='bbox 1725 950 1778 1013; x_wconf 91' lang='lat' dir='ltr'>hic</span> <span class='ocrx_word' id='word_1_51' title='bbox 1804 969 1908 1012; x_wconf 91' lang='lat' dir='ltr'>sermo</span> <span class='ocrx_word' id='word_1_52' title='bbox 1935 948 1980 1027; x_wconf 80' lang='lat' dir='ltr'>iit,</span> 
     </span>
     <span class='ocr_line' id='line_1_6' title="bbox 436 1044 1983 1130; baseline -0.003 -20"><span class='ocrx_word' id='word_1_53' title='bbox 436 1049 601 1111; x_wconf 88' lang='lat' dir='ltr'>camisiam</span> <span class='ocrx_word' id='word_1_54' title='bbox 622 1049 693 1130; x_wconf 88' lang='lat' dir='ltr'>ejus</span> <span class='ocrx_word' id='word_1_55' title='bbox 718 1049 867 1130; x_wconf 88' lang='lat' dir='ltr'>rupitque</span> <span class='ocrx_word' id='word_1_56' title='bbox 893 1067 973 1110; x_wconf 91' lang='lat' dir='ltr'>eam.</span> <span class='ocrx_word' id='word_1_57' title='bbox 991 1047 1116 1109; x_wconf 81' lang='lat' dir='ltr'>Dictum</span> <span class='ocrx_word' id='word_1_58' title='bbox 1137 1054 1185 1110; x_wconf 91' lang='lat' dir='ltr'>est</span> <span class='ocrx_word' id='word_1_59' title='bbox 1240 1066 1313 1110; x_wconf 89' lang='lat' dir='ltr'>curu</span> <span class='ocrx_word' id='word_1_60' title='bbox 1335 1047 1450 1130; x_wconf 92' lang='lat' dir='ltr'>Joseph</span> <span class='ocrx_word' id='word_1_61' title='bbox 1473 1049 1505 1109; x_wconf 89' lang='lat' dir='ltr'>in</span> <span class='ocrx_word' id='word_1_62' title='bbox 1526 1067 1688 1111; x_wconf 85' lang='lat' dir='ltr'>carcerem</span> <span class='ocrx_word' id='word_1_63' title='bbox 1710 1047 1775 1110; x_wconf 89' lang='lat' dir='ltr'>sint</span> <span class='ocrx_word' id='word_1_64' title='bbox 1794 1046 1925 1126; x_wconf 88' lang='lat' dir='ltr'>detmsi‚</span> <span class='ocrx_word' id='word_1_65' title='bbox 1940 1044 1983 1107; x_wconf 86' lang='lat' dir='ltr'>vi-</span> 
     </span>
     <span class='ocr_line' id='line_1_7' title="bbox 435 1144 1982 1230; baseline -0.001 -22"><span class='ocrx_word' id='word_1_66' title='bbox 435 1165 583 1228; x_wconf 92' lang='lat' dir='ltr'>namque,</span> <span class='ocrx_word' id='word_1_67' title='bbox 610 1148 694 1230; x_wconf 92' lang='lat' dir='ltr'>quod</span> <span class='ocrx_word' id='word_1_68' title='bbox 722 1147 933 1230; x_wconf 87' lang='lat' dir='ltr'>apprehendit</span> <span class='ocrx_word' id='word_1_69' title='bbox 956 1146 1105 1208; x_wconf 86' lang='lat' dir='ltr'>laciniam</span> <span class='ocrx_word' id='word_1_70' title='bbox 1131 1165 1185 1208; x_wconf 91' lang='lat' dir='ltr'>ve·</span> <span class='ocrx_word' id='word_1_71' title='bbox 1241 1145 1357 1208; x_wconf 92' lang='lat' dir='ltr'>delicet</span> <span class='ocrx_word' id='word_1_72' title='bbox 1371 1147 1522 1229; x_wconf 91' lang='lat' dir='ltr'>princeps</span> <span class='ocrx_word' id='word_1_73' title='bbox 1543 1147 1769 1229; x_wconf 86' lang='lat' dir='ltr'>pincernarum</span> <span class='ocrx_word' id='word_1_74' title='bbox 1786 1155 1818 1209; x_wconf 91' lang='lat' dir='ltr'>et</span> <span class='ocrx_word' id='word_1_75' title='bbox 1839 1144 1982 1227; x_wconf 86' lang='lat' dir='ltr'>magister</span> 
     </span>
     <span class='ocr_line' id='line_1_8' title="bbox 434 1243 1981 1327; baseline 0.001 -22"><span class='ocrx_word' id='word_1_76' title='bbox 434 1245 575 1308; x_wconf 90' lang='lat' dir='ltr'>stimenti</span> <span class='ocrx_word' id='word_1_77' title='bbox 591 1245 673 1326; x_wconf 83' lang='lat' dir='ltr'>ejus,</span> <span class='ocrx_word' id='word_1_78' title='bbox 687 1253 718 1307; x_wconf 91' lang='lat' dir='ltr'>et</span> <span class='ocrx_word' id='word_1_79' title='bbox 732 1245 863 1327; x_wconf 92' lang='lat' dir='ltr'>pallium</span> <span class='ocrx_word' id='word_1_80' title='bbox 879 1245 949 1326; x_wconf 86' lang='lat' dir='ltr'>ejus</span> <span class='ocrx_word' id='word_1_81' title='bbox 965 1244 998 1306; x_wconf 93' lang='lat' dir='ltr'>in</span> <span class='ocrx_word' id='word_1_82' title='bbox 1015 1262 1111 1306; x_wconf 92' lang='lat' dir='ltr'>manu</span> <span class='ocrx_word' id='word_1_83' title='bbox 1127 1263 1183 1306; x_wconf 89' lang='lat' dir='ltr'>sua</span> <span class='ocrx_word' id='word_1_84' title='bbox 1239 1245 1395 1326; x_wconf 93' lang='lat' dir='ltr'>pistorum</span> <span class='ocrx_word' id='word_1_85' title='bbox 1412 1268 1419 1306; x_wconf 76' lang='grc' dir='ltr'><strong><em>ε</em></strong></span> <span class='ocrx_word' id='word_1_86' title='bbox 1437 1245 1511 1327; x_wconf 96' lang='lat' dir='ltr'>quia</span> <span class='ocrx_word' id='word_1_87' title='bbox 1525 1248 1573 1325; x_wconf 93' lang='lat' dir='ltr'>(ut</span> <span class='ocrx_word' id='word_1_88' title='bbox 1588 1245 1700 1327; x_wconf 87' lang='lat' dir='ltr'>patuit)</span> <span class='ocrx_word' id='word_1_89' title='bbox 1715 1243 1831 1326; x_wconf 91' lang='lat' dir='ltr'>Joseph</span> <span class='ocrx_word' id='word_1_90' title='bbox 1844 1243 1900 1306; x_wconf 93' lang='lat' dir='ltr'>diu</span> <span class='ocrx_word' id='word_1_91' title='bbox 1914 1251 1981 1306; x_wconf 86' lang='lat' dir='ltr'>aute</span> 
     </span>
     <span class='ocr_line' id='line_1_9' title="bbox 433 1341 1979 1425; baseline 0.001 -22"><span class='ocrx_word' id='word_1_92' title='bbox 433 1342 577 1405; x_wconf 88' lang='lat' dir='ltr'>retinuit.</span> <span class='ocrx_word' id='word_1_93' title='bbox 608 1342 678 1404; x_wconf 84' lang='lat' dir='ltr'>Fuit</span> <span class='ocrx_word' id='word_1_94' title='bbox 704 1344 791 1406; x_wconf 91' lang='lat' dir='ltr'>enim</span> <span class='ocrx_word' id='word_1_95' title='bbox 820 1344 914 1425; x_wconf 92' lang='lat' dir='ltr'>plene</span> <span class='ocrx_word' id='word_1_96' title='bbox 942 1343 1087 1419; x_wconf 90' lang='lat' dir='ltr'>vestitus,</span> <span class='ocrx_word' id='word_1_97' title='bbox 1118 1359 1182 1404; x_wconf 92' lang='lat' dir='ltr'>non</span> <span class='ocrx_word' id='word_1_98' title='bbox 1238 1362 1292 1405; x_wconf 86' lang='lat' dir='ltr'>eos</span> <span class='ocrx_word' id='word_1_99' title='bbox 1318 1342 1379 1405; x_wconf 86' lang='lat' dir='ltr'>luit</span> <span class='ocrx_word' id='word_1_100' title='bbox 1403 1342 1628 1406; x_wconf 87' lang='lat' dir='ltr'>incarceratus.</span> <span class='ocrx_word' id='word_1_101' title='bbox 1648 1379 1690 1390; x_wconf 89' lang='lat'>—</span> <span class='ocrx_word' id='word_1_102' title='bbox 1708 1341 1979 1424; x_wconf 88' lang='lat' dir='ltr'>Septimodecimo,</span> 
     </span>
     <span class='ocr_line' id='line_1_10' title="bbox 432 1439 1981 1523; baseline 0.001 -21"><span class='ocrx_word' id='word_1_103' title='bbox 432 1441 564 1503; x_wconf 87' lang='lat' dir='ltr'>camisia</span> <span class='ocrx_word' id='word_1_104' title='bbox 587 1441 654 1502; x_wconf 93' lang='lat' dir='ltr'>sola</span> <span class='ocrx_word' id='word_1_105' title='bbox 678 1441 818 1504; x_wconf 91' lang='lat' dir='ltr'>indutus.</span> <span class='ocrx_word' id='word_1_106' title='bbox 840 1477 881 1487; x_wconf 95' lang='lat'><em>-</em></span> <span class='ocrx_word' id='word_1_107' title='bbox 905 1440 1044 1519; x_wconf 87' lang='lat' dir='ltr'>Decimo,</span> <span class='ocrx_word' id='word_1_108' title='bbox 1065 1439 1182 1502; x_wconf 86' lang='lat' dir='ltr'>laisum</span> <span class='ocrx_word' id='word_1_109' title='bbox 1238 1440 1353 1502; x_wconf 88' lang='lat' dir='ltr'>laisum</span> <span class='ocrx_word' id='word_1_110' title='bbox 1369 1449 1400 1503; x_wconf 92' lang='lat' dir='ltr'>et</span> <span class='ocrx_word' id='word_1_111' title='bbox 1415 1441 1536 1503; x_wconf 79' lang='lat' dir='ltr'>fatuum</span> <span class='ocrx_word' id='word_1_112' title='bbox 1551 1450 1610 1520; x_wconf 90' lang='lat' dir='ltr'>est,</span> <span class='ocrx_word' id='word_1_113' title='bbox 1627 1442 1712 1523; x_wconf 92' lang='lat' dir='ltr'>quod</span> <span class='ocrx_word' id='word_1_114' title='bbox 1727 1441 1842 1523; x_wconf 90' lang='lat' dir='ltr'>Joseph</span> <span class='ocrx_word' id='word_1_115' title='bbox 1866 1440 1981 1504; x_wconf 89' lang='lat' dir='ltr'>idcirco</span> 
     </span>
     <span class='ocr_line' id='line_1_11' title="bbox 431 1537 1982 1621; baseline 0.001 -21"><span class='ocrx_word' id='word_1_116' title='bbox 431 1546 479 1600; x_wconf 93' lang='lat' dir='ltr'>est</span> <span class='ocrx_word' id='word_1_117' title='bbox 500 1539 585 1620; x_wconf 92' lang='lat' dir='ltr'>quod</span> <span class='ocrx_word' id='word_1_118' title='bbox 606 1558 688 1621; x_wconf 91' lang='lat' dir='ltr'>pene</span> <span class='ocrx_word' id='word_1_119' title='bbox 711 1539 876 1621; x_wconf 89' lang='lat' dir='ltr'>utriusque</span> <span class='ocrx_word' id='word_1_120' title='bbox 897 1557 1071 1602; x_wconf 91' lang='lat' dir='ltr'>consensus</span> <span class='ocrx_word' id='word_1_121' title='bbox 1094 1537 1156 1599; x_wconf 89' lang='lat' dir='ltr'>luit</span> <span class='ocrx_word' id='word_1_122' title='bbox 1173 1561 1179 1598; x_wconf 77' lang='grc' dir='ltr'><strong>ε</strong></span> <span class='ocrx_word' id='word_1_123' title='bbox 1238 1558 1352 1603; x_wconf 92' lang='lat' dir='ltr'>novem</span> <span class='ocrx_word' id='word_1_124' title='bbox 1368 1540 1459 1602; x_wconf 90' lang='lat' dir='ltr'>annis</span> <span class='ocrx_word' id='word_1_125' title='bbox 1474 1548 1527 1602; x_wconf 90' lang='lat' dir='ltr'>aut</span> <span class='ocrx_word' id='word_1_126' title='bbox 1541 1540 1637 1602; x_wconf 91' lang='lat' dir='ltr'>etiam</span> <span class='ocrx_word' id='word_1_127' title='bbox 1652 1540 1759 1621; x_wconf 92' lang='lat' dir='ltr'>aliquo</span> <span class='ocrx_word' id='word_1_128' title='bbox 1774 1558 1858 1602; x_wconf 88' lang='lat' dir='ltr'>anno</span> <span class='ocrx_word' id='word_1_129' title='bbox 1873 1539 1907 1602; x_wconf 89' lang='lat' dir='ltr'>iu</span> <span class='ocrx_word' id='word_1_130' title='bbox 1920 1559 1982 1601; x_wconf 83' lang='lat' dir='ltr'>car·</span> 
     </span>
     <span class='ocr_line' id='line_1_12' title="bbox 430 1636 1981 1720; baseline 0 -21"><span class='ocrx_word' id='word_1_131' title='bbox 430 1637 582 1718; x_wconf 91' lang='lat' dir='ltr'>quoniam</span> <span class='ocrx_word' id='word_1_132' title='bbox 598 1638 713 1720; x_wconf 91' lang='lat' dir='ltr'>Joseph</span> <span class='ocrx_word' id='word_1_133' title='bbox 729 1637 911 1700; x_wconf 89' lang='lat' dir='ltr'>nullatenus</span> <span class='ocrx_word' id='word_1_134' title='bbox 926 1636 1100 1719; x_wconf 87' lang='lat' dir='ltr'>acquievit,</span> <span class='ocrx_word' id='word_1_135' title='bbox 1117 1636 1182 1699; x_wconf 93' lang='lat' dir='ltr'>imo</span> <span class='ocrx_word' id='word_1_136' title='bbox 1238 1657 1310 1702; x_wconf 92' lang='lat' dir='ltr'>cere</span> <span class='ocrx_word' id='word_1_137' title='bbox 1331 1646 1437 1700; x_wconf 90' lang='lat' dir='ltr'>tentus</span> <span class='ocrx_word' id='word_1_138' title='bbox 1459 1646 1516 1716; x_wconf 91' lang='lat' dir='ltr'>est,</span> <span class='ocrx_word' id='word_1_139' title='bbox 1533 1639 1685 1720; x_wconf 90' lang='lat' dir='ltr'>quoniam</span> <span class='ocrx_word' id='word_1_140' title='bbox 1707 1638 1895 1720; x_wconf 87' lang='lat' dir='ltr'>magistrum</span> <span class='ocrx_word' id='word_1_141' title='bbox 1917 1637 1981 1720; x_wconf 93' lang='lat' dir='ltr'>pin-</span> 
     </span>
     <span class='ocr_line' id='line_1_13' title="bbox 430 1734 1981 1818; baseline 0 -20"><span class='ocrx_word' id='word_1_142' title='bbox 430 1743 462 1798; x_wconf 92' lang='lat' dir='ltr'>et</span> <span class='ocrx_word' id='word_1_143' title='bbox 483 1734 637 1798; x_wconf 82' lang='lat' dir='ltr'>feminam</span> <span class='ocrx_word' id='word_1_144' title='bbox 659 1736 776 1799; x_wconf 87' lang='lat' dir='ltr'>acriter</span> <span class='ocrx_word' id='word_1_145' title='bbox 796 1736 1011 1818; x_wconf 89' lang='lat' dir='ltr'>reprehendit.</span> <span class='ocrx_word' id='word_1_146' title='bbox 1027 1735 1183 1798; x_wconf 90' lang='lat' dir='ltr'>-Unde-</span> <span class='ocrx_word' id='word_1_147' title='bbox 1238 1756 1403 1800; x_wconf 89' lang='lat' dir='ltr'>cernarum</span> <span class='ocrx_word' id='word_1_148' title='bbox 1426 1737 1565 1818; x_wconf 90' lang='lat' dir='ltr'>rogando</span> <span class='ocrx_word' id='word_1_149' title='bbox 1587 1745 1622 1799; x_wconf 94' lang='lat' dir='ltr'>ut</span> <span class='ocrx_word' id='word_1_150' title='bbox 1643 1737 1826 1818; x_wconf 90' lang='lat' dir='ltr'>loqueretur</span> <span class='ocrx_word' id='word_1_151' title='bbox 1846 1736 1913 1818; x_wconf 91' lang='lat' dir='ltr'>regi</span> <span class='ocrx_word' id='word_1_152' title='bbox 1930 1754 1981 1817; x_wconf 92' lang='lat' dir='ltr'>pro</span> 
     </span>
     <span class='ocr_line' id='line_1_14' title="bbox 430 1831 1981 1916; baseline -0.001 -20"><span class='ocrx_word' id='word_1_153' title='bbox 430 1834 526 1914; x_wconf 90' lang='lat' dir='ltr'>cimo,</span> <span class='ocrx_word' id='word_1_154' title='bbox 546 1833 663 1897; x_wconf 78' lang='lat' dir='ltr'>salsum</span> <span class='ocrx_word' id='word_1_155' title='bbox 689 1836 846 1916; x_wconf 89' lang='lat' dir='ltr'>estquod</span> <span class='ocrx_word' id='word_1_156' title='bbox 871 1834 986 1896; x_wconf 88' lang='lat' dir='ltr'>mulier</span> <span class='ocrx_word' id='word_1_157' title='bbox 1009 1842 1040 1896; x_wconf 93' lang='lat' dir='ltr'>et</span> <span class='ocrx_word' id='word_1_158' title='bbox 1064 1833 1180 1914; x_wconf 88' lang='lat' dir='ltr'>Joseph</span> <span class='ocrx_word' id='word_1_159' title='bbox 1196 1831 1220 1894; x_wconf 91' lang='lat' dir='ltr'>B</span> <span class='ocrx_word' id='word_1_160' title='bbox 1238 1854 1282 1914; x_wconf 91' lang='lat' dir='ltr'>se,</span> <span class='ocrx_word' id='word_1_161' title='bbox 1308 1834 1427 1899; x_wconf 92' lang='lat' dir='ltr'>oblitus</span> <span class='ocrx_word' id='word_1_162' title='bbox 1452 1843 1501 1898; x_wconf 90' lang='lat' dir='ltr'>est</span> <span class='ocrx_word' id='word_1_163' title='bbox 1525 1836 1624 1898; x_wconf 85' lang='lat' dir='ltr'>Deum</span> <span class='ocrx_word' id='word_1_164' title='bbox 1649 1836 1825 1898; x_wconf 90' lang='lat' dir='ltr'>nominare.</span> <span class='ocrx_word' id='word_1_165' title='bbox 1848 1835 1915 1898; x_wconf 91' lang='lat' dir='ltr'>lmo</span> <span class='ocrx_word' id='word_1_166' title='bbox 1938 1836 1981 1896; x_wconf 95' lang='lat' dir='ltr'>in-</span> 
     </span>
     <span class='ocr_line' id='line_1_15' title="bbox 429 1932 1980 2016; baseline 0.003 -24"><span class='ocrx_word' id='word_1_167' title='bbox 429 1932 462 1992; x_wconf 91' lang='lat' dir='ltr'>in</span> <span class='ocrx_word' id='word_1_168' title='bbox 478 1932 555 2013; x_wconf 86' lang='lat' dir='ltr'>luga</span> <span class='ocrx_word' id='word_1_169' title='bbox 574 1932 630 1994; x_wconf 89' lang='lat' dir='ltr'>illa</span> <span class='ocrx_word' id='word_1_170' title='bbox 649 1933 860 1996; x_wconf 89' lang='lat' dir='ltr'>obviaverunt</span> <span class='ocrx_word' id='word_1_171' title='bbox 874 1933 1004 1996; x_wconf 92' lang='lat' dir='ltr'>domino</span> <span class='ocrx_word' id='word_1_172' title='bbox 1019 1950 1088 2009; x_wconf 89' lang='lat' dir='ltr'>suo,</span> <span class='ocrx_word' id='word_1_173' title='bbox 1105 1939 1181 2014; x_wconf 89' lang='lat' dir='ltr'>puta</span> <span class='ocrx_word' id='word_1_174' title='bbox 1236 1941 1358 1995; x_wconf 90' lang='lat' dir='ltr'>certum</span> <span class='ocrx_word' id='word_1_175' title='bbox 1374 1941 1420 1995; x_wconf 91' lang='lat' dir='ltr'>est</span> <span class='ocrx_word' id='word_1_176' title='bbox 1436 1933 1511 2012; x_wconf 85' lang='lat' dir='ltr'>hoc;</span> <span class='ocrx_word' id='word_1_177' title='bbox 1525 1941 1557 1996; x_wconf 92' lang='lat' dir='ltr'>et</span> <span class='ocrx_word' id='word_1_178' title='bbox 1570 1933 1716 2016; x_wconf 89' lang='lat' dir='ltr'>quamvis</span> <span class='ocrx_word' id='word_1_179' title='bbox 1731 1934 1774 1997; x_wconf 81' lang='lat' dir='ltr'>ita</span> <span class='ocrx_word' id='word_1_180' title='bbox 1788 1932 1913 2012; x_wconf 88' lang='lat' dir='ltr'>luisset,</span> <span class='ocrx_word' id='word_1_181' title='bbox 1925 1933 1980 1996; x_wconf 91' lang='lat' dir='ltr'>hoc</span> 
     </span>
     <span class='ocr_line' id='line_1_16' title="bbox 430 2031 1980 2115; baseline 0.001 -23"><span class='ocrx_word' id='word_1_182' title='bbox 430 2031 545 2094; x_wconf 88' lang='lat' dir='ltr'>marito</span> <span class='ocrx_word' id='word_1_183' title='bbox 571 2032 726 2111; x_wconf 91' lang='lat' dir='ltr'>mulieris,</span> <span class='ocrx_word' id='word_1_184' title='bbox 752 2033 791 2094; x_wconf 91' lang='lat' dir='ltr'>ad</span> <span class='ocrx_word' id='word_1_185' title='bbox 815 2032 944 2096; x_wconf 89' lang='lat' dir='ltr'>ostium.</span> <span class='ocrx_word' id='word_1_186' title='bbox 970 2031 1036 2094; x_wconf 92' lang='lat' dir='ltr'>lmo</span> <span class='ocrx_word' id='word_1_187' title='bbox 1064 2031 1179 2112; x_wconf 89' lang='lat' dir='ltr'>Joseph</span> <span class='ocrx_word' id='word_1_188' title='bbox 1236 2039 1342 2094; x_wconf 89' lang='lat' dir='ltr'>tamen</span> <span class='ocrx_word' id='word_1_189' title='bbox 1357 2051 1421 2094; x_wconf 92' lang='lat' dir='ltr'>non</span> <span class='ocrx_word' id='word_1_190' title='bbox 1439 2031 1552 2094; x_wconf 88' lang='lat' dir='ltr'>luisset</span> <span class='ocrx_word' id='word_1_191' title='bbox 1573 2033 1705 2095; x_wconf 89' lang='lat' dir='ltr'>mortale</span> <span class='ocrx_word' id='word_1_192' title='bbox 1725 2040 1906 2115; x_wconf 88' lang='lat' dir='ltr'>peccatum,</span> <span class='ocrx_word' id='word_1_193' title='bbox 1921 2033 1980 2094; x_wconf 93' lang='lat' dir='ltr'>imo</span> 
     </span>
     <span class='ocr_line' id='line_1_17' title="bbox 429 2128 1981 2212; baseline 0.001 -21"><span class='ocrx_word' id='word_1_194' title='bbox 429 2128 516 2192; x_wconf 88' lang='lat' dir='ltr'>ieras</span> <span class='ocrx_word' id='word_1_195' title='bbox 544 2149 683 2212; x_wconf 91' lang='lat' dir='ltr'>egresso,</span> <span class='ocrx_word' id='word_1_196' title='bbox 714 2130 836 2193; x_wconf 85' lang='lat' dir='ltr'>lemine</span> <span class='ocrx_word' id='word_1_197' title='bbox 864 2149 995 2192; x_wconf 88' lang='lat' dir='ltr'>manens</span> <span class='ocrx_word' id='word_1_198' title='bbox 1024 2130 1057 2191; x_wconf 92' lang='lat' dir='ltr'>in</span> <span class='ocrx_word' id='word_1_199' title='bbox 1085 2130 1197 2192; x_wconf 85' lang='lat' dir='ltr'>domo&#39;</span> <span class='ocrx_word' id='word_1_200' title='bbox 1236 2129 1370 2192; x_wconf 80' lang='lat' dir='ltr'>fortasse</span> <span class='ocrx_word' id='word_1_201' title='bbox 1395 2149 1454 2193; x_wconf 90' lang='lat' dir='ltr'>nec</span> <span class='ocrx_word' id='word_1_202' title='bbox 1481 2129 1607 2193; x_wconf 91' lang='lat' dir='ltr'>veniale</span> <span class='ocrx_word' id='word_1_203' title='bbox 1630 2153 1636 2192; x_wconf 79' lang='grc' dir='ltr'>ι</span> <span class='ocrx_word' id='word_1_204' title='bbox 1658 2149 1723 2194; x_wconf 90' lang='lat' dir='ltr'>nou</span> <span class='ocrx_word' id='word_1_205' title='bbox 1746 2130 1834 2192; x_wconf 92' lang='lat' dir='ltr'>enim</span> <span class='ocrx_word' id='word_1_206' title='bbox 1859 2138 1981 2193; x_wconf 87' lang='lat' dir='ltr'>tenetur</span> 
     </span>
     <span class='ocr_line' id='line_1_18' title="bbox 430 2227 1981 2311; baseline 0.002 -22"><span class='ocrx_word' id='word_1_207' title='bbox 430 2227 591 2305; x_wconf 85' lang='lat' dir='ltr'>clamavit,</span> <span class='ocrx_word' id='word_1_208' title='bbox 622 2236 716 2310; x_wconf 88' lang='lat' dir='ltr'>atque</span> <span class='ocrx_word' id='word_1_209' title='bbox 750 2228 943 2291; x_wconf 88' lang='lat' dir='ltr'>domesticos</span> <span class='ocrx_word' id='word_1_210' title='bbox 978 2227 1177 2290; x_wconf 87' lang='lat' dir='ltr'>convocavit.</span> <span class='ocrx_word' id='word_1_211' title='bbox 1234 2228 1331 2291; x_wconf 92' lang='lat' dir='ltr'>bomo</span> <span class='ocrx_word' id='word_1_212' title='bbox 1350 2227 1383 2290; x_wconf 92' lang='lat' dir='ltr'>in</span> <span class='ocrx_word' id='word_1_213' title='bbox 1409 2228 1496 2291; x_wconf 89' lang='lat' dir='ltr'>omni</span> <span class='ocrx_word' id='word_1_214' title='bbox 1516 2236 1600 2308; x_wconf 85' lang='lat' dir='ltr'>actu,</span> <span class='ocrx_word' id='word_1_215' title='bbox 1621 2229 1719 2292; x_wconf 86' lang='lat' dir='ltr'>verbo</span> <span class='ocrx_word' id='word_1_216' title='bbox 1742 2236 1796 2291; x_wconf 92' lang='lat' dir='ltr'>aut</span> <span class='ocrx_word' id='word_1_217' title='bbox 1815 2248 1913 2311; x_wconf 89' lang='lat' dir='ltr'>prece</span> <span class='ocrx_word' id='word_1_218' title='bbox 1930 2229 1981 2292; x_wconf 77' lang='lat' dir='ltr'>bo</span> 
     </span>
     <span class='ocr_line' id='line_1_19' title="bbox 429 2324 1980 2407; baseline 0.001 -21"><span class='ocrx_word' id='word_1_219' title='bbox 429 2324 632 2388; x_wconf 88' lang='lat' dir='ltr'>Postmodum</span> <span class='ocrx_word' id='word_1_220' title='bbox 649 2326 701 2388; x_wconf 84' lang='lat' dir='ltr'>vir¹</span> <span class='ocrx_word' id='word_1_221' title='bbox 716 2326 787 2406; x_wconf 89' lang='lat' dir='ltr'>ejus</span> <span class='ocrx_word' id='word_1_222' title='bbox 802 2326 966 2407; x_wconf 88' lang='lat' dir='ltr'>ingressus</span> <span class='ocrx_word' id='word_1_223' title='bbox 981 2334 1039 2403; x_wconf 92' lang='lat' dir='ltr'>est,</span> <span class='ocrx_word' id='word_1_224' title='bbox 1056 2332 1088 2387; x_wconf 92' lang='lat' dir='ltr'>et</span> <span class='ocrx_word' id='word_1_225' title='bbox 1104 2333 1178 2386; x_wconf 92' lang='lat' dir='ltr'>tunc</span> <span class='ocrx_word' id='word_1_226' title='bbox 1235 2325 1313 2388; x_wconf 91' lang='lat' dir='ltr'>mini</span> <span class='ocrx_word' id='word_1_227' title='bbox 1338 2326 1433 2406; x_wconf 89' lang='lat' dir='ltr'>lacta,</span> <span class='ocrx_word' id='word_1_228' title='bbox 1460 2326 1513 2388; x_wconf 87' lang='lat' dir='ltr'>llei</span> <span class='ocrx_word' id='word_1_229' title='bbox 1539 2327 1706 2390; x_wconf 87' lang='lat' dir='ltr'>actualiter</span> <span class='ocrx_word' id='word_1_230' title='bbox 1731 2326 1909 2406; x_wconf 89' lang='lat' dir='ltr'>reminisci,</span> <span class='ocrx_word' id='word_1_231' title='bbox 1931 2335 1980 2388; x_wconf 87' lang='lat' dir='ltr'>aut</span> 
     </span>
     <span class='ocr_line' id='line_1_20' title="bbox 428 2422 1981 2506; baseline 0.001 -21"><span class='ocrx_word' id='word_1_232' title='bbox 428 2423 539 2485; x_wconf 85' lang='lat' dir='ltr'>eadem</span> <span class='ocrx_word' id='word_1_233' title='bbox 565 2422 673 2486; x_wconf 92' lang='lat' dir='ltr'>retulit</span> <span class='ocrx_word' id='word_1_234' title='bbox 700 2424 740 2486; x_wconf 90' lang='lat' dir='ltr'>ei.</span> <span class='ocrx_word' id='word_1_235' title='bbox 767 2460 807 2470; x_wconf 92' lang='lat'>—</span> <span class='ocrx_word' id='word_1_236' title='bbox 831 2423 1033 2503; x_wconf 89' lang='lat' dir='ltr'>Duodecimo,</span> <span class='ocrx_word' id='word_1_237' title='bbox 1060 2422 1178 2485; x_wconf 81' lang='lat' dir='ltr'>falsum</span> <span class='ocrx_word' id='word_1_238' title='bbox 1235 2425 1340 2506; x_wconf 90' lang='lat' dir='ltr'>ipsum</span> <span class='ocrx_word' id='word_1_239' title='bbox 1362 2425 1537 2488; x_wconf 90' lang='lat' dir='ltr'>nominare.</span> <span class='ocrx_word' id='word_1_240' title='bbox 1559 2424 1596 2488; x_wconf 88' lang='lat' dir='ltr'>Et</span> <span class='ocrx_word' id='word_1_241' title='bbox 1620 2425 1647 2487; x_wconf 93' lang='lat' dir='ltr'>si</span> <span class='ocrx_word' id='word_1_242' title='bbox 1672 2425 1705 2486; x_wconf 91' lang='lat' dir='ltr'>in</span> <span class='ocrx_word' id='word_1_243' title='bbox 1729 2425 1790 2489; x_wconf 89' lang='lat' dir='ltr'>hoc</span> <span class='ocrx_word' id='word_1_244' title='bbox 1814 2427 1981 2488; x_wconf 88' lang='lat' dir='ltr'>venialiter</span> 
     </span>
     <span class='ocr_line' id='line_1_21' title="bbox 427 2521 1978 2604; baseline 0.003 -22"><span class='ocrx_word' id='word_1_245' title='bbox 427 2522 574 2602; x_wconf 90' lang='lat' dir='ltr'>estquod</span> <span class='ocrx_word' id='word_1_246' title='bbox 590 2522 628 2584; x_wconf 90' lang='lat' dir='ltr'>ad</span> <span class='ocrx_word' id='word_1_247' title='bbox 650 2522 733 2585; x_wconf 92' lang='lat' dir='ltr'>hanc</span> <span class='ocrx_word' id='word_1_248' title='bbox 748 2541 815 2585; x_wconf 89' lang='lat' dir='ltr'>rem</span> <span class='ocrx_word' id='word_1_249' title='bbox 830 2521 1063 2585; x_wconf 89' lang='lat' dir='ltr'>discutiendam</span> <span class='ocrx_word' id='word_1_250' title='bbox 1084 2521 1179 2584; x_wconf 92' lang='lat' dir='ltr'>advo-</span> <span class='ocrx_word' id='word_1_251' title='bbox 1233 2531 1407 2604; x_wconf 90' lang='lat' dir='ltr'>peccasset,</span> <span class='ocrx_word' id='word_1_252' title='bbox 1431 2542 1494 2587; x_wconf 92' lang='lat' dir='ltr'>non</span> <span class='ocrx_word' id='word_1_253' title='bbox 1521 2524 1563 2587; x_wconf 96' lang='lat' dir='ltr'>ob</span> <span class='ocrx_word' id='word_1_254' title='bbox 1588 2522 1620 2585; x_wconf 93' lang='lat' dir='ltr'>id</span> <span class='ocrx_word' id='word_1_255' title='bbox 1644 2523 1726 2586; x_wconf 87' lang='lat' dir='ltr'>Deus</span> <span class='ocrx_word' id='word_1_256' title='bbox 1751 2524 1780 2586; x_wconf 91' lang='lat' dir='ltr'>ei</span> <span class='ocrx_word' id='word_1_257' title='bbox 1804 2533 1925 2588; x_wconf 69' lang='lat' dir='ltr'>mutam</span> <span class='ocrx_word' id='word_1_258' title='bbox 1946 2544 1978 2587; x_wconf 90' lang='lat' dir='ltr'>ac</span> 
     </span>
     <span class='ocr_line' id='line_1_22' title="bbox 427 2619 1978 2705; baseline 0.003 -23"><span class='ocrx_word' id='word_1_259' title='bbox 427 2620 488 2682; x_wconf 90' lang='lat' dir='ltr'>cati</span> <span class='ocrx_word' id='word_1_260' title='bbox 514 2619 672 2700; x_wconf 91' lang='lat' dir='ltr'>nonnulli,</span> <span class='ocrx_word' id='word_1_261' title='bbox 698 2621 848 2684; x_wconf 86' lang='lat' dir='ltr'>dixerunt</span> <span class='ocrx_word' id='word_1_262' title='bbox 870 2621 986 2703; x_wconf 88' lang='lat' dir='ltr'>Joseph</span> <span class='ocrx_word' id='word_1_263' title='bbox 1012 2640 1083 2702; x_wconf 89' lang='lat' dir='ltr'>esse</span> <span class='ocrx_word' id='word_1_264' title='bbox 1112 2619 1178 2682; x_wconf 93' lang='lat' dir='ltr'>cul·</span> <span class='ocrx_word' id='word_1_265' title='bbox 1234 2629 1297 2683; x_wconf 94' lang='lat' dir='ltr'>tam</span> <span class='ocrx_word' id='word_1_266' title='bbox 1309 2621 1491 2684; x_wconf 89' lang='lat' dir='ltr'>diuturnam</span> <span class='ocrx_word' id='word_1_267' title='bbox 1508 2619 1679 2684; x_wconf 83' lang='lat' dir='ltr'>inflixisset</span> <span class='ocrx_word' id='word_1_268' title='bbox 1690 2622 1826 2685; x_wconf 89' lang='lat' dir='ltr'>carceris</span> <span class='ocrx_word' id='word_1_269' title='bbox 1842 2641 1978 2705; x_wconf 84' lang='lat' dir='ltr'>poenam.</span> 
     </span>
     <span class='ocr_line' id='line_1_23' title="bbox 427 2717 1979 2805; baseline 0.004 -26"><span class='ocrx_word' id='word_1_270' title='bbox 427 2717 565 2800; x_wconf 91' lang='lat' dir='ltr'>pabilem</span> <span class='ocrx_word' id='word_1_271' title='bbox 581 2719 607 2780; x_wconf 90' lang='lat' dir='ltr'>si</span> <span class='ocrx_word' id='word_1_272' title='bbox 624 2738 697 2800; x_wconf 91' lang='lat' dir='ltr'>pars</span> <span class='ocrx_word' id='word_1_273' title='bbox 708 2720 848 2782; x_wconf 88' lang='lat' dir='ltr'>anterior</span> <span class='ocrx_word' id='word_1_274' title='bbox 862 2739 926 2782; x_wconf 85' lang='lat' dir='ltr'>suaa</span> <span class='ocrx_word' id='word_1_275' title='bbox 938 2719 1078 2782; x_wconf 83' lang='lat' dir='ltr'>camisiae</span> <span class='ocrx_word' id='word_1_276' title='bbox 1094 2726 1179 2782; x_wconf 91' lang='lat' dir='ltr'>esset</span> <span class='ocrx_word' id='word_1_277' title='bbox 1232 2755 1272 2766; x_wconf 87' lang='grc'>-</span> <span class='ocrx_word' id='word_1_278' title='bbox 1293 2720 1548 2801; x_wconf 88' lang='lat' dir='ltr'>Octavodecimo,</span> <span class='ocrx_word' id='word_1_279' title='bbox 1571 2719 1688 2783; x_wconf 90' lang='lat' dir='ltr'>laisum</span> <span class='ocrx_word' id='word_1_280' title='bbox 1709 2722 1862 2805; x_wconf 92' lang='lat' dir='ltr'>estquod</span> <span class='ocrx_word' id='word_1_281' title='bbox 1887 2742 1979 2805; x_wconf 90' lang='lat' dir='ltr'>quum</span> 
     </span>
     <span class='ocr_line' id='line_1_24' title="bbox 427 2817 1981 2903; baseline 0.004 -26"><span class='ocrx_word' id='word_1_282' title='bbox 427 2826 530 2899; x_wconf 86' lang='lat' dir='ltr'>rupta.</span> <span class='ocrx_word' id='word_1_283' title='bbox 548 2817 613 2880; x_wconf 91' lang='lat' dir='ltr'>lmo</span> <span class='ocrx_word' id='word_1_284' title='bbox 636 2817 768 2881; x_wconf 91' lang='lat' dir='ltr'>maritus</span> <span class='ocrx_word' id='word_1_285' title='bbox 789 2818 939 2900; x_wconf 69' lang='lat' dir='ltr'>praelatus</span> <span class='ocrx_word' id='word_1_286' title='bbox 959 2837 1024 2880; x_wconf 81' lang='lat' dir='ltr'>suae</span> <span class='ocrx_word' id='word_1_287' title='bbox 1046 2817 1175 2900; x_wconf 89' lang='lat' dir='ltr'>conjugi</span> <span class='ocrx_word' id='word_1_288' title='bbox 1231 2819 1351 2882; x_wconf 93' lang='lat' dir='ltr'>Pharao</span> <span class='ocrx_word' id='word_1_289' title='bbox 1371 2839 1428 2881; x_wconf 89' lang='lat' dir='ltr'>sua</span> <span class='ocrx_word' id='word_1_290' title='bbox 1452 2821 1575 2884; x_wconf 92' lang='lat' dir='ltr'>somnia</span> <span class='ocrx_word' id='word_1_291' title='bbox 1599 2821 1797 2903; x_wconf 87' lang='lat' dir='ltr'>sapientibus</span> <span class='ocrx_word' id='word_1_292' title='bbox 1821 2821 1891 2885; x_wconf 90' lang='lat' dir='ltr'>suis</span> <span class='ocrx_word' id='word_1_293' title='bbox 1915 2842 1981 2885; x_wconf 85' lang='lat' dir='ltr'>nar-</span> 
     </span>
     <span class='ocr_line' id='line_1_25' title="bbox 427 2915 1980 3001; baseline 0.005 -26"><span class='ocrx_word' id='word_1_294' title='bbox 427 2915 563 2978; x_wconf 88' lang='lat' dir='ltr'>nimium</span> <span class='ocrx_word' id='word_1_295' title='bbox 587 2918 731 2994; x_wconf 90' lang='lat' dir='ltr'>credens,</span> <span class='ocrx_word' id='word_1_296' title='bbox 749 2917 954 2979; x_wconf 89' lang='lat' dir='ltr'>innocentem</span> <span class='ocrx_word' id='word_1_297' title='bbox 970 2916 1085 3000; x_wconf 86' lang='lat' dir='ltr'>Joseph</span> <span class='ocrx_word' id='word_1_298' title='bbox 1104 2935 1176 2979; x_wconf 81' lang='lat' dir='ltr'>mor</span> <span class='ocrx_word' id='word_1_299' title='bbox 1233 2925 1343 2995; x_wconf 88' lang='lat' dir='ltr'>rasset,</span> <span class='ocrx_word' id='word_1_300' title='bbox 1361 2917 1514 2999; x_wconf 88' lang='lat' dir='ltr'>magister</span> <span class='ocrx_word' id='word_1_301' title='bbox 1532 2918 1759 3001; x_wconf 89' lang='lat' dir='ltr'>pincernarum</span> <span class='ocrx_word' id='word_1_302' title='bbox 1778 2919 1859 2981; x_wconf 79' lang='lat' dir='ltr'>dixit</span> <span class='ocrx_word' id='word_1_303' title='bbox 1877 2921 1916 2982; x_wconf 92' lang='lat' dir='ltr'>ad</span> <span class='ocrx_word' id='word_1_304' title='bbox 1937 2939 1980 2982; x_wconf 79' lang='lat' dir='ltr'>re</span> 
     </span>
     <span class='ocr_line' id='line_1_26' title="bbox 427 3013 1977 3099; baseline 0.003 -24"><span class='ocrx_word' id='word_1_305' title='bbox 427 3013 546 3094; x_wconf 88' lang='lat' dir='ltr'>absque</span> <span class='ocrx_word' id='word_1_306' title='bbox 560 3014 758 3078; x_wconf 87' lang='lat' dir='ltr'>discussione</span> <span class='ocrx_word' id='word_1_307' title='bbox 774 3014 995 3078; x_wconf 87' lang='lat' dir='ltr'>incarceravit.</span> <span class='ocrx_word' id='word_1_308' title='bbox 1007 3051 1048 3061; x_wconf 97' lang='lat'><strong>—</strong></span> <span class='ocrx_word' id='word_1_309' title='bbox 1062 3015 1177 3077; x_wconf 82' lang='lat' dir='ltr'>‘lertio</span> <span class='ocrx_word' id='word_1_310' title='bbox 1195 3019 1217 3082; x_wconf 87' lang='lat' dir='ltr'>C</span> <span class='ocrx_word' id='word_1_311' title='bbox 1232 3035 1304 3097; x_wconf 92' lang='lat' dir='ltr'>gem</span> <span class='ocrx_word' id='word_1_312' title='bbox 1322 3039 1328 3076; x_wconf 80' lang='grc' dir='ltr'>ι</span> <span class='ocrx_word' id='word_1_313' title='bbox 1346 3015 1379 3078; x_wconf 89' lang='lat' dir='ltr'>Si</span> <span class='ocrx_word' id='word_1_314' title='bbox 1399 3016 1438 3078; x_wconf 93' lang='lat' dir='ltr'>ad</span> <span class='ocrx_word' id='word_1_315' title='bbox 1453 3016 1569 3099; x_wconf 86' lang='lat' dir='ltr'>loseph</span> <span class='ocrx_word' id='word_1_316' title='bbox 1590 3037 1641 3080; x_wconf 92' lang='lat' dir='ltr'>me</span> <span class='ocrx_word' id='word_1_317' title='bbox 1661 3018 1798 3098; x_wconf 88' lang='lat' dir='ltr'>miseris,</span> <span class='ocrx_word' id='word_1_318' title='bbox 1815 3026 1878 3082; x_wconf 91' lang='lat' dir='ltr'>etc.</span> <span class='ocrx_word' id='word_1_319' title='bbox 1894 3020 1977 3096; x_wconf 88' lang='lat' dir='ltr'>ltern,</span> 
     </span>
     <span class='ocr_line' id='line_1_27' title="bbox 427 3112 1979 3199; baseline 0.003 -25"><span class='ocrx_word' id='word_1_320' title='bbox 427 3112 563 3191; x_wconf 90' lang='lat' dir='ltr'>decimo,</span> <span class='ocrx_word' id='word_1_321' title='bbox 579 3132 710 3196; x_wconf 86' lang='lat' dir='ltr'>prorsus</span> <span class='ocrx_word' id='word_1_322' title='bbox 732 3114 885 3177; x_wconf 92' lang='lat' dir='ltr'>mendosa</span> <span class='ocrx_word' id='word_1_323' title='bbox 906 3121 955 3177; x_wconf 92' lang='lat' dir='ltr'>est</span> <span class='ocrx_word' id='word_1_324' title='bbox 970 3113 1102 3179; x_wconf 91' lang='lat' dir='ltr'>insertio</span> <span class='ocrx_word' id='word_1_325' title='bbox 1117 3113 1178 3176; x_wconf 90' lang='lat' dir='ltr'>iste</span> <span class='ocrx_word' id='word_1_326' title='bbox 1232 3115 1419 3178; x_wconf 92' lang='lat' dir='ltr'>mendosum</span> <span class='ocrx_word' id='word_1_327' title='bbox 1435 3122 1483 3178; x_wconf 92' lang='lat' dir='ltr'>est</span> <span class='ocrx_word' id='word_1_328' title='bbox 1498 3115 1582 3197; x_wconf 93' lang='lat' dir='ltr'>quod</span> <span class='ocrx_word' id='word_1_329' title='bbox 1597 3115 1712 3199; x_wconf 91' lang='lat' dir='ltr'>Joseph</span> <span class='ocrx_word' id='word_1_330' title='bbox 1728 3115 1775 3179; x_wconf 94' lang='lat' dir='ltr'>illi</span> <span class='ocrx_word' id='word_1_331' title='bbox 1796 3117 1836 3179; x_wconf 90' lang='lat' dir='ltr'>ad</span> <span class='ocrx_word' id='word_1_332' title='bbox 1857 3138 1892 3181; x_wconf 86' lang='lat' dir='ltr'>se</span> <span class='ocrx_word' id='word_1_333' title='bbox 1911 3117 1979 3180; x_wconf 71' lang='lat' dir='ltr'>mie</span> 
     </span>
     <span class='ocr_line' id='line_1_28' title="bbox 426 3209 1979 3297; baseline 0.005 -26"><span class='ocrx_word' id='word_1_334' title='bbox 426 3210 584 3289; x_wconf 81' lang='lat' dir='ltr'>fabulosa,</span> <span class='ocrx_word' id='word_1_335' title='bbox 596 3213 680 3294; x_wconf 94' lang='lat' dir='ltr'>quod</span> <span class='ocrx_word' id='word_1_336' title='bbox 695 3211 765 3275; x_wconf 77' lang='lat' dir='ltr'>alia</span> <span class='ocrx_word' id='word_1_337' title='bbox 779 3209 908 3275; x_wconf 85' lang='lat' dir='ltr'>leminae</span> <span class='ocrx_word' id='word_1_338' title='bbox 921 3211 1177 3293; x_wconf 89' lang='lat' dir='ltr'>obloquebantur</span> <span class='ocrx_word' id='word_1_339' title='bbox 1232 3232 1267 3276; x_wconf 92' lang='lat' dir='ltr'>so</span> <span class='ocrx_word' id='word_1_340' title='bbox 1285 3214 1510 3295; x_wconf 89' lang='lat' dir='ltr'>interpretatus</span> <span class='ocrx_word' id='word_1_341' title='bbox 1530 3222 1579 3277; x_wconf 91' lang='lat' dir='ltr'>est</span> <span class='ocrx_word' id='word_1_342' title='bbox 1599 3215 1722 3278; x_wconf 87' lang='lat' dir='ltr'>somnia</span> <span class='ocrx_word' id='word_1_343' title='bbox 1742 3216 1979 3297; x_wconf 88' lang='lat' dir='ltr'>regis.1mo(ut</span> 
     </span>
     <span class='ocr_line' id='line_1_29' title="bbox 425 3308 1979 3397; baseline 0.003 -25"><span class='ocrx_word' id='word_1_344' title='bbox 425 3308 554 3373; x_wconf 91' lang='lat' dir='ltr'>mulieri</span> <span class='ocrx_word' id='word_1_345' title='bbox 575 3310 724 3391; x_wconf 73' lang='lat' dir='ltr'>praelate,</span> <span class='ocrx_word' id='word_1_346' title='bbox 745 3318 778 3373; x_wconf 94' lang='lat' dir='ltr'>et</span> <span class='ocrx_word' id='word_1_347' title='bbox 796 3312 880 3391; x_wconf 93' lang='lat' dir='ltr'>quod</span> <span class='ocrx_word' id='word_1_348' title='bbox 900 3312 970 3394; x_wconf 94' lang='lat' dir='ltr'>ipsa</span> <span class='ocrx_word' id='word_1_349' title='bbox 990 3312 1177 3394; x_wconf 79' lang='lat' dir='ltr'>praeceperit</span> <span class='ocrx_word' id='word_1_350' title='bbox 1232 3311 1345 3395; x_wconf 89' lang='lat' dir='ltr'>patuit)</span> <span class='ocrx_word' id='word_1_351' title='bbox 1362 3331 1416 3375; x_wconf 86' lang='lat' dir='ltr'>rex</span> <span class='ocrx_word' id='word_1_352' title='bbox 1430 3312 1549 3374; x_wconf 92' lang='lat' dir='ltr'>auditis</span> <span class='ocrx_word' id='word_1_353' title='bbox 1565 3312 1671 3375; x_wconf 90' lang='lat' dir='ltr'>verbis</span> <span class='ocrx_word' id='word_1_354' title='bbox 1686 3313 1843 3397; x_wconf 90' lang='lat' dir='ltr'>principis</span> <span class='ocrx_word' id='word_1_355' title='bbox 1858 3315 1979 3397; x_wconf 86' lang='lat' dir='ltr'>pincer-</span> 
     </span>
     <span class='ocr_line' id='line_1_30' title="bbox 425 3408 1976 3492; baseline 0.004 -23"><span class='ocrx_word' id='word_1_356' title='bbox 425 3426 479 3470; x_wconf 91' lang='lat' dir='ltr'>eas</span> <span class='ocrx_word' id='word_1_357' title='bbox 500 3408 608 3471; x_wconf 90' lang='lat' dir='ltr'>venire</span> <span class='ocrx_word' id='word_1_358' title='bbox 630 3409 669 3471; x_wconf 89' lang='lat' dir='ltr'>ad</span> <span class='ocrx_word' id='word_1_359' title='bbox 695 3428 740 3488; x_wconf 92' lang='lat' dir='ltr'>se,</span> <span class='ocrx_word' id='word_1_360' title='bbox 757 3409 855 3472; x_wconf 91' lang='lat' dir='ltr'>lectos</span> <span class='ocrx_word' id='word_1_361' title='bbox 874 3428 1001 3491; x_wconf 91' lang='lat' dir='ltr'>quoque</span> <span class='ocrx_word' id='word_1_362' title='bbox 1021 3429 1177 3492; x_wconf 81' lang='lat' dir='ltr'>praepara-</span> <span class='ocrx_word' id='word_1_363' title='bbox 1233 3429 1345 3472; x_wconf 91' lang='lat' dir='ltr'>uarum</span> <span class='ocrx_word' id='word_1_364' title='bbox 1365 3418 1397 3472; x_wconf 93' lang='lat' dir='ltr'>et</span> <span class='ocrx_word' id='word_1_365' title='bbox 1418 3410 1553 3491; x_wconf 87' lang='lat' dir='ltr'>qualiter</span> <span class='ocrx_word' id='word_1_366' title='bbox 1567 3410 1683 3491; x_wconf 91' lang='lat' dir='ltr'>Joseph</span> <span class='ocrx_word' id='word_1_367' title='bbox 1706 3430 1798 3473; x_wconf 90' lang='lat' dir='ltr'>suum</span> <span class='ocrx_word' id='word_1_368' title='bbox 1820 3414 1976 3475; x_wconf 88' lang='lat' dir='ltr'>somnium</span> 
     </span>
     <span class='ocr_line' id='line_1_31' title="bbox 425 3506 1977 3591; baseline 0.003 -22"><span class='ocrx_word' id='word_1_369' title='bbox 425 3506 508 3569; x_wconf 92' lang='lat' dir='ltr'>verit</span> <span class='ocrx_word' id='word_1_370' title='bbox 534 3506 591 3587; x_wconf 91' lang='lat' dir='ltr'>eis,</span> <span class='ocrx_word' id='word_1_371' title='bbox 624 3516 657 3569; x_wconf 91' lang='lat' dir='ltr'>et</span> <span class='ocrx_word' id='word_1_372' title='bbox 684 3506 857 3589; x_wconf 90' lang='lat' dir='ltr'>unicuique</span> <span class='ocrx_word' id='word_1_373' title='bbox 885 3509 1009 3571; x_wconf 87' lang='lat' dir='ltr'>dederit</span> <span class='ocrx_word' id='word_1_374' title='bbox 1036 3510 1175 3572; x_wconf 91' lang='lat' dir='ltr'>cultrum</span> <span class='ocrx_word' id='word_1_375' title='bbox 1232 3508 1441 3590; x_wconf 84' lang='lat' dir='ltr'>exposuisset,</span> <span class='ocrx_word' id='word_1_376' title='bbox 1450 3508 1547 3590; x_wconf 78' lang='lat' dir='ltr'>J&#39;ussit</span> <span class='ocrx_word' id='word_1_377' title='bbox 1560 3508 1676 3591; x_wconf 88' lang='lat' dir='ltr'>Joseph</span> <span class='ocrx_word' id='word_1_378' title='bbox 1691 3509 1784 3572; x_wconf 94' lang='lat' dir='ltr'>educi</span> <span class='ocrx_word' id='word_1_379' title='bbox 1799 3510 1840 3573; x_wconf 90' lang='lat' dir='ltr'>de</span> <span class='ocrx_word' id='word_1_380' title='bbox 1855 3530 1977 3574; x_wconf 86' lang='lat' dir='ltr'>carcere</span> 
     </span>
     <span class='ocr_line' id='line_1_32' title="bbox 425 3604 1978 3690; baseline 0.002 -24"><span class='ocrx_word' id='word_1_381' title='bbox 425 3604 459 3666; x_wconf 92' lang='lat' dir='ltr'>in</span> <span class='ocrx_word' id='word_1_382' title='bbox 474 3624 570 3667; x_wconf 85' lang='lat' dir='ltr'>manu</span> <span class='ocrx_word' id='word_1_383' title='bbox 586 3624 653 3684; x_wconf 90' lang='lat' dir='ltr'>sua,</span> <span class='ocrx_word' id='word_1_384' title='bbox 670 3604 750 3687; x_wconf 91' lang='lat' dir='ltr'>ipsis</span> <span class='ocrx_word' id='word_1_385' title='bbox 765 3624 891 3687; x_wconf 91' lang='lat' dir='ltr'>quoque</span> <span class='ocrx_word' id='word_1_386' title='bbox 911 3608 1175 3670; x_wconf 89' lang='lat' dir='ltr'>accumbentibus</span> <span class='ocrx_word' id='word_1_387' title='bbox 1232 3606 1358 3688; x_wconf 89' lang='lat' dir='ltr'>sibique</span> <span class='ocrx_word' id='word_1_388' title='bbox 1377 3606 1582 3690; x_wconf 72' lang='lat' dir='ltr'>praesentari3</span> <span class='ocrx_word' id='word_1_389' title='bbox 1598 3615 1631 3669; x_wconf 91' lang='lat' dir='ltr'>et</span> <span class='ocrx_word' id='word_1_390' title='bbox 1643 3607 1855 3689; x_wconf 89' lang='lat' dir='ltr'>personaliter</span> <span class='ocrx_word' id='word_1_391' title='bbox 1876 3608 1978 3673; x_wconf 85' lang='lat' dir='ltr'>retulit</span> 
     </span>
     <span class='ocr_line' id='line_1_33' title="bbox 427 3702 1978 3790; baseline 0.004 -27"><span class='ocrx_word' id='word_1_392' title='bbox 427 3721 523 3785; x_wconf 89' lang='lat' dir='ltr'>super</span> <span class='ocrx_word' id='word_1_393' title='bbox 537 3703 647 3784; x_wconf 90' lang='lat' dir='ltr'>lectos,</span> <span class='ocrx_word' id='word_1_394' title='bbox 664 3702 778 3766; x_wconf 88' lang='lat' dir='ltr'>iecerit</span> <span class='ocrx_word' id='word_1_395' title='bbox 798 3704 915 3786; x_wconf 88' lang='lat' dir='ltr'>Joseph</span> <span class='ocrx_word' id='word_1_396' title='bbox 937 3724 1042 3769; x_wconf 91' lang='lat' dir='ltr'>coram</span> <span class='ocrx_word' id='word_1_397' title='bbox 1058 3706 1105 3768; x_wconf 90' lang='lat' dir='ltr'>eis</span> <span class='ocrx_word' id='word_1_398' title='bbox 1127 3706 1176 3768; x_wconf 93' lang='lat' dir='ltr'>in·</span> <span class='ocrx_word' id='word_1_399' title='bbox 1232 3705 1261 3768; x_wconf 93' lang='lat' dir='ltr'>ei</span> <span class='ocrx_word' id='word_1_400' title='bbox 1277 3705 1401 3768; x_wconf 88' lang='lat' dir='ltr'>somnia</span> <span class='ocrx_word' id='word_1_401' title='bbox 1416 3724 1483 3785; x_wconf 89' lang='lat' dir='ltr'>sua,</span> <span class='ocrx_word' id='word_1_402' title='bbox 1500 3714 1595 3787; x_wconf 90' lang='lat' dir='ltr'>atque</span> <span class='ocrx_word' id='word_1_403' title='bbox 1615 3705 1655 3768; x_wconf 90' lang='lat' dir='ltr'>ab</span> <span class='ocrx_word' id='word_1_404' title='bbox 1674 3724 1729 3769; x_wconf 91' lang='lat' dir='ltr'>ore</span> <span class='ocrx_word' id='word_1_405' title='bbox 1747 3706 1865 3790; x_wconf 84' lang='lat' dir='ltr'>Joseph</span> <span class='ocrx_word' id='word_1_406' title='bbox 1887 3708 1978 3771; x_wconf 90' lang='lat' dir='ltr'>inter-</span> 
     </span>
     <span class='ocr_line' id='line_1_34' title="bbox 425 3803 1977 3886; baseline 0.005 -24"><span class='ocrx_word' id='word_1_407' title='bbox 425 3808 520 3878; x_wconf 85' lang='lat' dir='ltr'>trare,</span> <span class='ocrx_word' id='word_1_408' title='bbox 536 3809 630 3883; x_wconf 88' lang='lat' dir='ltr'>atque</span> <span class='ocrx_word' id='word_1_409' title='bbox 645 3803 756 3866; x_wconf 90' lang='lat' dir='ltr'>eodem</span> <span class='ocrx_word' id='word_1_410' title='bbox 777 3803 856 3880; x_wconf 91' lang='lat' dir='ltr'>viso,</span> <span class='ocrx_word' id='word_1_411' title='bbox 873 3822 985 3867; x_wconf 91' lang='lat' dir='ltr'>omnes</span> <span class='ocrx_word' id='word_1_412' title='bbox 1004 3805 1068 3866; x_wconf 91' lang='lat' dir='ltr'>sint</span> <span class='ocrx_word' id='word_1_413' title='bbox 1088 3824 1176 3868; x_wconf 91' lang='lat' dir='ltr'>men·</span> <span class='ocrx_word' id='word_1_414' title='bbox 1231 3804 1440 3886; x_wconf 88' lang='lat' dir='ltr'>pretationem</span> <span class='ocrx_word' id='word_1_415' title='bbox 1455 3804 1588 3867; x_wconf 89' lang='lat' dir='ltr'>audivit.</span> <span class='ocrx_word' id='word_1_416' title='bbox 1604 3840 1645 3850; x_wconf 96' lang='lat'><em>-</em></span> <span class='ocrx_word' id='word_1_417' title='bbox 1658 3804 1886 3886; x_wconf 90' lang='lat' dir='ltr'>Nonodeeimo,</span> <span class='ocrx_word' id='word_1_418' title='bbox 1903 3807 1977 3870; x_wconf 88' lang='lat' dir='ltr'>ialsa</span> 
     </span>
     <span class='ocr_line' id='line_1_35' title="bbox 426 3902 1978 3986; baseline 0.005 -26"><span class='ocrx_word' id='word_1_419' title='bbox 426 3906 564 3979; x_wconf 73' lang='lat' dir='ltr'>structae,</span> <span class='ocrx_word' id='word_1_420' title='bbox 585 3918 762 3980; x_wconf 83' lang='lat' dir='ltr'>manusque</span> <span class='ocrx_word' id='word_1_421' title='bbox 786 3919 859 3963; x_wconf 92' lang='lat' dir='ltr'>suas</span> <span class='ocrx_word' id='word_1_422' title='bbox 883 3902 1052 3980; x_wconf 87' lang='lat' dir='ltr'>secuerint,</span> <span class='ocrx_word' id='word_1_423' title='bbox 1073 3911 1106 3965; x_wconf 92' lang='lat' dir='ltr'>et</span> <span class='ocrx_word' id='word_1_424' title='bbox 1127 3905 1176 3967; x_wconf 81' lang='grc' dir='ltr'>ιο·</span> <span class='ocrx_word' id='word_1_425' title='bbox 1231 3912 1279 3965; x_wconf 89' lang='lat' dir='ltr'>est</span> <span class='ocrx_word' id='word_1_426' title='bbox 1303 3911 1367 3966; x_wconf 87' lang='lat' dir='ltr'>tota</span> <span class='ocrx_word' id='word_1_427' title='bbox 1390 3903 1498 3966; x_wconf 81' lang='lat' dir='ltr'>fabula</span> <span class='ocrx_word' id='word_1_428' title='bbox 1522 3902 1594 3982; x_wconf 87' lang='lat' dir='ltr'>ista,</span> <span class='ocrx_word' id='word_1_429' title='bbox 1610 3904 1695 3985; x_wconf 92' lang='lat' dir='ltr'>quod</span> <span class='ocrx_word' id='word_1_430' title='bbox 1720 3923 1818 3986; x_wconf 92' lang='lat' dir='ltr'>quum</span> <span class='ocrx_word' id='word_1_431' title='bbox 1845 3926 1900 3969; x_wconf 84' lang='lat' dir='ltr'>rex</span> <span class='ocrx_word' id='word_1_432' title='bbox 1923 3905 1978 3969; x_wconf 91' lang='lat' dir='ltr'>mi-</span> 
     </span>
     <span class='ocr_line' id='line_1_36' title="bbox 425 3998 1975 4085; baseline 0.005 -27"><span class='ocrx_word' id='word_1_433' title='bbox 425 3998 505 4078; x_wconf 90' lang='lat' dir='ltr'>seph</span> <span class='ocrx_word' id='word_1_434' title='bbox 530 3998 668 4060; x_wconf 81' lang='lat' dir='ltr'>dixerint</span> <span class='ocrx_word' id='word_1_435' title='bbox 691 3998 841 4079; x_wconf 89' lang='lat' dir='ltr'>angelum</span> <span class='ocrx_word' id='word_1_436' title='bbox 864 4019 944 4062; x_wconf 91' lang='lat' dir='ltr'>esse.</span> <span class='ocrx_word' id='word_1_437' title='bbox 961 3999 1042 4063; x_wconf 86' lang='lat' dir='ltr'>Ecce</span> <span class='ocrx_word' id='word_1_438' title='bbox 1068 4002 1176 4064; x_wconf 90' lang='lat' dir='ltr'>omnia</span> <span class='ocrx_word' id='word_1_439' title='bbox 1231 4000 1324 4063; x_wconf 90' lang='lat' dir='ltr'>sisset</span> <span class='ocrx_word' id='word_1_440' title='bbox 1352 4001 1501 4064; x_wconf 90' lang='lat' dir='ltr'>nuntium</span> <span class='ocrx_word' id='word_1_441' title='bbox 1530 4003 1569 4065; x_wconf 89' lang='lat' dir='ltr'>ad</span> <span class='ocrx_word' id='word_1_442' title='bbox 1599 4002 1713 4085; x_wconf 86' lang='lat' dir='ltr'>Joseph</span> <span class='ocrx_word' id='word_1_443' title='bbox 1749 4011 1783 4065; x_wconf 93' lang='lat' dir='ltr'>ut</span> <span class='ocrx_word' id='word_1_444' title='bbox 1819 4023 1975 4068; x_wconf 88' lang='lat' dir='ltr'>carcerem</span> 
     </span>
     <span class='ocr_line' id='line_1_37' title="bbox 425 4096 1976 4183; baseline 0.003 -25"><span class='ocrx_word' id='word_1_445' title='bbox 425 4096 581 4159; x_wconf 90' lang='lat' dir='ltr'>istasunt</span> <span class='ocrx_word' id='word_1_446' title='bbox 601 4116 683 4159; x_wconf 91' lang='lat' dir='ltr'>vana</span> <span class='ocrx_word' id='word_1_447' title='bbox 706 4105 738 4159; x_wconf 91' lang='lat' dir='ltr'>et</span> <span class='ocrx_word' id='word_1_448' title='bbox 763 4099 870 4177; x_wconf 91' lang='lat' dir='ltr'>stulta,</span> <span class='ocrx_word' id='word_1_449' title='bbox 887 4098 1068 4181; x_wconf 82' lang='lat' dir='ltr'>tabulisque</span> <span class='ocrx_word' id='word_1_450' title='bbox 1090 4108 1177 4162; x_wconf 93' lang='lat' dir='ltr'>vetu·</span> <span class='ocrx_word' id='word_1_451' title='bbox 1231 4098 1434 4178; x_wconf 84' lang='lat' dir='ltr'>egrederetur</span> <span class='ocrx_word' id='word_1_452' title='bbox 1448 4107 1480 4162; x_wconf 92' lang='lat' dir='ltr'>et</span> <span class='ocrx_word' id='word_1_453' title='bbox 1500 4100 1626 4163; x_wconf 90' lang='lat' dir='ltr'>veniret</span> <span class='ocrx_word' id='word_1_454' title='bbox 1646 4102 1684 4163; x_wconf 89' lang='lat' dir='ltr'>ad</span> <span class='ocrx_word' id='word_1_455' title='bbox 1700 4120 1745 4181; x_wconf 88' lang='lat' dir='ltr'>se,</span> <span class='ocrx_word' id='word_1_456' title='bbox 1761 4101 1879 4183; x_wconf 91' lang='lat' dir='ltr'>Joseph</span> <span class='ocrx_word' id='word_1_457' title='bbox 1900 4122 1976 4165; x_wconf 90' lang='lat' dir='ltr'>nun-</span> 
     </span>
     <span class='ocr_line' id='line_1_38' title="bbox 425 4193 1976 4281; baseline 0.003 -25"><span class='ocrx_word' id='word_1_458' title='bbox 425 4193 527 4258; x_wconf 89' lang='lat' dir='ltr'>larum</span> <span class='ocrx_word' id='word_1_459' title='bbox 553 4196 680 4258; x_wconf 87' lang='lat' dir='ltr'>similia.</span> <span class='ocrx_word' id='word_1_460' title='bbox 698 4196 822 4259; x_wconf 86' lang='lat' dir='ltr'>Dictum</span> <span class='ocrx_word' id='word_1_461' title='bbox 848 4206 895 4260; x_wconf 90' lang='lat' dir='ltr'>est</span> <span class='ocrx_word' id='word_1_462' title='bbox 918 4217 1067 4280; x_wconf 91' lang='lat' dir='ltr'>namque,</span> <span class='ocrx_word' id='word_1_463' title='bbox 1089 4200 1174 4279; x_wconf 92' lang='lat' dir='ltr'>quod</span> <span class='ocrx_word' id='word_1_464' title='bbox 1190 4202 1214 4264; x_wconf 85' lang='lat' dir='ltr'>i)</span> <span class='ocrx_word' id='word_1_465' title='bbox 1231 4196 1310 4258; x_wconf 93' lang='lat' dir='ltr'>tium</span> <span class='ocrx_word' id='word_1_466' title='bbox 1333 4196 1424 4260; x_wconf 93' lang='lat' dir='ltr'>illum</span> <span class='ocrx_word' id='word_1_467' title='bbox 1446 4198 1568 4261; x_wconf 91' lang='lat' dir='ltr'>remisit</span> <span class='ocrx_word' id='word_1_468' title='bbox 1590 4200 1629 4261; x_wconf 92' lang='lat' dir='ltr'>ad</span> <span class='ocrx_word' id='word_1_469' title='bbox 1651 4217 1757 4281; x_wconf 90' lang='lat' dir='ltr'>regem</span> <span class='ocrx_word' id='word_1_470' title='bbox 1783 4207 1817 4261; x_wconf 94' lang='lat' dir='ltr'>ut</span> <span class='ocrx_word' id='word_1_471' title='bbox 1838 4201 1976 4263; x_wconf 89' lang='lat' dir='ltr'>sciscita-</span> 
     </span>
     <span class='ocr_line' id='line_1_39' title="bbox 424 4294 1974 4379; baseline 0.003 -24"><span class='ocrx_word' id='word_1_472' title='bbox 424 4295 569 4373; x_wconf 91' lang='lat' dir='ltr'>maritus,</span> <span class='ocrx_word' id='word_1_473' title='bbox 592 4294 698 4356; x_wconf 82' lang='lat' dir='ltr'>uxoris</span> <span class='ocrx_word' id='word_1_474' title='bbox 724 4314 789 4358; x_wconf 84' lang='lat' dir='ltr'>suae</span> <span class='ocrx_word' id='word_1_475' title='bbox 813 4295 943 4377; x_wconf 90' lang='lat' dir='ltr'>querela</span> <span class='ocrx_word' id='word_1_476' title='bbox 966 4296 1085 4375; x_wconf 83' lang='lat' dir='ltr'>audita,</span> <span class='ocrx_word' id='word_1_477' title='bbox 1102 4316 1175 4360; x_wconf 83' lang='lat' dir='ltr'>mox</span> <span class='ocrx_word' id='word_1_478' title='bbox 1231 4304 1317 4357; x_wconf 91' lang='lat' dir='ltr'>retur</span> <span class='ocrx_word' id='word_1_479' title='bbox 1340 4297 1380 4360; x_wconf 92' lang='lat' dir='ltr'>ab</span> <span class='ocrx_word' id='word_1_480' title='bbox 1404 4316 1442 4360; x_wconf 92' lang='lat' dir='ltr'>eo</span> <span class='ocrx_word' id='word_1_481' title='bbox 1471 4316 1528 4360; x_wconf 93' lang='lat' dir='ltr'>cur</span> <span class='ocrx_word' id='word_1_482' title='bbox 1551 4297 1700 4360; x_wconf 91' lang='lat' dir='ltr'>mulieres</span> <span class='ocrx_word' id='word_1_483' title='bbox 1723 4297 1882 4379; x_wconf 79' lang='lat' dir='ltr'>praedictae</span> <span class='ocrx_word' id='word_1_484' title='bbox 1906 4318 1974 4361; x_wconf 85' lang='lat' dir='ltr'>suas</span> 
     </span>
     <span class='ocr_line' id='line_1_40' title="bbox 425 4391 1973 4477; baseline 0.003 -25"><span class='ocrx_word' id='word_1_485' title='bbox 425 4391 533 4472; x_wconf 92' lang='lat' dir='ltr'>posuit</span> <span class='ocrx_word' id='word_1_486' title='bbox 560 4391 678 4474; x_wconf 88' lang='lat' dir='ltr'>Joseph</span> <span class='ocrx_word' id='word_1_487' title='bbox 707 4393 740 4454; x_wconf 90' lang='lat' dir='ltr'>in</span> <span class='ocrx_word' id='word_1_488' title='bbox 768 4412 906 4456; x_wconf 86' lang='lat' dir='ltr'>carcere.</span> <span class='ocrx_word' id='word_1_489' title='bbox 937 4394 1015 4457; x_wconf 83' lang='lat' dir='ltr'>Aliae</span> <span class='ocrx_word' id='word_1_490' title='bbox 1049 4414 1175 4477; x_wconf 92' lang='lat' dir='ltr'>quoque</span> <span class='ocrx_word' id='word_1_491' title='bbox 1230 4414 1344 4456; x_wconf 90' lang='lat' dir='ltr'>manus</span> <span class='ocrx_word' id='word_1_492' title='bbox 1366 4395 1527 4474; x_wconf 89' lang='lat' dir='ltr'>secabant,</span> <span class='ocrx_word' id='word_1_493' title='bbox 1545 4403 1576 4457; x_wconf 92' lang='lat' dir='ltr'>et</span> <span class='ocrx_word' id='word_1_494' title='bbox 1597 4396 1682 4475; x_wconf 92' lang='lat' dir='ltr'>quod</span> <span class='ocrx_word' id='word_1_495' title='bbox 1701 4402 1776 4457; x_wconf 92' lang='lat' dir='ltr'>tunc</span> <span class='ocrx_word' id='word_1_496' title='bbox 1797 4414 1876 4460; x_wconf 86' lang='lat' dir='ltr'>uxor</span> <span class='ocrx_word' id='word_1_497' title='bbox 1895 4398 1973 4477; x_wconf 87' lang='lat' dir='ltr'>regis</span> 
     </span>
     <span class='ocr_line' id='line_1_41' title="bbox 424 4488 1972 4577; baseline 0.005 -27"><span class='ocrx_word' id='word_1_498' title='bbox 424 4488 552 4551; x_wconf 76' lang='lat' dir='ltr'>feminae</span> <span class='ocrx_word' id='word_1_499' title='bbox 575 4491 729 4571; x_wconf 89' lang='lat' dir='ltr'>putabant</span> <span class='ocrx_word' id='word_1_500' title='bbox 754 4491 869 4573; x_wconf 86' lang='lat' dir='ltr'>Joseph</span> <span class='ocrx_word' id='word_1_501' title='bbox 891 4490 977 4573; x_wconf 88' lang='lat' dir='ltr'>juste</span> <span class='ocrx_word' id='word_1_502' title='bbox 998 4492 1175 4556; x_wconf 91' lang='lat' dir='ltr'>incarcera-</span> <span class='ocrx_word' id='word_1_503' title='bbox 1231 4492 1365 4555; x_wconf 92' lang='lat' dir='ltr'>asseruit</span> <span class='ocrx_word' id='word_1_504' title='bbox 1380 4512 1413 4554; x_wconf 92' lang='lat' dir='ltr'>se</span> <span class='ocrx_word' id='word_1_505' title='bbox 1429 4492 1605 4574; x_wconf 88' lang='lat' dir='ltr'>postulasse</span> <span class='ocrx_word' id='word_1_506' title='bbox 1627 4492 1832 4556; x_wconf 89' lang='lat' dir='ltr'>concubitum</span> <span class='ocrx_word' id='word_1_507' title='bbox 1848 4495 1972 4577; x_wconf 86' lang='lat' dir='ltr'>Joseph.</span> 
     </span>
     <span class='ocr_line' id='line_1_42' title="bbox 425 4586 1974 4672; baseline 0.005 -25"><span class='ocrx_word' id='word_1_508' title='bbox 425 4596 503 4649; x_wconf 93' lang='lat' dir='ltr'>tum.</span> <span class='ocrx_word' id='word_1_509' title='bbox 531 4586 658 4649; x_wconf 82' lang='lat' dir='ltr'>Falsum</span> <span class='ocrx_word' id='word_1_510' title='bbox 686 4596 735 4650; x_wconf 91' lang='lat' dir='ltr'>est</span> <span class='ocrx_word' id='word_1_511' title='bbox 762 4607 888 4670; x_wconf 90' lang='lat' dir='ltr'>quoque</span> <span class='ocrx_word' id='word_1_512' title='bbox 916 4591 1000 4670; x_wconf 95' lang='lat' dir='ltr'>quod</span> <span class='ocrx_word' id='word_1_513' title='bbox 1030 4592 1173 4654; x_wconf 89' lang='lat' dir='ltr'>advocati</span> <span class='ocrx_word' id='word_1_514' title='bbox 1230 4592 1286 4653; x_wconf 90' lang='lat' dir='ltr'>llic</span> <span class='ocrx_word' id='word_1_515' title='bbox 1316 4598 1390 4652; x_wconf 91' lang='lat' dir='ltr'>sunt</span> <span class='ocrx_word' id='word_1_516' title='bbox 1418 4598 1463 4653; x_wconf 92' lang='lat' dir='ltr'>tot</span> <span class='ocrx_word' id='word_1_517' title='bbox 1491 4590 1667 4667; x_wconf 91' lang='lat' dir='ltr'>mendacia,</span> <span class='ocrx_word' id='word_1_518' title='bbox 1697 4593 1781 4672; x_wconf 94' lang='lat' dir='ltr'>quod</span> <span class='ocrx_word' id='word_1_519' title='bbox 1811 4611 1974 4657; x_wconf 89' lang='lat' dir='ltr'>numerare</span> 
     </span>
     <span class='ocr_line' id='line_1_43' title="bbox 425 4684 1976 4771; baseline 0.005 -25"><span class='ocrx_word' id='word_1_520' title='bbox 425 4684 474 4747; x_wconf 89' lang='lat' dir='ltr'>illi</span> <span class='ocrx_word' id='word_1_521' title='bbox 500 4685 724 4766; x_wconf 81' lang='lat' dir='ltr'>judicaverunt</span> <span class='ocrx_word' id='word_1_522' title='bbox 751 4688 866 4769; x_wconf 89' lang='lat' dir='ltr'>Joseph</span> <span class='ocrx_word' id='word_1_523' title='bbox 895 4706 965 4749; x_wconf 89' lang='lat' dir='ltr'>esse</span> <span class='ocrx_word' id='word_1_524' title='bbox 995 4688 1172 4767; x_wconf 86' lang='lat' dir='ltr'>innoxium,</span> <span class='ocrx_word' id='word_1_525' title='bbox 1230 4688 1337 4751; x_wconf 92' lang='lat' dir='ltr'>omnia</span> <span class='ocrx_word' id='word_1_526' title='bbox 1351 4688 1439 4771; x_wconf 88' lang='lat' dir='ltr'>piget</span> <span class='ocrx_word' id='word_1_527' title='bbox 1456 4712 1462 4751; x_wconf 91' lang='lat'>:</span> <span class='ocrx_word' id='word_1_528' title='bbox 1481 4688 1601 4752; x_wconf 90' lang='lat' dir='ltr'>idcireo</span> <span class='ocrx_word' id='word_1_529' title='bbox 1622 4698 1817 4771; x_wconf 89' lang='lat' dir='ltr'>pertranseo.</span> <span class='ocrx_word' id='word_1_530' title='bbox 1834 4727 1874 4738; x_wconf 91' lang='lat'>-</span> <span class='ocrx_word' id='word_1_531' title='bbox 1889 4692 1976 4755; x_wconf 80' lang='lat' dir='ltr'>l&#39;ice·</span> 
     </span>
     <span class='ocr_line' id='line_1_44' title="bbox 427 4782 1976 4871; baseline 0.005 -27"><span class='ocrx_word' id='word_1_532' title='bbox 427 4782 503 4864; x_wconf 92' lang='lat' dir='ltr'>quia</span> <span class='ocrx_word' id='word_1_533' title='bbox 517 4784 692 4846; x_wconf 91' lang='lat' dir='ltr'>secundum</span> <span class='ocrx_word' id='word_1_534' title='bbox 714 4785 772 4848; x_wconf 92' lang='lat' dir='ltr'>hoc</span> <span class='ocrx_word' id='word_1_535' title='bbox 795 4804 858 4847; x_wconf 90' lang='lat' dir='ltr'>non</span> <span class='ocrx_word' id='word_1_536' title='bbox 880 4786 994 4848; x_wconf 86' lang='lat' dir='ltr'>luisset</span> <span class='ocrx_word' id='word_1_537' title='bbox 1016 4786 1059 4849; x_wconf 87' lang='lat' dir='ltr'>ita</span> <span class='ocrx_word' id='word_1_538' title='bbox 1073 4788 1176 4850; x_wconf 91' lang='lat' dir='ltr'>incar·</span> <span class='ocrx_word' id='word_1_539' title='bbox 1231 4788 1324 4865; x_wconf 91' lang='lat' dir='ltr'>simo,</span> <span class='ocrx_word' id='word_1_540' title='bbox 1347 4787 1462 4849; x_wconf 86' lang='lat' dir='ltr'>laisum</span> <span class='ocrx_word' id='word_1_541' title='bbox 1487 4796 1536 4849; x_wconf 92' lang='lat' dir='ltr'>est</span> <span class='ocrx_word' id='word_1_542' title='bbox 1560 4787 1646 4868; x_wconf 91' lang='lat' dir='ltr'>quod</span> <span class='ocrx_word' id='word_1_543' title='bbox 1667 4789 1782 4870; x_wconf 88' lang='lat' dir='ltr'>Joseph</span> <span class='ocrx_word' id='word_1_544' title='bbox 1807 4790 1976 4871; x_wconf 89' lang='lat' dir='ltr'>postulavit</span> 
     </span>
     <span class='ocr_line' id='line_1_45' title="bbox 427 4881 1975 4968; baseline 0.006 -26"><span class='ocrx_word' id='word_1_545' title='bbox 427 4889 563 4945; x_wconf 90' lang='lat' dir='ltr'>ceratus.</span> <span class='ocrx_word' id='word_1_546' title='bbox 578 4916 619 4927; x_wconf 89' lang='lat'><em>-</em></span> <span class='ocrx_word' id='word_1_547' title='bbox 639 4881 890 4961; x_wconf 83' lang='lat' dir='ltr'>Quartodecimo,</span> <span class='ocrx_word' id='word_1_548' title='bbox 906 4884 1023 4946; x_wconf 86' lang='lat' dir='ltr'>laisum</span> <span class='ocrx_word' id='word_1_549' title='bbox 1045 4893 1094 4947; x_wconf 91' lang='lat' dir='ltr'>est</span> <span class='ocrx_word' id='word_1_550' title='bbox 1114 4906 1173 4949; x_wconf 91' lang='lat' dir='ltr'>nec</span> <span class='ocrx_word' id='word_1_551' title='bbox 1230 4906 1248 4949; x_wconf 85' lang='lat' dir='ltr'>a</span> <span class='ocrx_word' id='word_1_552' title='bbox 1269 4904 1342 4967; x_wconf 86' lang='lat' dir='ltr'>rege</span> <span class='ocrx_word' id='word_1_553' title='bbox 1356 4894 1391 4947; x_wconf 89' lang='lat' dir='ltr'>ut</span> <span class='ocrx_word' id='word_1_554' title='bbox 1412 4904 1508 4968; x_wconf 90' lang='lat' dir='ltr'>super</span> <span class='ocrx_word' id='word_1_555' title='bbox 1522 4885 1670 4967; x_wconf 88' lang='lat' dir='ltr'>granaria</span> <span class='ocrx_word' id='word_1_556' title='bbox 1683 4885 1803 4950; x_wconf 88' lang='lat' dir='ltr'>iaceret</span> <span class='ocrx_word' id='word_1_557' title='bbox 1822 4906 1856 4949; x_wconf 91' lang='lat' dir='ltr'>se</span> <span class='ocrx_word' id='word_1_558' title='bbox 1875 4896 1975 4951; x_wconf 85' lang='lat' dir='ltr'>custo·</span> 
     </span>
     <span class='ocr_line' id='line_1_46' title="bbox 427 4979 1971 5067; baseline 0.004 -26"><span class='ocrx_word' id='word_1_559' title='bbox 427 4979 525 5042; x_wconf 91' lang='lat' dir='ltr'>ullam</span> <span class='ocrx_word' id='word_1_560' title='bbox 554 4981 773 5061; x_wconf 90' lang='lat' dir='ltr'>apparentiam</span> <span class='ocrx_word' id='word_1_561' title='bbox 801 4981 908 5059; x_wconf 88' lang='lat' dir='ltr'>habet,</span> <span class='ocrx_word' id='word_1_562' title='bbox 938 4983 1023 5062; x_wconf 95' lang='lat' dir='ltr'>quod</span> <span class='ocrx_word' id='word_1_563' title='bbox 1059 4984 1175 5048; x_wconf 89' lang='lat' dir='ltr'>mulier</span> <span class='ocrx_word' id='word_1_564' title='bbox 1230 4985 1302 5047; x_wconf 90' lang='lat' dir='ltr'>dem</span> <span class='ocrx_word' id='word_1_565' title='bbox 1325 5008 1331 5045; x_wconf 95' lang='lat'><strong>:</strong></span> <span class='ocrx_word' id='word_1_566' title='bbox 1353 4985 1428 5065; x_wconf 93' lang='lat' dir='ltr'>quia</span> <span class='ocrx_word' id='word_1_567' title='bbox 1452 4985 1512 5047; x_wconf 92' lang='lat' dir='ltr'>hoc</span> <span class='ocrx_word' id='word_1_568' title='bbox 1538 4984 1613 5047; x_wconf 93' lang='lat' dir='ltr'>mali</span> <span class='ocrx_word' id='word_1_569' title='bbox 1640 4985 1779 5067; x_wconf 92' lang='lat' dir='ltr'>speciem</span> <span class='ocrx_word' id='word_1_570' title='bbox 1802 4986 1971 5049; x_wconf 84' lang='lat' dir='ltr'>habuisset.</span> 
     </span>
     <span class='ocr_line' id='line_1_47' title="bbox 426 5078 1895 5167; baseline 0.004 -25"><span class='ocrx_word' id='word_1_571' title='bbox 426 5078 482 5142; x_wconf 91' lang='lat' dir='ltr'>illa</span> <span class='ocrx_word' id='word_1_572' title='bbox 509 5097 618 5142; x_wconf 90' lang='lat' dir='ltr'>coram</span> <span class='ocrx_word' id='word_1_573' title='bbox 641 5078 714 5141; x_wconf 92' lang='lat' dir='ltr'>aliis</span> <span class='ocrx_word' id='word_1_574' title='bbox 742 5078 871 5142; x_wconf 88' lang='lat' dir='ltr'>leminis</span> <span class='ocrx_word' id='word_1_575' title='bbox 900 5080 979 5143; x_wconf 79' lang='lat' dir='ltr'>dixit</span> <span class='ocrx_word' id='word_1_576' title='bbox 1001 5083 1087 5163; x_wconf 88' lang='lat' dir='ltr'>quod</span> <span class='ocrx_word' id='word_1_577' title='bbox 1111 5084 1172 5145; x_wconf 91' lang='lat' dir='ltr'>nisi</span> <span class='ocrx_word' id='word_1_578' title='bbox 1230 5083 1291 5147; x_wconf 92' lang='lat' dir='ltr'>Sed</span> <span class='ocrx_word' id='word_1_579' title='bbox 1304 5082 1424 5146; x_wconf 92' lang='lat' dir='ltr'>Pharao</span> <span class='ocrx_word' id='word_1_580' title='bbox 1439 5083 1543 5166; x_wconf 91' lang='lat' dir='ltr'>primo</span> <span class='ocrx_word' id='word_1_581' title='bbox 1558 5083 1618 5147; x_wconf 91' lang='lat' dir='ltr'>boc</span> <span class='ocrx_word' id='word_1_582' title='bbox 1639 5083 1754 5146; x_wconf 93' lang='lat' dir='ltr'>obtulit</span> <span class='ocrx_word' id='word_1_583' title='bbox 1767 5084 1895 5167; x_wconf 89' lang='lat' dir='ltr'>Joseph.</span> 
     </span>
     <span class='ocr_line' id='line_1_48' title="bbox 425 5175 1972 5267; baseline 0.003 -26"><span class='ocrx_word' id='word_1_584' title='bbox 425 5177 541 5260; x_wconf 88' lang='lat' dir='ltr'>Joseph</span> <span class='ocrx_word' id='word_1_585' title='bbox 555 5175 618 5238; x_wconf 90' lang='lat' dir='ltr'>sibi</span> <span class='ocrx_word' id='word_1_586' title='bbox 634 5177 837 5255; x_wconf 87' lang='lat' dir='ltr'>consentiret,</span> <span class='ocrx_word' id='word_1_587' title='bbox 856 5178 1068 5243; x_wconf 87' lang='lat' dir='ltr'>incarceraret</span> <span class='ocrx_word' id='word_1_588' title='bbox 1086 5200 1174 5244; x_wconf 92' lang='lat' dir='ltr'>eum·</span> <span class='ocrx_word' id='word_1_589' title='bbox 1270 5181 1428 5244; x_wconf 90' lang='lat' dir='ltr'>Vicesimo</span> <span class='ocrx_word' id='word_1_590' title='bbox 1443 5181 1556 5264; x_wconf 92' lang='lat' dir='ltr'>primo,</span> <span class='ocrx_word' id='word_1_591' title='bbox 1568 5182 1685 5245; x_wconf 86' lang='lat' dir='ltr'>laisum</span> <span class='ocrx_word' id='word_1_592' title='bbox 1700 5184 1845 5265; x_wconf 91' lang='lat' dir='ltr'>estquod</span> <span class='ocrx_word' id='word_1_593' title='bbox 1860 5183 1972 5267; x_wconf 86' lang='lat' dir='ltr'>Joseph</span> 
     </span>
     <span class='ocr_line' id='line_1_49' title="bbox 424 5273 1972 5364; baseline 0.004 -24"><span class='ocrx_word' id='word_1_594' title='bbox 424 5278 509 5340; x_wconf 85' lang='lat' dir='ltr'>dem</span> <span class='ocrx_word' id='word_1_595' title='bbox 535 5310 576 5322; x_wconf 91' lang='lat'>-</span> <span class='ocrx_word' id='word_1_596' title='bbox 598 5273 849 5357; x_wconf 84' lang='lat' dir='ltr'>Quintodecimo,</span> <span class='ocrx_word' id='word_1_597' title='bbox 874 5276 991 5340; x_wconf 82' lang='lat' dir='ltr'>falsum</span> <span class='ocrx_word' id='word_1_598' title='bbox 1015 5287 1064 5341; x_wconf 90' lang='lat' dir='ltr'>est</span> <span class='ocrx_word' id='word_1_599' title='bbox 1088 5282 1172 5361; x_wconf 92' lang='lat' dir='ltr'>quod</span> <span class='ocrx_word' id='word_1_600' title='bbox 1228 5281 1353 5346; x_wconf 90' lang='lat' dir='ltr'>occulte</span> <span class='ocrx_word' id='word_1_601' title='bbox 1368 5280 1521 5345; x_wconf 88' lang='lat' dir='ltr'>revelavit</span> <span class='ocrx_word' id='word_1_602' title='bbox 1542 5280 1632 5343; x_wconf 85' lang='lat' dir='ltr'>lratri</span> <span class='ocrx_word' id='word_1_603' title='bbox 1647 5298 1704 5345; x_wconf 88' lang='lat' dir='ltr'>suo</span> <span class='ocrx_word' id='word_1_604' title='bbox 1719 5280 1886 5364; x_wconf 82' lang='lat' dir='ltr'>benjamin</span> <span class='ocrx_word' id='word_1_605' title='bbox 1906 5301 1972 5346; x_wconf 88' lang='lat' dir='ltr'>essa</span> 
     </span>
    </p>
   </div>
   <div class='ocr_carea' id='block_1_3' title="bbox 0 0 2160 6248">
    <p class='ocr_par' dir='ltr' id='par_1_4' title="bbox 0 0 2160 6248">
     <span class='ocr_line' id='line_1_50' title="bbox 0 0 2160 6248; baseline 0 0"><span class='ocrx_word' id='word_1_606' title='bbox 0 0 2160 6248; x_wconf 95' lang='lat' dir='ltr'> </span> 
     </span>
    </p>
   </div>
  </div>
 </body>
</html>
