4309 6250
449 473 510 538 60ss
537 493 577 538 ult
598 491 809 539 aodroalrara
831 492 925 540 sum
946 491 1116 540 commeta
1136 491 1174 538 ET
1194 493 1363 540 emensus
1384 492 1524 555 concreti,
1548 496 1636 541 traha
1656 496 1690 542 11.
1712 513 1754 524 ·-
1773 495 1845 542 ΑΜ.
1867 495 1918 542 xlv

453 681 533 740 ram,
549 651 610 726 'erit
624 662 756 744 ligatum
771 663 849 726 etin
866 661 1046 726 coelis.Post
1061 682 1201 727 resurre-
1216 661 1242 724 Δ
1451 687 1695 754 ARTICULUS
1714 688 1807 752 XIV·

453 762 591 824 ctionem
607 779 683 824 vero
698 761 842 824 eamdem
857 760 976 843 ligandi
992 761 1200 843 solvendique
1286 811 1333 869 De
1369 809 1489 869 “ihm
1512 831 1531 867 n
1581 811 1654 868 ehi
1681 811 1705 886 s
1741 811 1805 868 ms
1823 811 1854 870 U
1850 811 1874 868 d
1873 813 1906 868 al
1931 811 1965 867 ,εἰ

453 865 641 940 potestatem
665 859 779 922 ceteris
799 859 1012 923 communiter
1032 858 1200 941 discipulis
1347 830 1368 886 ¹
1488 831 1757 960 {fn‘SYmeZera
1875 831 1934 954 ,η

390 976 528 1027 .u.cum
550 957 585 1019 B.
603 957 693 1020 Petro
718 957 888 1034 commisit,
909 957 1018 1020 dicans
1036 981 1043 1019 :
1061 959 1199 1032 Quorum
1412 1030 1418 1041 ⁵
1668 970 1672 979 ·
1760 946 1766 958 ’
2108 1004 2109 1039 ,

333 1073 339 1084 ·
454 1054 640 1118 remiseritis
660 1063 801 1135 peccata,
817 1055 1024 1118 remittuntur
1046 1055 1105 1118 cis.
1122 1054 1199 1117 Huic
1326 1057 1519 1138 DhLlllGUS,
1545 1057 1644 1122 irater
1667 1058 1794 1121 Ordinis
1818 1058 1987 1122 Praedicato

454 1153 624 1216 concordat
652 1153 737 1234 quod
767 1171 863 1234 super
890 1161 1036 1235 quartum
1068 1153 1200 1215 Senten-
1344 1172 1426 1231 rum,
1462 1154 1639 1237 discipulus
1672 1155 1792 1218 Alberti
1826 1155 1933 1236 ldagni,
1958 1156 1986 1218 in

453 1252 579 1329 harum,
608 1249 812 1315 distinctione
841 1251 1061 1331 nonadecima,
1087 1251 1201 1314 asserit
1255 1252 1385 1315 Summa
1413 1271 1481 1331 sua,
1511 1252 1593 1316 libro
1622 1261 1721 1333 sexto,
1748 1253 1795 1316 sic
1822 1253 1868 1315 ait
1889 1277 1897 1316 ε
1920 1252 1986 1326 Ouia

453 1350 588 1413 Thomas
605 1370 612 1409 :
628 1349 675 1411 Ad
699 1350 933 1413 ahsolutionem
954 1369 973 1413 a
997 1357 1128 1431 peccato
1152 1369 1201 1412 re-
1254 1350 1295 1413 de
1309 1351 1545 1432 comparatione
1559 1352 1782 1434 Apostolorum
1802 1352 1841 1414 ad
1862 1351 1984 1414 invicem

453 1449 590 1530 quiritur
611 1448 728 1530 duplex
745 1456 896 1530 potestas,
913 1447 1036 1511 scilicet
1060 1456 1200 1529 potestas
1254 1446 1438 1530 frequenter
1460 1448 1622 1528 quaeritur,
1645 1448 1752 1511 dicam
1775 1450 1860 1530 quod
1885 1450 1984 1530 sentio,
2109 1436 2110 1497 ἶ

453 1547 574 1611 ordinis
600 1555 633 1609 et
660 1556 798 1628 potestas
824 1546 1069 1627 jurisdictionis.
1097 1546 1200 1609 Prima
1256 1546 1477 1626 scilicetquod
1498 1544 1608 1608 Petrus
1628 1554 1661 1608 et
1677 1545 1794 1609 Paulus
1814 1565 1877 1610 uon
1897 1547 1985 1610 solum

451 1645 616 1728 aequaliter
643 1653 691 1707 est
724 1645 757 1708 in
791 1644 1005 1708 sacerdotibus
1038 1644 1196 1708 omnibus.
1254 1652 1408 1725 quantum
1431 1645 1470 1706 ad
1495 1645 1769 1708 consecrationem
1790 1653 1824 1708 et
1845 1645 1983 1723 ordinem,

452 1745 538 1823 ldeo,
554 1744 608 1807 ubi
633 1744 797 1822 Dominus,
814 1743 942 1807 loannis
966 1744 1130 1823 vicesimo,
1146 1743 1200 1807 de
1254 1742 1390 1824 qualiter
1416 1742 1513 1804 etiam
1541 1742 1647 1806 omnis
1675 1743 1845 1825 episcopus
1871 1763 1924 1825 par
1947 1752 1985 1806 est

452 1843 500 1909 dit
530 1841 679 1906 omnibus
707 1841 867 1923 Apostolis
900 1841 1113 1904 communiter
1145 1841 1238 1923 po·B
1256 1841 1357 1923 Papae,
1378 1840 1433 1903 sed
1458 1848 1490 1902 et
1513 1848 1667 1921 quantum
1692 1841 1731 1903 ad
1756 1841 1985 1905 administratio

454 1949 600 2004 testatem
629 1941 810 2004 remittendi
839 1949 980 2022 peccata,
1010 1941 1201 2022 intelligitur
1256 1958 1330 2002 nem
1353 1958 1446 2020 pares
1469 1937 1600 2001 luerunt
1616 1938 1787 2020 :quoniam
1812 1939 1903 2002 aliter
1921 1939 1986 2002 Pau·
2110 2004 2111 2017 ,

454 2041 493 2103 de
523 2046 677 2122 potestate
700 2057 771 2120 quae
797 2039 1002 2120 consequitur
1024 2039 1198 2102 ordinem:
1256 2039 1306 2100 lus
1334 2055 1399 2100 non
1428 2056 1485 2119 per
1507 2036 1662 2118 aequalem
1687 2037 1900 2102 conditionem
1924 2057 1986 2120 apo
2110 2032 2111 2061 ¹

454 2138 538 2200 unde
558 2145 590 2200 et
608 2137 836 2218 sacerdotibus,
852 2137 979 2217 quando
1000 2137 1199 2217 ordinantur,
1256 2135 1404 2199 stolatum
1419 2156 1512 2199 suum
1527 2137 1625 2217 (quod
1646 2155 1764 2199 nomen
1783 2137 1889 2218 potius
1908 2147 1985 2200 sonat

454 2236 552 2299 verba
577 2235 632 2299 illa
652 2235 813 2298 dicuntur.
831 2235 891 2298 Sed
916 2235 1006 2298 Petro
1027 2234 1115 2297 dedit
1138 2235 1202 2296 sin·
1255 2234 1562 2298 administrationem
1585 2234 1673 2296 missi
1694 2253 1791 2316 quam
1814 2235 1933 2299 ordinis
1947 2237 1986 2297 di-

454 2335 605 2417 gulariter
633 2341 820 2417 potestatem
853 2333 1035 2396 remittendi
1072 2342 1201 2415 peccata
1256 2333 1423 2414 gnitatem)
1445 2333 1635 2415 apostolatui
1663 2333 1744 2396 Petri
1773 2345 1984 2416 comparasset

334 2458 424 2502 narrt.
455 2433 509 2497 ubi
532 2433 587 2512 ait,
604 2433 673 2496 Tihi
695 2433 777 2496 dabo
798 2432 904 2496 claves
927 2432 1015 2513 regni
1034 2432 1198 2510 coelorum,
1256 2430 1377 2512 dicens,
1393 2429 1451 2504 Qui
1467 2438 1616 2541 operatus
1630 2439 1680 2494 est
1693 2431 1785 2495 Petro
1798 2432 1832 2494 in
1846 2434 2064 2517 ιιροειοΙιιΜ
2066 2475 2086 2515 ι
2111 2456 2112 2465 ¹

308 2534 351 2572 ¹¹
337 2524 398 2565 ¹¹¹
454 2541 528 2611 etc,
557 2540 591 2595 ut
615 2531 810 2612 intelligatur
832 2531 951 2612 quod
943 2551 1012 2614 ipse
1041 2550 1105 2612 prae
1129 2531 1201 2594 aliis
1257 2537 1324 2591 tum
1347 2529 1598 2592 circumcisionis
1601 2539 1774 2612 ,operatus
1797 2539 1847 2594 est
1868 2540 1899 2594 ct
1919 2532 1983 2594 mihi

455 2631 550 2694 habet
573 2637 759 2712 potestatem
780 2629 1018 2710 jurisdictionis.
1037 2629 1199 2707 Praeterea,
1255 2627 1556 2708 intergentesuec
1576 2627 1606 2690 ei
1626 2627 1796 2691 infaciem
1810 2629 1982 2692 restitisset·
1994 2663 2069 2705 trau
2111 2632 2112 2747 ¹

312 2749 551 2812 cue.11.essuper
579 2729 656 2791 illud
685 2728 787 2805 Lucae,
818 2728 997 2810 Assumpsit
1028 2729 1119 2791 lesus
1147 2727 1201 2791 Pe-
1256 2725 1342 2806 quia,
1360 2733 1396 2787 ut
1412 2725 1491 2788 dicit
1507 2725 1727 2808 Hieronymus,
1744 2724 1853 2790 Petrus
1871 2726 1983 2790 Paulum

456 2837 549 2905 trum,
576 2826 727 2890 Jacohum
752 2833 784 2889 et
807 2826 971 2904 loannem,
995 2825 1107 2888 scribit
1128 2829 1202 2888 Am·
1257 2823 1469 2933 reprehendit,
1499 2824 1583 2906 quod
1611 2843 1676 2888 oon
1705 2825 1847 2904 auderet,
1876 2826 1933 2888 nisi
1956 2844 1984 2888 se

455 2925 580 2988 hrosius
598 2949 604 2985 :
621 2925 730 2986 Petrus
745 2924 899 3001 ascendit,
916 2925 970 3004 qui
990 2923 1096 2987 claves
1111 2925 1201 3006 regni
1256 2941 1320 2984 uon
1335 2921 1489 3003 imparem
1509 2922 1616 2985 sciret.
1631 2922 1671 2984 Et
1687 2921 1855 2986 Gratianus
1872 2924 1982 3005 quidem

455 3026 608 3088 coelorum
623 3023 758 3104 accepit.
769 3021 930 3100 Similiter,
939 3041 1034 3104 super
1048 3023 1127 3086 illud
1142 3024 1201 3086 Lu·
1218 3022 1241 3086 (l
1256 3020 1386 3101 exponit
1400 3020 1459 3084 hoc
1478 3021 1519 3082 dc
1540 3020 1675 3102 puritate
1693 3021 1768 3084 vita
1789 3030 1822 3084 et
1836 3022 1983 3085 sanctitate

324 3148 383 3191 reru.
404 3160 441 3198 ιι,
456 3144 511 3202 cae,
527 3122 577 3185 hit
598 3130 703 3185 autem
726 3121 755 3183 ei
770 3120 909 3201 (scilicet
929 3119 1063 3201 Christo)
1078 3119 1198 3201 Petrus,
1257 3117 1529 3197 conversationis3
1553 3119 1608 3182 sed
1633 3119 1700 3183 hac
1725 3120 1878 3202 expositio
1900 3119 1982 3183 exori

305 3214 340 3255 ¹¹·
455 3221 599 3297 Domine,
629 3220 668 3283 ad
697 3238 755 3283 nos
782 3219 865 3281 dicis
893 3220 975 3281 hanc
1003 3221 1197 3301 parabolam,
1256 3236 1321 3281 non
1335 3226 1499 3298 consonat,
1514 3217 1589 3299 quia
1603 3218 1793 3299 redarguere
1814 3238 1915 3283 coram
1928 3238 1983 3282 om-

454 3342 494 3383 an
519 3321 559 3383 ad
581 3321 714 3383 omnesl
735 3318 811 3380 dicit
834 3318 1056 3399 Theophilus:
1079 3319 1198 3398 Petrus,
1256 3315 1351 3379 nibus
1375 3315 1479 3397 potius
1504 3316 1643 3397 pertinet
1664 3316 1704 3378 ad
1727 3316 1876 3379 cilicium
1898 3316 1983 3379 eccle

454 3419 504 3483 cui
530 3419 595 3500 jam
622 3417 792 3480 commissa
815 3415 919 3479 iuerat
939 3416 1093 3495 Ecclesia,
1108 3419 1199 3500 quasi
1257 3414 1392 3477 siasticae
1410 3413 1574 3495 dignitatis
1587 3414 1648 3494 (illi
1667 3414 1755 3477 enim
1774 3416 1888 3477 dicitur
1901 3439 1909 3477 e
1922 3415 2086 3485 lec-nna.

453 3518 597 3581 omnium
619 3534 728 3579 curam
749 3533 873 3597 geraha,
892 3514 1035 3595 inquirit.
1257 3520 1365 3575 cantes
1391 3530 1499 3574 coram
1528 3511 1678 3575 omnihus
1706 3516 1819 3595 argue)
1841 3532 1929 3596 quam
1950 3513 1982 3574 ad

492 3615 538 3677 Ad
568 3615 634 3677 haec
664 3613 929 3694 respondendum,
955 3614 1040 3694 quod
1069 3614 1199 3695 quidam
1257 3610 1455 3673 sanctitatem
1470 3610 1792 3691 conversationis,cui
1807 3611 1983 3675 distructi·
2001 3636 2067 3681 ras.

452 3712 600 3775 dixerunt
627 3710 717 3773 Petro
745 3710 851 3772 claves
879 3727 949 3771 esse
978 3708 1110 3772 collatas
1143 3728 1201 3790 per
1255 3730 1317 3792 gue
1342 3728 1415 3771 eum
1439 3708 1523 3771 inter
1542 3716 1573 3771 ta
1596 3717 1629 3770 et
1650 3708 1755 3791 ipsum
1776 3710 1887 3773 solum.
1902 3711 1936 3772 llt
1954 3702 2068 3770 ιιιιῐιῌί

453 3810 583 3872 inducta
615 3808 712 3870 verba
744 3806 827 3887 apud
858 3804 1037 3869 Matthaeum
1071 3806 1199 3887 scripta,
1256 3809 1296 3871 de
1314 3806 1464 3870 omnihus
1483 3805 1643 3888 Apostolis
1665 3806 1822 3886 dicamus,
1839 3807 1982 3871 sciendum

334 3924 377 3968 ara
380 3922 425 3967 ιιι.
452 3925 560 3988 quum
576 3905 620 3967 ait
644 3904 819 3967 Salvator.
843 3902 911 3965 Tihi
937 3903 1030 3981 daho,
1053 3912 1115 3967 etc.
1139 3903 1200 3965 Sed
1256 3913 1304 3967 est
1326 3904 1410 3985 quod
1431 3911 1536 3986 potest
1557 3903 1590 3965 in
1612 3904 1658 3966 eis
1680 3905 1873 3968 considerari
1892 3914 1984 3967 aucto·

305 4000 340 4030 ¹¹¹
319 3987 391 4036 ¹¹·'¹⁹
451 4005 536 4068 Bada
554 4012 587 4066 et
604 4002 658 4065 alii
684 4001 916 4081 contradicunt,
933 4010 966 4063 et
984 4001 1095 4063 dicunt
1115 4002 1199 4082 quod
1256 4003 1334 4066 ritas
1367 4001 1545 4084 personalis
1579 4011 1612 4065 et
1645 4004 1868 4067 successionis.
1896 4004 1985 4066 Primo

452 4104 516 4167 illis
541 4102 648 4166 verbis
673 4119 738 4164 non
762 4101 853 4178 datae,
872 4102 926 4163 sed
949 4100 1113 4181 promissae
1132 4099 1202 4163 iue—
1255 4102 1350 4165 modo
1378 4100 1556 4163 hahuerunt
1583 4119 1695 4164 omues
1723 4121 1788 4166 non
1817 4104 1916 4165 solum
1940 4120 1986 4185 pa·

453 4210 527 4266 runt
537 4202 627 4265 Petro
642 4198 798 4263 claves.ld
814 4216 938 4279 quoque
954 4198 1049 4261 etiam
1064 4199 1199 4262 Thomas
1215 4199 1242 4263 h
1256 4220 1334 4279 rem,
1352 4200 1406 4262 sed
1430 4198 1527 4261 etiam
1551 4199 1696 4263 eamdem
1720 4202 1945 4265 auctoritatem.
1958 4199 1985 4261 Si

338 4339 387 4383 eu·
402 4329 436 4370 re,
452 4300 485 4365 in
511 4301 641 4363 Summa
666 4305 776 4362 contra
800 4296 947 4378 gentiles,
968 4297 1050 4360 lihro
1074 4306 1197 4379 quarto,
1256 4299 1342 4361 enim
1360 4298 1439 4361 ordo
1457 4296 1615 4361 intereos
1636 4296 1761 4379 luisset,
1778 4319 1861 4362 unus
1880 4300 1918 4362 ab
1934 4296 1985 4360 alio

451 4406 593 4461 testatur.
610 4432 650 4443 -—
663 4397 710 4459 Ad
729 4394 932 4458 auctoritates
953 4414 1028 4458 vero
1047 4397 1199 4459 adductas
1255 4396 1474 4460 auctoritatam
1503 4397 1690 4478 sumpsisset
1716 4420 1723 4457 ι
1749 4398 1836 4478 quod
1863 4417 1923 4461 non
1946 4403 1986 4459 est

404 4556 413 4573 ,
451 4498 515 4560 dici
531 4504 645 4578 potest,
662 4495 747 4576 quod
764 4495 819 4557 illo
834 4494 904 4558 loco
920 4513 977 4557 seu
998 4494 1199 4558 antechristi
1255 4516 1378 4575 vorum,
1394 4514 1493 4577 quum
1507 4514 1619 4559 omnes
1637 4495 1819 4559 immediate
1842 4517 1861 4560 a
1880 4496 1986 4560 Christo

451 4594 632 4677 passionem
647 4593 756 4657 Petrus
777 4593 882 4655 claves
902 4592 1027 4675 accepit
1046 4602 1076 4655 et
1091 4593 1199 4657 Eccle
1256 4595 1475 4658 auctoritatem
1489 4594 1684 4675 acceperint.
1702 4594 1762 4657 Sed
1782 4596 1918 4659 secundo
1931 4612 1987 4656 mc

451 4692 498 4756 sia
526 4692 586 4754 sibi
615 4690 785 4755 commissa
813 4688 886 4768 luit,
913 4710 977 4753 non
1006 4690 1083 4753 reali
1111 4692 1199 4754 exhi·
1255 4694 1296 4756 do
1317 4692 1376 4756 soli
1397 4692 1487 4754 Petro
1508 4690 1624 4754 collata
1644 4700 1694 4754 cst
1712 4692 1780 4755 hace
1801 4701 1944 4775 potestas,
1958 4699 1986 4752 ut

450 4791 583 4869 bitionc,
609 4790 664 4853 sed
692 4798 778 4852 carta
798 4790 1008 4872 promissione
1035 4812 1041 4851 ι
1068 4810 1142 4854 nam
1167 4799 1199 4853 et
1256 4790 1379 4854 scilicet
1399 4790 1448 4852 sui
1470 4808 1671 4853 successores
1692 4790 1849 4855 haherent
1866 4791 1986 4874 plonitu

451 4890 566 4953 ceteris
590 4888 749 4971 Apostolis
775 4896 848 4949 aute
872 4887 987 4951 Christi
1017 4889 1198 4970 passionem
1254 4889 1363 4951 dinem
1387 4887 1552 4969 potcstatis
1575 4888 1677 4969 :quia
1700 4888 1730 4951 ei
1755 4890 1816 4952 soli
1841 4888 1985 4953 commisit
2001 4915 2085 4958 mm

452 4989 616 5071 promissa
644 4988 792 5069 leguntur
819 4986 868 5049 hae
898 4986 1003 5049 clavas
1032 4996 1088 5048 aut
1119 4987 1199 5051 datie
1254 4986 1394 5049 Christus
1408 5004 1484 5049 oves
1503 5005 1588 5065 suas,
1604 4994 1635 5048 et
1656 5006 1857 5051 successores
1870 4990 1985 5069 hposto
1997 4985 2020 5024 ¹¹·

451 5087 697 5169 quodammodo,
722 5104 820 5167 quum
845 5084 928 5165 apud
952 5084 1130 5148 lllatthaeum
1154 5085 1199 5149 lo-
1254 5085 1357 5149 lorum
1381 5083 1414 5147 iu
1438 5092 1561 5165 partem
1584 5083 1810 5149 sollicitudinis
1836 5094 1983 5151 vocantur.

337 5200 424 5248 Μιιιι.
452 5192 544 5248 cutus
559 5192 607 5245 est
621 5182 762 5245 Christus
776 5181 1007 5263 :Quacumque
1022 5181 1197 5261 ligaveritis
1253 5184 1369 5265 Sioque
1383 5184 1462 5247 ordo
1480 5184 1705 5247 ecclesiastica
1722 5185 1907 5249 hierarchias
1925 5192 1984 5266 post

302 5279 361 5319 ⁸¹¹¹
379 5269 411 5311 ¹⁸·
452 5282 485 5345 in
508 5290 602 5359 terra,
619 5288 712 5343 erunt
733 5280 830 5363 ligata
850 5287 881 5341 ct
903 5280 937 5341 in
958 5280 1049 5345 coelo.
1253 5282 1500 5347 edificationem
1527 5283 1677 5348 Ecclesia
1705 5284 1739 5347 in
1768 5286 1834 5349 suis
1856 5284 1983 5370 partibus
