4309 6250
421 458 461 524 72
667 479 707 526 D!
727 477 891 526 brentam
911 480 948 524 ΕΤ
968 478 1118 525 clunibus
1139 478 1166 523 B.
1189 478 1219 522 V.
1242 450 1359 531 lania,
1382 476 1471 524 clean
1491 479 1525 524 11.
1546 496 1588 508 ·-
1608 479 1680 526 Anr.
1701 479 1726 528 11

422 667 550 732 quoque
574 648 765 726 maturitate,
792 647 825 710 in
848 666 979 730 gressu3
1005 647 1038 709 in
1067 646 1169 726 vultu,
1185 646 1212 708 Α
1226 652 1314 709 tanta
1328 645 1454 709 llariam
1469 646 1578 730 gratiae
1596 648 1794 730 plenitudine
1812 648 1977 713 decoravit

424 746 632 830 pudicissima
655 745 812 829 puritate;
839 745 872 807 in
897 744 1072 823 intellectu,
1098 763 1173 826 pru·
1226 753 1263 806 nt
1285 744 1392 807 decuit
1414 764 1484 807 earn
1508 747 1614 809 ornari
1636 748 1677 810 ad
1699 748 1773 829 boc,
1798 748 1977 811 secundum

422 843 551 922 dentia3
575 844 608 905 in
630 834 780 926 cogitatu,
804 842 980 921 munditia3
1004 841 1170 920 modestia,
1227 843 1431 905 moderamen
1445 842 1609 924 sapientia
1625 867 1633 905 ε
1649 852 1682 906 et
1700 843 1783 906 sicut
1801 845 1893 908 beata
1907 845 1978 908 Vir-

424 941 459 1004 in
479 941 610 1022 anditu;
627 941 847 1023 temperantia,
865 940 897 1003 in
918 940 1060 1018 affectn3
1083 959 1173 1003 vere·
1227 957 1267 1021 go
1293 959 1357 1022 pra
1383 940 1498 1003 ceteris
1522 940 1645 1005 Christo
1673 940 1735 1004 fnit
1754 943 1975 1025 propinquior,

425 1040 554 1118 cundia,
571 1039 604 1101 in
619 1041 771 1122 adspectu
785 1063 793 1117 ;
808 1047 903 1120 atque
925 1039 958 1100 in
973 1039 1061 1102 omni
1076 1058 1173 1101 sensu
1228 1039 1273 1101 sic
1293 1038 1332 1100 ad
1352 1037 1584 1119 plenitudinem
1604 1039 1712 1122 gratiae
1727 1041 1841 1104 Christi
1862 1041 1978 1124 ampli-

424 1146 457 1200 et
470 1137 613 1220 eorporis
627 1147 728 1220 gestu,
739 1137 914 1200 relucentia
927 1137 1081 1201 virtutum
1097 1155 1174 1218 prae
1229 1155 1267 1198 us
1289 1135 1525 1219 propinquavit.
1543 1137 1581 1199 Et
1600 1145 1667 1201 erat
1686 1138 1802 1220 triplex
1820 1138 1978 1221 perfectio

427 1237 530 1318 cipua.
547 1237 618 1300 llaec
640 1237 805 1300 Henricus.
1229 1233 1338 1316 gratie
1365 1233 1400 1296 in
1426 1253 1463 1296 ea
1485 1257 1492 1296 :
1514 1252 1579 1297 una
1601 1235 1692 1316 quasi
1720 1236 1907 1317 dispositiva
1934 1239 1978 1300 ad

466 1335 677 1412 Preterea,ad
692 1335 935 1416 intelligendum
950 1334 1088 1397 lucidius
1102 1353 1176 1415 qua·
1229 1332 1290 1393 boc
1311 1332 1396 1412 quod
1420 1330 1515 1394 fieret
1537 1332 1634 1395 Mater
1655 1333 1731 1410 Dei3
1753 1334 1815 1396 alia
1838 1353 1877 1396 ex
1897 1354 1980 1417 prae·

428 1432 501 1494 liter
527 1431 693 1514 plenitudo
725 1432 818 1494 aliter
852 1440 1012 1513 competat
1038 1432 1173 1510 Christo,
1230 1427 1331 1490 sentia
1357 1428 1429 1490 Filii
1454 1428 1509 1490 Dei
1534 1429 1569 1491 in
1593 1429 1664 1510 ejus
1689 1440 1779 1494 utero
1804 1431 1976 1511 incarnati,

427 1529 519 1593 aliter
533 1529 657 1611 Virgini
672 1530 859 1607 benedicte,
877 1531 1075 1611 pensandum
1090 1530 1175 1611 quod
1229 1534 1261 1589 et
1289 1524 1356 1588 baec
1380 1525 1443 1587 fuit
1473 1526 1576 1607 maior
1604 1545 1700 1608 quam
1725 1529 1854 1610 prima3
1882 1530 1980 1594 tertia

281 1645 412 1700 ququo.
428 1627 462 1690 in
489 1627 581 1690 tertia
607 1636 696 1710 parte
724 1628 861 1692 Summa
889 1647 953 1690 sua
981 1627 1013 1690 S.
1040 1628 1175 1691 Thomas
1229 1623 1291 1686 fuit
1304 1624 1337 1686 in
1353 1623 1423 1705 ejus
1438 1624 1685 1705 glorificatione,
1698 1627 1825 1707 quando
1842 1627 1980 1708 conjun-

427 1725 601 1788 conscribit
630 1750 637 1788 ε
667 1725 831 1789 Plenitudo
864 1725 1038 1807 (inquiens)
1066 1726 1175 1808 gratiae
1230 1731 1281 1785 cta
1305 1730 1354 1786 est
1378 1721 1489 1786 ultimo
1514 1722 1573 1785 fini
1595 1743 1652 1806 per
1672 1724 1806 1806 gratiam
1828 1745 1981 1790 consum-

425 1823 545 1886 attendi
571 1832 674 1905 polest
697 1824 869 1905 dupliciter
894 1848 901 1886 :
929 1842 992 1887 uno
1017 1824 1112 1886 modo
1136 1827 1211 1889 exB
1229 1829 1358 1883 metam.

426 1931 515 2002 parte
533 1923 662 2003 gratiae,
679 1922 742 1986 alio
763 1923 856 1985 modo
882 1941 919 1984 ex
945 1930 1032 2003 parte
1056 1922 1175 1984 baben·
1268 1919 1430 1997 Praeterea,
1447 1920 1486 1982 de
1502 1920 1700 2001 plenitudine
1714 1921 1822 2002 gratiae
1837 1922 1980 2004 l'irginis

425 2020 466 2082 tis
487 2021 631 2102 gratiam.
658 2021 702 2083 Ex
725 2029 814 2101 parte
834 2021 942 2102 gratiae
964 2019 1082 2082 dicitur
1104 2039 1174 2082 esse
1228 2017 1508 2080 venerandissima
1533 2018 1644 2080 scribit
1669 2019 1816 2081 albertus
1840 2018 1873 2082 in
1895 2019 1981 2084 libro

424 2117 589 2200 plenitudo
617 2138 654 2180 ex
682 2137 720 2181 eo
749 2118 834 2198 quod
861 2118 934 2199 quis
957 2117 1111 2199 pertingit
1133 2119 1172 2180 ad
1228 2116 1268 2178 de
1287 2116 1447 2179 Laudibus
1467 2116 1548 2197 ejus.
1564 2116 1749 2179 Beatissima
1763 2117 1859 2199 Virgo
1876 2118 1980 2200 gratia
2009 2142 2100 2186 amnt

425 2235 585 2278 summum
608 2217 717 2297 gratiae
738 2216 882 2296 gradum,
902 2223 935 2277 et
955 2224 1109 2297 quantum
1133 2217 1172 2278 ad
1229 2212 1290 2275 fuit
1305 2214 1399 2296 plena
1416 2238 1423 2276 ε
1440 2215 1555 2296 primo,
1568 2215 1718 2296 quoniam
1733 2234 1845 2279 omnes
1858 2216 1979 2299 gratias
1993 2218 2093 2261 ΨΜ·
2143 2292 2144 2305 ¹

425 2312 496 2394 ejus
521 2313 692 2375 essentiam
717 2320 749 2375 et
772 2321 926 2394 quantum
952 2313 990 2374 ad
1014 2312 1087 2394 ejus
1111 2313 1173 2375 vir·
1228 2312 1392 2393 generales
1417 2321 1449 2374 et
1472 2312 1628 2393 speciales
1651 2313 1795 2376 omnium
1819 2322 1980 2378 ereatura-

425 2418 536 2490 tutem,
566 2410 639 2491 qnia
674 2409 825 2473 videlicet
853 2409 948 2472 babet
975 2409 1110 2492 gratiam
1142 2420 1174 2474 et
1229 2429 1298 2472 rum
1315 2410 1347 2470 in
1362 2428 1487 2472 summo
1507 2409 1663 2486 babebat3
1680 2412 1832 2491 secundo,
1848 2411 1924 2494 quia
1944 2420 1981 2475 et

424 2605 463 2683 ri,
495 2614 526 2668 et
553 2605 587 2667 in
616 2606 753 2667 maxima
779 2604 963 2668 extensione
992 2606 1032 2668 ad
1060 2625 1172 2669 omnes
1229 2604 1473 2682 ravacuafuit3
1491 2605 1761 2687 tertio‚qnoniam
1782 2607 1853 2688 ejus
1874 2608 1980 2690 gratia

424 2703 533 2786 gratiae
561 2701 697 2766 effectus
728 2723 735 2761 z
766 2711 798 2765 et
826 2703 898 2765 talis
930 2703 1039 2785 gratiae
1071 2704 1174 2785 pleni-
1229 2710 1315 2764 tanta
1338 2700 1411 2780 fuit,
1438 2703 1522 2783 quod
1548 2722 1627 2784 pura
1651 2713 1795 2767 creatura
1824 2724 1888 2769 non
1916 2706 1980 2769 fuit

423 2801 500 2863 tudo
523 2808 571 2863 est
595 2801 723 2882 propria
747 2800 881 2864 Christo.
906 2801 1052 2865 Secundo
1073 2810 1173 2864 atten—
1228 2799 1360 2880 majoris
1388 2801 1498 2882 gratiae
1526 2820 1645 2882 cape13
1670 2811 1793 2883 quarto,
1824 2804 1979 2885 quoniam

423 2899 509 2960 ditur
529 2899 693 2984 plenitudo
717 2897 824 2980 gratiae
848 2917 886 2961 ex
910 2907 999 2980 parte
1023 2900 1171 2981 subjecti,
1228 2898 1400 2961 increatam
1426 2898 1570 2979 gratiam,
1594 2919 1663 2980 quan
1687 2900 1770 2963 Deus
1793 2910 1853 2982 est,
1877 2911 1978 2966 totam

423 2997 551 3076 quando
565 2994 679 3077 aliquis
694 2996 789 3058 babet
803 2996 897 3077 plene
912 2998 1045 3078 gratiam
1061 2997 1208 3061 secun-C
1230 2996 1262 3057 in
1284 3015 1319 3058 se
1344 2996 1512 3059 continuit.
1529 2996 1599 3059 llaec
1619 2997 1766 3084 Albertus
1784 2999 1905 3080 prolixe
1923 3001 1981 3064 de·

423 3094 500 3157 dum
522 3112 611 3157 suam
633 3092 849 3157 conditionem
875 3118 881 3157 :
907 3095 974 3159 sive
997 3096 1172 3159 secundum
1229 3095 1338 3173 clarat,
1368 3102 1400 3157 et
1427 3114 1502 3158 sane
1531 3094 1739 3177 intelligenda
1767 3105 1852 3176 sunt,
1878 3116 1979 3180 quum

424 2507 458 2569 in
487 2506 625 2569 maxima
645 2506 834 2569 excellentia
855 2525 918 2588 qua
945 2515 1049 2588 potest
1076 2509 1174 2571 babe-
1228 2506 1301 2569 illas
1314 2506 1431 2588 gratias
1446 2507 1558 2570 babuit
1571 2527 1589 2569 a
1604 2508 1717 2588 quibus
1731 2510 1835 2572 omnis
1855 2518 1981 2573 creatu-

425 3192 648 3271 intensionem,
664 3200 759 3274 prout
773 3193 875 3274 gratia
897 3201 946 3255 est
963 3194 996 3255 in
1011 3213 1049 3257 eo
1070 3195 1175 3258 inten-
1229 3202 1350 3255 certum
1366 3193 1408 3255 sit
1422 3194 1629 3274 capacitatem
1645 3195 1759 3257 animan
1778 3196 1892 3259 Christi
1912 3217 1980 3260 ma-

425 3309 460 3353 sa
492 3310 592 3372 usqne
627 3290 666 3352 ad
695 3290 867 3352 terminum
896 3291 925 3354 ei
960 3292 1128 3373 praefixum
1156 3313 1175 3355 a
1228 3292 1331 3373 jorem
1346 3292 1479 3372 gratiam
1496 3292 1674 3374 suscepisse
1690 3312 1785 3375 quam
1801 3294 1979 3377 fuitgratia

271 3412 410 3469 amoma.
425 3389 499 3465 Deo,
515 3388 604 3469 juxta
625 3388 715 3465 illud,
738 3388 914 3469 Unicuique
938 3397 1082 3452 nostrum
1102 3391 1175 3453 data
1228 3389 1332 3452 blarian
1353 3390 1560 3470 dignissima.
1578 3390 1706 3471 Verum,
1723 3401 1759 3455 ut
1776 3401 1895 3456 tactum
1914 3403 1975 3473 est,
1994 3418 2124 3474 mma

425 3494 474 3549 est
486 3486 588 3567 gratia
603 3486 777 3549 secundnm
799 3504 981 3549 mensuram
997 3487 1174 3551 donationis
1230 3506 1293 3550 non
1324 3488 1431 3551 decuit
1456 3508 1543 3570 purae
1573 3497 1725 3553 creaturae
1748 3490 1781 3553 in
1810 3511 1881 3555 esse
1909 3512 1980 3557 cre-

425 3584 561 3660 Cbristi3
579 3584 756 3647 siveetiam
773 3585 949 3647 secundum
966 3586 1126 3666 virtutem,
1141 3587 1174 3649 in
1229 3596 1280 3650 ato
1316 3586 1502 3649 subsistenti
1535 3587 1670 3669 gratiam
1705 3589 1843 3652 conferri
1877 3593 1981 3673 majo-

426 3690 579 3764 quantum
603 3682 699 3745 babet
720 3679 905 3744 facultatem
924 3683 1030 3763 gratiae
1050 3685 1089 3747 ad
1108 3704 1175 3747 om·
1229 3703 1406 3765 remquam
1428 3684 1552 3765 Virgini
1577 3685 1664 3747 llatri
1691 3686 1745 3748 Dei
1771 3687 1890 3767 electae,
1911 3689 1978 3754 imo

426 3781 480 3844 nia
504 3798 574 3862 quae
598 3779 757 3861 pertinent
785 3781 823 3843 ad
852 3800 944 3843 suum
969 3789 1084 3845 statum
1106 3782 1174 3847 sive
1229 3802 1289 3846 nec
1319 3784 1454 3864 gratiam
1479 3783 1509 3846 ei
1533 3783 1699 3864 aqualem,
1723 3786 1779 3848 sed
1802 3786 1896 3850 valde
1919 3788 1979 3851 mi-

425 3879 583 3944 officium.
600 3879 639 3942 Et
654 3878 724 3941 talis
739 3879 848 3960 gratiae
862 3880 1027 3961 plenitudo
1042 3901 1107 3945 non
1126 3890 1176 3944 est
1229 3900 1351 3945 norem.

425 3978 554 4061 propria
578 3977 712 4055 Christo,
733 3977 787 4039 sed
811 3977 881 4041 aliis
907 3980 1171 4044 communicatur.
1267 3979 1422 4060 Denique,
1439 3978 1522 4041 sicut
1536 3979 1665 4061 ponitur
1679 3989 1792 4044 natura
1810 3992 1978 4067 naturans,

425 4076 540 4158 Sicque
565 4075 658 4137 beata
680 4074 775 4157 Virgo
799 4076 916 4139 dicitur
938 4076 1040 4157 gratia
1064 4078 1170 4159 plena,
1228 4076 1378 4140 videlicet
1401 4078 1483 4139 Deus
1510 4084 1620 4139 auctor
1649 4087 1779 4157 naturae,
1805 4089 1837 4143 et
1863 4090 1980 4147 natura

425 4193 490 4238 non
505 4193 542 4237 ex
557 4180 646 4254 parte
661 4172 779 4254 gratiae,
796 4174 871 4255 quia
891 4192 954 4235 non
974 4173 1086 4236 babuit
1103 4193 1173 4256 gra-
1188 4172 1212 4233 D
1228 4183 1385 4253 naturate,
1400 4176 1432 4237 id
1454 4183 1503 4238 est
1521 4194 1539 4237 a
1558 4176 1622 4239 Deo
1641 4175 1788 4240 instituta
1810 4188 1843 4242 et
1866 4179 1950 4243 facta
1968 4206 1976 4244 ε

424 4272 502 4334 tiam
531 4270 564 4333 in
592 4269 780 4333 excellentia
814 4288 938 4332 summa
973 4289 1036 4351 qua
1069 4279 1174 4354 potest
1228 4273 1494 4354 sic,juxtaverba
1507 4273 1627 4336 Alberti
1642 4280 1979 4361 praetactaestgratia

424 4370 547 4449 baberi,
576 4388 636 4432 nec
666 4369 711 4431 ad
735 4387 845 4432 omnes
880 4366 1017 4431 effectus
1051 4370 1171 4451 gratiae,
1229 4371 1380 4449 increata,
1396 4371 1485 4453 quasi
1501 4370 1603 4452 gratia
1625 4372 1776 4454 gratians,
1792 4375 1823 4438 id
1843 4385 1892 4439 est
1909 4396 1980 4441 orn-

425 4487 524 4550 qunrn
552 4469 665 4530 borum
694 4474 864 4546 utrumque
888 4465 1012 4530 Christo
1037 4468 1079 4530 sit
1102 4487 1174 4549 pro-
1229 4488 1303 4531 nem
1327 4469 1461 4550 gratiam
1486 4478 1623 4532 creatam
1652 4471 1843 4552 producens,
1869 4484 1901 4537 et
1927 4484 1980 4538 est

425 4568 550 4650 prium;
566 4565 621 4627 sed
640 4562 758 4625 dicitur
779 4562 881 4645 gratia
901 4565 1006 4646 plena,
1023 4565 1098 4646 quia
1119 4567 1174 4629 ba·
1229 4566 1297 4647 ipsa
1318 4567 1420 4648 pietas
1440 4586 1496 4628 seu
1516 4566 1734 4631 misericordia
1754 4569 1908 4634 Creatoris
1922 4574 1979 4653 (de

425 4666 521 4729 bebat
541 4661 673 4746 gratiam
696 4660 913 4724 sufficientem
936 4663 974 4725 ad
996 4670 1114 4726 statum
1133 4666 1173 4727 ad
1229 4682 1292 4745 qua
1305 4663 1405 4745 gratia
1420 4671 1524 4744 potest
1543 4664 1688 4746 intelligi,
1705 4668 1790 4747 quod
1812 4669 1978 4749 plenitudo

426 4782 521 4845 quem
552 4767 620 4825 erat
652 4759 753 4823 electa
789 4759 953 4838 divinitus,
983 4770 1019 4823 ut
1050 4762 1175 4826 scilicet
1228 4760 1471 4843 graticedicitur
1491 4761 1646 4825 sellaria
1666 4763 1859 4831 dulcissime
1879 4776 1977 4832 totam

426 4868 511 4925 esset
538 4859 633 4921 Mater
663 4858 730 4920 Dei.
759 4892 800 4904 -
826 4858 969 4939 Insuper,
1000 4857 1034 4920 in
1061 4860 1172 4923 eadem
1228 4868 1322 4941 atque
1336 4859 1476 4922 totaliter
1490 4859 1657 4937 infudisse,
1675 4871 1787 4943 utputa
1806 4864 1905 4928 Filius
1919 4867 1976 4930 Dei

335 4986 376 5026 ur.
392 4985 412 5025 ⁵.
425 4961 567 5034 Summa,
590 4954 763 5037 questione
785 4954 938 5018 vicesima
959 4956 1105 5038 septima,
1130 4966 1175 5020 te·
1227 4957 1261 5019 in
1283 4966 1407 5021 uterum
1427 4958 1497 5038 ejus
1516 4958 1724 5039 descendere,
1740 4969 1774 5024 et
1792 4982 1830 5025 ex
1847 4981 1887 5026 ea
1909 4984 1979 5027 car-

426 5065 526 5121 statur
554 5077 561 5116 :
588 5052 663 5116 lllos
690 5071 770 5133 quos
791 5052 872 5115 Deus
894 5054 933 5115 ad
960 5054 1081 5135 aliquid
1110 5056 1174 5118 ele·
1228 5075 1303 5119 nem
1337 5059 1542 5136 assumens);
1573 5057 1635 5119 alia
1663 5060 1842 5141 appellatur
1874 5064 1978 5145 gratia

424 5155 481 5237 git,
498 5153 541 5215 ita
562 5158 718 5234 preparat
738 5169 775 5213 ac
797 5150 947 5231 disponit,
965 5161 998 5215 ut
1018 5152 1057 5215 ad
1080 5153 1172 5216 idad
1227 5154 1372 5237 gratiata,
1397 5155 1459 5217 hoc
1487 5162 1536 5217 est
1563 5156 1728 5236 producta,
1758 5169 1897 5242 causata,
1927 5161 1977 5224 in-

424 5252 509 5337 qnod
535 5250 707 5333 eliguntur,
730 5248 936 5313 inveniantur
959 5250 1077 5316 idonei.
1098 5252 1171 5317 ldeo
1227 5251 1311 5316 fuae.
