4309 6250
318 517 467 565 braccatis
489 518 719 566 nrsrtrrxttoltts
740 518 831 565 man
851 518 1059 568 centemnunt
1080 521 1119 566 ET
1139 520 1355 570 SARRACBNUH.
1377 541 1418 554 ···
1438 522 1509 569 ΑΜ.
1532 523 1565 570 TV
1655 504 1716 569 m

166 695 283 765 mulce,
301 688 431 752 claudos
445 708 464 751 a
478 688 641 753 nativitate
656 688 844 753 mirabiliter
862 690 955 753 eu-1l
970 698 1096 772 patrum
1121 710 1251 755 suorum
1277 693 1435 756 recedere.
1460 693 1545 773 Ideo,
1571 692 1716 776 quamvis

166 796 331 865 naverunt,
360 795 393 849 et
426 787 661 852 mundaverunt
695 789 848 871 leprosos,
878 808 914 851 ac
970 809 1027 872 pro
1043 810 1129 855 nunc
1144 810 1209 854 non
1230 792 1357 855 videam
1371 792 1450 874 quin
1472 793 1549 855 satis
1563 792 1717 874 probave

166 886 268 948 multa
295 886 414 949 similia
446 896 706 968 perpetraverunt
739 887 913 965 miracula;
971 888 1013 951 ris
1038 890 1211 971 scripturas
1234 891 1428 972 evangelicas
1452 891 1531 973 legis
1554 908 1619 954 uon
1646 909 1717 954 esse

167 984 233 1047 imo
256 993 289 1047 et
313 984 441 1065 quidam
461 1004 570 1047 eorum
593 986 669 1049 solis
691 986 859 1050 stationem
882 986 914 1048 in
970 996 1134 1069 corruptas
1157 1006 1260 1069 neque
1281 988 1428 1068 infectas,
1448 1008 1512 1052 non
1537 997 1642 1052 tamen
1664 989 1718 1051 ab

167 1082 251 1145 coelo
266 1082 515 1165 impetraverunt
530 1086 660 1147 orando.
676 1085 712 1148 ln
726 1084 842 1167 quibus
857 1084 915 1147 im·
969 1085 1072 1149 solute
1091 1087 1232 1150 concedo
1252 1106 1305 1150 eas
1329 1087 1375 1151 sic
1403 1106 1473 1151 esse
1496 1087 1717 1169 intelligendas

85 1212 112 1239 x..
167 1180 290 1262 pletum
315 1190 363 1243 est
387 1182 471 1264 quod
494 1182 635 1245 Christus
660 1182 801 1265 predixit
825 1206 833 1245 ε
856 1183 913 1258 Qui
970 1184 1051 1247 sicut
1075 1202 1133 1247 vos
1157 1185 1337 1265 Christiani,
1362 1186 1417 1267 qui
1446 1186 1541 1248 vultis
1564 1186 1717 1249 Catholici

33 1264 58 1305 ¹²·
167 1279 269 1342 credit
283 1280 316 1342 in
332 1300 394 1359 me,
411 1300 507 1363 opera
529 1300 599 1362 quae
620 1300 680 1363 ego
701 1280 785 1346 facio
800 1290 831 1345 et
846 1282 914 1365 ipse
969 1283 1133 1365 appellari,
1150 1283 1330 1365 intelligitis
1354 1304 1418 1347 eas.
1435 1284 1514 1346 Nam
1538 1283 1716 1348 Nestoriani

166 1376 276 1457 faciet,
298 1387 330 1441 et
353 1378 474 1459 majora
497 1380 610 1441 horum
637 1379 743 1457 faciet,
764 1381 914 1462 quoniam
969 1390 1000 1443 et
1021 1382 1129 1443 Ariani
1155 1390 1381 1445 concesserunt
1405 1401 1458 1445 eas
1477 1401 1540 1445 non
1561 1401 1631 1445 esse
1650 1400 1719 1445 cor-

164 1496 225 1557 ego
251 1478 289 1539 ad
315 1477 435 1540 Patrem
461 1478 553 1541 vado.
570 1478 687 1559 ltaque,
707 1498 770 1560 qua
794 1480 914 1543 ratione
970 1487 1077 1561 ruptas
1100 1503 1107 1540 ε
1128 1498 1193 1542 non
1217 1488 1324 1541 tamen
1348 1479 1546 1543 admiserunt
1568 1480 1716 1543 deitatem

164 1576 361 1638 credendum
377 1584 425 1637 est
439 1576 563 1639 Christo
578 1584 609 1639 et
624 1578 741 1640 sanctis
758 1576 914 1659 Apostolis
970 1597 1076 1640 veram
1093 1596 1162 1639 esse
1178 1577 1210 1639 in
1225 1576 1359 1657 Christo,
1375 1596 1435 1641 nee
1451 1577 1626 1641 trinitatem
1648 1597 1719 1659 per-

163 1681 297 1755 propter
320 1692 430 1737 eorum
455 1674 609 1738 miracula
634 1676 700 1738 sola
721 1675 831 1738 divina
852 1675 916 1737 vir·
970 1694 1120 1738 sonarum
1148 1675 1180 1737 in
1210 1676 1296 1751 [leo;
1326 1676 1382 1738 sed
1418 1675 1597 1757 Scripturas
1631 1676 1718 1757 ipsas

161 1780 231 1834 tute
256 1772 330 1834 fieri
354 1772 532 1853 possibilia,
555 1773 749 1836 credendum
773 1781 821 1836 est
845 1772 915 1836 istis
970 1782 1063 1855 prout
1078 1774 1183 1837 verius
1198 1773 1397 1837 estimabant
1411 1783 1635 1855 exposuerunt.

163 1870 294 1933 illorum
309 1870 444 1952 posteris
459 1871 570 1934 eadem
586 1872 739 1935 miracula
755 1872 911 1953 operatis:
931 1870 954 1933 B
1008 1870 1224 1935 Cnnxsrmxvns.
1240 1870 1382 1945 -Quod
1403 1872 1519 1934 asseris
1534 1871 1657 1934 nullum
1679 1872 1718 1934 de

163 1976 198 2030 ut
218 1967 350 2031 fuerunt
368 1968 540 2031 beatissimi
566 1969 624 2031 viri
645 1970 808 2050 llartinus,
824 1970 915 2033 Nico·
970 1969 1056 2032 facili
1073 1969 1189 2032 dehere
1204 1969 1307 2051 alege
1324 1988 1380 2032 sua
1395 1988 1431 2032 ac
1446 1978 1571 2051 patrum
1587 1988 1717 2032 suorum

162 2066 245 2146 laus,
262 2066 395 2130 Samson
420 2066 601 2149 episeopus,
623 2067 781 2150 gloriosus
805 2069 916 2131 Serva·
970 2068 1129 2145 recedere,
1154 2066 1256 2130 fateor
1280 2086 1401 2145 verum,
1428 2067 1601 2149 praesertim
1626 2068 1654 2129 si
1678 2069 1718 2130 de

162 2165 238 2241 tius,
252 2164 449 2227 admirabilis
465 2166 515 2228 vir
528 2164 714 2244 Germanus,
724 2166 912 2244 heruardus,
968 2165 1053 2246 justa
1068 2173 1101 2227 et
1113 2164 1269 2227 divinitus
1283 2165 1356 2226 data
1374 2164 1581 2246 intelligatur,
1598 2165 1673 2246 quia
1687 2172 1719 2226 et

162 2262 374 2339 Franciscus3
405 2264 460 2325 sed
496 2272 527 2325 et
561 2272 715 2345 martyres
752 2263 914 2345 utriusque
970 2263 1119 2326 Salomon
1147 2263 1191 2325 ait
1213 2286 1221 2326 :
1243 2264 1337 2341 Audi,
1358 2262 1405 2325 fili
1435 2263 1491 2343 mi,
1514 2262 1717 2345 disciplinam
1731 2288 1863 2339 mgna,

162 2380 258 2423 sexus
283 2360 465 2443 dignissimi
489 2370 521 2423 et
545 2360 792 2425 innumerabiles
817 2363 916 2425 victo·
970 2362 1067 2443 patris
1093 2361 1150 2439 tui,
1176 2370 1208 2423 et
1236 2380 1277 2424 ne
1304 2360 1446 2424 dimittas
1475 2361 1579 2443 legem
1607 2361 1717 2423 matris

163 2459 255 2538 riosi,
271 2460 325 2540 qui
342 2468 413 2541 post
434 2458 697 2540 pretiosissimam
720 2480 809 2523 suam
832 2480 915 2524 mor·
970 2468 1041 2536 tute,
1059 2467 1095 2521 ut
1108 2459 1242 2521 addatur
1255 2458 1357 2541 gratia
1371 2459 1468 2542 capiti
1485 2468 1550 2522 tuo.
1567 2459 1598 2521 Si
1612 2469 1719 2523 autem

163 2565 228 2619 tem
245 2557 340 2619 etiam
356 2576 456 2639 usque
472 2557 505 2619 in
518 2576 656 2638 praesens
672 2558 916 2621 innumerabilia
970 2556 1167 2639 intelligatur
1180 2557 1220 2620 de
1242 2557 1311 2639 lege
1333 2576 1476 2637 erronea,
1493 2557 1598 2620 adbuc
1617 2565 1722 2638 potest

164 2663 360 2735 peregerunt
380 2655 542 2717 miracula.
568 2654 631 2718 Nec
653 2656 703 2717 his
726 2656 838 2719 diebus
860 2674 917 2719 no-
970 2655 1029 2717 hoe
1059 2654 1167 2736 aliquo
1196 2656 1290 2719 modo
1319 2654 1479 2718 verificari
1507 2678 1514 2717 ε
1541 2674 1606 2718 non
1634 2655 1720 2737 quod

162 2755 239 2817 stris
255 2754 371 2815 desunt
386 2752 536 2834 praeclara
551 2753 707 2835 prodigia,
724 2774 793 2835 quae
808 2754 916 2817 omnia
970 2754 1090 2816 bonnm
1110 2754 1152 2815 sit
1171 2753 1234 2835 legi
1255 2771 1395 2816 erronee
1416 2753 1589 2833 adherere,
1605 2755 1661 2817 sed
1680 2772 1720 2815 ne

162 2853 247 2914 fiunt
272 2850 306 2913 in
331 2850 396 2913 fide
422 2860 453 2913 et
478 2850 679 2914 invocatione
701 2852 917 2933 superdignis-
970 2852 1041 2934 quis
1069 2851 1237 2914 occasione
1265 2851 1445 2914 dimittendi
1475 2852 1643 2933 pristinam
1677 2852 1721 2913 le-

162 2950 254 3013 simae
269 2948 431 3011 Trinitatis
452 2949 643 3030 deitatisque
665 2949 777 3011 Christi
795 2948 916 3011 aChri-
970 2970 1054 3033 gem,
1075 2951 1220 3032 quamvis
1245 2970 1309 3013 non
1335 2950 1463 3031 bonam,
1487 2950 1655 3014 inducatur
1680 2952 1719 3014 ad

161 3048 274 3111 stianis
297 3047 446 3130 perfectis
467 3072 474 3109 ι
495 3065 576 3129 quos
598 3048 773 3111 certissime
796 3049 915 3111 scimus
934 3045 1196 3112 Cdimittendum
1232 3048 1372 3111 faciliter
1403 3048 1499 3111 etiam
1535 3049 1637 3131 legem
1672 3068 1721 3111 sa-

162 3148 203 3210 ab
233 3147 321 3210 omni
352 3147 474 3228 magica
500 3155 567 3209 arte
595 3155 627 3210 et
655 3147 771 3210 callida
804 3147 916 3210 fraude
972 3148 1106 3210 luhrem.

161 3245 337 3327 fallacique
372 3245 510 3326 practica
547 3245 797 3308 immunissimos
833 3265 913 3322 esse,

163 3354 262 3425 atque
278 3344 310 3405 in
330 3342 417 3405 omni
438 3343 626 3420 humilitate,
643 3343 805 3424 patientia,
821 3344 917 3406 devo-

161 3445 262 3522 tione,
284 3441 421 3518 fervom,
448 3441 603 3504 munditia
625 3441 786 3506 Altissimo
811 3442 917 3505 deser-

162 3542 243 3604 vire.

203 3641 420 3702 Sanmcauus.
437 3675 478 3684 —
496 3639 571 3700 Tam
594 3639 756 3700 evidenter
776 3659 813 3701 ac
835 3640 916 3702 mul-

162 3738 320 3820 tipliciter
333 3736 399 3818 jam
416 3737 556 3819 probasti
580 3738 789 3819 propositum,
808 3747 914 3820 utpote

162 3835 375 3917 Evangelium
390 3833 504 3896 Christi
520 3853 584 3897 non
599 3855 669 3897 esse
686 3835 852 3914 infectum,
865 3855 916 3899 ne·

1010 3248 1165 3328 Denique,
1181 3246 1326 3327 quamvis
1342 3246 1463 3328 prefati
1480 3246 1624 3310 haeretici
1640 3248 1721 3310 mul-

971 3346 1057 3428 tique
1081 3345 1134 3407 alii
1159 3353 1374 3426 exposuerunt
1392 3345 1567 3426 scripturas
1585 3365 1722 3426 evange·
1779 3335 1786 3343 ⁸

971 3444 1041 3507 licea
1069 3444 1150 3524 legis
1183 3443 1279 3504 salvis
1313 3443 1380 3505 suis
1412 3442 1584 3521 erroribus,
1614 3452 1720 3506 umen

971 3542 1184 3624 expositiones
1208 3560 1318 3604 eorum
1340 3549 1415 3603 sunt
1435 3541 1599 3603 evidenter
1619 3549 1721 3604 extor-

970 3647 1021 3720 ta,
1042 3649 1073 3702 et
1098 3639 1308 3721 reprobantur
1331 3637 1485 3701 facillime
1502 3661 1509 3700 ε
1526 3639 1592 3700 imo
1616 3639 1720 3702 Deitas

971 3738 1131 3800 adoranda
1146 3755 1199 3798 eas
1220 3735 1375 3798 destruxit
1396 3755 1433 3798 ac
1454 3735 1645 3818 reprobavit,
1661 3735 1721 3797 mi-

972 3834 1129 3897 rificando
1143 3843 1175 3896 et
1189 3834 1389 3898 sublimando
1404 3834 1599 3916 expositores
1614 3834 1721 3897 catho-

162 3954 226 4018 que
251 3933 426 4014 scripturas
450 3933 524 3996 novi
545 3933 736 3996 Testamenti
757 3953 826 3996 esse
848 3954 917 3998 cor·
971 3932 1049 3996 lices
1074 3933 1314 4014 Hieronymum,
1340 3931 1562 4014 Augustinum,
1588 3931 1721 3994 Ambro

164 4039 340 4116 ruptas,ut
363 4031 395 4093 in
421 4039 570 4114 promptu
591 4051 656 4095 non
676 4033 809 4094 habeam
831 4033 915 4113 quod
971 4031 1066 4111 sium,
1098 4030 1296 4111 Gregorium‚
1325 4029 1442 4092 Bedam
1478 4049 1515 4092 ac
1543 4029 1632 4107 alios,
1663 4049 1721 4110 per

164 4149 340 4215 opponam.
567 4129 571 4136 '
971 4130 1070 4192 multa
1093 4129 1244 4211 preclara
1264 4129 1438 4208 miracula;
1459 4129 1609 4191 similiter
1629 4147 1720 4191 secu·

205 4231 423 4294 Cnnxsrxxrvus.
451 4263 491 4272 -
515 4227 637 4290 Gratias
662 4229 734 4292 fleo.
760 4229 818 4290 Sed
844 4249 862 4290 a
886 4237 916 4291 te
932 4226 957 4287 Ι)
972 4237 1055 4290 tores
1071 4246 1181 4291 eorum
1199 4251 1207 4290 ι
1224 4247 1281 4309 per
1301 4245 1372 4307 que
1392 4234 1556 4288 attestatus
1575 4235 1623 4289 est
1637 4227 1719 4288 Deus
1794 4239 1797 4244 “

164 4331 229 4392 duo
261 4327 421 4406 interrogo
452 4349 459 4388 ι
491 4327 640 4407 primum,
670 4347 710 4388 an
744 4327 916 4410 scripturas
971 4327 1125 4389 doctrinis
1149 4325 1462 4408 expositionibusque
1486 4324 1640 4406 ipsorum.
1663 4325 1721 4387 Ta-

166 4424 285 4489 vetcris
307 4423 499 4486 Testamenti
521 4423 609 4486 dicas
630 4425 786 4502 infectas3
805 4445 917 4488 secun·
973 4426 1045 4487 liter
1073 4434 1178 4488 autem
1207 4443 1369 4505 nunquam
1398 4421 1584 4486 mirificavit
1610 4441 1722 4504 quem-

167 4526 258 4601 dum,
280 4541 320 4584 an
350 4522 537 4605 scripturam
564 4523 707 4586 Alcorani
735 4532 915 4605 corruptum
972 4543 1067 4604 quam
1087 4523 1320 4599 hereticorum,
1336 4541 1395 4584 nec
1417 4540 1475 4603 per
1493 4521 1646 4584 miracula
1667 4541 1722 4603 ap

167 4631 199 4686 et
221 4620 375 4684 infectam
390 4618 563 4683 fateamini.
973 4621 1119 4703 probavit
1141 4621 1318 4684 doctrinam
1344 4620 1485 4702 ipsorum
1504 4643 1511 4682 ε
1529 4620 1593 4682 imo
1614 4621 1721 4702 potius

972 4719 1126 4800 quosdam
1140 4737 1250 4780 eorum
1272 4717 1411 4800 plagavit
1427 4716 1594 4796 horrende,
1611 4736 1721 4798 quem·

972 4817 1141 4880 admodum
1157 4816 1265 4878 Arium
1281 4835 1353 4878 cum
1376 4817 1443 4878 suis
1458 4816 1634 4878 fautoribus
1649 4835 1720 4898 per-

970 4925 1098 4998 gentem
1123 4916 1162 4978 ad
1187 4915 1405 4977 Alexandrina
1429 4913 1515 4976 urbis
1537 4914 1715 4992 ecclesiam,

948 5065 951 5070 .
971 5023 1005 5076 ut
1019 5014 1094 5076 inde
1109 5014 1238 5093 ejiceret
1252 5021 1396 5074 sanctum
1417 5012 1602 5095 episcopum
1622 5019 1716 5093 atque

972 5111 1004 5174 in
1032 5112 1235 5194 episcopatus
1257 5110 1385 5173 culmen
1408 5110 1583 5172 intruderet
1602 5118 1716 5173 semet-

207 5215 425 5276 annacnnus.
440 5244 481 5254 —
501 5207 568 5271 Non
591 5216 639 5270 est
660 5227 791 5290 parvum
814 5210 915 5291 legem
972 5212 1076 5293 ipsum
1095 5234 1102 5270 ι
1119 5209 1170 5271 cui
1196 5208 1381 5289 supervenit
1405 5216 1534 5290 repente
1557 5207 1646 5269 dirus
1670 5209 1718 5269 in-

167 5319 302 5388 mutare,
320 5326 425 5389 neque
438 5306 532 5370 debet
553 5306 625 5388 quis
647 5306 685 5369 de
708 5305 794 5370 facili
815 5309 916 5391 alege
974 5319 1136 5372 ternorum
1152 5308 1310 5370 viseerum
1326 5306 1436 5383 dolor3
1453 5314 1484 5368 et
1505 5307 1657 5369 secedens
1677 5308 1717 5370 ad

381 4883 625 4947 ARTICULUS
649 4882 706 4946 IV.

196 5025 376 5102 Responsio
391 5024 573 5085 Sarracem'
591 5023 635 5081 αιί
653 5023 719 5081 hmo
738 5025 884 5100 quaesita.
