4309 6250
440 454 501 519 tlt
815 478 960 524 aurarem
981 480 1023 525 uo
1042 479 1200 527 enuncians
1221 481 1416 531 carnotinos.
1439 502 1480 513 —
1500 486 1569 531 aar.
1592 487 1622 531 ιιι

1204 658 1228 719 Α
1246 657 1471 721 informatione
1491 665 1523 719 et
1542 655 1756 720 edificatione
1778 677 1795 719 a
1817 656 1912 735 clero,
1929 656 1978 739 ipsi

463 729 490 774 ⁹
645 704 899 772 ‘ARTICULUS
919 708 977 771 Ἦ·
1245 756 1412 819 seaculares
1427 755 1622 818 inducuntur
1642 756 1681 818 ad
1704 755 1805 819 bonos
1821 774 1930 831 mores,
1946 756 1978 817 ad

440 854 544 919 Quam
560 854 763 913 veliementer
778 856 969 931 reformatio
983 857 1191 917 ecclesiastici
1245 854 1459 918 obediendum
1474 872 1601 935 quoquc
1615 854 1780 915 humiliter
1795 854 1860 915 suis
1875 854 1980 935 princi-

480 950 584 1001 status
598 962 653 1002 seu
667 944 751 1002 cleri
759 946 925 1019 prodesset
941 946 1020 1005 bono
1033 948 1190 1022 regimini
1245 953 1338 1034 pibus
1362 960 1394 1015 at
1418 971 1527 1014 eorum
1547 950 1698 1014 officiatis
1718 950 1923 1031 civilibusque
1940 971 1979 1013 re

480 1049 518 1089 αθ
532 1033 635 1136 Salvii
647 1034 857 1136 S‘J’Culat'l'um
868 1036 1079 1137 'principum
1096 1045 1126 1095 ei
1141 1056 1189 1095 3⁰·
1245 1049 1396 1113 ctoribus.
1414 1050 1491 1112 ilinc
1508 1048 1667 1131 principes
1688 1040 1854 1111 saeculares
1875 1049 1980 1111 debent

482 1140 558 1179 rum
572 1141 629 1199 im
645 1141 691 1180 ‘³²⁸
706 1130 783 1181 Sum
798 1124 946 1198 mim·
1246 1167 1315 1211 esse
1330 1148 1458 1211 solliciti
1479 1149 1518 1210 de
1541 1146 1767 1211 reformatione
1783 1147 1977 1209 ecclesiastici

1246 1255 1355 1325 status,
1373 1255 1403 1309 et
1419 1247 1557 1310 virtuosa
1577 1264 1614 1308 ac
1636 1244 1810 1327 exemplari
1826 1263 1978 1309 conversa-

511 1333 630 1397 UPLlCl
643 1334 714 1416 jure
734 1356 771 1399 ae
790 1337 896 1419 gladio
915 1338 1059 1402 Ecclesia
1073 1338 1189 1420 guber·
1245 1345 1331 1408 tione
1355 1364 1465 1409 eorum
1485 1345 1538 1425 qui
1559 1344 1768 1425 spiritualiter
1792 1354 1927 1425 presunt
1949 1364 1978 1406 ac

524 1441 627 1511 natur,
645 1443 754 1516 utpote
775 1436 863 1499 civili
877 1456 914 1499 ac
930 1435 1098 1519 spirituali.
1116 1438 1189 1501 Por·
1246 1444 1417 1526 praedicant
1434 1468 1440 1505 :
1458 1462 1521 1506 non
1537 1444 1620 1524 quod
1642 1442 1805 1524 principes
1827 1442 1979 1505 seaculares

440 1549 475 1593 ro
490 1531 653 1613 proximus
667 1531 743 1595 finis
757 1533 838 1615 juris
854 1534 959 1597 civilis
974 1555 1011 1597 ac
1027 1536 1188 1598 secularis
1245 1542 1381 1604 debeant
1395 1541 1557 1604 attendere
1572 1541 1610 1603 ad
1631 1541 1692 1603 hoc
1712 1560 1769 1622 per
1791 1541 1917 1603 modurn
1937 1560 1980 1603 cc

439 1630 615 1711 regiminis,
633 1639 681 1693 est
695 1634 894 1696 conversatio
910 1634 1110 1697 secularium
1134 1636 1188 1698 ho·
1245 1640 1390 1719 actionis,
1416 1649 1470 1703 aut
1496 1660 1551 1721 per
1579 1638 1790 1703 inflictionem
1814 1658 1979 1721 poenarum,

439 1728 562 1789 minum
577 1736 672 1810 atque
690 1731 873 1794 concivium
895 1731 1030 1814 pacifica
1050 1733 1135 1796 iuter
1154 1754 1187 1796 sc
1245 1738 1395 1819 quoniam
1429 1737 1650 1801 auctoritatem
1679 1746 1712 1799 et
1738 1736 1979 1818 jurisdictionem

440 1834 472 1889 ct
494 1825 591 1889 etiarn
612 1829 651 1890 ad
672 1838 850 1909 extraneos,
867 1849 904 1892 ac
929 1830 1066 1893 civiliter
1089 1832 1185 1912 justa.
1207 1840 1310 1911 Bnon
1334 1838 1452 1900 habent
1476 1855 1573 1919 super
1597 1834 1851 1898 ecclesiasticum
1877 1843 1980 1897 statum

440 1924 501 1987 Sed
516 1926 747 2007 quoniamnon
762 1928 865 1991 solum
881 1929 1042 2011 principes
1065 1930 1189 1993 christi·
1245 1954 1301 1997 seu
1326 1934 1459 2014 clerum,
1483 1935 1537 1997 sad
1563 1952 1762 2013 econvers03
1788 1934 1844 1995 sed
1868 1934 1905 1996 ad
1928 1934 1980 1995 boc

440 2023 572 2105 ani,sed
588 2026 684 2088 etiam
699 2027 841 2089 universi
856 2026 1084 2092 Christifideles
1100 2038 1188 2092 actus
1244 2036 1372 2097 tendere
1386 2033 1504 2097 debent
1528 2042 1682 2115 quantum
1704 2033 1744 2095 ad
1766 2050 1876 2095 corum
1898 2032 1982 2115 perti-

441 2141 514 2185 suos
540 2142 578 2186 ex
603 2124 760 2206 spirituali
788 2125 960 2189 dilectione
988 2126 1043 2189 Dei
1072 2127 1189 2191 debent
1244 2142 1298 2196 net
1319 2142 1447 2211 statum,
1464 2132 1611 2195 instando
1633 2140 1666 2195 et
1686 2133 1887 2213 procurando
1901 2139 1934 2193 ut
1951 2131 1979 2192 bi

439 2221 644 2303 principiam,
657 2229 689 2286 et
702 2224 741 2285 ad
756 2224 812 2287 Dei
828 2225 962 2306 gloriam
977 2234 1008 2287 et
1022 2228 1186 2306 honorem,
1244 2232 1360 2313 quibus
1375 2251 1413 2295 ex
1427 2230 1539 2295 officio
1555 2230 1715 2293 incumbit
1735 2231 1841 2293 facere
1863 2239 1895 2293 et
1913 2248 1980 2292 con·

440 2320 504 2384 imo
519 2320 558 2383 ad
573 2330 723 2385 aeternam
737 2323 977 2405 beatitudinem,
988 2334 1103 2388 cuncta
1118 2346 1188 2407 que
1244 2350 1371 2393 servare
1392 2329 1650 2394 reformationem
1672 2335 1854 2410 pratactuu
1877 2328 1982 2390 virtue

438 2427 538 2499 agunt
561 2418 703 2482 finaliter
727 2421 895 2498 ordinare3
917 2421 988 2485 idco
1013 2422 1090 2485 finis
1115 2424 1189 2485 ulti·
1245 2448 1374 2511 samque
1390 2428 1667 2492 conversationem
1682 2427 1715 2489 in
1731 2426 1818 2491 clcro
1839 2434 1872 2490 ct
1891 2426 1982 2491 eccle

439 2526 544 2579 matus
558 2538 595 2580 ac
611 2518 797 2600 principalis
811 2520 893 2601 juris
908 2520 1013 2583 civilis
1032 2541 1070 2583 ac
1092 2541 1189 2585 saecn-
1244 2527 1371 2591 siastico
1407 2536 1501 2606 statu,
1532 2527 1563 2589 id
1593 2525 1724 2604 iaciant,
1755 2533 1788 2588 et
1815 2524 1981 2608 prasertim

439 2615 515 2678 laris
540 2617 706 2698 regiminis
735 2618 774 2680 ad
799 2618 962 2702 principes
987 2620 1187 2702 pertinentis,
1244 2626 1390 2689 instando
1409 2634 1441 2689 et
1459 2626 1660 2708 procurando
1679 2632 1716 2687 ut
1732 2624 1895 2706 generalia
1916 2642 1982 2686 con·

439 2722 489 2776 est
502 2715 747 2779 honorificentia
763 2717 827 2796 Dei,
845 2726 877 2781 et
890 2738 965 2782 vera
986 2727 1080 2800 atqua
1100 2728 1190 2783 sater-
1244 2725 1318 2787 cilia
1339 2734 1482 2806 tempore
1502 2732 1695 2807 opportuno,
1711 2723 1796 2785 sicut
1809 2722 1981 2785 institutum

440 2832 481 2874 na
497 2812 632 2877 felicitas
648 2822 711 2877 tam
727 2815 870 2897 ipsorum
890 2816 1072 2899 principum
1093 2836 1188 2899 quam
1244 2832 1302 2902 est,
1320 2823 1532 2887 celebrentur.

440 2911 641 2975 subditorum
675 2933 817 2995 suorum,
848 2916 1116 2998 quemadmodum
1149 2918 1188 2980 de
1283 2922 1424 3004 Denique
1440 2930 1569 3004 propter
1583 2921 1661 2983 alias
1683 2922 1800 2984 multas
1822 2919 1982 2984 rationabi-

440 3009 501 3072 hac
529 3012 662 3075 materia
688 3013 815 3096 plenius
849 3014 992 3078 scribunt
1025 3016 1115 3097 lingo
1148 3018 1188 3080 de
1205 3026 1226 3089 c
1244 3022 1301 3101 les,
1319 3020 1542 3084 saluberrimas
1557 3040 1594 3082 ae
1614 3019 1778 3101 piissimas
1799 3039 1910 3083 causas
1929 3020 1982 3081 hoc

441 3108 472 3172 S.
490 3108 616 3174 Victore
630 3111 663 3174 in
678 3110 760 3175 libro
778 3113 818 3176 de
833 3114 1056 3194 Sacramentis,
1073 3122 1105 3178 et
1118 3115 1189 3178 Ale-
1242 3118 1348 3184 facere
1377 3120 1505 3198 debent,
1530 3127 1640 3200 utpote
1668 3141 1675 3180 ι
1701 3127 1860 3201 quatenus
1885 3135 1982 3182 coram

440 3209 560 3271 xander
580 3211 619 3272 de
638 3210 730 3274 Hales
750 3231 845 3293 super
864 3213 992 3276 tertium
1012 3213 1188 3277 Sententia·
1242 3219 1307 3282 Deo
1334 3218 1416 3282 fiant
1442 3217 1616 3300 participes
1643 3217 1868 3281 universorum
1896 3218 1983 3280 bone

439 3327 522 3386 rum,
540 3309 595 3372 sed
609 3318 641 3372 et
655 3311 685 3373 S.
703 3311 838 3374 Thomas
859 3311 893 3374 in
915 3321 1049 3375 tractatu
1069 3332 1127 3376 suo
1148 3313 1188 3375 dc
1243 3337 1313 3380 rum
1338 3337 1408 3399 que
1431 3335 1470 3380 ex
1493 3316 1648 3398 legitimis
1674 3316 1886 3380 conciliorum
1911 3315 1983 3379 cele
2079 3322 2083 3332 '

438 3407 604 3488 Regimina
618 3429 785 3491 regum,ac
799 3411 894 3473 etiam
904 3412 1046 3493 AEgidius
1059 3411 1091 3473 in
1107 3412 1188 3476 libro
1242 3416 1437 3479 brelionibus
1471 3415 1647 3496 evenirent,
1679 3423 1711 3478 et
1743 3423 1779 3478 ut
1812 3414 1982 3497 respublica

438 3524 496 3568 suo
510 3507 550 3569 dc
564 3506 729 3589 {tegimine
744 3509 938 3590 principum.
954 3509 1117 3592 Principes
1132 3511 1189 3592 igi·
1242 3513 1342 3596 magis
1359 3521 1563 3597 prosperetur
1577 3520 1609 3576 et
1623 3521 1762 3591 crescat,
1778 3521 1815 3576 ut
1828 3513 1905 3576 item
1919 3511 1982 3574 rali-

438 3612 489 3666 tur
507 3604 674 3667 saculares
688 3606 828 3669 adhunc
847 3607 1008 3688 duplicem
1022 3607 1123 3671 finem
1138 3627 1187 3672 or
1242 3612 1322 3694 giesi
1350 3621 1382 3676 et
1410 3612 1590 3677 sacerdotes
1618 3631 1656 3674 ao
1684 3609 1794 3674 clerici
1826 3609 1981 3675 reformati

436 3703 547 3765 diuare
573 3711 722 3767 tenentur
750 3712 782 3766 et
807 3706 920 3768 merito
944 3706 1061 3769 debent
1090 3715 1186 3770 totam
1242 3711 1407 3775 efficacius
1421 3719 1514 3775 orent
1528 3729 1586 3794 pro
1606 3709 1684 3792 ipsis
1706 3729 1744 3773 ae
1766 3710 1887 3792 politiis
1907 3709 1983 3791 ipse-

437 3819 528 3864 suam
543 3802 789 3882 presidentium,
806 3811 1006 3885 potestatem,
1019 3823 1187 3869 conversa-
1243 3829 1334 3888 rum3
1352 3817 1383 3872 ct
1404 3808 1556 3891 quoniam
1577 3816 1665 3872 tauto
1689 3807 1762 3890 plus
1786 3809 1881 3870 decet
1904 3807 1982 3889 ipsos

437 3898 559 3962 tionem
573 3908 605 3962 et
618 3901 874 3982 occupationem,
890 3911 922 3964 et
944 3922 1067 3967 summe
1088 3903 1186 3966 studi·
1242 3909 1286 3973 sic
1309 3909 1454 3973 laborare
1478 3926 1537 3990 pro
1563 3907 1726 3971 communi
1750 3914 1782 3969 et
1805 3907 1912 3970 debita
1933 3903 1981 3968 bei

437 3997 486 4061 osi
511 4006 606 4079 atque
630 3999 757 4062 solliciti
782 4019 852 4063 csse
873 4009 909 4063 ut
928 4001 990 4064 hoc
1011 4003 1106 4066 modo
1129 4003 1187 4064 im·
1242 4007 1461 4087 honoratione,
1485 4025 1522 4069 ae
1544 4005 1745 4069 subditorum
1767 4025 1909 4083 snorum,
1925 4005 1982 4066 imo

437 4097 547 4179 pleant
571 4097 713 4161 debitum
743 4099 793 4161 sui
816 4099 920 4162 officii
939 4101 1036 4182 :quia
1064 4110 1096 4164 ct
1124 4101 1186 4185 ipsi
1242 4115 1274 4170 et
1287 4106 1430 4170 omnium
1447 4105 1811 4186 reformatione,quanto
1827 4105 1899 4188 plus
1913 4099 1983 4166 obli·

438 4195 574 4258 ministri
591 4197 945 4278 sunt,quernadmodum
960 4207 992 4261 et
1006 4199 1185 4280 spirituales
1201 4206 1227 4270 ll
1241 4213 1357 4288 gantur
1384 4204 1484 4267 Deum
1507 4223 1544 4266 ac
1570 4202 1713 4266 subditos
1742 4221 1817 4266 suos
1846 4202 1981 4284 diligere,

438 4293 570 4376 prelati,
594 4295 791 4358 subditorum
816 4316 956 4376 suorum,
979 4306 1010 4361 et
1029 4318 1087 4380 pro
1107 4299 1185 4382 ipsis
1241 4312 1273 4368 et
1286 4323 1350 4385 quo
1365 4303 1456 4386 plura
1470 4311 1564 4384 atquc
1580 4300 1734 4383 majorca
1750 4302 1814 4366 lieo
1830 4299 1982 4365 beneficia

437 4411 545 4456 coram
565 4394 628 4456 Deo
644 4394 796 4457 reddituri
819 4404 893 4457 sunt
911 4396 1067 4460 rationem
1087 4417 1186 4479 quan·
1241 4412 1316 4466 suut
1330 4401 1452 4480 sortiti,
1470 4409 1503 4464 ut
1517 4400 1613 4463 etiam
1628 4420 1686 4484 per
1704 4400 1764 4465 hoc
1784 4399 1982 4464 abundante

436 4499 505 4553 tum
520 4490 559 4554 ad
574 4511 611 4555 ea
626 4511 696 4574 quae
712 4494 751 4555 ad
766 4513 876 4557 eorum
897 4503 1042 4577 spectant
1061 4495 1182 4560 officia.
1242 4520 1308 4564 rem
1330 4521 1348 4563 a
1369 4501 1432 4563 Deo
1454 4518 1559 4582 opem,
1576 4498 1711 4580 gratiam
1733 4517 1769 4562 ac
1794 4498 1982 4581 triumphum

476 4592 516 4652 At
529 4610 616 4671 vero,
629 4592 668 4655 ad
683 4592 743 4656 hoc
759 4593 843 4674 quod
859 4594 1020 4677 principes
1034 4595 1185 4660 inducere
1241 4599 1470 4683 adipiscantur.

435 4698 555 4772 queant
569 4690 711 4754 subditos
727 4710 801 4755 suos
821 4692 861 4754 ad
882 4691 982 4755 linem
1005 4694 1183 4777 praefatum,
1280 4699 1387 4780 ltaque
1403 4716 1440 4759 ex
1454 4695 1504 4758 his
1520 4695 1735 4759 saluberrimis
1749 4703 1861 4759 ettam
1882 4713 1982 4758 ncces-

435 4790 496 4853 hoc
511 4797 559 4852 est
573 4790 612 4852 ad
627 4791 898 4855 conversationem
914 4792 1054 4855 civiliter
1066 4793 1185 4876 justam
1241 4796 1333 4860 seriis
1358 4795 1461 4858 causis
1486 4795 1580 4858 modo
1605 4795 1749 4874 indilate,
1769 4813 1788 4858 o
1813 4794 1979 4875 Principes,

435 4888 576 4972 itemque
595 4891 777 4972 pacificam,
793 4892 930 4954 maxime
949 4893 1079 4974 prodest
1099 4895 1184 4974 quod
1241 4895 1374 4976 satagite
1407 4903 1443 4956 ut
1472 4892 1619 4975 generale
1648 4892 1820 4956 concilium
1848 4893 1980 4975 legitime

435 4988 497 5071 ipsi
511 4989 659 5070 vulgares
674 5010 711 5054 ac
726 4990 895 5054 saculares
918 4992 1014 5055 verbo
1036 5000 1067 5053 et
1089 5010 1184 5074 opere
1241 4993 1420 5057 celebretur
1445 5015 1452 5055 ι
1478 5001 1634 5074 quatenus
1660 4991 1741 5054 Deus
1765 4991 1982 5056 reconcilietur

433 5087 630 5152 instruantur
655 5110 692 5153 ao
712 5090 912 5153 edificentur
931 5110 950 5153 a
968 5090 1184 5173 spiritualibus
1240 5093 1359 5176 populo
1384 5091 1569 5169 christiane,
1587 5090 1639 5154 cui
1661 5091 1870 5154 vehementer
1892 5091 1980 5153 iratus

435 5187 500 5250 suis
514 5187 665 5270 prelatis,
681 5197 713 5251 et
734 5207 753 5250 a
772 5187 1030 5270 predicatoribus
1051 5207 1089 5250 ac
1112 5189 1185 5252 reli·
1241 5199 1299 5268 est,
1325 5199 1357 5253 et
1382 5189 1507 5254 salubre
1531 5188 1621 5253 vobis
1645 5189 1809 5270 impendat
1832 5189 1978 5252 auxilium

434 5287 534 5374 glosis
547 5297 580 5350 ct
593 5286 719 5350 clericis
736 5311 742 5349 ι
760 5287 826 5352 imo
846 5307 885 5350 ex
906 5287 959 5350 tali
982 5288 1181 5352 secularium
1241 5298 1350 5354 contra
1365 5289 1544 5353 christiane
1559 5289 1722 5371 religionis
1737 5289 1977 5372 impugnatores.
