4309 6250
461 504 579 553 comm
600 503 770 551 rnnrrnmu
790 502 961 559 usuonrr,
983 502 1072 549 nisan
1093 504 1135 550 iv.
1157 521 1199 534 -
1218 504 1290 551 arr.
1312 505 1357 567 ιι,
1379 507 1423 553 xri
1655 485 1717 551 iil

171 696 238 739 sum
257 677 399 759 queritis
413 700 421 752 3
437 698 502 743 non
521 686 571 742 est
592 678 656 755 bic,
673 674 809 739 surrexit
832 674 914 737 sicut
929 672 953 735 A
969 692 1062 737 suum
1084 694 1155 738 esse
1175 675 1311 754 dicebat,
1329 678 1384 740 sed
1406 677 1515 740 omnia
1535 684 1627 739 erant
1651 673 1717 739 illia

49 788 102 831 ttm
116 800 154 837 m
170 776 323 857 predixit.
341 776 456 841 Eadem
473 777 525 841 die
540 775 686 859 apparuit
699 775 790 838 lesus
810 774 913 855 primo
969 774 1162 836 communia.
1173 774 1419 839 Perseverabant
1432 785 1538 839 autern
1554 776 1587 838 in
1603 774 1717 838 doctri·
1730 798 1781 841 aaa.
1793 811 1816 849 u,
1828 799 1863 842 ia.

43 855 59 894 ''
70 912 145 956 pm,
170 874 359 937 beatissime
382 874 483 939 llnrie
502 874 694 957 Magdalene,
711 873 825 937 deinde
845 871 914 953 plu·
969 890 1009 933 na
1032 871 1255 954 Apostolorum
1282 883 1315 937 et
1341 874 1632 938 communicatione
1656 873 1717 935 En·

44 978 130 1022 nunt·
170 972 257 1035 ribus
285 973 416 1037 leminis
449 974 579 1052 sanctis,
606 974 698 1035 tertio
727 980 833 1034 autem
866 989 914 1033 sa·
969 969 1126 1033 charistie
1157 981 1189 1034 et
1215 973 1423 1036 orationibus.
1454 973 1587 1056 luitque
1615 972 1861 1054 gratiarsmeer.

50 1084 87 1127 tue
89 1096 154 1131 ιιιιιι
169 1071 346 1135 cratissimo
369 1072 459 1136 Petro
478 1072 632 1153 apostolo,
655 1078 766 1154 quarto
789 1069 914 1133 duobus
970 1086 1084 1149 magna
1107 1068 1140 1130 in
1165 1070 1314 1132 omnibns
1338 1070 1413 1148 illis,
1434 1072 1478 1133 ita
1502 1072 1588 1153 quod
1613 1079 1717 1133 metus
1732 1092 1865 1143 rou.o.is.

44 1152 154 1258 'imm'
168 1158 345 1251 discipulis,
360 1172 473 1253 quinto
498 1172 647 1234 undecim
674 1169 843 1253 Apostolis.
861 1170 914 1231 Se·
970 1166 1083 1248 ingens
1097 1176 1166 1229 erat
1185 1168 1218 1229 in
1233 1168 1348 1231 ceteris
1368 1170 1537 1233 universis.
1555 1169 1618 1233 Nec
1641 1169 1718 1233 alio-
1731 1194 1790 1239 osa.
1802 1198 1866 1247 „ts

44 1274 68 1366 ¹³,-
168 1268 401 1350 quentibusque
420 1270 533 1333 diebus
552 1268 734 1350 frequenter
754 1266 911 1350 apparuit.
970 1284 1039 1327 rum
1061 1266 1231 1348 quisquam
1249 1267 1385 1329 audebat
1404 1287 1438 1330 se
1460 1267 1658 1350 conjungere
1680 1268 1719 1329 il·

44 1338 153 1434 atq-‘rna
167 1364 244 1443 lmo,
270 1372 304 1425 ut
329 1364 428 1427 Lucas
452 1365 646 1447 evangelista
675 1371 816 1439 testatur,
844 1370 915 1445 post
970 1362 1020 1441 lis,
1038 1364 1093 1426 sed
1116 1363 1318 1427 beatificabat
1337 1384 1391 1428 eos
1411 1365 1558 1449 populus.
1580 1366 1642 1447 ipsi
1665 1384 1718 1427 re-

65 1486 153 1535 tots.
168 1462 436 1556 resurrectionem
448 1483 537 1525 suam
554 1483 611 1546 per
623 1463 692 1525 dias
707 1460 915 1544 quadraginta
970 1478 1004 1523 ro
1029 1462 1223 1525 unanimiter
1245 1464 1492 1545 perseverabant
1517 1464 1550 1526 in
1575 1464 1865 1546 temp1031rsa.a,ra.

167 1561 314 1642 apparuit
338 1561 403 1623 suis
428 1560 589 1641 fidelibus,
616 1580 649 1623 se
673 1580 747 1623 rere
776 1578 914 1622 resurre·
969 1568 1236 1641 sumpseruntquc
1267 1561 1374 1625 cibum
1406 1581 1479 1624 cum
1508 1560 1718 1625 exsultatione
1733 1558 1767 1600 *7-

51 1684 109 1726 rer.
121 1698 154 1733 u,
167 1659 250 1721 xisse
273 1659 449 1722 declarans.
471 1660 625 1741 Apparuit
648 1677 774 1742 quoque
797 1657 914 1721 Jacobo
969 1666 1001 1721 et
1015 1656 1216 1740 simplicitate
1235 1659 1352 1735 cordis,
1369 1659 1586 1723 collaudantes
1605 1660 1717 1737 Deum

44 1748 88 1795 Μ’
168 1758 322 1839 apostolo,
348 1766 380 1820 et
402 1758 571 1840 plusquam
600 1757 783 1840 quingentis
811 1756 915 1819 iratri—
969 1766 1001 1819 et
1025 1756 1178 1819 babentes
1202 1758 1336 1837 gratiam
1360 1758 1399 1821 ad
1425 1778 1552 1823 omnem
1579 1758 1717 1839 plebem.

169 1856 226 1917 bus
246 1856 354 1917 simul.
371 1854 465 1919 Porro
485 1856 727 1937 quadragesimo
748 1874 766 1917 a
790 1874 846 1917 sua
868 1873 915 1915 re
932 1851 956 1914 B
970 1855 1134 1936 Quumque
1145 1856 1307 1939 principes
1321 1858 1521 1920 sacerdotum
1536 1866 1568 1920 et
1581 1856 1719 1919 indurati
1733 1876 1793 1920 rom.
1801 1889 1822 1927 v,
1832 1879 1867 1920 rr-

47 1976 154 2029 Μυκη
168 1954 365 2016 surrectione
390 1954 453 2030 die,
471 1954 520 2017 bis
545 1954 717 2036 apparuit:
735 1954 838 2034 primo
859 1972 916 2014 un·
969 1952 1067 2016 iudei
1084 1954 1142 2015 ista
1157 1954 1311 2034 viderent,
1328 1954 1439 2037 repleti
1456 1955 1588 2035 invidia,
1605 1974 1721 2036 posue·
1734 1944 1768 1984 ²⁰·

45 2043 69 2082 ¹⁶·
167 2052 273 2115 decim
293 2053 450 2134 Apostolis
476 2052 569 2116 simul
595 2050 916 2131 edentibus3deinde
972 2062 1042 2115 runt
1054 2053 1220 2133 Apostolos
1234 2053 1269 2115 in
1284 2054 1425 2117 custodia
1439 2053 1721 2137 publiceAngelns

167 2149 199 2211 in
216 2158 323 2213 monte
338 2151 458 2214 eisdem
479 2171 516 2214 ac
531 2152 601 2213 aliis
618 2150 736 2229 multis,
751 2150 806 2231 qui
821 2148 915 2211 simul
972 2168 1047 2213 vcro
1061 2151 1185 2233 apernit
1197 2152 1312 2233 januas
1331 2153 1479 2233 carceris,
1497 2152 1668 2233 eduxitque
1684 2152 1721 2213 il-

168 2246 298 2311 inerunt
321 2258 448 2312 eentum
475 2250 588 2331 viginti
617 2257 672 2312 aut
696 2249 823 2311 circiter
848 2270 855 2311 ι
883 2246 915 2309 in
971 2248 1030 2326 los,
1047 2249 1234 2331 precipiens
1256 2259 1291 2313 ut
1310 2252 1344 2313 in
1363 2250 1482 2333 templo
1503 2249 1722 2314 constantissi-

53 2374 95 2415 Μ,
107 2388 120 2425 ,,
136 2377 156 2417 o
168 2365 303 2429 quorum
319 2348 485 2429 presentia
499 2348 644 2411 ascendit
659 2348 692 2411 in
707 2348 835 2427 coelum,
849 2366 917 2409 sus·
972 2364 1024 2408 me
1045 2347 1265 2427 predicarent.

44 2438 69 2477 ¹⁵·
168 2444 316 2527 cepitque
349 2465 422 2508 eum
451 2445 551 2509 nubes
586 2446 625 2509 ab
658 2445 761 2510 oculis
793 2463 913 2508 eorum.
1011 2443 1120 2525 ltaque
1149 2445 1242 2525 primi
1270 2444 1317 2507 illi
1345 2444 1472 2525 lideles,
1498 2447 1558 2509 snb
1589 2447 1723 2530 Aposto-

167 2544 333 2624 Ouumque
359 2544 557 2607 intuerentur
581 2564 652 2607 eum
679 2545 914 2617 ascendentem,
973 2542 1076 2606 lorum
1107 2542 1269 2624 regimine,
1297 2543 1387 2625 juxta
1419 2546 1615 2628 evangelice
1642 2544 1722 2627 legis

167 2644 228 2705 duo
252 2642 361 2724 angeli
386 2651 612 2725 apparuerunt,
639 2643 783 2705 dicentes
808 2666 814 2703 :
837 2642 914 2718 Quid
974 2640 1204 2722 perfectionem
1219 2641 1326 2705 Deoia
1341 2644 1428 2705 omni
1445 2646 1612 2709 sanctitate
1627 2653 1722 2727 atque

168 2740 256 2803 statis
282 2739 495 2821 adspicientes
520 2740 553 2803 in
579 2741 716 2804 coeluml
743 2740 799 2803 llic
828 2742 918 2803 lesus
972 2738 1097 2819 justitia
1122 2739 1311 2814 servierunt,
1336 2740 1580 2805 innumerabilia
1603 2743 1723 2806 lacien-

168 2839 220 2919 qui
246 2848 432 2921 assumptus
452 2848 500 2902 est
518 2858 537 2901 a
555 2839 646 2903 vobis
671 2838 702 2901 in
728 2840 856 2917 roelum,
874 2838 917 2900 sic
974 2843 1020 2898 tes
1042 2836 1208 2913 miracula,
1224 2845 1256 2899 et
1275 2838 1496 2902 tribulationes
1518 2858 1575 2921 pro
1599 2841 1723 2903 Christo

169 2937 278 2999 veniet
302 2938 570 3018 quemadmodum
595 2937 721 3001 vidistis
746 2956 817 2999 eum
842 2955 918 2999 eun·
974 2936 1206 3015 patientissime
1222 2936 1430 3017 perferentes,
1443 2937 1651 3018 orationibus,
1661 2958 1724 3001 me

170 3043 231 3097 tem
248 3036 281 3097 in
298 3036 427 3099 coelum.
445 3036 532 3099 'lunc
554 3034 688 3117 regressi
709 3043 783 3097 sunt
802 3035 919 3117 pariter
937 3032 1181 3098 Gditationibus
1207 3053 1243 3097 ac
1272 3033 1417 3096 laudibus
1443 3035 1498 3097 bei
1525 3036 1643 3120 iugiter
1671 3037 1722 3099 in·

168 3134 199 3196 in
214 3135 390 3198 Jerusalem
406 3155 477 3198 cum
497 3136 608 3216 grandi
626 3135 744 3213 letitia,
761 3143 792 3198 et
806 3135 918 3198 diebus
975 3133 1152 3195 tendentes.

168 3253 204 3297 ac
219 3234 370 3297 noctibus
385 3233 517 3296 orationi
537 3235 734 3316 jejuniisque
751 3234 915 3312 vacabant,

168 3341 381 3415 preparantes
406 3351 441 3395 se
462 3334 500 3396 ad
522 3333 756 3414 susceptionem
783 3331 918 3413 Spiritus

48 3443 91 3486 riu,
103 3461 123 3496 n.
133 3441 154 3490 t.
167 3430 286 3509 Sancti,
314 3449 409 3512 quem
434 3431 558 3494 decimo
585 3431 637 3494 die
662 3440 733 3513 post
758 3430 918 3493 ascensio·
1174 3405 1419 3470 ARTICULUS
1443 3407 1519 3472 ΧΠ·

44 3510 60 3549 ⁴·
169 3547 239 3590 uem
260 3549 352 3590 suam
373 3527 513 3592 Christus
539 3529 625 3591 misit
650 3529 783 3607 eisdem,
800 3538 834 3591 ut
855 3527 918 3610 pri·
1075 3545 1124 3604 De
1151 3545 1325 3603 miraculis
1349 3547 1616 3620 proeclarisgimfs

80 3649 155 3686 mon.
169 3645 219 3688 mo
240 3627 328 3690 libro
350 3627 476 3708 plenius
498 3635 546 3690 est
566 3626 712 3690 relatum.
1095 3632 1354 3694 beatissimorum
1364 3637 1600 3709 Apostolorum.

1035 3817 1120 3882 tcttr
1135 3820 1342 3902 prebabitum
1357 3829 1406 3884 est
1419 3829 1452 3884 et
1465 3822 1646 3904 probatum,
1656 3843 1721 3887 non
1748 3843 1811 3892 aar.
1827 3848 1869 3887 aa.

380 3907 624 3974 ARTICULUS
648 3911 708 3974 XI.
1048 3936 1210 3980 armornm
1225 3919 1377 4000 potentia,
1393 3938 1458 3982 non
1472 3919 1627 3984 violentia
1644 3942 1723 4005 pre·
1737 3919 1781 3948 '¹¹¹'

165 4057 211 4116 De
229 4055 299 4114 „fta
319 4053 525 4112 ,anamim
544 4053 771 4126 Apostolorum
793 4071 831 4111 a,
846 4053 917 4126 W,
974 4021 1176 4099 liorum,non
1192 4021 1337 4083 humane
1353 4021 1516 4102 sapientie
1532 4022 1649 4101 verbis,
1657 4043 1721 4087 non

204 4146 332 4204 mitiooe
359 4141 509 4202 Ecclesiae
532 4149 603 4216 post
630 4141 815 4201 missionem
842 4142 917 4217 Spi·
975 4119 1106 4200 magieis
1124 4119 1258 4196 wihus>
1274 4120 1329 4182 5θᾶ
1351 4138 1408 4200 ΡΗ·
1427 4119 1520 4201 ignea
1545 4123 1724 4204 verbaSpi-

207 4235 295 4293 ritus
311 4233 439 4294 Sancti,
933 4211 958 4274 D
975 4217 1051 4278 ritus
1067 4217 1183 4295 Sancti,
1201 4234 1257 4296 per
1270 4216 1411 4298 gloriosa
1423 4225 1456 4279 et
1476 4217 1723 4283 innumerabilia

973 4315 1062 4397 signa
1082 4317 1237 4378 mundum
1257 4308 1483 4379 converterunt
1502 4317 1542 4380 ad
1564 4316 1722 4381 Christum

236 4417 401 4484 UALlTEll
426 4425 531 4480 antem
553 4417 654 4480 sancti
675 4417 829 4499 Apostoli,
849 4437 916 4480 sus·
972 4413 1126 4494 Apostoli.

250 4526 347 4600 cepto
379 4515 499 4599 Spiritu
532 4517 661 4594 Sancto,
692 4516 804 4597 repleti
841 4526 915 4579 sunt
1013 4513 1100 4576 Unde
1129 4513 1360 4576 sacratissimus
1386 4513 1609 4595 Apostolorum
1637 4516 1724 4596 prin·
1770 4539 1777 4550 ·

165 4617 250 4677 omni
280 4613 473 4690 constantia,
493 4613 661 4694 sapientia,
678 4612 815 4691 lervore,
833 4613 916 4693 peri·
972 4631 1046 4694 ceps
1068 4621 1132 4675 tam
1153 4613 1398 4676 innumerabilia
1419 4621 1451 4676 et
1472 4613 1624 4694 preclara
1645 4615 1724 4678 lecit

166 4714 269 4796 tiaque
287 4714 471 4795 linguarum
490 4719 689 4789 cunctarum,
705 4719 736 4774 at
754 4712 914 4793 quomodo
971 4709 1137 4788 miracula,
1153 4712 1236 4792 quod
1259 4711 1453 4774 habitatores
1477 4711 1652 4775 Jerusalem
1675 4713 1723 4776 vi-

167 4819 238 4876 tuno
254 4814 287 4875 in
303 4811 478 4875 Jerusalem
494 4809 758 4891 predicaverunt,
775 4810 913 4872 miracu·
971 4809 1177 4890 cinerumque
1205 4809 1333 4872 urbium
1360 4828 1462 4891 egros
1489 4819 1664 4891 posuerunt
1688 4812 1721 4874 in
1735 4833 1862 4885 acrama.

167 4911 194 4972 la
218 4916 423 4993 peregerunt,
439 4928 477 4972 ac
502 4907 602 4971 multa
625 4908 724 4971 millia
750 4917 914 4972 converte·
970 4907 1059 4969 lectis
1075 4909 1108 4970 in
1128 4908 1242 4990 plateis
1258 4909 1444 4987 Jerusalem,
1460 4917 1617 4990 quatenus
1632 4911 1721 4973 reni-

74 5025 152 5068 m..
167 5019 249 5088 runt,
274 5009 418 5073 breviter
441 5015 560 5070 tactum
586 5015 634 5068 est
663 5005 765 5087 primo
790 5006 910 5069 libello.
969 5016 1040 5068 ente
1055 5007 1158 5084 Petro,
1168 5007 1279 5069 umbra
1294 5006 1381 5068 illius
1396 5007 1600 5070 obumbraret
1614 5027 1720 5089 quem·

45 5117 77 5161 ta
90 5137 114 5170 o.
124 5129 153 5168 a.
167 5108 374 5171 Multitudinis
394 5126 469 5170 vero
489 5106 663 5188 primorum
684 5105 812 5168 illorum
833 5105 913 5166 lide·
967 5125 1062 5186 quam
1078 5105 1257 5183 illorum,et
1271 5107 1475 5168 sanabantur.
1484 5105 1624 5187 Denique
1639 5109 1719 5170 clan-
1733 5129 1868 5178 torrem-r.

166 5207 242 5270 lium
268 5207 330 5270 luit
355 5224 411 5269 cor
435 5224 534 5268 unum
559 5212 592 5266 et
613 5203 720 5266 anima
746 5223 828 5280 una3
852 5223 910 5266 nec
967 5206 1043 5267 dum
1072 5224 1110 5266 ex
1139 5211 1228 5266 utero
1257 5203 1351 5286 piene
1378 5204 1522 5283 sanavit;
1553 5205 1717 5269 Tabitbam
1739 5210 1868 5261 stitwi-

166 5307 333 5390 quisquam
354 5322 477 5382 eorum,
492 5321 562 5386 que
581 5302 773 5385 possidebat,
790 5301 908 5384 aliquid
968 5303 1164 5365 suscitavita
1179 5303 1311 5365 mortuis
1324 5325 1332 5381 3
1349 5303 1490 5381 AEneam,
1506 5304 1560 5385 qni
1575 5313 1647 5368 octo
1661 5325 1717 5369 an·
1730 5274 1866 5388 iiim,
