4309 6250
504 523 624 574 comas
643 525 811 572 rasrmmu
831 525 1003 584 ιιιιιοιιιιι,
1026 525 1113 574 uass
1134 527 1165 574 ιι.
1188 543 1229 556 --
1249 527 1319 574 aar.
1341 525 1424 573 xuvu
1682 507 1743 574 atta

178 693 379 756 comederet
395 695 427 758 Si
442 703 474 758 et
493 695 560 772 alii,
576 695 693 758 mirum
714 695 799 776 quod
821 695 938 777 aliquis
953 699 979 760 A
994 695 1076 777 quit)
1091 696 1182 778 signa
1203 714 1329 778 magna,
1347 696 1390 758 ita
1405 704 1440 759 nt
1453 695 1547 759 etiam
1569 695 1676 778 ignem
1697 695 1743 758 la·

179 791 262 854 inde
276 793 446 856 comedere
465 812 561 856 ausus
579 793 651 856 luit.
672 792 762 870 ltern,
778 793 863 874 qnod
882 793 940 855 ali·
994 803 1081 856 ceret
1109 794 1149 858 de
1176 793 1258 857 coelo
1285 795 1479 858 descendere
1507 793 1540 856 in
1570 801 1743 875 conspectu

177 889 316 970 quando
331 891 419 953 misit
439 909 570 955 manum
590 910 681 954 suam
702 890 736 953 in
756 910 937 969 cavernam,
994 892 1173 970 hominum,
1189 900 1221 954 et
1243 893 1373 956 seducet
1393 891 1571 956 habitantes
1592 891 1625 954 in
1646 899 1741 971 terra,

178 987 397 1070 exieruntque
415 1007 517 1070 aqum,
531 991 572 1052 de
593 988 707 1071 quibus
729 988 798 1070 ipse
820 989 940 1070 potavit
994 999 1123 1072 propter
1146 989 1238 1072 signa
1265 1007 1335 1071 qum
1359 991 1432 1052 data
1456 997 1530 1052 sunt
1553 988 1600 1052 illi
1624 988 1740 1052 lacere.

179 1094 214 1150 et
240 1087 325 1150 socii
349 1087 421 1169 ejus
443 1107 482 1151 ac
506 1087 749 1170 pecora:un
773 1087 875 1168 magis
898 1087 938 1150 de
993 1087 1137 1169 lienique
1164 1087 1306 1151 Christus
1333 1085 1365 1150 in
1390 1086 1563 1169 Evangelio
1587 1095 1743 1150 contesta-

177 1183 347 1248 ldahomet
368 1184 439 1248 lilio
461 1185 552 1249 Arari
575 1185 658 1249 solet
681 1185 815 1263 narrari,
838 1204 937 1268 quum
993 1185 1207 1266 tur:Surgent
1221 1183 1557 1268 pseudoprophete,et
1570 1184 1690 1248 dabunt
1704 1183 1743 1247 si·
1769 1207 1855 1255 ιιιιιι.

177 1291 294 1347 umen
310 1285 351 1347 de
367 1293 502 1367 utroque
520 1283 606 1366 apud
625 1283 816 1348 Sarracenos
835 1283 938 1347 incer·
992 1301 1056 1364 gna
1076 1301 1192 1364 magna
1209 1291 1242 1346 et
1262 1282 1416 1366 prodigia,
1432 1281 1476 1346 ita
1497 1291 1532 1346 ιιι
1553 1281 1587 1346 in
1602 1300 1741 1347 errorem
1756 1285 1813 1324 ¹¹¹¹·
1828 1275 1862 1316 ¹¹·

178 1388 252 1444 tum
269 1389 303 1444 et
318 1378 471 1445 lrivolum
485 1381 649 1444 habeatur.
666 1379 728 1444 Sed
749 1388 782 1444 ct
802 1379 938 1464 ipsemet
992 1381 1196 1462 inducantur,
1214 1381 1240 1444 si
1259 1380 1332 1445 lieri
1352 1388 1467 1464 potest,
1488 1379 1585 1444 etiam
1605 1379 1710 1445 electi.

176 1479 300 1542 llahon
321 1480 431 1543 omnia
451 1480 513 1543 ista
534 1477 780 1543 mendacissima
800 1498 871 1543 esse
893 1490 938 1544 te·
1033 1482 1073 1542 Αι
1088 1499 1162 1544 vero
1177 1499 1272 1562 quam
1286 1479 1367 1542 mira
1381 1477 1527 1544 lecerunt
1546 1480 1629 1562 magi
1648 1487 1742 1562 atque

177 1585 299 1656 statur,
314 1596 413 1659 quum
428 1578 462 1640 in
476 1577 591 1659 majori
607 1578 767 1660 scriptura
780 1597 838 1640 sua
852 1579 937 1642 dicat
993 1578 1134 1642 malefici
1148 1577 1329 1658 Pharaonis,
1345 1577 1377 1640 in
1391 1577 1498 1642 Exodo
1513 1578 1666 1690 scriptum
1681 1586 1739 1642 est.

177 1674 277 1757 signa
292 1675 356 1738 sibi
371 1695 435 1739 non
449 1695 519 1740 ease
538 1677 632 1755 data,
648 1684 681 1738 et
700 1694 800 1788 quum
822 1676 937 1740 iterum
992 1676 1191 1759 Siquidem
1184 1697 1217 1739 ιιι
1241 1677 1342 1741 tribus
1367 1676 1480 1759 primis
1504 1676 1604 1758 signis
1629 1675 1743 1739 imitati
1767 1701 1866 1748 pm,
1853 1717 1889 1757 vn.

178 1774 362 1856 loquatur:
378 1774 446 1839 Non
462 1795 533 1839 sum
549 1775 666 1838 missus
681 1775 744 1838 nisi
765 1774 799 1838 in
821 1774 938 1839 virtute
992 1776 1231 1858 suntlloysen:
1248 1794 1343 1857 quem
1359 1775 1455 1838 etiam
1470 1775 1503 1837 in
1518 1782 1630 1857 quarte
1650 1774 1800 1882 signcwp,
1758 1770 1790 1816 ¹¹·
1805 1771 1829 1811 ¹¹
1832 1771 1889 1820 ³¹⁵

176 1873 297 1956 gladii
305 1873 345 1936 Et
357 1883 465 1955 aperte
479 1873 561 1937 lalsa
574 1893 644 1938 esse
658 1874 767 1937 omnia
780 1873 836 1936 illa
850 1893 937 1938 conr·
950 1873 975 1938 B
994 1874 1108 1937 imitati
1134 1874 1280 1954 luissent,
1302 1874 1451 1938 laciendo
1475 1873 1559 1956 quod
1579 1871 1655 1938 lecit
1674 1843 1800 1953 illo‚'''’

176 1973 496 2056 probanturexsnis
511 1973 628 2036 iterum
648 1973 744 2036 dictis
765 1973 911 2056 quibus
903 1993 936 2036 m
993 1973 1055 2034 nisi
1047 1973 1179 2035 divina
1195 1972 1331 2036 luissent
1345 1972 1463 2035 virtute
1484 1971 1647 2055 prohibiti.
1663 1971 1744 2046 Oua·
1770 2001 1881 2046 ηιμ...
1860 2015 1891 2054 u,

176 2070 365 2135 Alcoran'
340 2091 387 2134 sic
401 2071 541 2153 loquitur
556 2095 564 2134 ι
580 2071 760 2153 Quidquid
752 2072 938 2136 inveneritis
993 2071 1037 2134 lia
1051 2079 1156 2134 antem
1174 2079 1205 2134 et
1218 2080 1337 2152 quanta
1351 2071 1465 2136 lecerit
1484 2071 1595 2135 Simon
1618 2090 1741 2153 magus,
1758 2071 1792 2111 ¹⁸·

179 2189 242 2252 per
258 2189 315 2233 me
329 2170 493 2253 scriptum,
508 2169 652 2234 conferte
665 2170 744 2234 illud
758 2167 832 2234 cn‘m
847 2171 939 2236 Alco·
993 2169 1102 2234 etalii
1126 2170 1257 2251 quidam
1282 2168 1434 2248 malefici,
1461 2177 1594 2233 constat.
1617 2168 1742 2233 Etenim

178 2288 255 2345 ran,
272 2277 308 2332 et
326 2269 353 2330 si
373 2287 438 2333 non
458 2269 711 2347 concordaverit,
728 2270 841 2333 scitote
863 2270 939 2351 quia
993 2267 1101 2332 Simon
1118 2267 1172 2330 ille
1186 2269 1377 2350 pravissima
1391 2277 1458 2332 arte
1477 2267 1600 2350 magica
1615 2285 1744 2350 serpen-

177 2366 343 2430 innocens
366 2385 438 2430 snm
457 2387 476 2429 a
494 2367 652 2449 scriptura
669 2367 736 2445 illa,
757 2376 789 2430 et
807 2387 871 2431 non
891 2376 939 2431 est
993 2375 1041 2429 tes
1055 2385 1160 2430 mneos
1174 2365 1251 2430 lecit
1265 2367 1523 2448 moveri,statnas
1538 2385 1635 2430 aereas
1650 2375 1743 2448 alque

178 2485 268 2528 mea.
297 2465 371 2528 Hac
400 2485 439 2528 cx
466 2465 597 2548 prmlata
625 2465 761 2548 epistola
789 2473 864 2529 sunt
891 2467 939 2529 in·
993 2463 1135 2549 lapideas
1157 2465 1259 2529 ridere
1278 2473 1332 2528 aut
1351 2464 1449 2548 loqui.
1468 2465 1591 2529 Volavit
1615 2483 1743 2546 quoque

179 2564 295 2627 ducta.
993 2582 1051 2646 per
1064 2583 1159 2642 aera;
1175 2572 1207 2627 et
1223 2562 1361 2628 vicissim
1381 2571 1483 2627 stante
1504 2582 1543 2628 eo
1564 2582 1670 2627 coram
1685 2563 1744 2627 im·

220 2662 372 2744 Denique
387 2661 421 2723 in
434 2663 572 2744 quodam
593 2661 735 2745 capitulo
748 2663 789 2725 de
802 2661 940 2727 Genera·
992 2672 1138 2746 peratore
1163 2663 1304 2726 llomano
1327 2662 1509 2726 mutabatur
1528 2661 1655 2744 efligies
1675 2660 1744 2726 vul-

178 2760 271 2824 ticne
284 2760 444 2824 llahomet
464 2760 592 2843 legitur,
607 2761 693 2843 quod
707 2781 726 2824 a
738 2760 886 2825 Gabriele
904 2762 939 2825 in
992 2769 1043 2824 tus
1058 2763 1141 2843 ejus,
1159 2769 1192 2824 ut
1214 2780 1299 2824 nunc
1319 2761 1438 2842 senior,
1454 2779 1540 2824 nunc
1559 2760 1744 2824 adolescen-

177 2858 363 2923 lerusalem
391 2859 506 2923 duetus
529 2868 589 2939 est,
613 2867 646 2922 et
667 2860 742 2922 inde
764 2859 798 2922 in
822 2861 938 2924 coelum
992 2860 1055 2924 tior
1070 2860 1242 2923 videretur.
1259 2859 1414 2922 Similiter
1427 2859 1481 2922 alii
1497 2859 1580 2941 magi
1596 2857 1744 2922 iecerunt

178 2958 322 3038 levatus,
338 2957 518 3038 iterumque
539 2957 713 3040 depositus.
734 2958 773 3020 Et
792 2960 854 3023 hoc
876 2968 937 3039 est,
994 2958 1141 3022 homines
1156 2956 1348 3036 immobiles,
1365 2965 1471 3021 mutos
1486 2975 1522 3020 ac
1538 2957 1694 3039 stupidos.

178 3057 214 3120 ni
230 3056 344 3138 lallor,
360 3057 445 3139 quod
461 3055 652 3139 precedenti
667 3055 832 3137 (videlicet
851 3056 977 3121 sexa-G
1032 3055 1141 3120 llelert
1165 3073 1292 3139 quoque
1316 3055 1426 3118 docter
1454 3073 1537 3137 sepe
1562 3054 1745 3137 praeallega·

177 3156 310 3239 gesimc
345 3156 502 3235 seeundo)
529 3155 670 3239 capitulo
702 3156 854 3238 tangitur,
884 3158 939 3221 ubi
993 3164 1055 3236 tus,
1070 3156 1111 3218 de
1124 3154 1262 3238 quodam
1275 3154 1394 3232 droco,
1411 3153 1540 3217 nomine
1560 3154 1741 3232 Cadaraat*,
1771 3196 1857 3241 ,ὼ

177 3255 276 3337 quasi
298 3272 338 3317 er
358 3254 414 3317 noi
435 3273 572 3338 persona
589 3254 740 3317 asseritur
756 3278 764 3315 ε
781 3258 850 3318 Per
867 3260 939 3317 atel·
992 3253 1048 3336 qui
1062 3272 1169 3317 errore
1182 3253 1346 3334 deceptus,
1361 3251 1442 3315 dixit
1457 3270 1553 3334 snper
1568 3270 1602 3314 se
1617 3251 1744 3315 venisse
1758 3267 1898 3347 Tanoupe-

178 3357 248 3414 lam
267 3354 501 3429 vespertinam,
514 3354 616 3413 cliens
630 3363 735 3413 vester
749 3356 939 3415 nullatenus
993 3352 1026 3413 in
1049 3359 1158 3415 monte
1182 3350 1268 3413 Geloi
1291 3348 1450 3413 visionem
1475 3348 1627 3413 divinam.
1655 3350 1743 3413 Tunc
1758 3356 1898 3433 xosrdirq-

177 3470 318 3521 erram,
333 3452 385 3510 nil
404 3471 447 3509 ec
461 3452 600 3527 proprio
623 3454 713 3521 celte
732 3454 789 3512 sed
808 3460 938 3513 tantum
993 3448 1162 3513 mvocavit
1185 3467 1293 3529 regem
1317 3447 1472 3511 Zebezih'
1487 3466 1661 3529 omnesque
1676 3448 1742 3559 'qui
1757 3467 1817 3527 χιι,
1821 3466 1897 3511 sm

1756 3531 1867 3585 tapaehpa.

1771 3592 1844 3635 'saliae
1851 3590 1897 3635 su-

177 3591 431 3709 mbteoatusod
444 3649 533 3707 aeris
547 3651 597 3707 oet
611 3648 792 3708 torizomas
809 3650 938 3709 celsita-
993 3664 1048 3709 eos
1072 3645 1162 3709 lalsis
1183 3641 1346 3707 miraculis
1365 3653 1397 3707 et
1416 3644 1538 3725 magnis
1562 3643 1806 3761 tigmentisun
1755 3655 1806 3698 ιιι
1809 3653 1895 3706 ιιιι1

177 3748 311 3816 dinem,
332 3748 378 3806 ad
400 3749 505 3807 Deum
529 3747 638 3821 ipsum
661 3746 878 3807 instruentem
902 3749 939 3807 st
993 3743 1141 3808 Faciebat
1154 3762 1241 3807 enim
1256 3762 1374 3825 equum
1389 3762 1482 3806 suum
1498 3742 1590 3825 mori,
1607 3751 1639 3805 et
1658 3752 1743 3827 post·
1757 3716 1829 3761 ω’

179 3849 255 3905 lum
270 3844 454 3921 efficaciter
467 3845 597 3904 aoeesrit
613 3852 704 3903 tanto
718 3846 820 3920 spatii
839 3846 938 3906 inter·
993 3862 1031 3906 ea
1046 3861 1222 3923 resurgere.
1239 3841 1333 3903 Aliud
1354 3858 1482 3923 quoque
1503 3840 1664 3905 simulavit
1683 3842 1743 3905 mi·

179 3946 283 4012 vallo,
314 3950 477 4020 quantum
505 3944 626 4018 sapitta
654 3961 736 4001 arcu
763 3944 863 4003 missa
890 3946 939 4005 bis
994 3942 1150 4020 raculum,
1167 3941 1304 4005 recitans
1319 3939 1365 4003 eis
1380 3940 1549 4021 quamdam
1565 3940 1741 4009 orationem

180 4049 444 4101 transcurreret.
461 4042 609 4119 [conque
623 4041 660 4099 in
676 4044 742 4101 loeo
751 4043 938 4123 propinquo
994 4041 1105 4122 inqua
1119 4039 1263 4103 omnium
1278 4038 1458 4121 linguarum
1474 4039 1641 4102 diversitas
1655 4040 1743 4103 vide·

174 4139 344 4217 paradiso
358 4138 478 4213 optime
497 4140 538 4198 de
557 4140 738 4199 virtutibus
758 4140 940 4217 orajortbua
994 4140 1086 4205 batur
1101 4138 1225 4203 haberi.
1241 4138 1454 4203 Conlormiter
1473 4137 1550 4201 lecit
1567 4138 1743 4202 llelibidiua

180 4238 286 4306 antiit,
301 4239 392 4297 οαιιο
407 4255 465 4297 ruo
478 4256 552 4297 mm
566 4239 756 4297 nullatenus
769 4240 916 4315 fallente.
953 4238 1100 4318 Illndus,
1117 4237 1172 4319 qui
1187 4255 1287 4318 quum
1302 4237 1485 4301 ostenderet
1504 4236 1552 4300 eis
1573 4237 1742 4318 quamdam

222 4333 382 4397 Praeterea
395 4332 539 4414 quaedam
553 4330 617 4395 alia
635 4333 811 4397 recitantur
828 4335 868 4398 de
886 4354 936 4420 eo,
993 4357 1085 4402 avem
1105 4335 1275 4399 maximam
1296 4333 1456 4399 volantem
1477 4334 1562 4399 circa
1580 4353 1740 4416 cremum,

180 4432 249 4497 Sed
275 4430 473 4514 preindncta
496 4440 591 4514 atquc
615 4430 734 4495 similia
756 4432 881 4497 nnllum
904 4434 938 4497 in
993 4437 1163 4501 habentem
1177 4434 1211 4496 in
1227 4442 1316 4497 utero
1338 4432 1477 4517 puellam
1500 4433 1690 4499 clamantem
1712 4443 1743 4498 et

181 4529 310 4594 divinis
343 4528 514 4611 Scripturis
542 4529 624 4593 hene
653 4529 843 4593 instructum
872 4550 939 4596 mo·
993 4536 1164 4615 dicentem,
1182 4532 1299 4597 Scitote
1312 4531 1387 4615 quia
1401 4550 1609 4615 quecumque
1631 4534 1743 4597 dixerit

180 4638 264 4693 vent
264 4628 466 4711 prasertim
479 4647 579 4710 quum
593 4629 633 4692 de
647 4629 841 4694 Antichristo
854 4631 940 4695 dicat
994 4634 1086 4698 vobis
1114 4631 1290 4697 llelihidius
1325 4650 1399 4694 vcra
1433 4641 1518 4711 sunt,
1549 4633 1666 4697 multos
1695 4652 1743 4697 sc·

47 4743 159 4790 nram
160 4726 351 4809 spostolus
366 4724 492 4804 Paulus,
507 4726 593 4807 quod
614 4727 686 4807 ejus
705 4728 859 4791 adventus
879 4730 940 4793 erit
993 4733 1093 4796 duxit.

43 4808 104 4855 ⁹¹¹
181 4825 367 4889 secundnm
390 4824 609 4907 operationem
633 4826 801 4905 Βιιιιιιιιι,
792 4846 826 4889 ιιι
849 4828 938 4892 omni
1033 4830 1191 4895 Verum'
1165 4849 1249 4894 circa
1263 4830 1329 4893 hec
1343 4829 1443 4912 queri
1457 4828 1742 4912 potest,qucmodc

181 4924 318 5004 virtute,
333 4923 367 4984 in
382 4922 482 5005 signis
497 4932 530 4987 ct
543 4924 698 5006 prodigiis
716 4926 936 5005 mendacibus,
993 4936 1128 5013 possunt
1141 4948 1175 4992 se
1190 4928 1250 4991 ista
1266 4928 1309 4991 ita
1322 4929 1451 4991 habere.
1469 4928 1501 4991 Si
1517 4929 1601 4991 enim
1617 4948 1635 4991 a
1650 4929 1742 4992 sedu-

181 5032 217 5087 et
246 5022 282 5086 in
311 5022 400 5088 omni
425 5023 610 5086 seductione
638 5023 825 5107 iniqnitatis.
852 5026 938 5089 Unde
993 5028 1134 5091 uteribus
1163 5026 1248 5088 liunt
1275 5024 1441 5106 miracula,
1472 5028 1630 5107 quomodo
1659 5026 1740 5091 lides

182 5122 286 5184 etiam
301 5129 430 5184 unctus
444 5123 642 5203 evangelista
656 5122 816 5187 loannes
808 5143 842 5185 in
856 5125 939 5207 Apo-
992 5126 1167 5190 christiana
1183 5144 1239 5208 per
1253 5124 1406 5187 miracula
1419 5144 1438 5187 a
1452 5126 1516 5188 Deo
1536 5144 1606 5188 esse
1628 5126 1740 5207 proba·

52 5278 70 5321 Δ
123 5220 310 5335 ¹²¹¹'eclypsi
335 5218 458 5298 scribit,
480 5220 615 5303 loquens
638 5241 727 5287 more
750 5223 937 5305 prophetico
993 5234 1054 5305 tur,
1070 5233 1103 5287 et
1118 5224 1151 5287 in
1165 5242 1228 5306 quo
1248 5222 1414 5286 Christiani
1431 5242 1449 5285 a
1464 5223 1603 5286 seductis
1617 5242 1654 5287 ac
1669 5242 1740 5307 per

44 5292 167 5392 ιιΡῗῗ.11111
181 5320 225 5383 de
239 5318 352 5382 luturc
366 5319 567 5401 permodum
581 5321 758 5405 preteriti:
774 5320 860 5386 Fecit
874 5323 935 5406 (in-
992 5324 1066 5388 udis
1088 5322 1235 5407 gentihus
1257 5321 1518 5404 distinguuntnrl
