4309 6250
709 947 1190 1061 PROOEMIUM

231 1550 450 1615 Curusrrauus
465 1586 507 1597 -
524 1553 582 1613 Sic
601 1553 689 1613 Deus
708 1552 828 1611 difecit
850 1552 1023 1621 mundum,
1046 1559 1083 1609 ut
1108 1551 1235 1611 Filium
1259 1569 1355 1610 suum
1381 1551 1590 1628 uniyenftum
1613 1554 1721 1622 daret,

171 1670 208 1720 ut
231 1662 338 1719 omnis
361 1662 421 1739 qui
441 1660 546 1719 credit
575 1658 611 1719 in
639 1678 712 1719 eum
740 1678 804 1719 oon
829 1668 957 1735 pereat,
981 1660 1036 1717 sed
1064 1658 1179 1717 babeat
1207 1659 1309 1717 vito-m
1336 1666 1503 1721 oeternam.
1530 1660 1606 1724 Non
1633 1662 1721 1721 enim

171 1770 262 1828 misit
280 1770 367 1830 Deua
386 1770 512 1829 Filium
533 1787 630 1827 suum
652 1768 687 1826 iu
712 1770 872 1827 mundum
892 1774 929 1826 ot
941 1766 1072 1843 judicet
1091 1768 1266 1834 mundum,
1281 1767 1338 1825 sed
1355 1774 1393 1825 ut
1411 1770 1558 1827 salvetur
1577 1770 1722 1828 mundus

167 1894 231 1951 per
245 1878 363 1951 ipsum.
381 1878 445 1944 Qut
458 1876 562 1935 credit
578 1876 614 1935 in
633 1894 719 1945 eum,
735 1894 800 1935 non
814 1875 1018 1951 judicatum·
1032 1876 1093 1953 qui
1110 1883 1219 1935 autem
1238 1892 1304 1933 non
1323 1874 1441 1944 credit,
1454 1875 1530 1951 jam
1545 1876 1721 1951 judicatus

171 1992 230 2053 est,
245 1984 325 2063 quia
339 1984 522 2043 concredit
539 1984 573 2043 in
590 1984 721 2043 nemim
735 1982 903 2059 unipenttt
915 1982 1000 2042 Filii
1013 1984 1085 2043 Dei.
1101 1981 1213 2043 Joaun.
1230 1999 1275 2061 rrr,
1292 1979 1395 2044 tutu.

232 2089 501 2153 sanaremus-
518 2088 595 2163 Quid
623 2088 682 2151 sibi
703 2088 772 2151 vult
795 2087 878 2150 istud
901 2086 1179 2170 exordiumlquid
1201 2087 1391 2171 praetenditl
1404 2088 1471 2162 Quo
1491 2087 1592 2151 tendit
1613 2088 1720 2150 thema

171 2198 255 2261 istud
277 2198 479 2281 sacrilegum,
497 2197 530 2260 in
551 2216 615 2280 quo
636 2198 718 2261 licus
740 2197 866 2277 uitium,
891 2196 957 2260 imo
977 2204 1010 2259 ct
1030 2195 1229 2277 unigenitum
1251 2195 1363 2258 lilium
1385 2195 1503 2259 babere
1524 2194 1718 2274 insinuatur,

171 2306 265 2387 cujus
285 2306 480 2369 contrarium
500 2305 533 2367 in
548 2305 629 2369 libro
648 2304 729 2387 legis
749 2312 864 2369 nostrae
883 2305 1020 2387 desuper
1042 2304 1140 2366 misso
1162 2304 1254 2367 toties
1275 2302 1479 2366 affirmaturf
1494 2302 1619 2367 Videris
1640 2303 1719 2365 mibi

170 2434 241 2477 esse
265 2414 304 2477 de
329 2432 462 2477 numeru
485 2413 756 2497 participatorum,
782 2410 837 2493 qui
862 2410 1012 2475 deitatem
1044 2410 1163 2473 summi
1190 2409 1246 2473 liei
1277 2429 1296 2472 a
1323 2428 1388 2492 quo
1411 2410 1521 2474 nescio
1552 2411 1623 2491 ejus
1650 2410 1720 2474 filio

170 2522 288 2585 asseris
312 2520 506 2605 participari,
524 2538 621 2602 quum
646 2519 747 2583 deitas
770 2538 843 2583 vera
865 2536 1067 2601 nequaquam
1089 2516 1295 2599 multiplicari
1317 2525 1371 2581 aut
1392 2517 1622 2581 communicari
1650 2518 1720 2601 plu·

171 2631 261 2693 ribus
282 2629 393 2712 possit.

232 2736 532 2801 (Innumcras—A
546 2735 680 2799 nomino
695 2744 804 2799 nostro
817 2734 890 2797 lesu
905 2733 1028 2797 Christo
1043 2732 1238 2797 Christianus
1253 2743 1384 2797 vocatus
1399 2752 1471 2797 sum
1487 2757 1495 2797 z
1512 2752 1576 2816 quo
1591 2734 1719 2798 nomine

170 2845 294 2907 utinam
317 2844 433 2925 dignus
458 2844 529 2921 sim.
552 2844 590 2906 Et
616 2843 822 2927 participator
845 2862 883 2906 ac
908 2842 1066 2925 particeps
1091 2860 1161 2904 esse
1192 2840 1336 2905 desidere
1365 2840 1509 2905 omnium
1538 2839 1718 2905 timentium
1746 2866 1867 2915 esame,

168 2952 282 3032 Deum,
309 2960 341 3015 et
365 2950 612 3015 custodientium
638 2951 786 3013 mandata
810 2950 892 3030 ejus.
920 2948 988 3013 Non
1012 2956 1118 3012 autem
1143 2968 1214 3011 surn
1238 2948 1444 3031 participator
1467 2968 1505 3013 eo
1533 2949 1628 3013 modo
1655 2932 1767 3031 quo⁶³'

168 3070 204 3121 tu
225 3068 319 3143 putas
339 3066 371 3121 et
392 3058 471 3121 milri
493 3058 701 3143 improperas.
725 3056 793 3121 Non
819 3056 905 3120 enim
930 3076 1038 3120 veram
1062 3056 1212 3119 deitatem
1237 3054 1526 3138 multiplicabilem,
1549 3056 1719 3140 participa-

168 3169 268 3230 bilem
299 3187 355 3230 seu
384 3167 635 3230 substantialiter
653 3166 801 3256 diversis
835 3163 1133 3229 communicabilem
1161 3164 1302 3242 adstruo,
1327 3183 1388 3226 nec
1416 3163 1496 3227 duos
1525 3173 1579 3226 aut
1612 3165 1719 3247 piures

168 3276 267 3338 credo
281 3283 335 3336 aut
356 3293 440 3358 pono
460 3292 552 3339 veros
567 3275 658 3355 Deos,
675 3273 730 3337 sed
751 3292 850 3336 unum
869 3273 1033 3336 dumtaxat
1051 3291 1173 3350 verum,
1190 3271 1440 3354 omnipotentem
1461 3271 1719 3354 adorandumque

168 3383 282 3445 Deum.
309 3381 404 3446 Porro
428 3381 461 3445 irr
485 3382 567 3446 libro
592 3381 672 3464 legis
697 3389 769 3459 tuas,
796 3380 944 3444 videlicet
968 3379 1136 3458 dicerene,
1161 3379 1270 3461 negari
1294 3379 1361 3442 scio
1385 3379 1469 3461 quod
1494 3379 1577 3442 Deus
1604 3380 1719 3443 llilium

168 3490 307 3566 babeat3
334 3491 390 3552 sed
414 3489 499 3570 quod
527 3488 641 3552 asseris
669 3487 786 3550 librum
816 3487 906 3550 illum
934 3487 1072 3570 desuper
1099 3481 1244 3564 missum,
1270 3504 1366 3568 quem
1393 3495 1518 3549 constat
1545 3487 1720 3570 inspirante

168 3597 300 3661 diabolo
324 3617 344 3659 a
366 3595 590 3680 perfidissimis
614 3595 877 3678 impiissimisque
904 3594 1089 3659 hominibus
1116 3613 1186 3657 esse
1210 3593 1396 3672 confictum,
1417 3594 1526 3657 nullus
1550 3595 1657 3658 credat
1682 3595 1722 3658 fi-

167 3705 303 3769 delium.

234 3813 447 3876 Saumcnuus.
473 3847 513 3858 -
535 3810 760 3894 legislatorem
784 3819 940 3890 nostrum,
966 3809 1154 3892 prophetam
1182 3828 1218 3872 ac
1243 3809 1391 3872 nuntium
1414 3809 1469 3872 uei
1497 3809 1719 3892 mahometum,

167 3919 318 3984 affirmas
332 3939 350 3982 a
366 3918 492 3982 diabolo
507 3917 707 4002 inspiratum,
718 3925 750 3982 et
765 3916 937 3999 perfidum,
950 3917 1014 3980 imo
1029 3917 1280 3999 perfidissimum
1295 3915 1583 4000 impiissimumque
1599 3917 1721 3981 fuisset

234 4027 449 4092 Crrarsrrruus.
466 4061 507 4074 ·-
520 4026 742 4106 llahometum‚
759 4035 791 4090 et
811 4025 997 4107 magistrum
1019 4025 1089 4106 ejus
1109 4025 1263 4107 Sergium,
1280 4024 1465 4088 hereticum
1486 4024 1719 4105 Nestorianum,

166 4134 382 4197 falsissimum
404 4135 607 4212 monachum,
629 4133 862 4215 perfidissimos
888 4132 1214 4214 sceleratissimosque
1235 4131 1334 4194 fuisse
1359 4140 1391 4194 et
1413 4133 1605 4196 eternaliter
1628 4143 1723 4216 atque

167 4241 463 4305 intolerabilissime
485 4260 554 4304 esse
576 4244 741 4305 damnatos
763 4260 827 4304 non
851 4240 990 4321 ambigo.
1007 4239 1045 4303 Et
1069 4240 1153 4304 absit
1176 4249 1213 4303 ut
1235 4239 1526 4322 prodigiosissimus
1550 4240 1604 4305 ille
1630 4241 1723 4304 innu-

166 4348 376 4412 merabilium
400 4347 535 4430 signifer
558 4347 732 4412 falsitatum
757 4349 912 4412 llahomet
941 4348 1090 4410 credatur
1113 4346 1212 4410 fuisse
1239 4347 1295 4410 Dei
1324 4347 1479 4429 propbeta
1507 4357 1562 4410 aut
1590 4349 1723 4412 nuntius

166 4457 256 4539 ejus,
271 4476 370 4538 quum
385 4456 419 4518 in
434 4463 500 4520 toto
514 4456 670 4520 Alcorano
685 4475 742 4520 suo
762 4456 802 4518 sit
823 4464 962 4519 extreme
983 4456 1163 4518 contrarius
1182 4453 1427 4536 quamplurimis
1449 4455 1523 4520 novi
1545 4475 1582 4518 ac
1605 4457 1722 4520 veteris

166 4563 365 4628 Testamenti
391 4563 569 4647 scripturis,
586 4563 650 4626 imo
674 4563 736 4626 sibi
760 4563 820 4647 ipsi
846 4563 964 4645 passim
987 4572 1083 4645 atque
1108 4561 1269 4625 multoties
1293 4563 1470 4626 contrarius
1494 4563 1687 4628 inveniatur.

234 4672 446 4736 Saamcrmus.
472 4707 513 4720 -
536 4670 573 4733 Ut
596 4669 701 4751 video,
726 4672 932 4734 vehementer
955 4670 1111 4733 distamus
1134 4679 1165 4733 et
1190 4669 1410 4754 discrepamus
1434 4672 1475 4734 ab
1499 4671 1636 4735 invicem
1660 4696 1667 4734 ι
1690 4680 1722 4736 et

165 4780 316 4864 quamvis
338 4798 397 4861 ego
419 4778 452 4841 in
473 4779 555 4843 libro
577 4778 656 4860 legis
678 4787 801 4856 vestrm,
818 4778 849 4842 id
871 4787 920 4841 est
942 4778 974 4841 in
997 4777 1181 4860 Evangelio,
1199 4778 1299 4841 multa
1320 4778 1475 4842 contineri
1497 4799 1631 4844 erronea
1650 4799 1722 4844 sen·

166 4891 261 4968 tiam,
277 4907 341 4950 uon
356 4895 463 4950 tamen
478 4886 518 4950 ob
532 4887 593 4950 hcc
609 4885 822 4968 legislatorem
838 4894 979 4949 vestrum
994 4885 1165 4964 Christum,
1181 4885 1285 4948 llariae
1309 4885 1425 4966 filium,
1442 4886 1569 4966 damno,
1586 4889 1721 4970 reprubo

166 5006 223 5061 aut
247 4995 455 5077 blasphemo;
473 4995 528 5058 sed
550 5003 583 5056 tu
609 4993 796 5057 irrefrenata
816 4994 950 5057 audacia
971 4993 1237 5075 frontositateque
1259 4991 1359 5055 libera
1380 4993 1472 5056 illum
1494 4994 1538 5056 ita
1558 4995 1720 5079 vituperas

166 5113 199 5170 et
225 5102 431 5180 condemnas,
449 5121 544 5185 quem
568 5119 650 5185 pene
674 5101 778 5165 media
801 5109 855 5165 aut
881 5101 974 5165 tertia
997 5121 1071 5183 pars
1096 5101 1206 5163 muudi
1232 5098 1265 5163 in
1292 5109 1378 5165 tanto
1402 5101 1498 5164 habet
1518 5102 1649 5181 honore,
1665 5103 1720 5183 qui

166 5221 199 5277 et
226 5210 303 5276 totis
328 5208 449 5274 viribus
475 5209 686 5275 idololatriam
711 5209 906 5293 exstirpavit,
933 5217 1027 5291 atquc
1053 5209 1092 5271 ad
1123 5208 1219 5270 unius
1246 5207 1314 5270 veri
1339 5207 1394 5271 [lei
1424 5209 1545 5274 cultum
1573 5209 1720 5273 homiues

166 5317 371 5388 convocavit.
