4309 6250
759 493 905 542 sorssors
924 493 1160 544 nosceremur
1671 479 1732 545 235

183 665 274 730 baud
292 666 379 732 foret
395 667 563 748 credibile,
588 668 655 732 nisi
676 668 712 732 iu
736 686 810 734 eam
826 670 934 752 legem
952 671 985 735 et
1002 669 1160 752 peccandi
1184 671 1261 736 data
1284 671 1417 736 licentis
1439 671 1629 756 pellexisset
1653 673 1733 737 insi-

183 774 325 854 pientes,
342 775 376 838 et
389 792 481 838 mma
500 775 739 858 compulissent
757 777 892 841 invitos.
908 777 1006 841 Hunc
1029 777 1141 858 itaque
1161 777 1203 841 ad
1224 779 1315 860 regis
1332 777 1515 859 MaJestatis
1532 779 1612 844 luae
1627 782 1733 844 castra

183 880 363 960 mittimus,
392 883 430 946 ut
455 881 623 963 quomodo
650 883 806 964 Maiestas
833 883 905 947 lua
928 884 1042 963 armis,
1068 885 1116 948 ita
1144 885 1198 948 bic
1225 885 1358 966 scriptis
1384 885 1526 950 ‘luteam
1552 889 1731 968 oppugnet,

182 987 352 1068 simulque
373 989 486 1052 videas
503 988 720 1070 quibuscum
740 989 894 1054 hostibus
915 990 1040 1054 bellum
1060 990 1122 1053 tibi
1145 991 1201 1070 sit,
1216 1008 1336 1072 nempe
1354 991 1564 1072 effeminatis,
1580 993 1733 1058 ridendas

182 1092 324 1174 fabulas,
340 1112 445 1176 nugas
467 1096 675 1176 portentosas
697 1095 906 1160 credentibus
925 1115 934 1158 :
954 1113 1097 1178 quorum
1120 1098 1275 1180 profanas
1298 1097 1522 1180 nefandasque
1545 1099 1733 1182 impietates

180 1202 349 1282 persequi,
364 1203 510 1266 maxime
528 1204 578 1266 est
600 1203 807 1284 religiosum.
823 1202 986 1284 Optamus
1006 1206 1117 1268 autem
1137 1222 1348 1288 summopere
1366 1206 1429 1269 hoc
1452 1206 1487 1269 in
1508 1205 1596 1270 bello
1620 1207 1733 1271 divina

180 1308 385 1386 protectione
400 1309 607 1389 Maiestatem
618 1308 723 1373 Tuam
742 1313 775 1374 et
792 1310 862 1392 regi
880 1312 914 1374 et
927 1309 1087 1374 custodiri
1100 1331 1107 1374 :
1121 1313 1238 1376 utnon
1252 1312 1362 1376 solum
1377 1311 1459 1376 loris
1473 1313 1561 1376 bosti
1576 1314 1733 1395 pestilen-

179 1413 314 1476 tissimo
331 1415 475 1492 resistat,
491 1415 550 1478 sed
564 1415 671 1478 multo
690 1417 797 1496 magis
809 1417 849 1479 ut
867 1416 958 1480 intus
975 1417 1119 1499 gliscens
1132 1417 1258 1481 malum
1273 1418 1379 1482 tollat.
1395 1417 1479 1482 Nam
1499 1419 1589 1500 quod
1603 1419 1645 1482 ad
1659 1420 1734 1483 reli·

179 1519 291 1599 gionis
310 1520 497 1586 christianae
511 1521 696 1604 proiectum
714 1523 842 1602 attinet,
852 1522 974 1586 trustra
986 1523 1103 1588 'lurois
1116 1523 1294 1604 resistitur,
1305 1525 1370 1588 nisi
1385 1524 1498 1589 eadem
1518 1542 1617 1606 opera
1631 1525 1732 1590 simul

180 1629 212 1688 et
226 1626 393 1691 haereticis
411 1627 543 1691 obviam
559 1629 653 1692 eatur
671 1649 679 1690 :
701 1629 790 1709 qnod
808 1629 1027 1694 commodiori
1041 1631 1097 1693 ria
1110 1630 1175 1694 alia
1190 1627 1261 1695 lieri
1279 1649 1346 1696 non
1360 1633 1480 1713 potest,
1498 1649 1598 1712 quam
1613 1632 1643 1696 si
1657 1651 1732 1714 quae

178 1733 340 1798 subversa
352 1737 431 1798 sunt
448 1735 680 1798 haereticorum
693 1735 841 1816 impulsu
855 1736 1095 1800 Universitales
1113 1739 1146 1802 et
1160 1739 1371 1818 monasteria,
1385 1739 1533 1820 pristinae
1552 1739 1732 1821 integritati

179 1841 408 1921 restituantur,
423 1842 457 1905 et
479 1858 553 1922 quae
574 1858 641 1905 non
664 1843 743 1906 sunt
760 1841 929 1922 subversa,
944 1842 986 1906 ab
1010 1845 1203 1908 eorumdem
1227 1845 1349 1926 injuria
1372 1844 1600 1908 defendantur.
1617 1845 1732 1928 Neque

178 1947 269 2010 enim
288 1948 402 2018 minus
421 1965 506 2030 opus
528 1951 579 2013 est
597 1949 803 2013 eruditorum
826 1949 999 2014 bominum
1019 1951 1115 2032 eopia
1133 1951 1292 2016 adversus
1306 1951 1491 2032 haereticos,
1512 1969 1611 2033 qnam
1633 1952 1733 2017 robu-

177 2053 274 2117 stiori
300 2054 459 2118 adversus
482 2055 607 2118 Turcas
630 2075 638 2116 ε
665 2055 748 2134 imo,
773 2057 897 2136 quanto
916 2054 1037 2120 interni
1060 2057 1174 2122 hostes
1196 2057 1450 2140 perniciosiores
1474 2059 1552 2122 sunt
1574 2060 1730 2140 externis,

177 2161 272 2222 tanto
290 2161 409 2241 majori
428 2161 575 2242 prolecto
594 2160 818 2226 sollicitudine
834 2161 969 2226 illorum
987 2164 1109 2226 astutia
1128 2163 1272 2228 carenda
1290 2165 1341 2228 est
1360 2165 1483 2246 pariter
1501 2167 1533 2229 et
1548 2165 1732 2248 impedien-

177 2268 231 2346 da,
254 2267 438 2348 praesertim
455 2285 559 2349 quum
578 2268 629 2331 illi
647 2269 829 2332 etiamnum
850 2269 1035 2333 studiosius
1060 2269 1260 2334 insidientur
1276 2271 1451 2336 animabus
1476 2273 1609 2372 nostris,
1632 2290 1732 2355 qnam

176 2375 216 2436 nt
233 2372 364 2436 abillis
384 2374 448 2457 ipsi
467 2373 565 2438 nobis
584 2392 698 2439 cavere
712 2375 892 2456 possimus.
909 2374 1023 2439 Sedet
1044 2377 1319 2440 monasteriorum
1336 2377 1557 2459 collapsorum
1572 2381 1734 2443 restaura·

177 2481 238 2558 tio,
255 2479 309 2542 vel
336 2479 444 2544 adbuc
470 2481 629 2544 stantium
649 2482 855 2545 conservatio
877 2481 960 2545 adeo
983 2483 1172 2562 poenitenda
1198 2499 1264 2546 non
1286 2484 1347 2564 est,
1371 2485 1408 2547 ut
1427 2483 1491 2548 nisi
1510 2484 1629 2548 borum
1649 2486 1732 2549 ratio

177 2587 351 2664 habeatur,
367 2605 428 2650 nec
446 2589 568 2652 sanotae
587 2588 758 2668 religionis
777 2588 902 2652 Christi
924 2589 1010 2653 ratio
1029 2589 1143 2654 baberi
1163 2591 1279 2671 possit.
1300 2589 1423 2654 Verum
1445 2591 1515 2656 haec
1534 2591 1657 2673 absque
1675 2609 1735 2656 no·

177 2697 247 2756 stra
266 2692 449 2757 monitione
463 2695 588 2776 regiam
600 2695 705 2758 Tuam
724 2693 930 2775 Majestatem
946 2697 979 2758 et
993 2696 1078 2758 scire
1096 2697 1129 2759 et
1147 2695 1231 2760 velle
1246 2697 1455 2760 confidimus.
1468 2697 1529 2761 Cui
1544 2697 1587 2762 ob
1600 2699 1645 2776 id,
1658 2701 1734 2782 post

177 2799 336 2862 Auctoris
349 2801 455 2863 nostri
470 2817 617 2880 operam,
630 2802 775 2863 nostram
791 2817 924 2881 quoque
940 2801 1208 2883 (qualiscumque
1224 2801 1286 2882 est)
1300 2804 1563 2867 commendatam
1578 2804 1735 2869 volumus

177 2905 388 2986 diligentiam
404 2926 412 2968 ι
428 2906 697 2987 quandoquidem
715 2906 800 2969 nihil
819 2908 888 2970 tam
906 2907 1047 2970 arduum
1062 2906 1159 2971 nobis
1174 2925 1245 2972 esse
1263 2908 1372 2989 debet,
1388 2909 1423 2971 in
1442 2926 1508 2990 quo
1527 2926 1589 2974 nos
1601 2928 1733 2992 quoque

176 3012 286 3074 Tuam
304 3012 512 3093 MaJestatem
530 3031 598 3076 non
613 3013 788 3094 cupiamus
805 3030 866 3094 pro
880 3013 969 3077 virili
989 3015 1101 3077 nostra
1115 3013 1234 3095 subjici
1254 3017 1285 3078 et
1306 3011 1493 3096 gratificari.
1515 3016 1734 3098 Omnipotens

176 3118 359 3197 Maximus,
383 3138 459 3184 oum
491 3119 723 3201 potentissimo
753 3120 965 3202 maximeque
999 3120 1161 3184 catholico
1187 3121 1229 3187 D.
1257 3122 1460 3204 Imperatore
1489 3123 1605 3187 Carolo
1633 3122 1733 3189 fratre

176 3228 251 3305 tuo,
272 3226 479 3307 Majestatem
503 3228 609 3293 'luam
639 3226 886 3291 serenissimam
911 3227 1095 3308 longaevam
1123 3228 1246 3309 dinque
1273 3227 1403 3293 felicem
1427 3230 1524 3294 nobis
1549 3234 1730 3296 conservet.

177 3334 230 3395 Ex
245 3334 361 3397 nostra
379 3333 530 3399 Cartusia
547 3333 796 3433 Agrippinensi,
813 3333 928 3399 Idibus
946 3334 1112 3415 Octobris,
1131 3352 1217 3400 anno
1236 3335 1445 3401 MDxxxn.
