4309 6250
418 468 477 532 {28
651 482 693 528 nn
714 480 877 528 oromrarr
898 478 935 525 nr
956 477 1105 523 moninus
1125 476 1153 521 n.
1177 476 1206 520 v.
1229 475 1346 533 naara,
1369 475 1457 521 araas
1477 476 1521 521 m.
1543 494 1585 505 —
1603 476 1675 523 aar.
1698 478 1752 524 xvr

418 652 513 733 ginea
527 648 590 712 fnit
604 648 638 712 in
653 648 778 711 cunctis
792 646 965 729 gratiarum
981 642 1169 707 muneribus
1183 641 1210 704 Α
1225 642 1359 705 militate
1388 642 1559 725 precipua,
1589 645 1629 706 de
1662 646 1816 726 patientia
1844 666 1977 729 magna.

420 748 564 831 proxima
578 754 672 828 atque
688 744 862 808 simillima.
879 742 1015 819 Etenim,
1032 740 1066 802 in
1081 739 1168 803 omni
1222 740 1333 801 Nonne
1357 741 1397 802 de
1421 760 1455 802 se
1475 741 1547 823 ipso
1571 751 1722 822 tanquam
1746 745 1786 807 de
1813 745 1878 808 alio
1903 765 1981 807 san-

419 866 535 928 genere
555 863 592 908 ac
613 843 724 908 ordine
747 861 864 921 rernm,
880 841 1019 923 primum
1034 848 1082 901 est
1103 858 1169 900 ma·
1222 846 1293 899 ctus
1325 838 1445 919 Moyses
1479 838 1512 901 in
1546 838 1694 903 Numeris
1729 842 1870 925 scripsit,
1901 844 1982 905 Erat
1995 863 2112 908 armna

420 946 539 1007 ximum
559 951 591 1005 et
610 943 710 1024 magis
733 940 910 1023 perfectum
935 938 969 1000 in
993 956 1110 1019 genere
1132 955 1169 999 ac
1222 935 1342 1015 Moyses
1367 936 1416 998 vir
1440 937 1629 999 mitissimus
1657 957 1754 1020 super
1780 958 1895 1003 omnes
1918 940 1981 1004 ho·
2146 945 2148 1006 l

419 1043 529 1106 ordine
559 1040 615 1103 illo
646 1064 653 1101 :
684 1039 767 1101 sicut
795 1038 829 1100 in
857 1036 1065 1099 universitate
1099 1054 1169 1097 sen·
1223 1033 1326 1095 mines
1350 1034 1404 1114 qui
1433 1035 1641 1097 morabantur
1667 1036 1701 1097 iu
1729 1040 1836 1099 terral
1862 1038 1915 1101 Sic
1944 1048 1981 1101 et

420 1140 555 1203 sibiliter
578 1138 759 1200 lucidorum
784 1135 830 1199 sol
856 1142 904 1197 est
928 1133 1064 1195 maxime
1089 1131 1170 1193 luci·
1223 1130 1322 1193 David
1347 1132 1481 1212 loquens
1506 1133 1546 1193 de
1570 1151 1604 1194 se
1621 1132 1801 1197 :Memento
1826 1136 1977 1217 (inquit),
1993 1158 2114 1200 rami.
2146 1159 2147 1216 ῃ

419 1240 490 1301 dus.
516 1238 633 1317 Estque
658 1234 798 1316 primum
827 1232 905 1294 illud
935 1232 968 1293 in
997 1230 1108 1293 ordine
1137 1236 1169 1291 et
1223 1228 1367 1305 Domine,
1395 1229 1491 1291 David
1521 1237 1553 1291 et
1580 1230 1686 1293 omnis
1715 1234 1979 1296 mansuetudinis
2146 1219 2147 1234 ¹

419 1353 535 1417 genere
561 1352 619 1396 suo
643 1350 793 1394 mensura
820 1338 853 1392 et
880 1328 989 1409 regula
1014 1326 1168 1389 secundo
1222 1324 1305 1405 ejus
1321 1326 1416 1389 Porro
1437 1327 1565 1389 beatum
1585 1327 1644 1390 lob
1667 1329 1707 1391 de
1728 1330 1883 1411 patientia
1904 1350 1981 1414 spe-
2006 1356 2069 1403 rara
2089 1371 2115 1402 ιη

419 1452 501 1495 mm.
527 1433 647 1513 ltaque,
673 1436 792 1510 quanto
815 1426 937 1508 aliquid
963 1425 1010 1488 illi
1039 1424 1168 1507 propin·
1224 1423 1348 1485 cialiter
1362 1423 1547 1501 collaudari,
1558 1424 1640 1487 liber
1654 1426 1757 1507 ipsius
1772 1427 1978 1493 fatetur.Sed
1992 1420 2110 1526 {23¹¹}

419 1531 514 1612 quius
534 1538 593 1609 est,
610 1536 698 1591 tanto
717 1526 751 1588 in
771 1525 882 1590 ordine
902 1524 956 1587 illo
975 1530 1076 1585 exstat
1098 1542 1169 1603 per·
1223 1520 1298 1600 quid
1314 1522 1426 1583 horum
1441 1528 1472 1583 et
1486 1521 1700 1584 consimilium
1716 1527 1929 1591 mansuetudo
1942 1536 1980 1589 et
2083 1515 2116 1525 ”

419 1628 544 1691 factius.
562 1625 833 1701 Quemadmodum
852 1641 927 1704 ergo
949 1620 1168 1683 amantissima
1222 1619 1374 1700 patientia
1392 1619 1431 1681 ad
1451 1628 1549 1698 tuam,
1565 1638 1584 1682 o
1603 1621 1834 1685 amabilissima
1852 1632 1885 1687 et
1903 1645 1980 1688 sua-

418 1726 473 1789 het
501 1745 566 1808 prm
594 1724 719 1787 cunctis
747 1721 924 1785 viatoribus
952 1718 1014 1781 fnit
1044 1718 1166 1782 Christo
1221 1717 1350 1779 vissima
1364 1719 1454 1799 virgo
1468 1717 1574 1795 Maria,
1591 1719 1779 1800 patientiam
1798 1740 1836 1784 ac
1856 1723 1980 1786 mitita·
2147 1703 2148 1736 ¹

418 1822 711 1905 incomparabiliter
735 1821 769 1882 in
791 1818 878 1883 omni
898 1816 1095 1900 perfectione
1116 1836 1168 1878 ca·
1182 1815 1206 1877 B
1222 1818 1307 1878 tcml
1322 1815 1433 1878 Nonne
1452 1816 1567 1898 legifer
1585 1816 1640 1880 ille
1659 1818 1781 1901 Moyses
1804 1821 1978 1885 rebellium
2147 1831 2148 1884 l

419 1922 519 1984 ritatis
535 1940 572 1983 ac
587 1919 762 2002 sapientie,
776 1926 951 1980 ceterarum
967 1933 1093 1996 qnoque
1108 1914 1169 1976 vir·
1221 1914 1377 1995 pravitate
1400 1923 1603 1997 exasperatus
1625 1915 1796 1979 Dominum
1818 1920 1978 1999 exoravit,
2147 1889 2148 1938 ¹

418 2028 521 2082 tutum
543 2013 1059 2096 etdonorum,conformior;sic
1082 2013 1167 2075 etin
1222 2012 1267 2074 Ne
1302 2013 1454 2094 respicias
1489 2012 1651 2075 sacrificia
1686 2033 1810 2095 eorum,
1835 2035 1980 2099 moxque
2010 2036 2118 2080 raam
2147 2077 2148 2086 ,

418 2118 647 2181 adversitatum
662 2113 895 2197 patientissima
916 2131 953 2174 ac
974 2110 1168 2191 tranquillis·
1223 2110 1419 2172 horribiliter
1437 2119 1512 2171 sunt
1534 2110 1651 2192 plagati
1664 2116 1675 2172 t
1690 2112 1873 2195 Egyptium
1896 2134 1982 2195 quo-
1998 2102 2119 2204 ’ἓζζῆ
2147 2094 2148 2126 ¹

419 2216 500 2278 sima
528 2211 695 2277 tolerantia
724 2212 753 2273 ei
783 2208 981 2272 consimilior
1009 2207 1167 2270 exstitisse
1222 2226 1284 2288 que
1316 2207 1459 2289 rigorose
1490 2208 1620 2288 occidit,
1650 2217 1682 2271 et
1708 2211 1810 2273 multa
1842 2212 2039 2276 idolola-12:
2065 2237 2119 2268 mr.

419 2320 577 2390 censetur,
594 2310 627 2371 in
650 2317 772 2372 tantum
793 2307 878 2388 quod
899 2325 958 2368 nec
980 2313 1091 2368 contra
1109 2305 1169 2367 He·
1223 2313 1342 2367 trarum
1366 2305 1470 2367 millia
1493 2306 1590 2387 jussit
1613 2306 1764 2371 interfici.
1782 2309 1833 2371 Sic
1862 2318 1893 2373 ct
1916 2310 1981 2373 Da-
1994 2286 2023 2391 ²1⁷
2020 2287 2120 2402 ᾗῇ

420 2412 541 2489 rodem,
568 2408 727 2472 Christum
752 2405 855 2469 adhuc
880 2403 1072 2466 infantulum
1099 2422 1168 2485 per·
1223 2404 1276 2465 vid
1302 2403 1506 2484 improbitate
1526 2404 1625 2467 Nabal
1647 2414 1838 2485 commotus,
1853 2409 1981 2489 juravit
1995 2412 2033 2452 Ἀ

419 2516 618 2590 sequentem,
647 2524 706 2567 nec
741 2510 851 2567 contra
879 2500 1005 2563 Scribas
1033 2510 1065 2563 et
1091 2500 1169 2563 Pha·
1223 2521 1257 2564 se
1287 2502 1377 2563 illum
1411 2502 1699 2585 interemptumm3
1730 2513 1763 2566 et
1794 2525 1892 2589 super
1920 2509 1980 2571 ad·
2007 2528 2121 2583 umam

419 2608 527 2670 risaeos
541 2624 579 2668 ac
596 2600 1036 2681 sacerdotes,dilectissimum
1051 2598 1167 2659 llilium
1224 2600 1380 2662 versarios
1396 2618 1470 2662 suos
1489 2601 1688 2663 Ammonitas
1703 2602 1895 2686 circumegit
1909 2605 1980 2668 fer·
1995 2594 2033 2634 ³¹·

418 2722 512 2766 sunm
535 2721 637 2783 usque
662 2702 701 2763 ad
723 2697 961 2763 acerbissimam
984 2704 1015 2758 et
1033 2694 1170 2777 ignomi-
1223 2705 1290 2759 rata
1317 2707 1478 2781 carpenta,
1503 2698 1678 2781 divisitque
1706 2700 1829 2765 cultris.
1856 2703 1978 2786 loseph
2011 2717 2121 2760 ceam-

418 2801 634 2864 niosissimam
659 2807 794 2862 mortem
822 2794 994 2859 crudeliter
1021 2812 1058 2855 ac
1087 2793 1169 2855 mul·
1222 2796 1351 2859 demum
1370 2795 1485 2858 fratres
1507 2816 1581 2860 suos
1607 2797 1784 2861 vindicavit
1804 2807 1837 2862 et
1855 2799 1980 2864 afflixit
1994 2792 2056 2822 ω’·
2148 2869 2149 2876 χ

418 2898 570 2981 tipliciter
593 2904 831 2980 persequentes,
857 2911 997 2975 unquam
1024 2891 1170 2972 indigna·
1223 2895 1263 2956 ad
1297 2894 1434 2956 libitum.
1465 2894 1524 2957 Joh
1552 2914 1628 2958 vero
1661 2895 1829 2978 disputans
1862 2908 1979 2963 contra
2004 2924 2123 2973 rosana

418 2998 549 3075 tionem,
572 2994 814 3077 impatientiam,
836 2993 928 3071 iram,
945 2990 1169 3053 murmuratie
1185 2987 1207 3049 C
1223 2992 1354 3068 amicos,
1387 2991 1487 3055 multa
1514 2993 1594 3055 dura
1621 3001 1654 3055 et
1685 2994 1899 3076 increpatoria
1927 2998 1978 3060 eis
1994 2991 2123 3037 ”lm

417 3112 492 3158 nem
507 3102 562 3157 aut
576 3092 775 3156 aversionem
791 3088 947 3172 concepit,
963 3086 1041 3169 quin
1062 3087 1168 3169 potius
1223 3088 1349 3152 locutus
1369 3097 1417 3151 est
1432 3089 1539 3154 verba.
1557 3090 1618 3154 Sed
1637 3092 1794 3173 numquid
1812 3093 1876 3158 tale
1894 3095 1977 3176 quid

418 3191 546 3256 illorum
576 3189 774 3274 perversitati
802 3187 976 3266 condoluit,
1006 3194 1038 3249 et
1065 3185 1169 3249 oravit
1223 3187 1392 3251 mitissima
1415 3208 1452 3251 ac
1476 3189 1710 3271 patientissima
1735 3191 1879 3270 Domina,
1905 3193 1977 3256 suis

417 3308 477 3372 pro
491 3289 549 3352 eis.
567 3289 704 3351 Durante
720 3304 846 3368 quoque
869 3283 1067 3347 amarissima
1081 3282 1169 3345 chri·
1223 3295 1278 3348 ant
1309 3285 1378 3349 Filii
1411 3288 1460 3348 sui
1494 3288 1753 3368 persecutoribus
1786 3289 1892 3354 locuta
1923 3300 1978 3354 est

418 3388 458 3450 sti
488 3387 649 3469 passione,
678 3403 779 3466 quum
807 3383 930 3446 videret
956 3381 1089 3445 unicum
1118 3381 1165 3443 sui
1223 3388 1387 3466 unquamt

417 3485 553 3567 virginei
572 3485 691 3548 ventris
715 3482 855 3545 fructum
879 3487 944 3542 tam
969 3478 1167 3542 ferocissime
1263 3481 1386 3546 Christo
1418 3489 1524 3546 autem
1555 3491 1708 3565 tanquam
1739 3485 1856 3567 judici,
1885 3486 1977 3569 rigor

418 3582 620 3662 contrectari,
636 3591 745 3663 totque
759 3577 973 3662 blasphemias
987 3585 1018 3639 et
1032 3576 1167 3639 crimina
1224 3598 1350 3661 qnoque
1373 3580 1504 3662 justitiae
1529 3589 1560 3644 et
1583 3581 1745 3662 judicialis
1768 3603 1904 3647 censura
1927 3595 1977 3648 at

417 3681 516 3763 objici
531 3681 560 3743 ei
574 3680 710 3759 audiret,
719 3687 813 3760 atque
828 3677 861 3738 in
876 3695 972 3739 cruce
986 3673 1168 3738 confossum
1224 3678 1416 3741 tribuuntur.
1451 3679 1490 3740 Et
1522 3698 1705 3761 quanquam
1740 3682 1977 3747 virtuosissima

417 3788 449 3844 et
463 3779 562 3843 fixum
577 3799 613 3842 ac
629 3775 895 3841 miserabilissime
910 3775 1083 3838 distentum
1096 3791 1167 3835 eum
1224 3777 1320 3857 Virgo
1348 3777 1443 3839 etiam
1468 3777 1555 3840 omni
1580 3779 1695 3841 decore
1718 3778 1852 3860 justitiae
1874 3780 1976 3844 fuerit

417 3879 620 3961 conspiceret,
628 3875 807 3938 nullatenus
816 3875 967 3936 adversus
978 3870 1167 3934 saevissimos
1224 3876 1382 3955 decorata,
1411 3884 1518 3938 tamen
1551 3876 1696 3939 omnium
1729 3886 1831 3941 mater
1858 3886 1890 3942 et
1917 3882 1977 3944 ad·

414 3979 488 4041 illos
502 3975 690 4053 homicidas,
707 3973 771 4036 imo
790 3981 823 4036 et
840 3971 991 4048 deicidas,
1008 3977 1168 4033 commota
1224 3982 1335 4038 vocata
1361 3993 1398 4036 ac
1432 3973 1600 4036 mediatrix
1633 3973 1762 4054 effecta,
1791 3976 1976 4043 misericors

415 4085 475 4154 est,
497 4094 559 4138 nac
580 4072 752 4136 indiscreto
776 4071 844 4134 zelo
870 4077 1022 4150 permota,
1044 4068 1100 4129 sed
1121 4067 1169 4130 in-
1223 4072 1308 4134 diam
1324 4080 1355 4133 et
1370 4071 1607 4134 miserationem
1628 4072 1659 4133 in
1680 4074 1805 4136 cunctis
1823 4094 1974 4140 exercere

416 4171 636 4238 estimabitem
665 4168 945 4232 mansuetudinem
968 4165 1169 4247 patientiam·
1183 4165 1208 4226 D
1223 4168 1331 4250 elegit,
1353 4169 1629 4232 mansuetudinem
1652 4170 1895 4252 demonstravit,
1916 4193 1974 4256 pa·

416 4291 479 4354 que
495 4269 644 4333 servavit.
661 4267 725 4330 Nec
740 4285 777 4328 ex
799 4263 998 4340 suavissimo,
1016 4263 1169 4344 tranquil·
1223 4266 1368 4330 tiontiam
1396 4275 1445 4328 est
1472 4267 1628 4348 amplexa.
1657 4267 1811 4332 Patientia
1833 4290 1974 4352 namquo

417 4369 552 4448 lissimo,
573 4365 742 4429 mitissimo
763 4382 800 4426 ac
822 4361 1052 4444 patientissimo
1073 4361 1167 4424 corde
1223 4373 1272 4428 est
1298 4365 1440 4427 omnium
1474 4365 1635 4446 probatrix
1664 4365 1830 4446 virtutum,
1859 4377 1891 4431 et
1920 4389 1974 4433 oa-
1989 4401 2131 4450 mm,

418 4469 475 4532 illo
490 4475 633 4530 materno
646 4460 778 4526 Deiferae
793 4460 932 4542 Virginis
946 4467 1069 4542 poterat
1084 4479 1169 4522 ema·
1223 4463 1300 4526 ritas
1319 4463 1442 4545 patiens
1457 4470 1515 4525 est.
1532 4462 1739 4527 llansuetndo
1759 4484 1887 4548 qnoque
1900 4468 1974 4530 red-

418 4585 495 4629 nare
514 4561 721 4647 impatientia
740 4559 884 4638 verbum,
901 4557 1088 4635 amaritudo,
1105 4566 1169 4622 tor·
1223 4563 1270 4624 dit
1297 4561 1459 4624 hominem
1493 4561 1630 4624 multum
1661 4560 1846 4641 amabilem,
1875 4572 1972 4647 atque

418 4683 477 4727 vus
498 4664 678 4746 adspectus
694 4658 869 4740 indignatio
891 4659 980 4734 dura,
998 4657 1168 4719 iracundia
1224 4659 1341 4721 divinas
1373 4657 1617 4721 illuminationis
1651 4678 1688 4721 ac
1718 4679 1863 4742 superna
1895 4681 1974 4725 con·

417 4763 537 4843 fumus,
552 4759 759 4824 murmuratio
774 4759 842 4820 sive
857 4756 1019 4820 contentio
1032 4755 1169 4837 :qnippe
1224 4755 1386 4820 solationis
1411 4775 1573 4837 capacem,
1599 4755 1682 4819 sicut
1704 4757 1749 4820 ait
1771 4757 1934 4840 Scriptura
1962 4784 1970 4824 ι

418 4861 503 4945 quod
519 4869 618 4924 totum
634 4859 666 4920 in
681 4857 805 4921 viscera
821 4854 961 4919 caritatis
976 4862 1007 4916 et
1028 4853 1166 4936 pietatis,
1223 4855 1293 4932 Fili,
1310 4854 1344 4918 in
1372 4854 1617 4916 mansuetudine
1646 4872 1743 4934 opera
1771 4864 1826 4918 tua
1853 4857 1916 4935 fac,
1939 4867 1973 4922 et
1996 4886 2081 4933 Μ,
2099 4905 2129 4942 ω,

417 4963 451 5027 in
472 4961 621 5042 abyssum
642 4957 786 5020 mititatis
811 4974 849 5017 ac
876 4953 1045 5036 patientiae,
1067 4953 1102 5014 in
1122 4951 1170 5014 af·
1223 4971 1320 5034 super
1358 4950 1525 5015 hominum
1559 4951 1696 5032 gloriam
1735 4953 1902 5036 diligeris,
1939 4966 1974 5020 et
1992 4953 2030 4996 ¹⁹·

417 5059 536 5123 fectum
560 5055 747 5121 humilitatis
772 5063 804 5116 et
827 5050 978 5115 bonitatis
1003 5059 1069 5113 erat
1094 5070 1169 5115 con·
1223 5069 1333 5113 rursus
1350 5074 1357 5111 ι
1374 5049 1526 5112 ldansueti
1545 5057 1651 5112 autem
1670 5049 1895 5116 hereditabunt
1908 5061 1975 5118 ter-
2004 5085 2135 5138 amn,

417 5174 545 5222 versum
567 5152 837 5232 immobiliterque
859 5158 1025 5213 mutatum.
1222 5166 1302 5226 ram,
1320 5152 1351 5208 et
1372 5145 1615 5212 delectabuntur
1633 5145 1666 5208 in
1685 5146 1892 5212 multitudine
1915 5169 1975 5232 pa·
1991 5152 2029 5192 ¹¹·

456 5255 610 5336 Denique,
628 5250 892 5316 commendantur
913 5247 974 5311 viri
996 5247 1105 5311 eximii
1126 5248 1167 5311 de
1223 5245 1282 5308 cis.
1307 5243 1387 5306 llinc
1414 5242 1708 5323 incomparabiliter
1734 5245 1911 5327 perfectam
1940 5259 1975 5315 et
