4309 6250
422 481 483 547 ild
761 494 881 543 aarum
901 492 1069 541 rrarrnmrr
1088 491 1259 553 uanam,
1282 493 1371 541 tum
1390 493 1431 539 rr.
1453 513 1495 525 —
1514 497 1585 544 aar.
1607 498 1640 543 rr

425 676 480 731 aut
498 666 623 731 homini
644 665 845 747 cuicumque,
862 684 938 725 reus
957 665 1022 723 erit
1029 663 1174 739 judicio,
1190 662 1215 723 A
1231 670 1261 721 te
1280 667 1481 738 percusserit
1501 667 1538 727 iu
1556 670 1727 729 deuterum
1742 670 1917 732 mamiliam
1932 682 1983 733 tu·

425 768 537 845 idest,
560 765 726 829 irascendo
747 771 888 827 meretur
907 760 1050 825 accusari
1072 778 1176 822 coram
1229 780 1293 830 am,
1311 762 1422 836 praebe
1450 764 1482 822 ei
1513 774 1544 824 et
1568 768 1719 827 atteram.
1741 766 1828 830 Istud
1854 769 1984 832 consili-

424 866 500 929 Deo.
516 864 604 939 Quod
619 862 863 944 intelligendum
879 869 927 924 est
940 860 980 923 de
996 860 1043 921 ira
1064 858 1178 920 immo·
1230 876 1284 919 um
1307 866 1367 936 est,
1392 867 1424 922 et
1452 848 1636 925 secuudum
1656 864 1755 927 animi
1780 869 1984 949 praeparatio
2135 936 2136 951 ,

425 964 534 1027 derata
554 970 587 1025 et
611 961 766 1025 rationem
791 958 1032 1037 obtenebrante,
1049 974 1113 1018 nou
1137 956 1176 1018 de
1230 974 1304 1018 uem
1319 955 1574 1040 intelligendum,
1590 960 1674 1023 sicut
1692 964 1870 1045 sequentia.
1886 970 1932 1029 Εἰ
1952 970 1984 1027 ei
2005 988 2086 1032 uua.
2099 952 2136 1035 „l

426 1062 473 1125 ira
498 1081 555 1144 per
578 1060 693 1138 zelum,
715 1078 786 1141 qum
811 1066 923 1141 sponte
949 1054 1121 1119 assumitur
1142 1061 1177 1116 ut
1230 1057 1290 1133 qui
1304 1060 1374 1116 outt
1390 1065 1495 1118 tecum
1501 1061 1634 1136 judicia
1648 1066 1844 1124 contendere
1852 1074 1884 1123 et
1895 1069 1984 1126 tuni·
1996 1054 2030 1094 ⁸⁰·

427 1161 540 1226 rationi
568 1159 752 1239 famuletur,
779 1158 855 1239 quia
884 1176 942 1239 per
971 1152 1066 1217 talem
1095 1152 1175 1214 iram
1230 1172 1301 1213 cam
1326 1162 1417 1215 tuam
1442 1160 1565 1227 tallere,
1581 1160 1712 1219 dimitte
1729 1163 1762 1219 ei
1780 1171 1811 1221 et
1826 1166 1981 1238 pallium.

425 1279 505 1341 opus
520 1258 641 1323 bonum
655 1255 780 1320 virilius
795 1262 970 1318 exercetur.
988 1254 1053 1321 Qui
1065 1260 1176 1311 autem
1230 1254 1274 1312 Et
1294 1253 1490 1332 quicumque
1505 1264 1536 1315 te
1548 1258 1778 1332 aaqariaverit
1800 1263 1893 1321 mille
1908 1280 1985 1339 pas-
1996 1282 2052 1327 aa
2067 1288 2098 1329 a,

426 1359 553 1418 dicerit
575 1356 684 1433 fratri
706 1374 774 1424 suo,
790 1356 891 1423 Raca,
914 1350 945 1412 id
971 1357 1019 1413 est
1042 1348 1175 1411 verbum
1231 1370 1297 1421 sus,
1313 1349 1417 1429 idest,
1434 1351 1576 1433 coegerit
1594 1361 1625 1415 to
1644 1373 1753 1418 secum
1772 1356 1820 1420 ire
1839 1377 1899 1441 per
1914 1369 1985 1423 tan-

427 1453 667 1537 indignationis,
692 1473 769 1514 reus
793 1452 857 1511 erit
885 1451 1031 1519 consilio,
1057 1446 1090 1508 id
1115 1454 1173 1523 est,
1231 1456 1298 1510 tum
1318 1447 1467 1530 spatium,
1484 1454 1566 1512 vade
1588 1472 1662 1513 cum
1687 1455 1745 1515 iiio
1769 1466 1801 1515 et
1825 1460 1897 1518 aiau
1917 1462 1984 1521 duo

426 1561 566 1617 meretur
587 1560 621 1615 ut
645 1552 684 1614 de
707 1569 745 1614 eo
766 1556 918 1612 tractetur
939 1566 1001 1629 qua
1021 1564 1117 1629 poena
1138 1544 1178 1606 sit
1230 1545 1331 1609 millia
1349 1566 1511 1628 passuum.
1530 1552 1595 1619 Qui
1614 1561 1724 1613 autem
1735 1558 1821 1630 petit
1840 1576 1863 1616 a
1881 1566 1924 1628 te,
1939 1562 1983 1617 da
1997 1580 2088 1623 ausa
2135 1540 2136 1631 Ξ

425 1652 618 1737 puniendus
640 1653 705 1721 Qui
727 1659 837 1711 autem
855 1648 995 1717 dicerit,
1011 1648 1128 1715 Fatue,
1144 1643 1176 1705 id
1230 1647 1273 1715 et,
1288 1644 1316 1707 si
1330 1654 1431 1727 potes,
1449 1648 1534 1729 quod
1548 1649 1780 1715 rationabiliter
1800 1654 1920 1735 petita
1938 1664 1981 1719 te.

425 1760 483 1829 est,
501 1770 539 1815 ex
554 1757 740 1832 contemptu
761 1755 815 1810 aut
835 1746 973 1809 elatione
995 1743 1175 1827 proximum
1230 1746 1275 1803 lit
1299 1748 1421 1805 comati
1443 1748 1596 1807 mutuari
1622 1748 1666 1829 (id
1694 1757 1744 1811 est
1769 1750 1891 1833 aliquid
1920 1754 1984 1816 sibi

426 1869 520 1913 suum
534 1848 696 1912 vocaverit
710 1845 852 1923 stultum,
859 1865 935 1906 reus
946 1846 1010 1904 erit
1019 1844 1175 1920 qedeaaee
1191 1845 1216 1908 Β
1231 1842 1377 1921 concedi)
1390 1864 1411 1903 a
1426 1854 1468 1914 te,
1485 1865 1526 1905 ae
1544 1850 1721 1919 avertaris,
1737 1849 1912 1916 dummodo
1936 1873 1985 1916 ra·
2135 1910 2136 1921 ,

291 1970 411 2019 uarias.
426 1951 524 2027 iqais.
550 1950 592 2009 Si
615 1948 805 2007 reeordatus
828 1945 937 2021 fueris
959 1942 1039 2021 quia
1065 1942 1175 2016 frater
1230 1940 1422 2005 tionabiliier
1436 1942 1513 2005 velli
1532 1952 1564 2006 et
1578 1952 1664 2027 petat
1677 1945 1749 2025 boc,
1765 1956 1798 2010 et
1818 1948 1878 2012 tibi
1900 1952 1985 2014 adsit
2135 1928 2136 2023 Ξ

278 2040 312 2087 ²³·
327 2038 362 2079 ²⁴·
427 2058 503 2108 tuus
519 2048 611 2107 babet
627 2046 759 2123 aliquid
772 2046 946 2103 adversum
962 2050 1004 2110 te,
1020 2038 1051 2102 id
1070 2046 1130 2114 est,
1148 2036 1174 2098 si
1229 2037 1365 2101 facultas
1381 2063 1389 2101 ε
1405 2058 1476 2122 quat
1490 2041 1517 2102 si
1532 2042 1625 2123 desit,
1642 2043 1784 2107 dandum
1803 2055 1854 2109 osi
1867 2068 1927 2130 pro
1950 2069 1984 2112 re
2135 2026 2136 2117 Ξ

425 2145 522 2243 alicui
542 2142 731 2221 lorelecisti,
748 2144 828 2202 vade
845 2142 943 2216 prius
965 2137 1176 2199 reconciliari
1230 2138 1362 2201 verbum
1384 2138 1505 2201 bonum
1525 2148 1557 2203 et
1578 2141 1838 2207 consolatorium.

424 2246 532 2320 fratri
553 2252 620 2312 tao,
637 2241 668 2303 id
688 2248 746 2320 est,
764 2250 934 2318 antequam
955 2234 1074 2317 aliquid
1094 2232 1175 2297 olle·
1269 2238 1422 2298 Audistis
1435 2238 1516 2317 quia
1529 2240 1655 2299 dictum
1673 2250 1720 2302 est
1735 2262 1748 2301 .·
1760 2246 1889 2322 Biit'qes
1905 2264 1984 2323 pro.
1996 2274 2110 2319 mm,
2135 2284 2136 2333 ,

426 2362 476 2405 ras
500 2342 564 2404 Deo
588 2349 643 2403 aut
661 2358 745 2418 ores,
766 2336 895 2400 satisfac
914 2335 1070 2418 proximo,
1088 2352 1176 2395 eum·
1229 2335 1359 2395 mmam
1381 2344 1486 2407 tuum,
1506 2345 1538 2396 et
1557 2339 1631 2398 odio
1654 2340 1785 2401 habebis
1807 2344 1986 2405 inimicum
2135 2334 2136 2345 ’

426 2460 487 2523 que
503 2439 594 2522 placa
615 2457 673 2521 pro
694 2456 788 2519 posse
804 2444 868 2498 tuo.
886 2433 972 2508 Quod
995 2430 1176 2513 intelligen-
1230 2442 1334 2495 tuum.
1350 2438 1420 2511 liqo
1433 2445 1542 2495 autem
1557 2437 1630 2497 dieo
1645 2440 1906 2518 vobissDiiiqite
1921 2445 1987 2503 ini-

425 2540 501 2601 dum
516 2545 575 2617 est,
583 2537 610 2599 si
626 2535 786 2619 proximus
801 2551 865 2596 non
881 2531 974 2613 longe
989 2531 1029 2593 sit
1041 2530 1174 2608 distauS,
1229 2533 1328 2591 mices
1342 2541 1474 2604 uestros,
1491 2534 1668 2611 benefacite
1687 2537 1740 2597 itis
1760 2540 1822 2617 qui
1839 2542 1986 2601 oderunt

426 2644 457 2699 et
471 2654 619 2699 accessus
635 2641 740 2716 pateat
754 2632 793 2695 ad
809 2630 956 2696 eumdem
974 2653 980 2693 :
998 2637 1073 2691 tunc
1088 2628 1175 2690 euim
1230 2650 1295 2700 eos,
1310 2638 1341 2691 et
1355 2641 1446 2691 orate
1456 2651 1520 2708 pro
1529 2638 1801 2714 persequentibus
1814 2648 1845 2698 et
1859 2644 1987 2701 catum.

426 2734 634 2818 corporaliter
659 2741 707 2795 est
725 2731 936 2795 accedendus.
954 2729 986 2791 Si
1006 2746 1070 2790 nou
1082 2735 1176 2809 patet
1230 2730 1401 2789 aientibus
1421 2750 1486 2801 oos,
1502 2741 1540 2792 ut
1563 2734 1638 2792 aitis
1654 2735 1723 2811 filii
1741 2737 1859 2797 Patris
1882 2742 1989 2799 vestri

425 2852 584 2913 accessus,
601 2831 800 2895 accedendus
821 2837 870 2892 est
890 2827 1025 2911 pedibus
1047 2826 1174 2904 mentis,
1230 2828 1290 2905 qui
1313 2829 1350 2887 iu
1373 2830 1462 2889 coetis
1485 2839 1544 2902 est,
1570 2832 1629 2910 qai
1656 2836 1753 2893 sotem
1776 2854 1873 2895 suum
1896 2840 1991 2898 oriri

426 2941 501 3015 puta
521 2931 685 3015 proposito
706 2939 738 2993 et
758 2928 890 2991 allectu.
1229 2927 1311 3002 facit
1332 2946 1431 3003 super
1445 2929 1540 2989 bonos
1554 2938 1585 2990 ei
1600 2934 1713 3002 mulos,
1728 2940 1759 2992 ei
1773 2937 1865 3009 pluit
1882 2954 1989 3012 super

294 3054 352 3099 lua
375 3057 409 3106 ar,
463 3033 617 3094 Audistis
632 3030 712 3109 quia
725 3031 850 3089 dictum
866 3036 911 3086 est
927 3027 1074 3105 antiquis
1082 3026 1173 3088 :Non
1189 3027 1212 3091 c
1223 3025 1332 3101 justos
1345 3033 1376 3084 et
1391 3026 1541 3103 injustos.
1558 3026 1582 3089 Ο
1602 3038 1758 3108 quantum
1772 3030 1813 3092 ab
1826 3030 1879 3094 liis
1893 3033 1988 3097 Chri·

277 3119 311 3162 ²⁸·
423 3131 640 3192 maechaberis.
658 3131 726 3206 qu
750 3137 860 3188 autem
884 3127 955 3186 dieo
980 3124 1080 3194 codis,
1095 3124 1175 3203 quia
1230 3121 1272 3184 sti
1304 3122 1521 3186 saluberrimis
1552 3126 1767 3208 documentis,
1797 3129 1831 3192 iu
1865 3132 1987 3214 quibus

423 3232 529 3290 omnis
550 3231 610 3307 qai
631 3229 753 3288 viderit
769 3227 940 3286 mutierem
962 3227 1006 3284 ad
1026 3224 1176 3299 concupi·
1230 3241 1355 3284 summa
1373 3221 1525 3305 patientia
1546 3233 1640 3307 atque
1660 3226 1825 3291 humilitas
1847 3230 1987 3294 edocen-

423 3330 576 3388 sceadum
596 3346 680 3396 eam,
688 3327 762 3403 jam
784 3325 960 3384 moeedatus
980 3331 1026 3382 est
1045 3342 1115 3381 eam
1138 3323 1175 3380 ia
1229 3329 1292 3398 tur,
1308 3319 1405 3383 distat
1419 3321 1530 3386 blabou
1545 3322 1701 3403 doctrina,
1715 3325 1771 3407 qui
1785 3327 1899 3390 docuit
1914 3329 1987 3391 uni-

422 3429 519 3486 corde
540 3445 608 3495 suo,
625 3423 658 3486 id
677 3430 735 3500 est,
752 3421 869 3485 mentis
889 3419 1010 3483 ellectu
1029 3419 1175 3502 peccavit
1230 3419 1346 3499 cuique
1371 3419 1466 3482 talem
1489 3422 1622 3502 rependi
1647 3423 1827 3489 molestiam
1851 3429 1983 3510 qualem

423 3542 560 3601 cumea,
577 3530 671 3603 atque
685 3529 836 3584 eternam
851 3518 1027 3602 promeruit
1044 3519 1175 3580 damna·
1229 3515 1366 3579 iullixitl
1383 3517 1443 3580 Sed
1459 3519 1499 3581 de
1519 3519 1580 3583 isto
1599 3521 1632 3582 in
1647 3525 1788 3588 secundo
1802 3524 1917 3590 libello
1936 3528 1984 3590 di·
1996 3561 2075 3599 m,

422 3622 554 3685 tionem.
572 3619 836 3702 Concupiscentia
857 3635 995 3699 namque
1014 3634 1088 3679 cum
1108 3615 1175 3678 aui·
1230 3623 1316 3677 ctum
1337 3622 1386 3676 est
1405 3613 1542 3697 plenius.

423 3720 467 3784 mi
486 3719 715 3783 deliberatione
740 3726 771 3780 et
796 3735 955 3780 consensu
979 3716 1012 3777 in
1038 3715 1176 3778 delecta·
1268 3715 1438 3774 Attendite
1452 3715 1671 3790 aejustitiam
1691 3729 1832 3780 cestram
1843 3722 1985 3796 faciatis
2008 3754 2085 3798 m,

423 3819 543 3883 tionem
558 3818 625 3880 sive
640 3817 674 3879 in
689 3823 836 3899 opus,est
849 3814 980 3878 mortale
996 3822 1171 3894 peccatum.
1228 3830 1339 3871 coram
1356 3812 1555 3882 dominibus,
1570 3823 1607 3873 ut
1627 3815 1810 3876 videamini
1831 3820 1875 3878 ab
1899 3823 1983 3890 iilis,
1997 3833 2024 3867 *¹-
2037 3822 2054 3862 ¹·

290 3938 350 3982 1tia
374 3941 407 3990 aa,
422 3921 550 3980 Iterum
565 3918 707 3977 audistis
719 3918 799 3995 quia
811 3917 936 3974 dictum
948 3922 993 3973 esi
1007 3914 1175 3992 antiquis:
1229 3908 1261 3970 id
1276 3916 1325 3970 est
1338 3917 1467 3991 propter
1481 3908 1607 3973 laudem
1622 3910 1796 3976 humanam
1816 3924 1873 3978 aul
1894 3936 1985 3981 com·

277 4004 311 4044 ³⁴·
423 4019 497 4082 Noa
519 4016 721 4093 perjurabis.
748 4016 816 4090 qu
840 4023 949 4072 autem
972 4013 1044 4072 dieo
1074 4014 1173 4082 uobis,
1228 4007 1359 4070 modum
1374 4007 1707 4089 temporalezaiioqui
1719 4018 1899 4076 mercedem
1916 4037 1982 4077 nou

423 4115 621 4192 conjurare
635 4115 778 4182 omniuo,
786 4111 818 4174 id
833 4116 892 4190 est,
902 4109 969 4172 sine
985 4109 1174 4172 necessitate
1229 4107 1387 4165 habebitis
1408 4110 1499 4181 apud
1521 4111 1657 4169 Patrem
1684 4119 1829 4174 oestrum
1853 4119 1918 4193 qui
1945 4119 1983 4176 ia

397 4225 402 4232 ·
423 4220 455 4276 et
480 4208 660 4275 rationabili
691 4229 786 4273 causa
814 4207 914 4272 nolite
941 4207 1048 4289 jurare
1076 4207 1173 4270 etiam
1188 4214 1214 4276 [t
1228 4204 1316 4263 coetis
1336 4212 1391 4265 est.
1410 4206 1517 4273 Quum
1534 4225 1611 4283 erqo
1628 4208 1714 4284 sacis
1730 4213 1982 4290 eleemosynam,
1996 4241 2098 4290 m,

423 4311 509 4392 quod
534 4318 582 4373 est
608 4329 718 4372 verum
740 4332 747 4370 :
769 4308 845 4390 quia
870 4308 908 4370 ad
933 4306 1173 4370 irreverentiam
1228 4303 1298 4361 noli
1312 4304 1389 4363 iuba
1403 4322 1520 4364 canere
1540 4315 1617 4365 anie
1638 4316 1678 4376 te,
1693 4308 1779 4368 rictu
1798 4310 1984 4388 hypocrita

423 4409 561 4493 pertinet
575 4407 629 4471 bei
644 4408 728 4490 quod
742 4407 838 4470 homo
860 4415 924 4468 tam
944 4405 1067 4485 leviter,
1085 4405 1174 4467 iuad-
1226 4400 1357 4476 faciunt
1378 4410 1416 4461 ut
1440 4403 1699 4481 honorificentur
1716 4407 1757 4464 ab
1780 4407 1981 4472 dominibus.

423 4515 584 4571 vertentes
608 4514 640 4569 et
664 4505 843 4568 intimorate
862 4505 961 4567 Deum
985 4504 1118 4566 assumit
1139 4503 1172 4565 iu
1226 4502 1332 4560 Amen
1355 4501 1427 4560 dico
1456 4502 1555 4572 uobis,
1581 4513 1772 4578 receperunt
1800 4511 1983 4569 mercedem

423 4613 536 4670 testem
550 4627 558 4682 3
574 4624 632 4688 per
652 4603 868 4667 assiduitatem
894 4620 1019 4684 quoque
1043 4602 1172 4684 jurandi
1227 4617 1331 4659 suam.
1359 4601 1402 4660 Te
1429 4608 1539 4659 autem
1561 4601 1704 4675 faciente
1731 4605 1982 4682 eleemosynam,

423 4704 537 4769 incidit
557 4705 653 4768 homo
674 4703 834 4766 interdum
856 4701 1044 4782 perjurium.
1227 4698 1349 4755 neseiat
1368 4698 1506 4757 sinistra
1527 4706 1584 4758 tua
1607 4699 1690 4777 quid
1710 4700 1816 4775 faciat
1837 4703 1981 4764 dextera

301 4822 360 4866 ltu.
374 4824 407 4866 aa.
461 4805 615 4868 Audistis
630 4805 708 4882 quia
728 4805 854 4862 dietum
872 4809 918 4860 esi
934 4821 945 4860 :
962 4805 1098 4864 Oculum
1109 4820 1172 4877 pro
1227 4803 1286 4854 lua
1300 4815 1312 4854 ··
1326 4793 1359 4856 id
1376 4802 1436 4873 esi,
1452 4795 1582 4858 omnino
1602 4794 1728 4859 occulte
1752 4796 1836 4860 banc
1860 4797 1980 4881 iacias,

421 4907 524 4974 acuto,
539 4905 667 4963 dentem
679 4920 742 4978 pre
757 4903 863 4970 dente,
880 4898 913 4961 id
927 4907 985 4976 est,
998 4899 1170 4963 excutienti
1226 4902 1379 4974 quantum
1405 4893 1439 4956 in
1464 4902 1495 4957 te
1523 4902 1582 4974 est,
1607 4901 1639 4957 et
1662 4903 1817 4975 quantum
1844 4899 1886 4960 ad
1916 4899 1980 4964 boc

422 5003 480 5067 tibi
494 4999 623 5065 oculum
639 5001 835 5063 autdentem
851 4997 948 5061 iacies
966 4999 1173 5079 quemadmo-
1226 4992 1311 5073 quod
1325 4990 1385 5056 soli
1400 4993 1464 5055 Deo
1478 4992 1588 5074 cupias
1600 4993 1811 5074 complacere.
1820 4998 1863 5057 Et
1873 4984 1982 5076 quum
1994 5019 2047 5063 uu.
2059 5021 2076 5067 ε,
2086 5017 2103 5056 a.

300 5117 360 5163 itti.
373 5121 406 5163 aa.
420 5103 497 5165 dum
511 5098 589 5162 iecit
607 5098 677 5162 tibi.
694 5101 762 5174 Epo
776 5107 886 5158 autem
900 5098 972 5156 dim
991 5099 1090 5168 vobis,
1106 5119 1171 5159 aaa
1224 5093 1340 5161 oratis,
1369 5111 1435 5152 aon
1462 5093 1558 5152 eritis
1584 5094 1669 5152 sicut
1697 5094 1891 5171 hypocrita,
1921 5099 1984 5176 qui

422 5198 572 5260 resistere
590 5200 687 5267 mato,
704 5195 735 5258 id
756 5202 805 5258 est
827 5213 893 5257 non
916 5212 1093 5276 repugnare
1116 5214 1172 5259 ne-
1224 5199 1337 5250 amam
1352 5191 1389 5250 ia
1403 5191 1576 5268 syaaqoqis
1593 5199 1625 5251 et
1644 5193 1779 5268 aaqutis
1787 5195 1981 5268 platearum

420 5315 483 5381 quo
504 5295 619 5360 ulcisci
638 5293 771 5378 injurias
792 5293 958 5376 proprias,
974 5295 1030 5354 sed
1047 5295 1079 5354 si
1096 5297 1171 5374 quis
1225 5298 1347 5350 stantes
1360 5308 1469 5360 orare,
1480 5297 1517 5350 ut
1533 5290 1710 5352 videantur
1722 5291 1763 5349 ad
1776 5291 1978 5360 donuaidus.
