4309 6250
447 476 508 542 262
777 497 897 547 cossas
916 499 1087 546 summissu
1108 499 1280 557 assensor,
1302 499 1390 547 amna
1412 501 1434 547 t.
1456 519 1496 530 —
1517 503 1586 549 nar.
1609 501 1663 548 xiv

448 665 543 730 steria
561 667 677 746 danda,
693 676 729 730 ut
751 688 810 750 per
833 687 903 732 cam
926 670 965 732 ad
989 678 1139 732 aternam
1165 672 1235 733 etA
1250 669 1454 753 damni,puta
1470 672 1609 734 carentia
1623 671 1781 735 beatificae
1796 669 1920 734 visionis
1933 668 1982 732 Ilei

448 766 721 846 supernaturalem
756 767 996 846 beatitudinem,
1024 768 1065 829 ad
1100 785 1195 848 quam
1250 767 1408 830 altissimi.
1426 768 1581 843 Quoniam
1602 769 1709 851 itaque
1730 768 1873 831 diabolus
1892 785 1982 848 genus

448 862 569 926 conditi
584 863 719 942 fuerant,
730 865 988 947 perducerentur.
1001 865 1124 927 Primus
1140 865 1198 928 ita·
1250 866 1425 929 humanum
1441 867 1576 946 seduxit,
1591 867 1818 949 captivumque
1832 864 1983 942 tenuit,ita

449 979 512 1042 que
527 970 615 1044 pater
629 972 737 1026 noster
751 963 784 1026 in
798 964 945 1046 paradiso
965 983 1113 1047 peccans,
1132 983 1196 1028 non
1251 965 1446 1045 quodetiam
1463 966 1563 1029 sancti
1581 966 1734 1048 usquead
1750 963 1860 1029 Christi
1875 963 1983 1046 passio

446 1061 553 1124 solum
567 1061 629 1124 sibi
643 1080 680 1123 ac
696 1061 798 1126 soboli
813 1081 878 1124 suae
892 1063 1068 1143 promeruit
1086 1072 1197 1144 praeta-
1250 1082 1323 1125 nem
1339 1064 1573 1127 descenderunt
1587 1065 1620 1127 in
1633 1064 1770 1127 limbum
1793 1061 1915 1138 infami,
1930 1081 1982 1124 nec

449 1167 507 1222 cta
522 1159 733 1242 privationem
746 1160 890 1241 justitiae,
907 1161 962 1223 sed
982 1161 1114 1243 insuper
1133 1161 1197 1242 pri·
1250 1171 1400 1225 amanam
1435 1163 1666 1226 beatitudinem
1700 1170 1847 1245 poterant
1871 1159 1982 1242 ingredi

449 1256 609 1319 nationem
639 1256 846 1320 beatitudinis
876 1258 1091 1341 sempiternae,
1121 1266 1197 1339 puto
1251 1267 1381 1342 propter
1408 1269 1531 1322 reatum
1558 1259 1725 1342 originalis
1753 1259 1893 1341 peccati;
1918 1259 1982 1319 hino

448 1355 621 1417 carentiam
636 1354 770 1418 visionis
785 1354 903 1418 divinae
919 1379 926 1418 ι
944 1374 1039 1436 quam
1061 1356 1197 1418 beatitu-
1251 1377 1351 1438 genus
1366 1358 1541 1420 humanum
1564 1357 1701 1438 indiguit
1721 1357 1885 1434 salvatore,
1901 1355 1983 1435 cujus

448 1451 558 1514 dinem
576 1471 636 1516 uec
654 1452 716 1514 sibi
735 1452 797 1534 ipsi
816 1471 877 1515 nec
896 1453 1030 1534 posteris
1052 1453 1120 1516 suis
1144 1472 1197 1514 va·
1251 1455 1368 1518 virtute
1390 1463 1421 1517 et
1446 1457 1558 1519 merito
1582 1456 1646 1519 Deo
1671 1454 1936 1530 reconciliaretur,
1949 1453 1984 1514 ab

447 1548 508 1612 fuit
521 1568 719 1631 recuperare.
727 1549 873 1624 Quamvis
883 1550 1002 1613 etenim
1015 1550 1198 1633 poenitendo
1252 1553 1416 1634 originalis
1439 1553 1562 1635 peccati
1588 1560 1677 1615 reatu
1701 1552 1885 1635 eriperetur,
1901 1551 1985 1612 amis

448 1646 565 1710 meruit
592 1647 824 1729 indulgentiam
849 1668 913 1711 sua
937 1649 1197 1729 transgressionis
1252 1670 1319 1712 sam
1334 1651 1468 1732 gratiam
1484 1658 1686 1733 recuperaret
1700 1658 1795 1731 atque
1814 1657 1983 1731 perpetuam

447 1744 608 1826 primaevas
627 1745 660 1807 in
681 1753 836 1826 quantum
857 1745 919 1808 fuit
937 1745 1105 1828 personale
1125 1765 1198 1828 pec·
1251 1747 1480 1810 beatitudinem
1495 1748 1664 1810 obtineret.
1678 1747 1832 1828 Denique,
1848 1745 1926 1807 sicut
1939 1745 1985 1806 bo

448 1849 566 1920 catum,
579 1860 644 1905 non
660 1851 765 1905 umen
780 1843 813 1904 in
828 1852 981 1925 quantum
996 1843 1117 1906 exstitit
1131 1845 1197 1906 cul·
1213 1842 1237 1903 B
1252 1863 1303 1907 mo
1319 1844 1447 1908 aliunde
1463 1843 1524 1907 fnit
1538 1846 1702 1926 deeeptus,
1719 1851 1750 1906 et
1765 1842 1915 1926 pravitate
1928 1841 1985 1902 dia-

447 1959 489 2022 pa
502 1939 667 2021 originalis
682 1948 779 2004 totam
802 1940 836 2003 in
858 1961 914 2003 sua
936 1941 1042 2003 radice
1056 1960 1198 2003 corrum—
1251 1943 1316 2005 boli
1336 1943 1375 2004 ad
1396 1950 1563 2025 peccatum
1585 1943 1747 2020 inductus,
1769 1942 1816 2004 sic
1839 1940 1940 2003 decuit
1960 1939 1984 2001 ei

447 2056 528 2120 pens
546 2036 763 2120 inficiensque
784 2046 940 2117 naturam,
957 2047 1051 2119 atquo
1071 2048 1197 2102 aeterna
1251 2040 1379 2103 aliunde
1401 2059 1495 2122 opem
1517 2059 1554 2102 ac
1576 2040 1829 2121 redemptionem
1844 2037 1984 2120 impendi.

447 2153 632 2217 promerens
657 2135 820 2200 felicitatis
845 2136 1019 2200 carentiam
1044 2145 1109 2198 tam
1133 2137 1197 2218 pri·
1290 2137 1424 2216 Interea,
1441 2137 1526 2219 qnod
1549 2137 1609 2198 ista
1631 2137 1695 2198 sint
1716 2155 1802 2214 vera,
1820 2143 1987 2200 constater

447 2251 500 2296 mo
521 2234 763 2315 perantiquam
786 2235 856 2315 ejus
877 2235 1066 2316 posteritati.
1251 2235 1311 2298 hoc
1344 2236 1429 2316 quod
1460 2235 1560 2296 sancti
1590 2234 1707 2297 veteris
1735 2233 1934 2311 Testamenti,
1961 2239 1987 2293 et

486 2329 558 2392 llaeo
586 2340 635 2393 est
662 2331 888 2413 Prophetarum
917 2340 949 2395 et
973 2332 1196 2413 Apostolorum
1250 2334 1346 2396 etiam
1366 2334 1419 2414 qui
1445 2333 1504 2394 sub
1529 2333 1598 2413 lege
1623 2341 1742 2394 naturae
1767 2331 1904 2409 fuerunt,
1919 2331 1988 2392 fate

447 2430 602 2509 doctrina,
632 2431 751 2493 divinae
785 2431 996 2495 attestationis
1031 2431 1196 2493 miraculis
1250 2431 1366 2494 bantur
1381 2451 1414 2494 se
1430 2431 1468 2492 ad
1484 2431 1604 2494 inferos
1626 2432 1849 2508 descensuros,
1864 2439 1936 2512 puta
1954 2429 1987 2490 ad

447 2527 606 2607 roborata,
623 2528 687 2592 imo
702 2549 721 2591 a
735 2529 859 2592 Christo
878 2530 1003 2591 collata.
1020 2529 1107 2592 Unde
1127 2548 1198 2590 san·
1252 2528 1385 2590 limbum
1401 2529 1492 2591 illum
1508 2527 1626 2591 inferni
1643 2529 1676 2591 in
1691 2547 1754 2610 quo
1770 2527 1989 2609 colligebantur

313 2634 518 2689 treor.1==.ctus
536 2627 699 2709 apostolus
723 2627 849 2707 Paulus,
865 2627 921 2708 qni
945 2647 1048 2708 usque
1073 2627 1113 2689 ad
1137 2634 1198 2689 ter·
1251 2626 1434 2707 hujusmodi
1450 2627 1651 2689 sancti.llinc
1667 2625 1785 2689 etenim
1802 2633 1927 2688 sanctus
1939 2623 1989 2686 lob

300 2704 321 2746 ²·
447 2723 527 2786 tium
543 2724 660 2786 coelum
676 2725 780 2787 adbuc
795 2725 908 2788 vivens
927 2724 961 2786 in
981 2743 1114 2807 corpore
1136 2725 1198 2787 fuit
1252 2723 1296 2784 ait
1313 2747 1320 2784 :
1337 2722 1466 2784 Dimitte
1481 2742 1543 2801 me,
1555 2723 1700 2800 Domine,
1713 2731 1749 2784 ut
1763 2723 1908 2804 plangam
1923 2740 2093 2803 pau-rotas,

300 2836 433 2894 spasano.
448 2831 557 2903 raptus
574 2846 581 2885 :
598 2821 714 2885 Omnes
728 2822 860 2904 (inquit)
875 2823 1038 2885 nascimur
1053 2822 1113 2884 filii
1129 2822 1195 2900 irae,
1252 2820 1352 2883 lulum
1379 2820 1521 2883 dolorem
1546 2839 1666 2899 meum,
1682 2829 1854 2902 antequam
1873 2820 1987 2896 vadam,
2104 2837 2105 2848 ¹

447 2919 480 2983 id
505 2927 554 2981 est
575 2919 722 3001 originali
751 2919 881 2982 obnoxii
910 2920 1023 3002 eulpa,
1049 2927 1082 2981 et
1109 2919 1198 3000 digni
1252 2926 1361 2982 etnon
1383 2926 1534 2995 revertar,
1551 2919 1590 2980 ad
1610 2927 1726 2980 terram
1749 2917 1945 2981 tenebrosam
1963 2925 1990 2978 et

447 3017 567 3100 privari
587 3027 704 3080 aeterna
722 3017 931 3080 beatitudine.
947 3018 1130 3099 Rursusque
1152 3018 1197 3080 lo·
1216 3011 1394 3098 Copertam
1419 3016 1530 3078 mortis
1554 3015 1701 3097 caligine,
1724 3024 1841 3080 terram
1865 3014 1990 3078 miseria

301 3133 434 3184 amans.
448 3116 557 3199 quitur
573 3140 580 3178 :
597 3116 655 3179 Per
670 3136 768 3180 unum
790 3115 954 3179 bominem
976 3123 1141 3197 peccatum
1164 3115 1196 3177 in
1252 3123 1284 3177 et
1298 3113 1511 3194 tenebrarum,
1522 3114 1576 3177 ubi
1593 3113 1706 3177 umbra
1719 3114 1880 3191 mortis,et
1893 3112 1990 3175 nullus
2105 3118 2106 3199 t

448 3215 534 3278 hune
556 3215 711 3277 mundum
736 3214 878 3293 intravit,
895 3222 927 3276 et
950 3234 1007 3295 per
1031 3222 1197 3295 peccatum
1252 3214 1341 3291 ordo,
1368 3213 1424 3275 sed
1449 3212 1663 3293 sempiternus
1691 3213 1805 3277 horror
1833 3211 1988 3275 inhabitat.
2105 3202 2106 3233 '

303 3328 435 3385 sapitas.
450 3332 545 3375 mors.
558 3313 597 3374 Et
610 3313 643 3374 in
659 3313 741 3376 libro
756 3312 926 3395 Sapientia
940 3312 1074 3374 habetur
1091 3334 1097 3372 :
1114 3311 1199 3373 Invi·
1253 3311 1291 3373 Et
1315 3311 1430 3373 iterum
1456 3311 1596 3391 loquitur
1623 3334 1629 3372 :
1656 3311 1692 3373 ln
1716 3310 1991 3393 profundissimum
2013 3332 2049 3375 aa
2061 3346 2089 3371 n,

449 3408 503 3472 dia
524 3410 644 3473 diaboli
668 3428 753 3472 mors
777 3409 908 3471 intravit
936 3409 969 3471 in
997 3411 1108 3473 orbem
1137 3420 1198 3473 ter·
1253 3406 1415 3470 infernum
1431 3408 1748 3470 descendentomnia
1770 3425 1851 3471 mea.
1868 3400 2028 3469 Sanctusl‘·

449 3528 568 3572 rarum.
1253 3523 1380 3587 quoque
1395 3504 1575 3587 patriarcha
1591 3505 1697 3582 Jacob,
1714 3504 1786 3568 filio
1808 3523 1866 3568 suo
1885 3502 1990 3584 loseph

1254 3603 1371 3666 amisso
1402 3625 1409 3663 ε
1440 3602 1635 3665 Descendam
1664 3602 1795 3684 (inquit)
1823 3604 1861 3665 ad
1894 3601 1991 3664 filium
2003 3620 2094 3662 cam

1255 3719 1361 3764 meum
1384 3699 1497 3781 lugens
1512 3700 1545 3761 in
1561 3698 1735 3762 infernum.
1752 3700 1814 3763 Sed
1829 3708 1861 3763 et
1874 3708 1991 3762 sanctus
2003 3686 2029 3723 ³⁵·

645 3780 890 3845 ARTICULUS
914 3782 1006 3844 XW·
1255 3797 1354 3860 David
1376 3798 1531 3879 propheta
1555 3797 1599 3860 ait
1623 3796 1655 3859 in
1681 3797 1805 3862 Psalmo
1827 3822 1834 3861 :
1854 3798 1928 3872 Quis
1951 3803 2096 3859 estruem

450 3931 519 3990 Cur
529 3948 634 4006 penus
648 3930 830 3988 homonum
852 3930 1001 4004 indiguit
1016 3933 1178 3987 salvatore
1187 3950 1202 3999 ,·
1255 3896 1350 3959 h⁰¹¹¹⁰
1368 3895 1424 4005 ‘iffi
1450 3895 1546 3973 ‘livet’
1569 3903 1601 3958 el
1620 3914 1684 3959 ¹¹⁰⁰
1709 3895 1832 4006 Videbit
1856 3903 1991 4007 mflfwm’
2003 3884 2030 3999 o,

490 4027 520 4077 et
534 4018 823 4077 cornecesaarium
834 4018 904 4093 suit
920 4019 1129 4094 unipenitum
1140 4020 1203 4079 Dei
1255 4002 1345 4058 Pfflfll
1360 4013 1500 4056 ammam
1522 4013 1611 4056 suam
1626 3994 1666 4056 de
1681 4013 1779 4056 manu
1799 3992 1895 4057 lnfffl’l
1907 3996 1918 4055 l
1932 3992 1994 4056 cel·

491 4109 619 4169 Filium
634 4107 820 4166 incarnari.
1255 4102 1323 4156 tum
1338 4101 1507 4157 astantem
1522 4094 1607 4173 quod
1623 4094 1724 4156 saneti
1747 4112 1812 4157 non
1833 4094 1995 4157 descende-

1216 4191 1241 4253 D
1257 4200 1330 4255 runt
1345 4193 1379 4254 in
1394 4192 1527 4255 limbum
1543 4191 1662 4254 inferni
1684 4211 1744 4254 nec
1765 4192 1995 4255 retardabantur

524 4290 684 4355 lll'lCULO
698 4290 890 4374 praecedenti
904 4290 971 4371 jam
987 4292 1089 4372 patuit
1102 4292 1203 4372 quali·
1257 4310 1275 4353 a
1289 4290 1390 4371 gloria
1404 4290 1544 4352 aternali
1559 4308 1617 4372 pro
1631 4290 1760 4371 propria
1782 4290 1994 4371 personalique

538 4398 587 4453 ter
600 4389 633 4450 in
654 4388 757 4470 primo
778 4397 910 4470 parente
931 4397 1044 4450 natura
1063 4389 1203 4453 humana
1258 4389 1362 4469 culpa,
1383 4388 1457 4468 quia
1476 4388 1509 4448 in
1530 4396 1616 4449 tanta
1635 4386 1778 4469 puritate·
1792 4388 1925 4451 Domino
1940 4388 1995 4449 Deo

456 4488 498 4551 sit
521 4485 669 4567 originali
694 4486 788 4567 eulpa
813 4484 942 4564 infecta,
965 4494 997 4549 et
1023 4493 1089 4548 tota
1117 4486 1203 4549 illius
1257 4485 1489 4564 deserviebant,
1516 4486 1599 4566 quod
1625 4485 1721 4547 etiam
1743 4505 1801 4567 pro
1826 4485 1995 4549 venialibus

456 4584 635 4668 posteritas,
643 4583 767 4646 Christo
781 4591 926 4664 excepto,
934 4584 1105 4645 secundum
1121 4602 1203 4647 eom·
1258 4584 1324 4645 auis
1343 4583 1446 4664 culpis
1472 4580 1696 4645 satisfecerunt
1719 4583 1859 4664 quotidie
1883 4584 1954 4658 Deo,
1969 4590 1996 4643 et

455 4701 585 4748 munem
611 4681 714 4762 legem
739 4681 886 4762 originali
913 4689 1043 4763 peceato
1066 4682 1203 4744 obnoxia
1258 4681 1339 4743 ultra
1354 4681 1413 4743 hoc
1429 4679 1521 4742 valde
1536 4687 1705 4742 creverunt
1724 4681 1810 4743 omni
1825 4681 1877 4743 die
1891 4681 1923 4743 in
1937 4700 1996 4745 om-

455 4783 550 4858 faota,
567 4788 662 4860 atque
675 4786 793 4842 aterna
813 4778 966 4843 felicitate
987 4779 1121 4860 privata,
1138 4780 1202 4844 imo
1257 4778 1409 4860 nigratis
1429 4786 1461 4840 et
1481 4778 1596 4841 virtute
1616 4778 1802 4860 meritisque
1823 4778 1994 4861 praecipuis.

455 4889 487 4945 et
500 4885 663 4962 perpetua
677 4876 873 4940 damnationi
895 4876 1088 4958 adjudicata,
1105 4896 1204 4959 quan·
1256 4878 1410 4952 Quoniam
1426 4877 1531 4959 itaque
1545 4884 1609 4939 mm
1625 4878 1823 4941 necessarius
1838 4879 1901 4942 fuit
1913 4896 1996 4959 gene

454 4988 523 5042 tum
537 4977 577 5041 ad
592 4993 719 5057 poenam
733 4975 841 5037 damni
859 4999 866 5036 ι
883 4994 947 5037 non
962 4974 1048 5037 enim
1063 4994 1120 5057 pro
1136 4977 1203 5039 solo
1257 4976 1284 5037 ri
1309 4976 1448 5039 humano
1478 4975 1626 5052 salvator,
1652 4975 1728 5038 hinc
1756 4976 1857 5040 sancti
1887 4976 1994 5039 vetans

454 5074 603 5158 originali
627 5079 758 5155 peccato
782 5073 856 5135 nde
887 5072 1045 5153 infligitur
1067 5074 1203 5154 posteris
1257 5072 1460 5151 Testamenti,
1478 5072 1541 5135 imo
1556 5081 1588 5135 et
1602 5092 1621 5135 a
1635 5073 1794 5156 principio
1809 5074 1921 5137 mundi
1941 5072 1995 5135 ssl-

454 5176 526 5257 ejus
546 5192 642 5256 poena
662 5169 824 5234 sensibilis
845 5170 878 5232 in
900 5170 1037 5249 inferno,
1054 5171 1203 5234 videlicet
1256 5171 1374 5234 vetoris
1393 5170 1490 5251 hujus
1512 5170 1683 5234 adventum
1705 5171 1928 5235 ardentissime
1948 5190 1995 5233 su-

453 5292 549 5359 poena
569 5270 654 5354 ignis
673 5268 828 5331 similisve
850 5269 1009 5348 tormenti,
1026 5270 1083 5332 sed
1107 5287 1201 5352 poena
1255 5269 1384 5351 piarunt
1407 5269 1511 5349 electi,
1528 5278 1560 5332 et
1583 5269 1622 5333 de
1647 5270 1717 5351 ejus
1739 5271 1878 5333 adventu
1902 5270 1995 5335 multa
