4309 6250
468 486 529 555 tto
621 505 771 555 nmmous
794 506 1023 555 nrsrurrrrours
1045 503 1136 551 mrsn
1156 502 1362 549 cnnrsrnmmr
1382 502 1420 547 ιιι
1440 498 1655 547 senmurum.
1677 518 1719 529 -
1739 499 1808 545 snr.
1831 499 1865 545 ιιι

469 698 565 763 quam
575 680 618 743 nil
635 679 706 743 lalsi
721 679 886 742 includens
901 677 1057 755 laudatur,
1065 684 1097 739 et
1111 683 1217 738 tamen
1232 674 1257 736 A
1271 682 1442 755 gatumque
1461 681 1550 736 tuum
1565 676 1687 755 (utpote
1706 670 1876 749 Christum)
1889 668 1995 731 imitan-

470 780 574 842 eidem
588 778 761 861 Evangelio
783 779 816 840 in
830 778 985 840 Alcorano
1008 794 1089 857 pene
1104 774 1137 835 in
1153 774 1218 835 sin·
1273 781 1332 849 tes,
1349 772 1493 835 adscribe
1515 770 1678 835 fidelihus.

470 877 555 959 gulis
583 876 729 959 capitulis
759 874 997 939 contradicitur.
1023 873 1217 935 Duodecimo
1313 871 1528 933 Cnnrsrrsuus.
1554 869 1690 932 —Post
1717 866 1831 930 Christi
1858 885 1993 929 recessum

470 975 589 1059 quippe
600 973 748 1037 Alcoreni
763 972 900 1055 capitulo
915 971 1126 1034 introducitur
1136 970 1218 1032 Deus
1273 969 1312 1030 de
1328 976 1420 1046 terra,
1438 966 1579 1050 Apostoli
1594 985 1651 1049 per
1665 974 1766 1028 totum
1782 964 1926 1026 mundum
1939 981 1995 1044 pro

471 1072 672 1153 omnipotens
697 1081 728 1134 et
748 1079 884 1133 aeternus
908 1068 995 1150 loqui
1019 1066 1058 1129 ad
1080 1065 1215 1128 hluhon:
1273 1066 1349 1128 lecti
1378 1074 1453 1127 sunt
1480 1075 1511 1127 et
1539 1064 1674 1147 dispersi
1709 1064 1748 1126 ad
1785 1061 1993 1143 predicandum

413 1206 416 1217 ·
470 1170 604 1250 Christo,
626 1171 730 1233 Mariae
754 1169 836 1247 lilio,
856 1166 1064 1249 Evangelium
1087 1163 1219 1227 commi·
1273 1164 1390 1245 ubique
1404 1163 1611 1244 Evangelium
1627 1160 1741 1224 Christi
1764 1158 1994 1241 perprincipalia

471 1268 581 1346 simus,
598 1269 683 1349 quod
699 1276 746 1331 est
765 1268 874 1330 lumen
894 1274 926 1329 et
945 1264 1147 1328 confirmatio
1163 1263 1219 1324 Te·
1273 1281 1373 1343 regna
1386 1262 1497 1324 mundi
1511 1285 1519 1339 ;
1535 1270 1567 1323 et
1588 1280 1644 1342 per
1658 1279 1691 1322 se
1706 1279 1744 1321 ac
1760 1277 1833 1321 suos
1846 1256 1994 1338 discipulos

470 1366 618 1430 stamenti
648 1373 679 1429 et
702 1366 896 1447 castigamen
925 1382 961 1426 ac
992 1370 1076 1425 recta
1100 1345 1219 1423 via'ti-
1274 1368 1499 1423 converterunt
1510 1359 1542 1420 in
1558 1360 1633 1422 orbe
1648 1366 1803 1421 terrarum
1819 1354 1994 1435 mutosges

470 1464 630 1529 mentibus
651 1465 772 1543 Deum3
789 1464 929 1545 itemque
951 1461 1052 1543 primo
1074 1461 1217 1541 ejusdem
1274 1459 1345 1521 tiles
1373 1458 1566 1536 idololatras,
1592 1457 1753 1538 multaque
1777 1454 1876 1517 millia
1895 1453 1994 1515 ludeo

470 1562 543 1626 libri
558 1557 1072 1645 capitulo:Christo,hlariaeiilio‚
1090 1557 1218 1621 divinus
1273 1574 1355 1635 rum,
1389 1554 1600 1618 idololatriam
1633 1554 1776 1634 undique
1810 1553 1991 1626 destruentes,

470 1662 600 1743 spiritus
615 1661 768 1723 auxilium
791 1668 823 1723 et
836 1657 1053 1722 testimonium
1069 1656 1140 1719 luit.
1158 1655 1218 1717 Sed
1273 1663 1368 1735 atque
1381 1653 1421 1714 ed
1431 1652 1531 1715 unius
1553 1651 1619 1714 veri
1641 1651 1695 1714 Dei
1717 1650 1839 1713 cultum
1852 1669 1886 1712 uc
1899 1648 1993 1710 Christi

469 1767 502 1823 et
533 1758 646 1840 quinto
673 1757 821 1821 Alcorani
854 1755 993 1837 capitulo
1029 1753 1179 1816 recitatur
1208 1775 1215 1813 ε
1273 1751 1373 1813 iidem
1397 1758 1618 1814 convertentes
1640 1749 1726 1831 ipsos
1747 1749 1880 1831 gentiles
1900 1771 1906 1808 :
1926 1747 1994 1827 quod

469 1856 582 1937 Angeli
607 1855 735 1918 hlariam
758 1856 966 1936 alloquentes,
993 1852 1141 1915 dixerunt
1164 1874 1170 1911 :
1194 1850 1255 1913 OB
1276 1857 1375 1912 totum
1400 1850 1469 1911 sine
1492 1848 1644 1912 violentia
1667 1867 1841 1927 armorum,
1856 1846 1917 1908 sine
1936 1844 1995 1906 sub

470 1954 576 2033 llaria,
593 1954 742 2017 omnibus
758 1952 835 2015 viris
857 1971 894 2013 ao
910 1949 1098 2013 mulieribus
1113 1949 1219 2031 splen·
1274 1947 1387 2009 tilitete
1401 1947 1582 2025 verborum,
1599 1947 1668 2008 sine
1682 1946 1818 2028 magicis
1832 1944 1939 2007 artibus
1951 1961 1994 2004 eos

469 2051 585 2129 didior,
604 2052 752 2115 mundior
777 2058 870 2132 atque
892 2047 1075 2129 jucundior,
1098 2046 1153 2109 tihi
1178 2046 1218 2108 ab
1273 2045 1390 2108 iecisse
1414 2045 1575 2108 concedis.
1592 2045 1666 2108 ldeo
1691 2052 1815 2107 certum
1839 2052 1883 2105 cst
1902 2061 1949 2105 eos
1969 2041 1993 2101 id

469 2149 687 2212 universitatis
698 2148 843 2211 Creatore
858 2147 995 2209 mittitur
1009 2145 1126 2207 summi
1141 2164 1220 2205 nun·
1273 2163 1474 2225 nequaquam
1489 2162 1583 2225 egere
1598 2143 1738 2225 potuisse
1760 2143 1830 2204 sine
1843 2139 1957 2223 speciali
1969 2146 1995 2199 ct

469 2248 505 2309 tii
520 2247 672 2329 gaudium
695 2266 767 2309 cum
790 2247 887 2310 verbo
903 2245 969 2323 Dei,
986 2243 1080 2325 cujus
1101 2262 1219 2306 nomen
1273 2241 1505 2324 supernaturali
1541 2241 1700 2322 adjutorio
1727 2240 1784 2303 Dei
1818 2238 1935 2322 gloriosi
1964 2256 1993 2298 ac

469 2354 517 2409 est
538 2345 627 2408 lesus
642 2344 796 2424 Christus,
813 2344 867 2426 qui
890 2350 937 2407 est
959 2341 1058 2405 iacies
1073 2341 1218 2403 omnium
1273 2340 1436 2420 adorandi,
1461 2359 1560 2421 quum
1588 2339 1733 2402 homines
1757 2359 1775 2402 a
1801 2340 1867 2420 lege
1892 2356 1941 2399 sus
1964 2355 1993 2397 ac

468 2444 612 2525 gentium
628 2443 659 2505 in
676 2443 737 2505 hoc
753 2442 922 2522 futuroque
938 2440 1065 2519 saeculo,
1078 2440 1216 2521 sapiens,
1273 2446 1399 2520 patrum
1434 2456 1564 2501 suorum
1596 2437 1651 2499 diu
1680 2436 1793 2502 inolita
1826 2434 1993 2499 diliicillime

467 2542 519 2605 vir
540 2540 691 2623 optimus.
708 2541 778 2623 lpse
800 2541 882 2603 Deus
905 2538 1008 2601 lilium
1031 2546 1122 2600 tuum
1144 2556 1218 2599 cum
1272 2544 1456 2599 avertantur
1478 2538 1517 2598 ad
1542 2536 1759 2618 recipiendam
1784 2535 1881 2617 legem
1904 2552 1994 2595 receu-
2099 2561 2100 2590 ;

364 2640 379 2659 “
467 2639 577 2702 divina
591 2639 707 2702 virtute
729 2638 912 2701 venientem
934 2636 1080 2699 edocebit
1101 2636 1218 2698 librum
1273 2635 1450 2716 tcmzquod
1465 2653 1522 2717 per
1536 2633 1764 2716 experientiam
1779 2640 1993 2712 constat,quum
2099 2625 2100 2686 ἶ

467 2737 650 2819 legiferum,
671 2736 839 2817 omnisque
860 2734 1034 2816 magisterii
1057 2734 1215 2816 peritiam,
1272 2730 1422 2814 quaelihet
1436 2732 1522 2795 natio
1544 2733 1647 2813 legem
1669 2751 1760 2794 suam
1780 2731 1924 2812 usquead
1937 2748 1994 2790 san·
2099 2715 2100 2770 ἶ

467 2844 499 2899 οι
513 2836 749 2899 Testamentum
770 2854 806 2897 ac
821 2833 1040 2915 Evangelium.
1056 2832 1151 2895 Multa
1166 2832 1216 2894 his
1246 2831 1402 2913 guinem
1430 2839 1566 2911 tueatur,
1592 2850 1719 2912 suaeque
1748 2830 1828 2912 legis
1854 2829 1994 2911 impugna·
2099 2857 2100 2906 l

467 2933 647 2997 consimilis
676 2932 856 2996 testimonia
884 2931 1072 2994 exhihentur
1096 2929 1217 2993 Christo
1272 2940 1356 2993 tores
1385 2938 1416 2992 et
1444 2929 1642 2993 adversarios
1670 2930 1745 3010 igne
1772 2938 1805 2991 et
1831 2928 1925 3011 gladio
1948 2942 1994 3007 pro
2099 2945 2100 3010 j

467 3052 504 3095 ac
529 3032 606 3096 iidei
633 3031 813 3093 christianae
838 3030 871 3092 in
890 3029 1046 3117 Alcorano
1069 3052 1075 3091 :
1097 3028 1129 3091 in
1154 3048 1217 3109 quo
1233 3034 1254 3097 G
1273 3029 1392 3091 viribus
1421 3036 1640 3110 persequatur.
1669 3028 1750 3090 Ηιιιο
1780 3047 1836 3109 per
1861 3027 1941 3108 signa
1968 3032 1994 3086 et
2099 3089 2100 3114 ,

466 3131 569 3195 nihilo
591 3131 698 3192 minus
718 3130 808 3211 quasi
830 3118 1075 3191 innumerabilis
1094 3135 1219 3191 contra·
1272 3128 1415 3210 prodigia
1430 3137 1523 3210 atque
1537 3127 1690 3190 miracula
1699 3127 1809 3190 divina
1824 3129 1928 3190 virtute
1940 3143 1994 3206 pcr-
2099 3117 2100 3135 ³

467 3228 583 3290 riantia
604 3227 777 3309 Evangelio
799 3236 993 3290 asseruntur.
1272 3236 1342 3290 acta
1366 3228 1538 3290 asserimus
1564 3235 1690 3289 sanctos
1713 3219 1828 3289 Christi
1851 3223 1992 3307 Apostolos
2099 3298 2100 3307 ἶ

507 3327 719 3390 Srnmosuus.
736 3361 776 3371 -
800 3325 868 3388 Non
892 3335 940 3388 est
964 3325 997 3386 in
1022 3324 1071 3386 his
1094 3333 1218 3388 contra·
1272 3334 1366 3407 atque
1388 3325 1564 3407 discipulos
1593 3325 1789 3388 convertisse
1814 3323 1946 3407 gentiles,
1967 3327 1991 3381 et
2099 3318 2100 3333 l

465 3424 563 3488 dictio
592 3425 710 3506 alique,
738 3425 764 3486 si
794 3423 875 3487 bene
904 3423 1065 3504 intelligis.
1098 3422 1217 3507 Nempe
1272 3443 1329 3506 pro
1350 3443 1466 3504 magne
1488 3432 1576 3506 parte
1597 3413 1732 3486 ludaeos.
2099 3484 2100 3503 ,

465 3522 676 3604 Evangelium
704 3531 797 3603 prout
821 3521 981 3584 aChristo
1004 3519 1156 3602 proiluxit
1179 3541 1216 3584 ac
1312 3522 1523 3585 Sennacnuus.
1547 3557 1589 3567 —
1611 3523 1647 3584 ln
1675 3523 1832 3586 Alcorano
1854 3522 1991 3594 docemur,
2099 3506 2100 3517 ³

467 3620 617 3683 traditum
632 3629 681 3684 est
695 3620 877 3682 immediate
899 3619 964 3681 suis
978 3619 1147 3702 Apostolis,
1164 3640 1218 3682 ve·
1271 3621 1394 3684 ludaeos
1414 3640 1432 3682 a
1453 3620 1517 3684 Deo
1534 3639 1594 3702 pro
1612 3621 1750 3683 maxima
1771 3630 1857 3702 parte
1874 3619 1993 3700 abjectos

467 3739 538 3782 rum
566 3727 615 3782 est
642 3739 742 3802 pure3
770 3719 879 3799 sicque
907 3739 925 3780 a
951 3719 1127 3781 hlehometo
1151 3719 1218 3780 lau·
1272 3739 1309 3782 ac
1337 3719 1516 3796 derelictos,
1546 3719 1696 3800 quoniam
1724 3719 1831 3782 Jesnm
1858 3717 1993 3781 Christum

467 3819 570 3896 datur,
588 3818 667 3880 etin
683 3818 771 3881 nullo
787 3817 976 3880 contradicit
990 3816 1030 3880 ei.
1044 3817 1104 3879 Sed
1120 3836 1218 3898 quan·
1272 3817 1365 3880 eisin
1383 3818 1452 3898 lego
1467 3817 1671 3898 promissum,
1681 3836 1738 3900 pro
1752 3818 1863 3881 hessia
1875 3816 1993 3895 recipere

468 3924 536 3979 tum
564 3916 604 3979 ad
633 3935 670 3978 ea
697 3935 767 3996 quae
795 3935 813 3977 a
848 3914 983 3995 posteris
1019 3934 1055 3977 ac
1084 3914 1218 3996 persidis
1272 3925 1466 3994 renuerunt3
1484 3915 1593 3997 sicque
1614 3916 1701 3979 viros
1722 3916 1804 3980 albis
1826 3917 1950 3992 indutos,
1968 3910 1993 3972 id

468 4012 656 4075 Christianis
679 4013 804 4094 adjecta
825 4020 899 4074 sunt
922 4012 1095 4094 Evangelio
1119 4022 1150 4075 et
1170 4013 1219 4075 in·
1271 4022 1321 4077 est
1334 4014 1512 4097 Apostolos,
1528 4015 1568 4077 ad
1583 4023 1694 4096 gentes
1715 4015 1934 4078 convertendas
1946 4008 1994 4071 mi·

320 4119 454 4172 vtrraered·
469 4119 552 4173 serta
566 4130 603 4173 ao
619 4111 727 4190 mixta,
735 4129 792 4192 per
806 4129 875 4191 quae
885 4112 934 4190 (ut
948 4111 1217 4191 tetigi)inlectum
1271 4131 1391 4194 grasse,
1417 4120 1449 4174 et
1472 4131 1525 4174 eas
1549 4112 1704 4175 veraciter
1729 4113 1917 4189 instruxisse,
1940 4108 1994 4170 ido
2099 4126 2100 4129 ¹

469 4218 528 4287 est,
552 4208 737 4292 reprobatur
761 4228 780 4270 a
803 4217 912 4271 nostro
937 4206 1081 4290 legifero,
1103 4217 1134 4271 et
1152 4209 1217 4270 illis
1233 4217 1258 4277 D
1272 4209 1428 4273 lolatriam
1453 4229 1579 4291 quoque
1602 4211 1797 4273 destruxisse
1820 4212 1852 4272 in
1870 4206 1993 4292 pluribus
2099 4262 2100 4283 ,

473 4306 664 4370 contradicit
684 4306 855 4369 erroribus.
1273 4308 1352 4372 locis
1374 4332 1381 4370 ι
1403 4308 1487 4390 quod
1511 4308 1630 4390 absque
1654 4308 1786 4390 speciali
1811 4318 1843 4372 et
1864 4323 1993 4389 superm-
2028 4289 2033 4298 ’

508 4405 724 4468 Cuntsrmuus.
745 4441 785 4450 —
809 4404 919 4468 Nonne
943 4404 1052 4467 lateris
1075 4405 1218 4488 Evange-
1271 4405 1365 4468 turali
1394 4405 1510 4468 auxilio
1538 4404 1591 4467 uei
1620 4405 1740 4467 lactum
1769 4425 1835 4469 non
1857 4419 1992 4468 essenon
2099 4446 2100 4493 ἦ

468 4504 558 4566 listas
593 4503 809 4584 evangelicam
839 4502 1002 4566 historiam
1036 4523 1072 4565 ac
1102 4505 1218 4567 doctri·
1272 4521 1364 4584 nego,
1382 4502 1442 4565 nisi
1458 4502 1565 4567 forsan
1580 4523 1654 4566 cum
1670 4503 1833 4566 Avicenna
1845 4502 1909 4584 quis
1922 4500 1993 4562 dicat
2099 4502 2100 4553 ι

468 4621 553 4680 ιιοιιι,
571 4602 630 4665 hoc
646 4610 694 4663 est
714 4601 904 4664 documenta
921 4611 1076 4683 gestaque
1087 4602 1215 4682 Christi,
1272 4601 1426 4663 miracula
1446 4601 1583 4664 naturali
1606 4601 1722 4664 virtute
1742 4601 1816 4665 lieri
1839 4619 1930 4685 posse.

467 4700 623 4763 veraciter
644 4699 874 4783 descripsisset
1311 4700 1526 4764 Cunrsrmuus.
1543 4735 1583 4745 —
1601 4700 1637 4762 ln
1662 4701 1721 4764 hoc
1746 4711 1899 4782 punctos
1920 4698 1993 4759 theo

508 4798 721 4860 Sennacnuus.
743 4833 783 4843 ·-
804 4799 929 4879 Utique,
950 4817 1049 4880 quum
1072 4799 1104 4860 in
1126 4800 1216 4863 Alco·
1271 4799 1352 4880 logis
1366 4807 1461 4880 atque
1481 4798 1681 4881 philosophis
1702 4799 1870 4882 precipuis
1889 4805 1992 4860 contra·
2099 4814 2100 4867 3

466 4914 543 4959 rano
569 4895 724 4959 dicatur:
750 4895 816 4957 Viri
840 4897 982 4959 vestibus
1007 4897 1089 4959 albis
1113 4898 1215 4960 induti
1270 4898 1388 4961 dicitur
1411 4899 1601 4976 Avicennae3
1618 4906 1650 4960 et
1670 4898 1745 4960 iude
1766 4918 1825 4980 pro
1845 4916 1919 4960 nunc
1938 4891 1992 4956 sul·
2099 4956 2100 4973 ,

465 4994 614 5057 dixerunt
628 4994 667 5056 ad
683 4992 842 5057 Christum
861 5018 867 5057 :
885 4993 947 5058 Nos
962 4995 994 5056 in
1010 4996 1064 5058 Dei
1084 4997 1214 5060 nomine
1269 4997 1341 5059 licit
1368 4997 1459 5075 mihi,
1490 5007 1525 5059 ut
1551 4997 1680 5061 letearis
1707 4999 1871 5080 Apostolos
1895 4992 1992 5058 Christi
2099 4982 2100 5051 ξ

463 5100 495 5155 te
517 5100 696 5173 sequentes,
714 5092 748 5153 in
763 5093 861 5154 Deum
884 5093 1053 5172 credimus,
1071 5103 1101 5156 te
1121 5104 1211 5158 teste.
1269 5095 1344 5158 talia
1358 5096 1520 5177 peregisse
1534 5096 1640 5176 qualia
1654 5097 1796 5161 Christus
1812 5098 1845 5159 in
1859 5095 1991 5158 Alcoruno

463 5191 677 5271 Dixeruntque
704 5213 710 5252 :
738 5190 920 5270 OCreator,
947 5210 1004 5254 nos
1030 5193 1105 5256 huic
1132 5194 1212 5258 lihro
1268 5195 1384 5258 secisse
1408 5196 1609 5274 describitur,
1634 5203 1666 5258 et
1688 5195 1777 5277 juxta
1806 5195 1878 5258 illud
1903 5187 1989 5273 quinti
2099 5230 2100 5249 ι

462 5289 625 5374 (videlicet
640 5288 825 5372 Evangelio)
840 5289 938 5353 lidem
953 5291 1151 5372 adhibentes,
1168 5294 1212 5356 le
1269 5293 1398 5377 capituli
1422 5292 1569 5358 Alcorani
1595 5317 1602 5356 :
1628 5295 1685 5358 llle
1708 5298 1833 5377 (utpote
1857 5288 1990 5368 Christus)
2099 5288 2100 5301 ¹
