4309 6250
436 470 499 551 ¹436
759 486 878 534 oomnn
898 485 1066 533 ranrmmu
1081 485 1253 543 annona-n,
1275 486 1365 532 ιιιιιι
1385 487 1425 532 ιι.
1448 504 1490 515 -
1508 486 1579 533 aar.
1601 486 1668 532 xvn

438 658 555 741 quibus
575 656 714 721 lacrimae
732 656 836 721 solent
854 658 975 737 adesse,
991 654 1225 737 perfectissi-rl
1242 654 1347 719 taliter
1360 662 1473 733 tactus,
1489 655 1535 718 ait
1551 678 1557 717 ε
1573 655 1640 738 Ego
1657 654 1723 719 dixi
1740 656 1773 719 in
1794 655 1977 720 abundantia
1988 674 2088 720 nans.

439 776 492 820 ma
520 765 624 819 tamen
654 755 780 819 devotio
809 755 1017 819 exterioribus
1045 754 1186 818 lacrimis
1242 772 1323 832 mea,
1339 753 1409 818 Non
1423 753 1575 817 movebor
1596 754 1629 816 in
1644 764 1806 818 aternum.
1820 755 1855 818 Et
1868 756 1977 818 beatus

439 854 629 937 caretzquia
645 854 677 915 in
693 853 749 915 illa
763 861 869 916 tantus
885 862 933 917 est
947 853 1055 917 fervor
1070 862 1187 916 sanctae
1241 852 1403 935 apostolus
1431 852 1543 917 Paulus
1570 876 1578 914 :
1602 852 1679 927 Quis
1702 873 1761 917 nos
1785 853 1939 936 separabit
1960 873 1977 915 ι
1999 875 2089 922 aava.

438 952 629 1030 affectionis,
656 960 688 1014 et
715 960 801 1014 tanta
826 952 1025 1032 profunditas
1054 952 1186 1015 interne
1242 950 1373 1013 caritate
1400 950 1537 1013 Christit
1566 950 1707 1033 ltemque
1738 975 1745 1013 :
1776 952 1880 1015 Certus
1909 971 1976 1014 sum
1988 940 2088 1040 {m⁴

439 1050 729 1133 contemplationis,
745 1050 830 1131 quod
856 1051 895 1113 ad
919 1050 1069 1113 interiora
1095 1069 1186 1112 mens
1241 1048 1370 1129 (inqiut)
1384 1047 1461 1131 quia
1484 1069 1544 1112 nec
1568 1068 1665 1129 mors,
1682 1069 1742 1113 nec
1760 1050 1833 1129 vita,
1847 1070 1908 1114 nec
1927 1049 1978 1112 tri—

439 1150 571 1232 rapitur,
587 1158 681 1231 atque
700 1148 735 1210 in
754 1148 902 1211 increata
922 1147 1092 1211 infinitatis
1106 1148 1188 1211 divi·
1242 1148 1373 1227 bulatio,
1389 1167 1449 1211 nec
1470 1149 1627 1229 angustia,
1644 1168 1748 1231 neque
1762 1158 1901 1212 creatura
1920 1149 1978 1211 alia

438 1268 549 1331 nmque
572 1247 654 1310 lucis
677 1248 791 1329 abysso
815 1247 906 1329 quasi
930 1248 1136 1329 demergitur,
1152 1247 1185 1310 in
1242 1246 1358 1327 poterit
1381 1264 1440 1309 nos
1464 1264 1610 1328 separare
1633 1267 1652 1309 a
1676 1246 1807 1310 caritate
1828 1248 1893 1325 uei,
1912 1266 1978 1328 qua

437 1355 559 1429 tantum
588 1355 623 1409 ut
651 1345 821 1427 aliquando
850 1353 950 1408 totum
976 1364 1091 1427 corpus
1116 1364 1187 1427 pro·
1241 1353 1290 1407 est
1318 1344 1351 1405 in
1379 1344 1503 1407 Christo
1531 1345 1614 1408 lesu.
1644 1346 1752 1425 Porro,
1777 1346 1849 1408 dum
1877 1345 1978 1408 anima

436 1446 522 1509 tinus
550 1444 741 1526 obrigescat,
766 1444 1001 1526 exterioresque
1026 1463 1140 1506 sensus
1168 1464 1187 1506 a
1241 1443 1390 1505 ecstatice
1418 1461 1563 1507 amorosa
1590 1444 1800 1525 apprehendit
1824 1445 1921 1506 lleum
1948 1453 1979 1506 ut

436 1545 501 1607 auis
515 1543 639 1607 actibus
654 1542 896 1626 suspendantur,
905 1542 1046 1605 membra
1061 1561 1186 1624 quoque
1240 1540 1382 1623 judicem
1408 1541 1542 1623 justum,
1568 1551 1603 1603 ut
1631 1541 1977 1625 incomprehensibilem

436 1643 502 1707 suis
528 1641 647 1706 viribus
672 1640 838 1723 priventur
861 1660 898 1704 ac
922 1640 1073 1703 motibus.
1098 1642 1186 1703 l'unc
1240 1639 1475 1723 dispositorem,
1502 1641 1594 1722 cujus
1621 1640 1741 1722 judicia
1764 1641 1978 1724 imperscruta-

436 1742 531 1805 homo
560 1758 623 1803 non
655 1740 735 1802 vivit
760 1740 825 1801 vita
853 1740 1004 1820 sensuali,
1033 1738 1184 1817 humana,
1241 1739 1317 1802 bilia
1336 1747 1420 1816 sunt,
1436 1748 1472 1801 ut
1490 1736 1789 1803 metuendissimuua
1804 1740 1976 1816 Dominum,

436 1840 491 1903 sed
513 1837 735 1915 intellectuali,
756 1838 899 1919 angelica
919 1857 956 1900 ac
977 1837 1097 1899 divina.
1114 1836 1186 1899 Om-
1202 1840 1225 1902 B
1241 1836 1296 1917 qui
1311 1856 1369 1919 pro
1384 1857 1447 1901 uno
1461 1838 1587 1901 mortali
1601 1847 1733 1920 peccato
1751 1838 1977 1901 damnationem

435 1938 584 2021 nipotens
605 1956 742 2018 namque
762 1937 844 1999 Deus
863 1944 1002 1999 urentem
1025 1936 1070 1999 sio
1090 1935 1183 2017 rapit,
1241 1934 1362 2017 infligit
1384 1945 1545 2014 aternam,
1567 1936 1622 2017 qui
1647 1935 1741 2017 cujus
1765 1937 1833 1999 vult
1854 1938 2091 2005 misereremei

436 2036 586 2119 expandit
599 2043 631 2098 et
649 2035 739 2115 quasi
753 2035 901 2098 absorbet
915 2034 949 2096 in
964 2054 1008 2112 se,
1021 2043 1056 2096 ut
1070 2054 1089 2097 ι
1103 2043 1186 2097 cete·
1241 2042 1302 2112 tur,
1323 2042 1355 2097 et
1377 2053 1472 2115 quem
1497 2034 1565 2097 vult
1589 2034 1738 2114 indurat;
1758 2037 1834 2098 dom
1857 2054 1977 2118 quoque

436 2135 480 2198 ris
494 2134 641 2199 omnibus
657 2134 942 2213 abstrahatur,imo
958 2152 1017 2196 nec
1033 2152 1066 2195 se
1081 2133 1184 2215 ipsam
1240 2152 1274 2194 se
1297 2132 1399 2215 ipsam
1423 2133 1632 2215 apprehendit
1656 2142 1691 2195 ut
1714 2134 1921 2215 peccatricem
1943 2154 1978 2196 ac

434 2234 588 2313 attendat,
604 2252 663 2297 nec
680 2233 844 2315 proprium
859 2242 965 2295 actum
980 2233 1135 2295 advertat.
1239 2231 1396 2312 fragilem,
1426 2231 1577 2313 periculis
1605 2232 1715 2295 multis
1743 2233 1926 2315 expositam,
1950 2240 1980 2295 et

475 2332 608 2408 Quintus
633 2331 769 2395 effectus
799 2332 916 2394 amoris
946 2330 1083 2394 carnalis
1106 2348 1185 2411 pre
1240 2330 1279 2392 de
1303 2348 1360 2391 sua
1384 2329 1486 2392 salute
1509 2330 1674 2407 incertam,
1695 2330 1760 2394 imo
1780 2331 1918 2413 ignaram
1941 2350 1978 2394 an

435 2431 641 2509 dominantis,
658 2438 706 2493 est
721 2429 831 2512 pulsus
846 2430 1057 2492 inordinatus.
1074 2429 1184 2491 Omnis
1240 2429 1282 2490 sit
1295 2427 1391 2509 digna
1405 2447 1512 2491 amore
1526 2448 1567 2491 an
1583 2429 1657 2492 odio
1673 2452 1681 2491 ε
1698 2438 1775 2492 tunc
1794 2428 1979 2492 difficultate

435 2530 584 2611 equidem
609 2528 716 2592 taliter
739 2547 905 2592 amorosus
934 2529 1061 2610 pulsum
1091 2527 1186 2591 habet
1241 2526 1456 2608 cmsequendi
1486 2527 1620 2591 salutem
1649 2536 1744 2609 atque
1768 2528 1879 2592 timore
1901 2527 1980 2609 judi-

435 2637 489 2691 aut
518 2628 614 2690 nimis
642 2628 767 2709 tardum
797 2636 828 2690 et
856 2646 974 2705 rarum,
1004 2635 1058 2689 aut
1087 2626 1184 2689 nimis
1240 2625 1362 2688 ciorum
1382 2624 1537 2687 Altissimi
1557 2625 1738 2689 lentescunt
1759 2646 1824 2689 suo
1842 2626 1980 2689 affectio

421 2710 579 2791 'velocem
594 2734 686 2807 atquc
706 2725 917 2807 frequentem,
933 2725 1022 2806 juxta
1042 2725 1184 2787 diversas
1239 2744 1308 2803 nes,
1325 2723 1370 2786 ita
1393 2732 1428 2785 ut
1450 2744 1523 2787 cum
1548 2724 1713 2787 Psalmista
1732 2725 1840 2789 dicere
1859 2726 1977 2807 possit:

435 2825 705 2907 apprehensiones
734 2843 812 2905 quas
835 2823 976 2906 concipit
999 2824 1039 2886 de
1066 2832 1182 2887 amato.
1239 2821 1547 2884 Dormitavitanima
1561 2842 1632 2886 mea
1646 2842 1711 2905 prae
1721 2822 1980 2902 taedio,oonlinna
2001 2848 2089 2888 ama

435 2922 555 2986 'lardus
570 2942 708 3004 namque
728 2931 777 2985 est
797 2922 920 3003 pulsus,
937 2923 1012 2985 dum
1032 2923 1071 2984 de
1087 2922 1184 2984 amati
1239 2940 1302 2999 me,
1312 2919 1447 2997 Deus,in
1461 2920 1568 2983 verbis
1582 2921 1663 2999 tuis3
1679 2929 1711 2985 et
1725 2941 1835 2984 rursus
1849 2922 1979 2984 clamare
1991 2913 2019 2952 ²⁸·

435 3024 604 3105 adeptione
624 3021 764 3101 diffidit;
784 3021 877 3084 velox
900 3028 1017 3101 autem,
1044 3022 1120 3084 dum
1144 3021 1184 3082 de
1203 3026 1224 3089 G
1240 3026 1371 3100 cogatur
1387 3042 1394 3080 :
1413 3019 1515 3081 Trahe
1536 3038 1588 3082 me
1609 3028 1682 3101 post
1702 3028 1744 3083 te.
1993 3046 2085 3092 ιιιιι,

436 3121 492 3186 illo
515 3121 617 3186 vicem
641 3120 757 3184 amoris
781 3127 942 3201 reportare
966 3118 1111 3184 confidit.
1138 3119 1185 3183 Si·
1280 3118 1391 3181 Sextum
1409 3116 1547 3182 effectus
1567 3118 1830 3201 predominantis
1850 3119 1980 3183 carnalis

436 3219 554 3283 militer
588 3219 706 3283 accidit
741 3219 773 3280 in
810 3217 939 3280 homine
976 3217 1185 3300 spiritualiter
1239 3217 1367 3297 amoris,
1398 3225 1446 3280 est
1473 3216 1632 3300 profunda
1659 3219 1827 3302 occupatio
1859 3229 1891 3282 et
1921 3217 1981 3282 fixa

436 3337 593 3396 amorosa,
611 3317 703 3399 cujus
719 3315 836 3378 interni
852 3316 962 3398 pulsus
984 3324 1058 3378 sunt
1072 3314 1185 3378 animan
1240 3316 1421 3380 sollicitudo
1437 3335 1528 3379 versa
1543 3317 1581 3379 ad
1596 3317 1757 3397 interiora,
1773 3318 1818 3380 ita
1833 3326 1868 3380 ut
1882 3319 1982 3380 taliter

436 3416 625 3480 affectiones
647 3434 740 3496 :quae
762 3415 921 3496 gaudiosa
943 3421 1036 3495 atque
1058 3415 1185 3477 veloces
1239 3433 1403 3478 amorosus
1431 3434 1542 3496 gerere
1570 3415 1715 3478 videatur
1742 3415 1980 3479 similitudinem

437 3523 522 3594 sunt,
544 3515 670 3597 quando
696 3515 735 3577 de
759 3511 1011 3595 supercarissiml
1035 3512 1091 3575 Dei
1116 3532 1186 3594 gra·
1240 3513 1438 3592 dormientis,
1454 3512 1510 3594 qui
1533 3512 1685 3595 evigilare
1709 3533 1773 3577 non
1797 3523 1902 3596 potest
1923 3515 1981 3576 nisi

437 3613 518 3677 tiosa
532 3621 586 3676 aut
607 3613 745 3695 gloriosa
764 3612 933 3694 prasentia
954 3630 1026 3692 spes
1041 3611 1185 3692 quaedam
1241 3630 1340 3693 quum
1363 3611 1392 3673 ei
1418 3610 1458 3674 fit
1480 3612 1600 3674 mentio
1623 3613 1663 3675 de
1677 3612 1804 3676 dilecto
1826 3614 1935 3677 :unde
1957 3613 1980 3675 si

437 3712 597 3795 precipua
622 3719 677 3773 aut
701 3708 957 3792 experimentalis
984 3709 1091 3789 aliqua
1120 3727 1186 3770 cer·
1240 3712 1280 3774 de
1299 3711 1370 3773 aliis
1393 3709 1452 3772 fiat
1475 3709 1504 3772 ei
1525 3710 1676 3789 narratio,
1693 3730 1758 3775 non
1779 3710 1925 3776 advertit.
1941 3712 1983 3774 Si-

438 3811 540 3873 titudo
556 3809 747 3890 concipitur.
764 3809 851 3871 Unde
873 3807 923 3870 vir
936 3815 1065 3870 sanctus
1080 3807 1183 3869 dixit:
1242 3809 1361 3872 militer
1374 3809 1481 3872 anima
1496 3808 1702 3891 spiritualiter
1722 3829 1879 3890 amorosa,
1896 3811 1982 3892 cujus

317 3942 336 3971 ι.
365 3941 423 3978 ιιι.
438 3911 497 3974 (lor
516 3927 623 3971 meum
644 3915 676 3970 et
702 3926 775 3970 caro
800 3926 871 3969 mee
895 3906 1134 3970 exsultaverunt
1152 3905 1185 3967 in
1241 3917 1307 3972 tota
1336 3907 1471 3971 intentio
1500 3916 1595 3989 atque
1622 3908 1755 3972 affectio
1783 3908 1848 3972 fixa
1877 3919 1924 3972 est
1953 3910 1983 3972 in

438 4009 537 4072 Deum
567 4007 688 4068 vivum.
718 4006 879 4068 lnterdum
909 4023 1047 4085 namque
1076 4023 1187 4086 super·
1242 4005 1368 4083 dilecte,
1385 4005 1511 4068 cunctis
1525 4006 1694 4068 desideriis
1709 4007 1856 4070 adunatis
1871 4007 1906 4070 in
1921 4008 1982 4086 illo,

439 4106 601 4188 piissimus
616 4125 653 4168 ac
669 4104 970 4186 superdulcissimus
985 4104 1067 4165 lleus
1083 4111 1188 4167 osten·
1242 4105 1280 4166 ad
1310 4104 1476 4166 seculares
1503 4121 1659 4182 rumores,
1684 4102 1723 4166 ad
1751 4105 1848 4167 verba
1868 4105 1981 4181 inania,

438 4206 484 4268 dit
498 4223 531 4267 se
550 4204 665 4266 animae
684 4221 836 4266 amorosae
857 4211 1006 4283 tanquam
1025 4221 1186 4265 summum
1203 4202 1281 4268 Ded
1297 4219 1477 4264 sermonem
1497 4201 1536 4262 ad
1557 4201 1656 4263 Deum
1676 4220 1741 4264 non
1763 4202 1981 4283 pertinentem,

438 4323 475 4367 ac
490 4302 748 4366 ardentissimum
764 4309 947 4382 amatorem,
957 4309 1106 4382 tanquam
1122 4320 1188 4363 mu·
1242 4300 1365 4363 clausas
1390 4299 1486 4362 habet
1509 4318 1603 4362 aures
1627 4298 1813 4378 interiores3
1829 4300 1857 4362 si
1882 4310 1983 4364 autem

438 4399 720 4465 nilicentissimum
740 4400 1082 4482 opulentissimumque
1100 4399 1188 4462 dato
1242 4399 1281 4460 de
1309 4399 1372 4462 Deo
1396 4406 1427 4459 et
1454 4398 1689 4480 pertinentibus
1717 4399 1756 4461 ad
1785 4399 1922 4462 salutern
1947 4399 1984 4460 sit

438 4521 518 4580 rem,
536 4509 685 4581 tanquam
708 4495 959 4579 pulcherrimum
980 4517 1016 4559 ac
1037 4497 1188 4559 suavissi·
1242 4515 1357 4575 sermo,
1385 4496 1491 4558 statim
1514 4496 1652 4558 advertit
1674 4497 1914 4580 gaudenterque
1936 4517 1985 4560 au·
2108 4502 2109 4555 i

438 4619 526 4662 mum
539 4595 996 4679 sponsum,lidelissimumque
1009 4597 1191 4676 custodem,
1242 4596 1298 4657 dit.
1324 4595 1405 4657 llinc
1429 4594 1693 4676 Psalmographus
1720 4595 1862 4677 loquitur
1887 4596 1982 4660 Deo:
2108 4564 2109 4639 l

438 4706 532 4778 atque
551 4695 786 4758 indesinentem
800 4713 837 4755 ac
856 4694 1114 4774 potentissimum
1133 4696 1187 4758 ad·
1242 4693 1454 4756 Narraverunt
1472 4692 1551 4754 ruihi
1570 4693 1673 4773 iniqui
1693 4693 1921 4774 fabulationeS,
1936 4696 1985 4758 sed
2002 4725 2089 4767 aaa.
2108 4690 2109 4757 l

436 4797 597 4878 juterem;
624 4813 689 4856 suae
713 4810 839 4874 quoque
864 4791 1012 4855 bonitatis
1040 4793 1187 4856 dulcissi-
1241 4812 1305 4856 non
1332 4800 1366 4854 ut
1388 4792 1437 4854 lex
1457 4801 1520 4854 tua.
1538 4791 1591 4854 Va
1613 4791 1711 4872 igitur
1732 4793 1854 4856 homini
1874 4795 1932 4875 qui
1951 4795 1985 4856 ad
1998 4792 2023 4829 ⁸³

438 4913 526 4958 mum
548 4891 645 4956 menti
670 4890 813 4953 infundit
837 4909 994 4971 saporem,
1011 4899 1043 4953 et
1065 4892 1106 4953 de
1130 4911 1187 4954 sua
1242 4891 1338 4954 verba
1362 4889 1502 4952 salubria
1525 4908 1562 4952 ac
1587 4889 1695 4959 divina
1718 4891 1877 4954 audienda
1898 4892 1987 4974 piger

437 4993 575 5075 gratiosa
598 4988 765 5073 presentia
787 4990 866 5052 miro
888 4990 982 5052 modo
1002 5009 1071 5052 eom
1100 4991 1188 5052 exhi·
1241 4999 1272 5054 et
1303 4988 1488 5052 fastidiosus
1520 4988 1674 5066 consistit,
1709 4990 1748 5051 ad
1785 4989 1881 5054 verba
1919 5009 1987 5054 vero

438 5093 528 5155 lorat.
545 5091 633 5152 Tunc
657 5086 865 5151 velocissimae
886 5095 960 5148 sunt
978 5086 1094 5150 animae
1108 5088 1188 5151 alfe·
1242 5090 1413 5165 mundana,
1436 5087 1560 5168 illicita,
1583 5087 1714 5167 lasciva,
1738 5097 1921 5171 promptus.
1937 5091 1988 5153 fa·
2107 5076 2108 5153 l

438 5189 570 5268 clionee,
587 5195 617 5249 et
641 5186 711 5268 ipsa
735 5185 940 5247 vehementer
962 5185 1001 5248 de
1026 5204 1084 5249 suo
1108 5205 1187 5267 praa·
1243 5186 1280 5248 lis
1307 5188 1454 5268 equidem
1479 5187 1689 5269 spiritualiter
1715 5189 1842 5268 surdus,
1866 5188 1935 5256 imo
1961 5199 1988 5253 et

438 5287 534 5357 sumit
557 5285 684 5349 dilecto.
702 5283 790 5346 Unde
814 5291 942 5347 sanctus
962 5284 1058 5346 David
1085 5286 1186 5348 clleo
1242 5295 1386 5350 mortuus
1408 5287 1467 5350 rite
1488 5294 1646 5351 censetur.
