<?xml version="1.0" encoding="UTF-8"?>
<!DOCTYPE html PUBLIC "-//W3C//DTD XHTML 1.0 Transitional//EN"
    "http://www.w3.org/TR/xhtml1/DTD/xhtml1-transitional.dtd">
<html xmlns="http://www.w3.org/1999/xhtml" xml:lang="en" lang="en">
 <head>
  <title>
</title>
<meta http-equiv="Content-Type" content="text/html;charset=utf-8" />
  <meta name='ocr-system' content='tesseract 3.04.00' />
  <meta name='ocr-capabilities' content='ocr_page ocr_carea ocr_par ocr_line ocrx_word'/>
</head>
<body>
  <div class='ocr_page' id='page_1' title='image "./doctorisecstati03unkngoog_0728.png"; bbox 0 0 4309 6250; ppageno 0'>
   <div class='ocr_carea' id='block_1_1' title="bbox 470 488 1402 567">
    <p class='ocr_par' dir='ltr' id='par_1_1' title="bbox 470 488 1402 567">
     <span class='ocr_line' id='line_1_1' title="bbox 470 488 1402 567; baseline 0 0"><span class='ocrx_word' id='word_1_1' title='bbox 470 488 530 557; x_wconf 82' lang='lat'><strong>7⁰⁰</strong></span> <span class='ocrx_word' id='word_1_2' title='bbox 1099 516 1194 565; x_wconf 82' lang='lat' dir='ltr'><strong>nrnsx</strong></span> <span class='ocrx_word' id='word_1_3' title='bbox 1214 517 1402 567; x_wconf 79' lang='lat' dir='ltr'><strong>aarsvuoos</strong></span> 
     </span>
    </p>
   </div>
   <div class='ocr_carea' id='block_1_2' title="bbox 466 688 1223 5400">
    <p class='ocr_par' dir='ltr' id='par_1_2' title="bbox 500 688 1220 1385">
     <span class='ocr_line' id='line_1_2' title="bbox 506 688 1219 762; baseline 0.006 -20"><span class='ocrx_word' id='word_1_4' title='bbox 506 703 591 744; x_wconf 91' lang='lat' dir='ltr'><strong>suam</strong></span> <span class='ocrx_word' id='word_1_5' title='bbox 615 692 805 755; x_wconf 78' lang='lat' dir='ltr'><strong>concernunt,</strong></span> <span class='ocrx_word' id='word_1_6' title='bbox 828 689 922 747; x_wconf 84' lang='grc'><strong>60914.</strong></span> <span class='ocrx_word' id='word_1_7' title='bbox 944 688 1058 762; x_wconf 81' lang='lat' dir='ltr'><strong>Triplex</strong></span> <span class='ocrx_word' id='word_1_8' title='bbox 1082 693 1133 755; x_wconf 90' lang='lat' dir='ltr'><strong>est,</strong></span> <span class='ocrx_word' id='word_1_9' title='bbox 1157 690 1219 746; x_wconf 90' lang='lat' dir='ltr'><strong>imo</strong></span> 
     </span>
     <span class='ocr_line' id='line_1_3' title="bbox 506 774 1218 854; baseline 0.003 -21"><span class='ocrx_word' id='word_1_10' title='bbox 506 777 689 849; x_wconf 79' lang='lat' dir='ltr'><strong>quadruplex</strong></span> <span class='ocrx_word' id='word_1_11' title='bbox 714 794 721 834; x_wconf 77' lang='grc' dir='ltr'>ι</span> <span class='ocrx_word' id='word_1_12' title='bbox 744 779 858 853; x_wconf 75' lang='lat' dir='ltr'><strong>regalis,</strong></span> <span class='ocrx_word' id='word_1_13' title='bbox 884 780 913 837; x_wconf 94' lang='lat' dir='ltr'><strong>in</strong></span> <span class='ocrx_word' id='word_1_14' title='bbox 938 797 996 854; x_wconf 90' lang='lat' dir='ltr'><strong>qua</strong></span> <span class='ocrx_word' id='word_1_15' title='bbox 1019 781 1095 837; x_wconf 90' lang='lat' dir='ltr'><strong>sedit</strong></span> <span class='ocrx_word' id='word_1_16' title='bbox 1118 774 1218 839; x_wconf 84' lang='lat' dir='ltr'><strong>Petrirs</strong></span> 
     </span>
     <span class='ocr_line' id='line_1_4' title="bbox 505 868 1220 943; baseline 0.007 -22"><span class='ocrx_word' id='word_1_17' title='bbox 505 869 646 938; x_wconf 86' lang='lat' dir='ltr'><strong>tanquam</strong></span> <span class='ocrx_word' id='word_1_18' title='bbox 667 868 802 941; x_wconf 90' lang='lat' dir='ltr'><strong>princeps</strong></span> <span class='ocrx_word' id='word_1_19' title='bbox 826 868 960 926; x_wconf 91' lang='lat' dir='ltr'><strong>omnium</strong></span> <span class='ocrx_word' id='word_1_20' title='bbox 985 886 1099 943; x_wconf 84' lang='lat' dir='ltr'><strong>regum,</strong></span> <span class='ocrx_word' id='word_1_21' title='bbox 1123 874 1152 927; x_wconf 91' lang='lat' dir='ltr'><strong>et</strong></span> <span class='ocrx_word' id='word_1_22' title='bbox 1178 874 1220 926; x_wconf 90' lang='lat' dir='ltr'><strong>to·</strong></span> 
     </span>
     <span class='ocr_line' id='line_1_5' title="bbox 505 954 1220 1033; baseline 0.006 -22"><span class='ocrx_word' id='word_1_23' title='bbox 505 954 564 1012; x_wconf 92' lang='lat' dir='ltr'><strong>tius</strong></span> <span class='ocrx_word' id='word_1_24' title='bbox 589 957 692 1013; x_wconf 90' lang='lat' dir='ltr'><strong>mundi</strong></span> <span class='ocrx_word' id='word_1_25' title='bbox 716 958 1104 1030; x_wconf 79' lang='grc'><strong>66616466,6644’-,65244;</strong></span> <span class='ocrx_word' id='word_1_26' title='bbox 1128 960 1220 1033; x_wconf 74' lang='lat' dir='ltr'><strong>magi-</strong></span> 
     </span>
     <span class='ocr_line' id='line_1_6' title="bbox 505 1045 1219 1121; baseline 0.01 -22"><span class='ocrx_word' id='word_1_27' title='bbox 505 1045 611 1111; x_wconf 89' lang='lat' dir='ltr'><strong>stralis,</strong></span> <span class='ocrx_word' id='word_1_28' title='bbox 636 1046 666 1103; x_wconf 92' lang='lat' dir='ltr'><strong>ln</strong></span> <span class='ocrx_word' id='word_1_29' title='bbox 690 1064 749 1120; x_wconf 78' lang='lat' dir='ltr'><strong>qua</strong></span> <span class='ocrx_word' id='word_1_30' title='bbox 774 1048 849 1105; x_wconf 84' lang='lat' dir='ltr'><strong>aedit</strong></span> <span class='ocrx_word' id='word_1_31' title='bbox 872 1052 1012 1121; x_wconf 75' lang='grc'><strong>46666664</strong></span> <span class='ocrx_word' id='word_1_32' title='bbox 1033 1050 1136 1105; x_wconf 89' lang='lat' dir='ltr'><strong>doctor</strong></span> <span class='ocrx_word' id='word_1_33' title='bbox 1158 1066 1219 1106; x_wconf 91' lang='lat' dir='ltr'><strong>om·</strong></span> 
     </span>
     <span class='ocr_line' id='line_1_7' title="bbox 505 1135 1218 1207; baseline 0.008 -17"><span class='ocrx_word' id='word_1_34' title='bbox 505 1135 587 1192; x_wconf 91' lang='lat' dir='ltr'><strong>nium</strong></span> <span class='ocrx_word' id='word_1_35' title='bbox 615 1136 859 1204; x_wconf 89' lang='lat' dir='ltr'><strong>Christianorum,</strong></span> <span class='ocrx_word' id='word_1_36' title='bbox 887 1138 994 1204; x_wconf 87' lang='grc'><strong>6548’;</strong></span> <span class='ocrx_word' id='word_1_37' title='bbox 1019 1139 1218 1207; x_wconf 88' lang='lat' dir='ltr'><strong>sacerdotalis,</strong></span> 
     </span>
     <span class='ocr_line' id='line_1_8' title="bbox 504 1224 1217 1303; baseline 0.01 -24"><span class='ocrx_word' id='word_1_38' title='bbox 504 1224 604 1291; x_wconf 72' lang='lat' dir='ltr'><strong>obtt&#39;,</strong></span> <span class='ocrx_word' id='word_1_39' title='bbox 621 1228 649 1281; x_wconf 88' lang='lat' dir='ltr'><strong>et</strong></span> <span class='ocrx_word' id='word_1_40' title='bbox 668 1226 827 1297; x_wconf 77' lang='lat' dir='ltr'><strong>judicIslis,</strong></span> <span class='ocrx_word' id='word_1_41' title='bbox 844 1226 874 1284; x_wconf 93' lang='lat' dir='ltr'><strong>in</strong></span> <span class='ocrx_word' id='word_1_42' title='bbox 898 1245 956 1300; x_wconf 87' lang='lat' dir='ltr'><strong>qua</strong></span> <span class='ocrx_word' id='word_1_43' title='bbox 978 1228 1053 1285; x_wconf 90' lang='lat' dir='ltr'><strong>sedit</strong></span> <span class='ocrx_word' id='word_1_44' title='bbox 1075 1232 1217 1303; x_wconf 76' lang='grc'><strong>46666664</strong></span> 
     </span>
     <span class='ocr_line' id='line_1_9' title="bbox 500 1314 867 1385; baseline 0.011 -16"><span class='ocrx_word' id='word_1_45' title='bbox 500 1314 592 1385; x_wconf 82' lang='lat' dir='ltr'><strong>judex</strong></span> <span class='ocrx_word' id='word_1_46' title='bbox 610 1314 754 1379; x_wconf 89' lang='lat' dir='ltr'><strong>omnium,</strong></span> <span class='ocrx_word' id='word_1_47' title='bbox 770 1317 867 1373; x_wconf 85' lang='grc'><strong>6546.</strong></span> 
     </span>
    </p>

    <p class='ocr_par' dir='ltr' id='par_1_3' title="bbox 469 1402 1220 2993">
     <span class='ocr_line' id='line_1_10' title="bbox 469 1402 1220 1479; baseline 0.005 -19"><span class='ocrx_word' id='word_1_48' title='bbox 469 1403 579 1461; x_wconf 83' lang='grc'><strong>64084</strong></span> <span class='ocrx_word' id='word_1_49' title='bbox 608 1402 742 1477; x_wconf 85' lang='lat' dir='ltr'><strong>alicujus.</strong></span> <span class='ocrx_word' id='word_1_50' title='bbox 771 1405 898 1464; x_wconf 88' lang='lat' dir='ltr'><strong>naturali</strong></span> <span class='ocrx_word' id='word_1_51' title='bbox 930 1406 1033 1465; x_wconf 83' lang='lat' dir='ltr'><strong>ordine</strong></span> <span class='ocrx_word' id='word_1_52' title='bbox 1061 1405 1142 1479; x_wconf 89' lang='lat' dir='ltr'><strong>prior</strong></span> <span class='ocrx_word' id='word_1_53' title='bbox 1174 1411 1220 1465; x_wconf 89' lang='lat' dir='ltr'><strong>est</strong></span> 
     </span>
     <span class='ocr_line' id='line_1_11' title="bbox 506 1492 1218 1567; baseline 0.008 -20"><span class='ocrx_word' id='word_1_54' title='bbox 506 1492 556 1547; x_wconf 90' lang='lat' dir='ltr'><strong>illo</strong></span> <span class='ocrx_word' id='word_1_55' title='bbox 571 1494 653 1567; x_wconf 71' lang='lat' dir='ltr'><strong>cuius</strong></span> <span class='ocrx_word' id='word_1_56' title='bbox 667 1497 710 1551; x_wconf 87' lang='lat' dir='ltr'><strong>est</strong></span> <span class='ocrx_word' id='word_1_57' title='bbox 723 1510 820 1559; x_wconf 81' lang='lat' dir='ltr'><strong>causa,</strong></span> <span class='ocrx_word' id='word_1_58' title='bbox 835 1495 934 1551; x_wconf 77' lang='lat' dir='ltr'><strong>bltB’.</strong></span> <span class='ocrx_word' id='word_1_59' title='bbox 949 1526 984 1537; x_wconf 91' lang='lat'>-</span> <span class='ocrx_word' id='word_1_60' title='bbox 998 1498 1080 1562; x_wconf 84' lang='lat' dir='ltr'><strong>Quod</strong></span> <span class='ocrx_word' id='word_1_61' title='bbox 1094 1501 1137 1554; x_wconf 91' lang='lat' dir='ltr'><strong>est</strong></span> <span class='ocrx_word' id='word_1_62' title='bbox 1150 1514 1218 1553; x_wconf 88' lang='lat' dir='ltr'><strong>cau-</strong></span> 
     </span>
     <span class='ocr_line' id='line_1_12' title="bbox 505 1582 1217 1651; baseline 0.008 -14"><span class='ocrx_word' id='word_1_63' title='bbox 505 1599 537 1638; x_wconf 90' lang='lat' dir='ltr'><strong>sa</strong></span> <span class='ocrx_word' id='word_1_64' title='bbox 560 1599 664 1647; x_wconf 85' lang='lat' dir='ltr'><strong>causae,</strong></span> <span class='ocrx_word' id='word_1_65' title='bbox 681 1582 789 1641; x_wconf 90' lang='lat' dir='ltr'><strong>dicitur</strong></span> <span class='ocrx_word' id='word_1_66' title='bbox 810 1601 872 1641; x_wconf 89' lang='lat' dir='ltr'><strong>esse</strong></span> <span class='ocrx_word' id='word_1_67' title='bbox 895 1601 983 1641; x_wconf 90' lang='lat' dir='ltr'><strong>causa</strong></span> <span class='ocrx_word' id='word_1_68' title='bbox 1006 1585 1127 1651; x_wconf 89' lang='lat' dir='ltr'><strong>causati,</strong></span> <span class='ocrx_word' id='word_1_69' title='bbox 1146 1587 1217 1643; x_wconf 86' lang='grc'><strong>996.</strong></span> 
     </span>
     <span class='ocr_line' id='line_1_13' title="bbox 506 1672 1217 1741; baseline 0.004 -13"><span class='ocrx_word' id='word_1_70' title='bbox 506 1703 539 1713; x_wconf 96' lang='grc'>-</span> <span class='ocrx_word' id='word_1_71' title='bbox 559 1673 690 1737; x_wconf 81' lang='grc'><strong>0664664·</strong></span> <span class='ocrx_word' id='word_1_72' title='bbox 707 1676 776 1731; x_wconf 84' lang='grc'><strong>6664</strong></span> <span class='ocrx_word' id='word_1_73' title='bbox 798 1690 893 1729; x_wconf 73' lang='lat' dir='ltr'><strong>cataste</strong></span> <span class='ocrx_word' id='word_1_74' title='bbox 916 1672 1117 1731; x_wconf 85' lang='lat' dir='ltr'><strong>universales:</strong></span> <span class='ocrx_word' id='word_1_75' title='bbox 1134 1676 1217 1741; x_wconf 85' lang='lat' dir='ltr'><strong>Deus,</strong></span> 
     </span>
     <span class='ocr_line' id='line_1_14' title="bbox 504 1760 1218 1834; baseline 0.008 -19"><span class='ocrx_word' id='word_1_76' title='bbox 504 1760 704 1834; x_wconf 84' lang='lat' dir='ltr'><strong>intelligentis.</strong></span> <span class='ocrx_word' id='word_1_77' title='bbox 719 1763 820 1819; x_wconf 87' lang='lat' dir='ltr'><strong>anima</strong></span> <span class='ocrx_word' id='word_1_78' title='bbox 843 1762 949 1819; x_wconf 90' lang='lat' dir='ltr'><strong>nobilis</strong></span> <span class='ocrx_word' id='word_1_79' title='bbox 968 1767 996 1821; x_wconf 92' lang='lat' dir='ltr'><strong>et</strong></span> <span class='ocrx_word' id='word_1_80' title='bbox 1015 1767 1128 1824; x_wconf 88' lang='lat' dir='ltr'><strong>natura.</strong></span> <span class='ocrx_word' id='word_1_81' title='bbox 1145 1766 1218 1821; x_wconf 87' lang='grc'><strong>4314.</strong></span> 
     </span>
     <span class='ocr_line' id='line_1_15' title="bbox 504 1850 1220 1927; baseline 0.01 -23"><span class='ocrx_word' id='word_1_82' title='bbox 504 1880 540 1891; x_wconf 88' lang='grc'><strong>-</strong></span> <span class='ocrx_word' id='word_1_83' title='bbox 563 1850 675 1923; x_wconf 78' lang='grc'><strong>4446666</strong></span> <span class='ocrx_word' id='word_1_84' title='bbox 698 1868 794 1909; x_wconf 86' lang='lat' dir='ltr'><strong>causae</strong></span> <span class='ocrx_word' id='word_1_85' title='bbox 812 1868 846 1910; x_wconf 86' lang='lat' dir='ltr'><strong>sx</strong></span> <span class='ocrx_word' id='word_1_86' title='bbox 868 1852 1038 1909; x_wconf 73' lang='lat' dir='ltr'><strong>necessitate</strong></span> <span class='ocrx_word' id='word_1_87' title='bbox 1057 1856 1086 1911; x_wconf 89' lang='lat' dir='ltr'><strong>et</strong></span> <span class='ocrx_word' id='word_1_88' title='bbox 1104 1870 1220 1927; x_wconf 77' lang='lat' dir='ltr'><strong>semper</strong></span> 
     </span>
     <span class='ocr_line' id='line_1_16' title="bbox 504 1941 1219 2013; baseline 0.003 -17"><span class='ocrx_word' id='word_1_89' title='bbox 504 1956 572 1996; x_wconf 89' lang='lat' dir='ltr'><strong>suos</strong></span> <span class='ocrx_word' id='word_1_90' title='bbox 591 1941 757 2013; x_wconf 90' lang='lat' dir='ltr'><strong>producunt</strong></span> <span class='ocrx_word' id='word_1_91' title='bbox 774 1942 901 2007; x_wconf 80' lang='grc'><strong>61466466,</strong></span> <span class='ocrx_word' id='word_1_92' title='bbox 916 1942 1007 2004; x_wconf 86' lang='grc'><strong>2464,</strong></span> <span class='ocrx_word' id='word_1_93' title='bbox 1023 1944 1076 1997; x_wconf 88' lang='grc'><strong>222</strong></span> <span class='ocrx_word' id='word_1_94' title='bbox 1085 1943 1133 2008; x_wconf 88' lang='grc'><strong>4’;</strong></span> <span class='ocrx_word' id='word_1_95' title='bbox 1153 1943 1219 1999; x_wconf 80' lang='lat' dir='ltr'><strong>alias</strong></span> 
     </span>
     <span class='ocr_line' id='line_1_17' title="bbox 505 2030 1220 2104; baseline 0.004 -19"><span class='ocrx_word' id='word_1_96' title='bbox 505 2030 671 2101; x_wconf 90' lang='lat' dir='ltr'><strong>producunt</strong></span> <span class='ocrx_word' id='word_1_97' title='bbox 690 2045 758 2087; x_wconf 86' lang='lat' dir='ltr'><strong>suos</strong></span> <span class='ocrx_word' id='word_1_98' title='bbox 777 2031 895 2087; x_wconf 83' lang='lat' dir='ltr'><strong>allectus</strong></span> <span class='ocrx_word' id='word_1_99' title='bbox 916 2034 947 2087; x_wconf 91' lang='lat' dir='ltr'><strong>ut</strong></span> <span class='ocrx_word' id='word_1_100' title='bbox 967 2030 996 2087; x_wconf 93' lang='lat' dir='ltr'><strong>in</strong></span> <span class='ocrx_word' id='word_1_101' title='bbox 1021 2030 1163 2104; x_wconf 86' lang='lat' dir='ltr'><strong>pluribus.</strong></span> <span class='ocrx_word' id='word_1_102' title='bbox 1179 2030 1220 2088; x_wconf 90' lang='lat' dir='ltr'><strong>ita</strong></span> 
     </span>
     <span class='ocr_line' id='line_1_18' title="bbox 505 2118 1217 2191; baseline 0.003 -16"><span class='ocrx_word' id='word_1_103' title='bbox 505 2120 583 2191; x_wconf 89' lang='lat' dir='ltr'><strong>quod</strong></span> <span class='ocrx_word' id='word_1_104' title='bbox 607 2134 673 2175; x_wconf 88' lang='lat' dir='ltr'><strong>raro</strong></span> <span class='ocrx_word' id='word_1_105' title='bbox 692 2136 710 2174; x_wconf 91' lang='lat' dir='ltr'><strong>a</strong></span> <span class='ocrx_word' id='word_1_106' title='bbox 729 2118 918 2190; x_wconf 88' lang='lat' dir='ltr'><strong>productione</strong></span> <span class='ocrx_word' id='word_1_107' title='bbox 941 2136 1042 2177; x_wconf 91' lang='lat' dir='ltr'><strong>eorum</strong></span> <span class='ocrx_word' id='word_1_108' title='bbox 1068 2121 1217 2191; x_wconf 60' lang='lat' dir='ltr'><strong>deficiam,</strong></span> 
     </span>
     <span class='ocr_line' id='line_1_19' title="bbox 503 2207 1217 2275; baseline 0.006 -13"><span class='ocrx_word' id='word_1_109' title='bbox 503 2208 707 2273; x_wconf 86' lang='grc' dir='ltr'><strong>2464,222Β’;</strong></span> <span class='ocrx_word' id='word_1_110' title='bbox 718 2207 784 2264; x_wconf 75' lang='lat' dir='ltr'><strong>aliae</strong></span> <span class='ocrx_word' id='word_1_111' title='bbox 794 2210 957 2266; x_wconf 86' lang='lat' dir='ltr'><strong>secundum</strong></span> <span class='ocrx_word' id='word_1_112' title='bbox 973 2226 1002 2267; x_wconf 91' lang='lat' dir='ltr'><strong>se</strong></span> <span class='ocrx_word' id='word_1_113' title='bbox 1017 2210 1217 2275; x_wconf 80' lang='lat' dir='ltr'><strong>consideratae,</strong></span> 
     </span>
     <span class='ocr_line' id='line_1_20' title="bbox 504 2295 1220 2371; baseline 0.003 -18"><span class='ocrx_word' id='word_1_114' title='bbox 504 2300 573 2353; x_wconf 91' lang='lat' dir='ltr'><strong>sunt</strong></span> <span class='ocrx_word' id='word_1_115' title='bbox 598 2295 795 2354; x_wconf 72' lang='lat' dir='ltr'><strong>indifferentes</strong></span> <span class='ocrx_word' id='word_1_116' title='bbox 822 2300 860 2353; x_wconf 91' lang='lat' dir='ltr'><strong>ad</strong></span> <span class='ocrx_word' id='word_1_117' title='bbox 889 2300 1047 2370; x_wconf 88' lang='lat' dir='ltr'><strong>utrumque</strong></span> <span class='ocrx_word' id='word_1_118' title='bbox 1075 2299 1220 2371; x_wconf 89' lang='lat' dir='ltr'><strong>opposito·</strong></span> 
     </span>
     <span class='ocr_line' id='line_1_21' title="bbox 505 2384 1219 2461; baseline 0.004 -18"><span class='ocrx_word' id='word_1_119' title='bbox 505 2384 640 2449; x_wconf 73' lang='lat' dir='ltr'><strong>sumita</strong></span> <span class='ocrx_word' id='word_1_120' title='bbox 658 2386 735 2458; x_wconf 90' lang='lat' dir='ltr'><strong>quod</strong></span> <span class='ocrx_word' id='word_1_121' title='bbox 760 2402 825 2442; x_wconf 89' lang='lat' dir='ltr'><strong>raro</strong></span> <span class='ocrx_word' id='word_1_122' title='bbox 846 2390 898 2443; x_wconf 89' lang='lat' dir='ltr'><strong>aut</strong></span> <span class='ocrx_word' id='word_1_123' title='bbox 915 2387 1005 2445; x_wconf 89' lang='lat' dir='ltr'><strong>libere</strong></span> <span class='ocrx_word' id='word_1_124' title='bbox 1024 2404 1093 2445; x_wconf 88' lang='lat' dir='ltr'><strong>suos</strong></span> <span class='ocrx_word' id='word_1_125' title='bbox 1111 2390 1219 2461; x_wconf 92' lang='lat' dir='ltr'><strong>produ·</strong></span> 
     </span>
     <span class='ocr_line' id='line_1_22' title="bbox 505 2474 1217 2543; baseline 0.003 -12"><span class='ocrx_word' id='word_1_126' title='bbox 505 2478 576 2531; x_wconf 90' lang='grc'><strong>6664</strong></span> <span class='ocrx_word' id='word_1_127' title='bbox 594 2476 720 2539; x_wconf 79' lang='lat' dir='ltr'><strong>allectus,</strong></span> <span class='ocrx_word' id='word_1_128' title='bbox 742 2474 817 2531; x_wconf 91' lang='lat' dir='ltr'><strong>sicut</strong></span> <span class='ocrx_word' id='word_1_129' title='bbox 835 2476 969 2533; x_wconf 86' lang='lat' dir='ltr'><strong>voluntas</strong></span> <span class='ocrx_word' id='word_1_130' title='bbox 992 2481 1021 2533; x_wconf 91' lang='lat' dir='ltr'><strong>et</strong></span> <span class='ocrx_word' id='word_1_131' title='bbox 1044 2476 1217 2543; x_wconf 89' lang='lat' dir='ltr'><strong>intellectus,</strong></span> 
     </span>
     <span class='ocr_line' id='line_1_23' title="bbox 504 2563 1219 2629; baseline 0.004 -9"><span class='ocrx_word' id='word_1_132' title='bbox 504 2564 595 2629; x_wconf 84' lang='grc'><strong>21644,</strong></span> <span class='ocrx_word' id='word_1_133' title='bbox 611 2566 665 2619; x_wconf 88' lang='grc'><strong>222</strong></span> <span class='ocrx_word' id='word_1_134' title='bbox 674 2564 704 2619; x_wconf 86' lang='lat' dir='ltr'><strong>B&#39;</strong></span> <span class='ocrx_word' id='word_1_135' title='bbox 718 2582 724 2629; x_wconf 91' lang='grc'>;</span> <span class='ocrx_word' id='word_1_136' title='bbox 740 2563 805 2621; x_wconf 82' lang='lat' dir='ltr'><strong>aliae</strong></span> <span class='ocrx_word' id='word_1_137' title='bbox 819 2566 856 2621; x_wconf 85' lang='lat' dir='ltr'><strong>ad</strong></span> <span class='ocrx_word' id='word_1_138' title='bbox 871 2564 1044 2622; x_wconf 88' lang='lat' dir='ltr'><strong>utrumlibet</strong></span> <span class='ocrx_word' id='word_1_139' title='bbox 1057 2583 1087 2623; x_wconf 91' lang='lat' dir='ltr'><strong>se</strong></span> <span class='ocrx_word' id='word_1_140' title='bbox 1105 2567 1219 2624; x_wconf 84' lang='grc'><strong>4644446-</strong></span> 
     </span>
     <span class='ocr_line' id='line_1_24' title="bbox 504 2652 1219 2727; baseline 0.004 -18"><span class='ocrx_word' id='word_1_141' title='bbox 504 2656 602 2711; x_wconf 89' lang='lat' dir='ltr'><strong>renter</strong></span> <span class='ocrx_word' id='word_1_142' title='bbox 617 2652 734 2717; x_wconf 88' lang='lat' dir='ltr'><strong>babent,</strong></span> <span class='ocrx_word' id='word_1_143' title='bbox 751 2655 783 2708; x_wconf 91' lang='lat' dir='ltr'><strong>ut</strong></span> <span class='ocrx_word' id='word_1_144' title='bbox 801 2656 914 2709; x_wconf 88' lang='lat' dir='ltr'><strong>constat</strong></span> <span class='ocrx_word' id='word_1_145' title='bbox 930 2654 959 2709; x_wconf 93' lang='lat' dir='ltr'><strong>in</strong></span> <span class='ocrx_word' id='word_1_146' title='bbox 974 2652 1019 2710; x_wconf 90' lang='lat' dir='ltr'><strong>his</strong></span> <span class='ocrx_word' id='word_1_147' title='bbox 1034 2672 1099 2727; x_wconf 84' lang='lat' dir='ltr'><strong>quae</strong></span> <span class='ocrx_word' id='word_1_148' title='bbox 1114 2655 1219 2713; x_wconf 83' lang='lat' dir='ltr'><strong>lrunta</strong></span> 
     </span>
     <span class='ocr_line' id='line_1_25' title="bbox 504 2742 1220 2816; baseline 0.007 -19"><span class='ocrx_word' id='word_1_149' title='bbox 504 2742 622 2799; x_wconf 77' lang='lat' dir='ltr'><strong>fortuna</strong></span> <span class='ocrx_word' id='word_1_150' title='bbox 635 2744 663 2799; x_wconf 90' lang='lat' dir='ltr'><strong>et</strong></span> <span class='ocrx_word' id='word_1_151' title='bbox 677 2758 756 2806; x_wconf 83' lang='lat' dir='ltr'><strong>casu,</strong></span> <span class='ocrx_word' id='word_1_152' title='bbox 771 2743 857 2807; x_wconf 89' lang='grc'><strong>2466,</strong></span> <span class='ocrx_word' id='word_1_153' title='bbox 868 2744 966 2799; x_wconf 65' lang='grc'><strong>222144</strong></span> <span class='ocrx_word' id='word_1_154' title='bbox 981 2776 1012 2785; x_wconf 95' lang='grc'><strong>-</strong></span> <span class='ocrx_word' id='word_1_155' title='bbox 1027 2745 1220 2816; x_wconf 81' lang='lat' dir='ltr'><strong>Erponuntur</strong></span> 
     </span>
     <span class='ocr_line' id='line_1_26' title="bbox 504 2831 1219 2899; baseline 0.004 -12"><span class='ocrx_word' id='word_1_156' title='bbox 504 2831 625 2887; x_wconf 82' lang='lat' dir='ltr'><strong>diversas</strong></span> <span class='ocrx_word' id='word_1_157' title='bbox 648 2848 744 2887; x_wconf 80' lang='lat' dir='ltr'><strong>causae</strong></span> <span class='ocrx_word' id='word_1_158' title='bbox 764 2832 958 2897; x_wconf 88' lang='lat' dir='ltr'><strong>somniorum,</strong></span> <span class='ocrx_word' id='word_1_159' title='bbox 983 2834 1061 2889; x_wconf 88' lang='grc'><strong>2236</strong></span> <span class='ocrx_word' id='word_1_160' title='bbox 1085 2837 1113 2889; x_wconf 88' lang='grc'><strong>64</strong></span> <span class='ocrx_word' id='word_1_161' title='bbox 1136 2852 1170 2899; x_wconf 82' lang='lat' dir='ltr'><strong>a,</strong></span> <span class='ocrx_word' id='word_1_162' title='bbox 1190 2837 1219 2890; x_wconf 90' lang='lat' dir='ltr'><strong>et</strong></span> 
     </span>
     <span class='ocr_line' id='line_1_27' title="bbox 505 2920 807 2993; baseline -0.003 -16"><span class='ocrx_word' id='word_1_163' title='bbox 505 2920 631 2993; x_wconf 79' lang='lat' dir='ltr'><strong>augurii,</strong></span> <span class='ocrx_word' id='word_1_164' title='bbox 646 2922 729 2977; x_wconf 89' lang='grc'><strong>2246</strong></span> <span class='ocrx_word' id='word_1_165' title='bbox 743 2924 771 2978; x_wconf 87' lang='grc'><strong>64</strong></span> <span class='ocrx_word' id='word_1_166' title='bbox 784 2938 807 2977; x_wconf 83' lang='grc'><strong>6.</strong></span> 
     </span>
    </p>

    <p class='ocr_par' dir='ltr' id='par_1_4' title="bbox 503 3009 1219 3244">
     <span class='ocr_line' id='line_1_28' title="bbox 539 3009 1219 3083; baseline 0.003 -17"><span class='ocrx_word' id='word_1_167' title='bbox 539 3009 623 3067; x_wconf 88' lang='lat' dir='ltr'><strong>Liber</strong></span> <span class='ocrx_word' id='word_1_168' title='bbox 639 3011 674 3066; x_wconf 89' lang='lat' dir='ltr'><strong>de</strong></span> <span class='ocrx_word' id='word_1_169' title='bbox 693 3010 801 3073; x_wconf 86' lang='lat' dir='ltr'><strong>Gausis,</strong></span> <span class='ocrx_word' id='word_1_170' title='bbox 818 3012 902 3083; x_wconf 87' lang='lat' dir='ltr'><strong>cujus</strong></span> <span class='ocrx_word' id='word_1_171' title='bbox 925 3014 1027 3067; x_wconf 86' lang='lat' dir='ltr'><strong>auctor</strong></span> <span class='ocrx_word' id='word_1_172' title='bbox 1051 3011 1140 3068; x_wconf 83' lang='lat' dir='ltr'><strong>llavid</strong></span> <span class='ocrx_word' id='word_1_173' title='bbox 1165 3012 1219 3068; x_wconf 87' lang='lat' dir='ltr'><strong>luit</strong></span> 
     </span>
     <span class='ocr_line' id='line_1_29' title="bbox 503 3099 1217 3174; baseline 0.001 -19"><span class='ocrx_word' id='word_1_174' title='bbox 503 3099 622 3156; x_wconf 79' lang='grc'><strong>464666</strong></span> <span class='ocrx_word' id='word_1_175' title='bbox 654 3099 851 3174; x_wconf 90' lang='lat' dir='ltr'><strong>philosophus,</strong></span> <span class='ocrx_word' id='word_1_176' title='bbox 885 3100 1038 3174; x_wconf 79' lang='lat' dir='ltr'><strong>allegatur,</strong></span> <span class='ocrx_word' id='word_1_177' title='bbox 1066 3101 1154 3167; x_wconf 87' lang='grc'><strong>2806,</strong></span> <span class='ocrx_word' id='word_1_178' title='bbox 1184 3102 1217 3170; x_wconf 89' lang='grc'><strong>0,</strong></span> 
     </span>
     <span class='ocr_line' id='line_1_30' title="bbox 505 3190 599 3244; baseline 0 0"><span class='ocrx_word' id='word_1_179' title='bbox 505 3190 599 3244; x_wconf 89' lang='grc'><strong>4430.</strong></span> 
     </span>
    </p>

    <p class='ocr_par' dir='ltr' id='par_1_5' title="bbox 468 3278 1219 3788">
     <span class='ocr_line' id='line_1_31' title="bbox 468 3278 1218 3342; baseline 0.004 -8"><span class='ocrx_word' id='word_1_180' title='bbox 468 3278 670 3342; x_wconf 82' lang='grc' dir='ltr'><strong>66444ΝΤ14118,</strong></span> <span class='ocrx_word' id='word_1_181' title='bbox 691 3278 884 3335; x_wconf 83' lang='lat' dir='ltr'><strong>haeresiarcha</strong></span> <span class='ocrx_word' id='word_1_182' title='bbox 898 3279 1084 3335; x_wconf 87' lang='lat' dir='ltr'><strong>miserrimus</strong></span> <span class='ocrx_word' id='word_1_183' title='bbox 1106 3283 1134 3336; x_wconf 92' lang='lat' dir='ltr'><strong>et</strong></span> <span class='ocrx_word' id='word_1_184' title='bbox 1156 3281 1218 3337; x_wconf 91' lang='lat' dir='ltr'><strong>odi·</strong></span> 
     </span>
     <span class='ocr_line' id='line_1_32' title="bbox 504 3367 1219 3434; baseline 0.006 -12"><span class='ocrx_word' id='word_1_185' title='bbox 504 3367 675 3432; x_wconf 85' lang='lat' dir='ltr'><strong>bilissimas,</strong></span> <span class='ocrx_word' id='word_1_186' title='bbox 691 3368 868 3424; x_wconf 70' lang='lat' dir='ltr'><strong>eternaliter</strong></span> <span class='ocrx_word' id='word_1_187' title='bbox 882 3369 1049 3434; x_wconf 89' lang='lat' dir='ltr'><strong>damnatus,</strong></span> <span class='ocrx_word' id='word_1_188' title='bbox 1067 3369 1161 3433; x_wconf 84' lang='grc'><strong>4386,</strong></span> <span class='ocrx_word' id='word_1_189' title='bbox 1177 3369 1219 3426; x_wconf 86' lang='grc'><strong>64·</strong></span> 
     </span>
     <span class='ocr_line' id='line_1_33' title="bbox 505 3456 1217 3530; baseline 0.004 -18"><span class='ocrx_word' id='word_1_190' title='bbox 505 3456 641 3513; x_wconf 91' lang='lat' dir='ltr'><strong>llrmabat</strong></span> <span class='ocrx_word' id='word_1_191' title='bbox 659 3458 688 3511; x_wconf 82' lang='grc'><strong>44.</strong></span> <span class='ocrx_word' id='word_1_192' title='bbox 705 3457 824 3512; x_wconf 85' lang='lat' dir='ltr'><strong>Mariam</strong></span> <span class='ocrx_word' id='word_1_193' title='bbox 846 3473 903 3514; x_wconf 91' lang='lat' dir='ltr'><strong>non</strong></span> <span class='ocrx_word' id='word_1_194' title='bbox 928 3458 1018 3513; x_wconf 88' lang='lat' dir='ltr'><strong>ileum</strong></span> <span class='ocrx_word' id='word_1_195' title='bbox 1040 3459 1091 3514; x_wconf 92' lang='lat' dir='ltr'><strong>sed</strong></span> <span class='ocrx_word' id='word_1_196' title='bbox 1111 3476 1217 3530; x_wconf 90' lang='lat' dir='ltr'><strong>purum</strong></span> 
     </span>
     <span class='ocr_line' id='line_1_34' title="bbox 504 3545 1219 3618; baseline 0.001 -16"><span class='ocrx_word' id='word_1_197' title='bbox 504 3545 656 3603; x_wconf 88' lang='lat' dir='ltr'><strong>hominem</strong></span> <span class='ocrx_word' id='word_1_198' title='bbox 690 3546 844 3618; x_wconf 83' lang='lat' dir='ltr'><strong>peperisse,</strong></span> <span class='ocrx_word' id='word_1_199' title='bbox 873 3546 955 3610; x_wconf 78' lang='lat' dir='ltr'><strong>oba&#39;,</strong></span> <span class='ocrx_word' id='word_1_200' title='bbox 981 3546 1085 3602; x_wconf 76' lang='grc'><strong>2420.</strong></span> <span class='ocrx_word' id='word_1_201' title='bbox 1113 3549 1219 3603; x_wconf 89' lang='lat' dir='ltr'><strong>Contra</strong></span> 
     </span>
     <span class='ocr_line' id='line_1_35' title="bbox 504 3633 1218 3707; baseline 0 -17"><span class='ocrx_word' id='word_1_202' title='bbox 504 3650 591 3706; x_wconf 85' lang='lat' dir='ltr'><strong>quem</strong></span> <span class='ocrx_word' id='word_1_203' title='bbox 607 3633 780 3706; x_wconf 84' lang='lat' dir='ltr'><strong>conscripsit</strong></span> <span class='ocrx_word' id='word_1_204' title='bbox 794 3634 977 3707; x_wconf 76' lang='lat' dir='ltr'><strong>evangellum</strong></span> <span class='ocrx_word' id='word_1_205' title='bbox 994 3652 1081 3692; x_wconf 88' lang='lat' dir='ltr'><strong>suum</strong></span> <span class='ocrx_word' id='word_1_206' title='bbox 1097 3637 1125 3690; x_wconf 87' lang='lat' dir='ltr'><strong>S.</strong></span> <span class='ocrx_word' id='word_1_207' title='bbox 1133 3636 1218 3691; x_wconf 91' lang='lat' dir='ltr'><strong>Joan·</strong></span> 
     </span>
     <span class='ocr_line' id='line_1_36' title="bbox 505 3723 679 3788; baseline 0 -10"><span class='ocrx_word' id='word_1_208' title='bbox 505 3739 565 3788; x_wconf 90' lang='lat' dir='ltr'><strong>nes‚</strong></span> <span class='ocrx_word' id='word_1_209' title='bbox 582 3723 679 3778; x_wconf 83' lang='grc'><strong>4546.</strong></span> 
     </span>
    </p>

    <p class='ocr_par' dir='ltr' id='par_1_6' title="bbox 466 3811 1220 4594">
     <span class='ocr_line' id='line_1_37' title="bbox 466 3811 1218 3876; baseline 0.003 -8"><span class='ocrx_word' id='word_1_210' title='bbox 466 3811 764 3869; x_wconf 82' lang='lat' dir='ltr'><strong>ClthCEDONENSE</strong></span> <span class='ocrx_word' id='word_1_211' title='bbox 783 3811 985 3876; x_wconf 79' lang='lat' dir='ltr'><strong>concilluma</strong></span> <span class='ocrx_word' id='word_1_212' title='bbox 1006 3813 1032 3869; x_wconf 91' lang='lat' dir='ltr'><strong>S.</strong></span> <span class='ocrx_word' id='word_1_213' title='bbox 1051 3813 1143 3869; x_wconf 83' lang='lat' dir='ltr'><strong>Leone</strong></span> <span class='ocrx_word' id='word_1_214' title='bbox 1166 3815 1218 3870; x_wconf 88' lang='lat' dir='ltr'><strong>Ps-</strong></span> 
     </span>
     <span class='ocr_line' id='line_1_38' title="bbox 503 3900 1220 3973; baseline 0.003 -16"><span class='ocrx_word' id='word_1_215' title='bbox 503 3918 540 3973; x_wconf 88' lang='lat' dir='ltr'><strong>ps</strong></span> <span class='ocrx_word' id='word_1_216' title='bbox 564 3901 574 3956; x_wconf 97' lang='lat' dir='ltr'><strong>l</strong></span> <span class='ocrx_word' id='word_1_217' title='bbox 601 3903 791 3956; x_wconf 89' lang='lat' dir='ltr'><strong>convocatum</strong></span> <span class='ocrx_word' id='word_1_218' title='bbox 815 3903 851 3957; x_wconf 91' lang='lat' dir='ltr'><strong>ad</strong></span> <span class='ocrx_word' id='word_1_219' title='bbox 874 3900 1087 3958; x_wconf 88' lang='lat' dir='ltr'><strong>eliminandam</strong></span> <span class='ocrx_word' id='word_1_220' title='bbox 1112 3903 1220 3959; x_wconf 90' lang='lat' dir='ltr'><strong>erroris</strong></span> 
     </span>
     <span class='ocr_line' id='line_1_39' title="bbox 502 3989 1220 4062; baseline 0.003 -17"><span class='ocrx_word' id='word_1_221' title='bbox 502 3989 673 4062; x_wconf 78' lang='lat' dir='ltr'><strong>Eutychiani</strong></span> <span class='ocrx_word' id='word_1_222' title='bbox 689 3989 845 4054; x_wconf 88' lang='lat' dir='ltr'><strong>insaniam,</strong></span> <span class='ocrx_word' id='word_1_223' title='bbox 861 3991 914 4048; x_wconf 89' lang='grc'><strong>546</strong></span> <span class='ocrx_word' id='word_1_224' title='bbox 924 3992 953 4055; x_wconf 91' lang='grc'><strong>0,</strong></span> <span class='ocrx_word' id='word_1_225' title='bbox 965 3991 1140 4048; x_wconf 89' lang='lat' dir='ltr'><strong>acclamavit</strong></span> <span class='ocrx_word' id='word_1_226' title='bbox 1153 3993 1220 4048; x_wconf 85' lang='lat' dir='ltr'><strong>Leo·</strong></span> 
     </span>
     <span class='ocr_line' id='line_1_40' title="bbox 503 4079 1218 4152; baseline 0.006 -19"><span class='ocrx_word' id='word_1_227' title='bbox 503 4079 533 4134; x_wconf 92' lang='lat' dir='ltr'><strong>ni</strong></span> <span class='ocrx_word' id='word_1_228' title='bbox 564 4080 648 4150; x_wconf 80' lang='lat' dir='ltr'><strong>Papae</strong></span> <span class='ocrx_word' id='word_1_229' title='bbox 675 4082 816 4151; x_wconf 87' lang='lat' dir='ltr'><strong>tanquam</strong></span> <span class='ocrx_word' id='word_1_230' title='bbox 846 4079 1002 4136; x_wconf 88' lang='lat' dir='ltr'><strong>universali</strong></span> <span class='ocrx_word' id='word_1_231' title='bbox 1033 4081 1218 4152; x_wconf 77' lang='lat' dir='ltr'><strong>patriarche,</strong></span> 
     </span>
     <span class='ocr_line' id='line_1_41' title="bbox 503 4168 1220 4233; baseline 0.001 -10"><span class='ocrx_word' id='word_1_232' title='bbox 503 4168 591 4232; x_wconf 88' lang='grc'><strong>6466,</strong></span> <span class='ocrx_word' id='word_1_233' title='bbox 616 4171 644 4224; x_wconf 89' lang='grc'><strong>64</strong></span> <span class='ocrx_word' id='word_1_234' title='bbox 668 4168 820 4224; x_wconf 89' lang='lat' dir='ltr'><strong>damnavit</strong></span> <span class='ocrx_word' id='word_1_235' title='bbox 843 4169 1025 4233; x_wconf 81' lang='lat' dir='ltr'><strong>llioseorum,</strong></span> <span class='ocrx_word' id='word_1_236' title='bbox 1049 4170 1220 4227; x_wconf 75' lang='lat' dir='ltr'><strong>Alexandri-</strong></span> 
     </span>
     <span class='ocr_line' id='line_1_42' title="bbox 504 4258 1218 4330; baseline 0.003 -16"><span class='ocrx_word' id='word_1_237' title='bbox 504 4275 574 4315; x_wconf 91' lang='lat' dir='ltr'><strong>num</strong></span> <span class='ocrx_word' id='word_1_238' title='bbox 596 4258 802 4330; x_wconf 87' lang='lat' dir='ltr'><strong>patriarcham,</strong></span> <span class='ocrx_word' id='word_1_239' title='bbox 819 4259 868 4330; x_wconf 86' lang='lat' dir='ltr'><strong>qui</strong></span> <span class='ocrx_word' id='word_1_240' title='bbox 890 4259 1075 4330; x_wconf 76' lang='lat' dir='ltr'><strong>praesumpsit</strong></span> <span class='ocrx_word' id='word_1_241' title='bbox 1095 4261 1218 4316; x_wconf 83' lang='lat' dir='ltr'><strong>Leonem</strong></span> 
     </span>
     <span class='ocr_line' id='line_1_43' title="bbox 503 4348 1220 4419; baseline 0.004 -17"><span class='ocrx_word' id='word_1_242' title='bbox 503 4348 611 4419; x_wconf 90' lang='lat' dir='ltr'><strong>Papam</strong></span> <span class='ocrx_word' id='word_1_243' title='bbox 637 4348 901 4411; x_wconf 83' lang='lat' dir='ltr'><strong>excommunicare,</strong></span> <span class='ocrx_word' id='word_1_244' title='bbox 925 4349 1026 4404; x_wconf 73' lang='lat' dir='ltr'><strong>553h&#39;.</strong></span> <span class='ocrx_word' id='word_1_245' title='bbox 1052 4379 1088 4390; x_wconf 89' lang='lat'>-</span> <span class='ocrx_word' id='word_1_246' title='bbox 1109 4349 1220 4406; x_wconf 88' lang='lat' dir='ltr'><strong>Citatur</strong></span> 
     </span>
     <span class='ocr_line' id='line_1_44' title="bbox 503 4431 1219 4509; baseline 0.003 -18"><span class='ocrx_word' id='word_1_247' title='bbox 503 4438 538 4492; x_wconf 91' lang='grc'><strong>46</strong></span> <span class='ocrx_word' id='word_1_248' title='bbox 562 4435 732 4492; x_wconf 87' lang='lat' dir='ltr'><strong>auctoritate</strong></span> <span class='ocrx_word' id='word_1_249' title='bbox 756 4435 871 4492; x_wconf 89' lang='lat' dir='ltr'><strong>concilii</strong></span> <span class='ocrx_word' id='word_1_250' title='bbox 896 4437 1047 4509; x_wconf 79' lang='lat' dir='ltr'><strong>generalis,</strong></span> <span class='ocrx_word' id='word_1_251' title='bbox 1070 4439 1163 4493; x_wconf 89' lang='grc'><strong>5524.</strong></span> <span class='ocrx_word' id='word_1_252' title='bbox 1183 4431 1219 4481; x_wconf 64' lang='lat' dir='ltr'>ss</span> 
     </span>
     <span class='ocr_line' id='line_1_45' title="bbox 505 4524 739 4594; baseline 0 -13"><span class='ocrx_word' id='word_1_253' title='bbox 505 4525 551 4594; x_wconf 83' lang='lat' dir='ltr'><strong>Cf.</strong></span> <span class='ocrx_word' id='word_1_254' title='bbox 567 4524 739 4582; x_wconf 87' lang='lat' dir='ltr'><strong>Concilium.</strong></span> 
     </span>
    </p>

    <p class='ocr_par' dir='ltr' id='par_1_7' title="bbox 467 4613 1223 5122">
     <span class='ocr_line' id='line_1_46' title="bbox 467 4613 1221 4687; baseline 0.001 -17"><span class='ocrx_word' id='word_1_255' title='bbox 467 4614 574 4676; x_wconf 84' lang='grc'><strong>644444,</strong></span> <span class='ocrx_word' id='word_1_256' title='bbox 599 4613 677 4670; x_wconf 89' lang='lat' dir='ltr'><strong>lilius</strong></span> <span class='ocrx_word' id='word_1_257' title='bbox 700 4615 769 4679; x_wconf 88' lang='lat' dir='ltr'><strong>Noe,</strong></span> <span class='ocrx_word' id='word_1_258' title='bbox 789 4613 838 4686; x_wconf 86' lang='lat' dir='ltr'><strong>qui</strong></span> <span class='ocrx_word' id='word_1_259' title='bbox 864 4631 921 4670; x_wconf 92' lang='lat' dir='ltr'><strong>nou</strong></span> <span class='ocrx_word' id='word_1_260' title='bbox 946 4614 1059 4686; x_wconf 91' lang='lat' dir='ltr'><strong>operuit</strong></span> <span class='ocrx_word' id='word_1_261' title='bbox 1083 4617 1221 4687; x_wconf 87' lang='lat' dir='ltr'><strong>pudenda</strong></span> 
     </span>
     <span class='ocr_line' id='line_1_47' title="bbox 504 4701 1223 4773; baseline 0.006 -16"><span class='ocrx_word' id='word_1_262' title='bbox 504 4701 594 4773; x_wconf 88' lang='lat' dir='ltr'><strong>patris</strong></span> <span class='ocrx_word' id='word_1_263' title='bbox 610 4703 665 4764; x_wconf 90' lang='lat' dir='ltr'><strong>sui,</strong></span> <span class='ocrx_word' id='word_1_264' title='bbox 682 4703 855 4760; x_wconf 87' lang='lat' dir='ltr'><strong>maledictus</strong></span> <span class='ocrx_word' id='word_1_265' title='bbox 869 4706 921 4766; x_wconf 89' lang='lat' dir='ltr'><strong>est,</strong></span> <span class='ocrx_word' id='word_1_266' title='bbox 937 4704 1024 4768; x_wconf 88' lang='grc'><strong>6506,</strong></span> <span class='ocrx_word' id='word_1_267' title='bbox 1041 4707 1069 4760; x_wconf 93' lang='grc'><strong>64</strong></span> <span class='ocrx_word' id='word_1_268' title='bbox 1084 4703 1125 4760; x_wconf 89' lang='lat' dir='ltr'><strong>sic</strong></span> <span class='ocrx_word' id='word_1_269' title='bbox 1140 4705 1223 4761; x_wconf 88' lang='lat' dir='ltr'><strong>dam·</strong></span> 
     </span>
     <span class='ocr_line' id='line_1_48' title="bbox 503 4790 1218 4865; baseline 0.001 -18"><span class='ocrx_word' id='word_1_270' title='bbox 503 4790 583 4847; x_wconf 90' lang='lat' dir='ltr'><strong>navit</strong></span> <span class='ocrx_word' id='word_1_271' title='bbox 597 4791 662 4846; x_wconf 91' lang='lat' dir='ltr'><strong>illos</strong></span> <span class='ocrx_word' id='word_1_272' title='bbox 672 4791 721 4863; x_wconf 91' lang='lat' dir='ltr'><strong>qui</strong></span> <span class='ocrx_word' id='word_1_273' title='bbox 733 4792 956 4864; x_wconf 72' lang='lat' dir='ltr'><strong>praepositorum</strong></span> <span class='ocrx_word' id='word_1_274' title='bbox 969 4809 1089 4849; x_wconf 90' lang='lat' dir='ltr'><strong>suorum</strong></span> <span class='ocrx_word' id='word_1_275' title='bbox 1102 4793 1218 4865; x_wconf 88' lang='lat' dir='ltr'><strong>culpam</strong></span> 
     </span>
     <span class='ocr_line' id='line_1_49' title="bbox 504 4881 1221 4954; baseline 0.004 -19"><span class='ocrx_word' id='word_1_276' title='bbox 504 4881 640 4951; x_wconf 85' lang='lat' dir='ltr'><strong>produnt,</strong></span> <span class='ocrx_word' id='word_1_277' title='bbox 670 4881 762 4936; x_wconf 86' lang='grc'><strong>6504).</strong></span> <span class='ocrx_word' id='word_1_278' title='bbox 792 4911 824 4922; x_wconf 88' lang='grc'>-</span> <span class='ocrx_word' id='word_1_279' title='bbox 853 4882 1108 4946; x_wconf 80' lang='lat' dir='ltr'><strong>Quemadmodum</strong></span> <span class='ocrx_word' id='word_1_280' title='bbox 1139 4883 1221 4954; x_wconf 85' lang='lat' dir='ltr'><strong>pejor</strong></span> 
     </span>
     <span class='ocr_line' id='line_1_50' title="bbox 504 4967 1220 5042; baseline 0.004 -19"><span class='ocrx_word' id='word_1_281' title='bbox 504 4967 558 5024; x_wconf 88' lang='lat' dir='ltr'><strong>luit</strong></span> <span class='ocrx_word' id='word_1_282' title='bbox 581 4968 719 5025; x_wconf 83' lang='lat' dir='ltr'><strong>iratribus</strong></span> <span class='ocrx_word' id='word_1_283' title='bbox 742 4969 812 5030; x_wconf 86' lang='lat' dir='ltr'><strong>suis,</strong></span> <span class='ocrx_word' id='word_1_284' title='bbox 838 4970 877 5024; x_wconf 90' lang='lat' dir='ltr'><strong>ita</strong></span> <span class='ocrx_word' id='word_1_285' title='bbox 901 4969 1006 5041; x_wconf 86' lang='lat' dir='ltr'><strong>posteri</strong></span> <span class='ocrx_word' id='word_1_286' title='bbox 1030 4971 1094 5042; x_wconf 85' lang='lat' dir='ltr'><strong>ejus</strong></span> <span class='ocrx_word' id='word_1_287' title='bbox 1117 4971 1220 5026; x_wconf 89' lang='lat' dir='ltr'><strong>celeris</strong></span> 
     </span>
     <span class='ocr_line' id='line_1_51' title="bbox 504 5056 1101 5122; baseline 0.002 -9"><span class='ocrx_word' id='word_1_288' title='bbox 504 5057 674 5115; x_wconf 92' lang='lat' dir='ltr'><strong>hominibus</strong></span> <span class='ocrx_word' id='word_1_289' title='bbox 690 5056 807 5115; x_wconf 87' lang='lat' dir='ltr'><strong>luerunt</strong></span> <span class='ocrx_word' id='word_1_290' title='bbox 822 5058 990 5122; x_wconf 87' lang='lat' dir='ltr'><strong>deteriores,</strong></span> <span class='ocrx_word' id='word_1_291' title='bbox 1006 5059 1101 5114; x_wconf 91' lang='grc'><strong>4084.</strong></span> 
     </span>
    </p>

    <p class='ocr_par' dir='ltr' id='par_1_8' title="bbox 468 5146 1219 5400">
     <span class='ocr_line' id='line_1_52' title="bbox 468 5146 1219 5220; baseline 0.005 -18"><span class='ocrx_word' id='word_1_292' title='bbox 468 5147 672 5203; x_wconf 80' lang='grc'><strong>6646461614</strong></span> <span class='ocrx_word' id='word_1_293' title='bbox 691 5149 734 5203; x_wconf 82' lang='grc'><strong>664</strong></span> <span class='ocrx_word' id='word_1_294' title='bbox 753 5147 900 5218; x_wconf 75' lang='lat' dir='ltr'><strong>quoddam</strong></span> <span class='ocrx_word' id='word_1_295' title='bbox 917 5146 1068 5218; x_wconf 87' lang='lat' dir='ltr'><strong>spirituale</strong></span> <span class='ocrx_word' id='word_1_296' title='bbox 1087 5148 1219 5220; x_wconf 81' lang='lat' dir='ltr'><strong>signacu-</strong></span> 
     </span>
     <span class='ocr_line' id='line_1_53' title="bbox 505 5235 1218 5307; baseline 0.004 -17"><span class='ocrx_word' id='word_1_297' title='bbox 505 5236 566 5292; x_wconf 91' lang='lat' dir='ltr'><strong>lum</strong></span> <span class='ocrx_word' id='word_1_298' title='bbox 582 5235 695 5292; x_wconf 86' lang='lat' dir='ltr'><strong>Christo</strong></span> <span class='ocrx_word' id='word_1_299' title='bbox 708 5236 953 5307; x_wconf 80' lang='lat' dir='ltr'><strong>consignativum,</strong></span> <span class='ocrx_word' id='word_1_300' title='bbox 968 5239 996 5293; x_wconf 89' lang='grc'><strong>64</strong></span> <span class='ocrx_word' id='word_1_301' title='bbox 1010 5255 1027 5292; x_wconf 87' lang='grc'><strong>6</strong></span> <span class='ocrx_word' id='word_1_302' title='bbox 1041 5238 1145 5294; x_wconf 89' lang='lat' dir='ltr'><strong>ceteris</strong></span> <span class='ocrx_word' id='word_1_303' title='bbox 1160 5238 1218 5295; x_wconf 88' lang='lat' dir='ltr'><strong>dis-</strong></span> 
     </span>
     <span class='ocr_line' id='line_1_54' title="bbox 504 5323 1218 5400; baseline 0.006 -19"><span class='ocrx_word' id='word_1_304' title='bbox 504 5323 669 5392; x_wconf 86' lang='lat' dir='ltr'><strong>tinctivum,</strong></span> <span class='ocrx_word' id='word_1_305' title='bbox 693 5325 793 5394; x_wconf 78' lang='lat' dir='ltr'><strong>otou&#39;,</strong></span> <span class='ocrx_word' id='word_1_306' title='bbox 819 5327 897 5399; x_wconf 88' lang='lat' dir='ltr'><strong>quod</strong></span> <span class='ocrx_word' id='word_1_307' title='bbox 921 5341 980 5382; x_wconf 90' lang='lat' dir='ltr'><strong>non</strong></span> <span class='ocrx_word' id='word_1_308' title='bbox 1002 5328 1097 5400; x_wconf 86' lang='lat' dir='ltr'><strong>potest</strong></span> <span class='ocrx_word' id='word_1_309' title='bbox 1118 5328 1218 5398; x_wconf 89' lang='lat' dir='ltr'><strong>deleri,</strong></span> 
     </span>
    </p>
   </div>
   <div class='ocr_carea' id='block_1_3' title="bbox 1249 690 1979 2905">
    <p class='ocr_par' dir='ltr' id='par_1_9' title="bbox 1249 690 1979 2905">
     <span class='ocr_line' id='line_1_55' title="bbox 1306 690 1975 767; baseline 0.013 -21"><span class='ocrx_word' id='word_1_310' title='bbox 1306 690 1403 747; x_wconf 80' lang='grc'><strong>6466.</strong></span> <span class='ocrx_word' id='word_1_311' title='bbox 1428 692 1611 764; x_wconf 91' lang='lat' dir='ltr'><strong>lmprimitur</strong></span> <span class='ocrx_word' id='word_1_312' title='bbox 1633 694 1663 750; x_wconf 93' lang='lat' dir='ltr'><strong>in</strong></span> <span class='ocrx_word' id='word_1_313' title='bbox 1687 693 1840 767; x_wconf 84' lang='grc'><strong>86644666,</strong></span> <span class='ocrx_word' id='word_1_314' title='bbox 1861 698 1931 763; x_wconf 94' lang='grc'><strong>4436,</strong></span> <span class='ocrx_word' id='word_1_315' title='bbox 1945 699 1975 765; x_wconf 84' lang='lat' dir='ltr'><strong>l&#39;,</strong></span> 
     </span>
     <span class='ocr_line' id='line_1_56' title="bbox 1309 780 1975 852; baseline 0.014 -18"><span class='ocrx_word' id='word_1_316' title='bbox 1309 780 1394 843; x_wconf 92' lang='grc'><strong>4446,</strong></span> <span class='ocrx_word' id='word_1_317' title='bbox 1405 780 1504 848; x_wconf 67' lang='grc'><strong>64644,</strong></span> <span class='ocrx_word' id='word_1_318' title='bbox 1516 782 1751 850; x_wconf 84' lang='grc'><strong>666466644666,</strong></span> <span class='ocrx_word' id='word_1_319' title='bbox 1763 784 1844 845; x_wconf 87' lang='grc'><strong>4446,</strong></span> <span class='ocrx_word' id='word_1_320' title='bbox 1853 788 1877 841; x_wconf 90' lang='grc'><strong>64</strong></span> <span class='ocrx_word' id='word_1_321' title='bbox 1886 786 1975 852; x_wconf 87' lang='lat' dir='ltr'><strong>Ordine,</strong></span> 
     </span>
     <span class='ocr_line' id='line_1_57' title="bbox 1306 869 1976 944; baseline 0.012 -20"><span class='ocrx_word' id='word_1_322' title='bbox 1306 869 1405 926; x_wconf 72' lang='lat' dir='ltr'><strong>stou.</strong></span> <span class='ocrx_word' id='word_1_323' title='bbox 1435 871 1498 927; x_wconf 88' lang='lat' dir='ltr'><strong>Non</strong></span> <span class='ocrx_word' id='word_1_324' title='bbox 1531 871 1714 944; x_wconf 89' lang='lat' dir='ltr'><strong>imprimitur</strong></span> <span class='ocrx_word' id='word_1_325' title='bbox 1740 872 1770 929; x_wconf 92' lang='lat' dir='ltr'><strong>in</strong></span> <span class='ocrx_word' id='word_1_326' title='bbox 1804 876 1976 933; x_wconf 85' lang='lat' dir='ltr'><strong>consecratione</strong></span> 
     </span>
     <span class='ocr_line' id='line_1_58' title="bbox 1306 956 1975 1036; baseline 0.007 -21"><span class='ocrx_word' id='word_1_327' title='bbox 1306 956 1434 1031; x_wconf 86' lang='lat' dir='ltr'><strong>episcopi</strong></span> <span class='ocrx_word' id='word_1_328' title='bbox 1455 976 1547 1017; x_wconf 88' lang='lat' dir='ltr'><strong>novus</strong></span> <span class='ocrx_word' id='word_1_329' title='bbox 1566 961 1727 1026; x_wconf 86' lang='lat' dir='ltr'><strong>character,</strong></span> <span class='ocrx_word' id='word_1_330' title='bbox 1742 964 1793 1019; x_wconf 89' lang='lat' dir='ltr'><strong>sed</strong></span> <span class='ocrx_word' id='word_1_331' title='bbox 1811 963 1942 1036; x_wconf 87' lang='lat' dir='ltr'><strong>ampliatur</strong></span> <span class='ocrx_word' id='word_1_332' title='bbox 1954 965 1975 1021; x_wconf 88' lang='lat' dir='ltr'><strong>in</strong></span> 
     </span>
     <span class='ocr_line' id='line_1_59' title="bbox 1306 1049 1977 1125; baseline 0.007 -20"><span class='ocrx_word' id='word_1_333' title='bbox 1306 1064 1341 1105; x_wconf 89' lang='lat' dir='ltr'><strong>eo</strong></span> <span class='ocrx_word' id='word_1_334' title='bbox 1364 1049 1516 1107; x_wconf 88' lang='lat' dir='ltr'><strong>character</strong></span> <span class='ocrx_word' id='word_1_335' title='bbox 1538 1051 1736 1114; x_wconf 87' lang='lat' dir='ltr'><strong>sacerdotalis,</strong></span> <span class='ocrx_word' id='word_1_336' title='bbox 1758 1052 1846 1125; x_wconf 79' lang='lat' dir='ltr'><strong>magis</strong></span> <span class='ocrx_word' id='word_1_337' title='bbox 1865 1054 1890 1109; x_wconf 90' lang='lat' dir='ltr'><strong>iu</strong></span> <span class='ocrx_word' id='word_1_338' title='bbox 1909 1055 1977 1110; x_wconf 83' lang='lat' dir='ltr'><strong>erebi·</strong></span> 
     </span>
     <span class='ocr_line' id='line_1_60' title="bbox 1307 1137 1923 1213; baseline 0.006 -20"><span class='ocrx_word' id='word_1_339' title='bbox 1307 1137 1451 1210; x_wconf 87' lang='lat' dir='ltr'><strong>episcopo,</strong></span> <span class='ocrx_word' id='word_1_340' title='bbox 1467 1141 1685 1211; x_wconf 82' lang='lat' dir='ltr'><strong>supermaaime</strong></span> <span class='ocrx_word' id='word_1_341' title='bbox 1701 1141 1731 1197; x_wconf 90' lang='grc'><strong>46</strong></span> <span class='ocrx_word' id='word_1_342' title='bbox 1747 1142 1829 1213; x_wconf 83' lang='grc' dir='ltr'><strong>Ρ666,</strong></span> <span class='ocrx_word' id='word_1_343' title='bbox 1842 1143 1923 1197; x_wconf 87' lang='grc'><strong>6460.</strong></span> 
     </span>
     <span class='ocr_line' id='line_1_61' title="bbox 1249 1227 1976 1303; baseline 0.008 -21"><span class='ocrx_word' id='word_1_344' title='bbox 1249 1292 1253 1298; x_wconf 88' lang='lat'>.</span> <span class='ocrx_word' id='word_1_345' title='bbox 1271 1227 1422 1283; x_wconf 80' lang='grc'><strong>64406418</strong></span> <span class='ocrx_word' id='word_1_346' title='bbox 1431 1228 1717 1301; x_wconf 77' lang='lat' dir='ltr'><strong>(Koreish),hrahica</strong></span> <span class='ocrx_word' id='word_1_347' title='bbox 1731 1229 1822 1287; x_wconf 88' lang='lat' dir='ltr'><strong>tribus</strong></span> <span class='ocrx_word' id='word_1_348' title='bbox 1834 1248 1847 1288; x_wconf 93' lang='lat' dir='ltr'><strong>e</strong></span> <span class='ocrx_word' id='word_1_349' title='bbox 1858 1248 1907 1303; x_wconf 83' lang='lat' dir='ltr'><strong>qua</strong></span> <span class='ocrx_word' id='word_1_350' title='bbox 1917 1236 1976 1288; x_wconf 86' lang='lat' dir='ltr'><strong>ortus</strong></span> 
     </span>
     <span class='ocr_line' id='line_1_62' title="bbox 1306 1316 1672 1380; baseline 0.008 -9"><span class='ocrx_word' id='word_1_351' title='bbox 1306 1320 1351 1371; x_wconf 88' lang='lat' dir='ltr'><strong>est</strong></span> <span class='ocrx_word' id='word_1_352' title='bbox 1364 1316 1554 1380; x_wconf 84' lang='lat' dir='ltr'><strong>Mabometns,</strong></span> <span class='ocrx_word' id='word_1_353' title='bbox 1570 1320 1623 1374; x_wconf 87' lang='grc'><strong>242</strong></span> <span class='ocrx_word' id='word_1_354' title='bbox 1632 1319 1672 1374; x_wconf 87' lang='lat' dir='ltr'><strong>[l&#39;.</strong></span> 
     </span>
     <span class='ocr_line' id='line_1_63' title="bbox 1272 1405 1976 1480; baseline 0.007 -20"><span class='ocrx_word' id='word_1_355' title='bbox 1272 1405 1479 1462; x_wconf 80' lang='grc' dir='ltr'><strong>6141448444Ν4.</strong></span> <span class='ocrx_word' id='word_1_356' title='bbox 1494 1407 1542 1463; x_wconf 84' lang='grc'><strong>846</strong></span> <span class='ocrx_word' id='word_1_357' title='bbox 1556 1407 1719 1465; x_wconf 74' lang='grc'><strong>4644666466</strong></span> <span class='ocrx_word' id='word_1_358' title='bbox 1733 1408 1826 1480; x_wconf 90' lang='lat' dir='ltr'><strong>primo</strong></span> <span class='ocrx_word' id='word_1_359' title='bbox 1840 1410 1916 1466; x_wconf 87' lang='lat' dir='ltr'><strong>vocati</strong></span> <span class='ocrx_word' id='word_1_360' title='bbox 1926 1414 1976 1466; x_wconf 89' lang='lat' dir='ltr'><strong>sant</strong></span> 
     </span>
     <span class='ocr_line' id='line_1_64' title="bbox 1308 1494 1976 1566; baseline 0.007 -17"><span class='ocrx_word' id='word_1_361' title='bbox 1308 1494 1453 1566; x_wconf 89' lang='lat' dir='ltr'><strong>discipuli,</strong></span> <span class='ocrx_word' id='word_1_362' title='bbox 1468 1496 1567 1561; x_wconf 81' lang='lat' dir='ltr'><strong>388s’,</strong></span> <span class='ocrx_word' id='word_1_363' title='bbox 1583 1514 1601 1553; x_wconf 87' lang='lat' dir='ltr'><strong>a</strong></span> <span class='ocrx_word' id='word_1_364' title='bbox 1615 1497 1736 1554; x_wconf 89' lang='lat' dir='ltr'><strong>nomine</strong></span> <span class='ocrx_word' id='word_1_365' title='bbox 1749 1497 1976 1564; x_wconf 67' lang='grc'><strong>6464604540.-</strong></span> 
     </span>
     <span class='ocr_line' id='line_1_65' title="bbox 1308 1583 1975 1660; baseline 0.006 -23"><span class='ocrx_word' id='word_1_366' title='bbox 1308 1583 1374 1640; x_wconf 88' lang='lat' dir='ltr'><strong>Veri</strong></span> <span class='ocrx_word' id='word_1_367' title='bbox 1393 1584 1559 1650; x_wconf 86' lang='lat' dir='ltr'><strong>Christiani,</strong></span> <span class='ocrx_word' id='word_1_368' title='bbox 1575 1591 1604 1642; x_wconf 91' lang='lat' dir='ltr'><strong>st</strong></span> <span class='ocrx_word' id='word_1_369' title='bbox 1622 1585 1677 1660; x_wconf 91' lang='lat' dir='ltr'><strong>ipsi</strong></span> <span class='ocrx_word' id='word_1_370' title='bbox 1697 1587 1852 1652; x_wconf 78' lang='lat' dir='ltr'><strong>dumtaxat,</strong></span> <span class='ocrx_word' id='word_1_371' title='bbox 1864 1591 1921 1643; x_wconf 90' lang='lat' dir='ltr'><strong>sant</strong></span> <span class='ocrx_word' id='word_1_372' title='bbox 1938 1587 1975 1642; x_wconf 88' lang='grc'><strong>4444</strong></span> 
     </span>
     <span class='ocr_line' id='line_1_66' title="bbox 1308 1673 1975 1741; baseline 0.006 -14"><span class='ocrx_word' id='word_1_373' title='bbox 1308 1673 1441 1735; x_wconf 80' lang='lat' dir='ltr'><strong>Abrahae,</strong></span> <span class='ocrx_word' id='word_1_374' title='bbox 1457 1674 1510 1729; x_wconf 92' lang='grc'><strong>266</strong></span> <span class='ocrx_word' id='word_1_375' title='bbox 1517 1675 1556 1738; x_wconf 85' lang='lat' dir='ltr'><strong>B&#39;,</strong></span> <span class='ocrx_word' id='word_1_376' title='bbox 1571 1674 1670 1741; x_wconf 90' lang='lat' dir='ltr'><strong>amici,</strong></span> <span class='ocrx_word' id='word_1_377' title='bbox 1685 1674 1783 1733; x_wconf 89' lang='lat' dir='ltr'><strong>dilecti</strong></span> <span class='ocrx_word' id='word_1_378' title='bbox 1798 1679 1823 1731; x_wconf 88' lang='grc'><strong>64</strong></span> <span class='ocrx_word' id='word_1_379' title='bbox 1835 1675 1879 1731; x_wconf 85' lang='lat' dir='ltr'><strong>filli</strong></span> <span class='ocrx_word' id='word_1_380' title='bbox 1892 1676 1930 1732; x_wconf 89' lang='lat' dir='ltr'><strong>llei</strong></span> <span class='ocrx_word' id='word_1_381' title='bbox 1941 1678 1975 1732; x_wconf 90' lang='lat' dir='ltr'><strong>ad·</strong></span> 
     </span>
     <span class='ocr_line' id='line_1_67' title="bbox 1307 1761 1976 1838; baseline 0.006 -22"><span class='ocrx_word' id='word_1_382' title='bbox 1307 1761 1406 1835; x_wconf 91' lang='lat' dir='ltr'><strong>optivi,</strong></span> <span class='ocrx_word' id='word_1_383' title='bbox 1426 1763 1516 1826; x_wconf 91' lang='grc'><strong>3456,</strong></span> <span class='ocrx_word' id='word_1_384' title='bbox 1536 1764 1632 1828; x_wconf 83' lang='grc'><strong>3586,</strong></span> <span class='ocrx_word' id='word_1_385' title='bbox 1652 1766 1744 1828; x_wconf 87' lang='grc'><strong>4484,</strong></span> <span class='ocrx_word' id='word_1_386' title='bbox 1765 1769 1795 1821; x_wconf 84' lang='grc'><strong>64</strong></span> <span class='ocrx_word' id='word_1_387' title='bbox 1815 1769 1932 1838; x_wconf 88' lang='lat' dir='ltr'><strong>quantum</strong></span> <span class='ocrx_word' id='word_1_388' title='bbox 1949 1767 1976 1820; x_wconf 90' lang='lat' dir='ltr'><strong>ad</strong></span> 
     </span>
     <span class='ocr_line' id='line_1_68' title="bbox 1307 1850 1976 1926; baseline 0.006 -21"><span class='ocrx_word' id='word_1_389' title='bbox 1307 1850 1501 1907; x_wconf 79' lang='lat' dir='ltr'><strong>substantiam</strong></span> <span class='ocrx_word' id='word_1_390' title='bbox 1525 1856 1554 1909; x_wconf 90' lang='lat' dir='ltr'><strong>et</strong></span> <span class='ocrx_word' id='word_1_391' title='bbox 1572 1869 1635 1910; x_wconf 85' lang='lat' dir='ltr'><strong>esse</strong></span> <span class='ocrx_word' id='word_1_392' title='bbox 1654 1853 1820 1926; x_wconf 89' lang='lat' dir='ltr'><strong>specitlcum</strong></span> <span class='ocrx_word' id='word_1_393' title='bbox 1837 1853 1899 1909; x_wconf 91' lang='lat' dir='ltr'><strong>nihil</strong></span> <span class='ocrx_word' id='word_1_394' title='bbox 1917 1854 1976 1909; x_wconf 82' lang='lat' dir='ltr'><strong>aliud</strong></span> 
     </span>
     <span class='ocr_line' id='line_1_69' title="bbox 1307 1940 1977 2013; baseline 0.001 -18"><span class='ocrx_word' id='word_1_395' title='bbox 1307 1942 1376 1995; x_wconf 91' lang='lat' dir='ltr'><strong>sunt</strong></span> <span class='ocrx_word' id='word_1_396' title='bbox 1390 1956 1480 2013; x_wconf 81' lang='lat' dir='ltr'><strong>qrrarn</strong></span> <span class='ocrx_word' id='word_1_397' title='bbox 1494 1940 1638 2005; x_wconf 87' lang='lat' dir='ltr'><strong>homines,</strong></span> <span class='ocrx_word' id='word_1_398' title='bbox 1653 1942 1742 1998; x_wconf 91' lang='grc'><strong>4486.</strong></span> <span class='ocrx_word' id='word_1_399' title='bbox 1755 1974 1788 1984; x_wconf 96' lang='grc'>-</span> <span class='ocrx_word' id='word_1_400' title='bbox 1802 1943 1879 1999; x_wconf 86' lang='lat' dir='ltr'><strong>Primi</strong></span> <span class='ocrx_word' id='word_1_401' title='bbox 1890 1941 1977 1997; x_wconf 85' lang='lat' dir='ltr'><strong>Christi·</strong></span> 
     </span>
     <span class='ocr_line' id='line_1_70' title="bbox 1307 2029 1977 2105; baseline 0.004 -21"><span class='ocrx_word' id='word_1_402' title='bbox 1307 2029 1356 2085; x_wconf 89' lang='lat' dir='ltr'><strong>aui</strong></span> <span class='ocrx_word' id='word_1_403' title='bbox 1375 2030 1405 2084; x_wconf 93' lang='lat' dir='ltr'><strong>iu</strong></span> <span class='ocrx_word' id='word_1_404' title='bbox 1425 2031 1603 2103; x_wconf 86' lang='lat' dir='ltr'><strong>Baptismate</strong></span> <span class='ocrx_word' id='word_1_405' title='bbox 1627 2032 1769 2105; x_wconf 85' lang='lat' dir='ltr'><strong>Spiritum</strong></span> <span class='ocrx_word' id='word_1_406' title='bbox 1790 2034 1909 2089; x_wconf 86' lang='lat' dir='ltr'><strong>Sanctum</strong></span> <span class='ocrx_word' id='word_1_407' title='bbox 1924 2031 1977 2088; x_wconf 90' lang='lat' dir='ltr'><strong>reci·</strong></span> 
     </span>
     <span class='ocr_line' id='line_1_71' title="bbox 1308 2118 1976 2193; baseline 0.001 -19"><span class='ocrx_word' id='word_1_408' title='bbox 1308 2118 1426 2191; x_wconf 82' lang='lat' dir='ltr'><strong>plebani</strong></span> <span class='ocrx_word' id='word_1_409' title='bbox 1452 2118 1482 2176; x_wconf 93' lang='grc'><strong>46</strong></span> <span class='ocrx_word' id='word_1_410' title='bbox 1511 2119 1595 2192; x_wconf 78' lang='lat' dir='ltr'><strong>signo</strong></span> <span class='ocrx_word' id='word_1_411' title='bbox 1622 2120 1740 2186; x_wconf 87' lang='lat' dir='ltr'><strong>visibili,</strong></span> <span class='ocrx_word' id='word_1_412' title='bbox 1767 2121 1857 2185; x_wconf 85' lang='grc'><strong>2446,</strong></span> <span class='ocrx_word' id='word_1_413' title='bbox 1881 2120 1976 2193; x_wconf 71' lang='lat' dir='ltr'><strong>gratiam</strong></span> 
     </span>
     <span class='ocr_line' id='line_1_72' title="bbox 1308 2207 1976 2280; baseline 0.001 -16"><span class='ocrx_word' id='word_1_414' title='bbox 1308 2207 1467 2280; x_wconf 80' lang='lat' dir='ltr'><strong>prophetiae</strong></span> <span class='ocrx_word' id='word_1_415' title='bbox 1497 2214 1525 2266; x_wconf 92' lang='lat' dir='ltr'><strong>et</strong></span> <span class='ocrx_word' id='word_1_416' title='bbox 1556 2211 1769 2267; x_wconf 88' lang='lat' dir='ltr'><strong>abundantiam</strong></span> <span class='ocrx_word' id='word_1_417' title='bbox 1796 2210 1976 2271; x_wconf 85' lang='lat' dir='ltr'><strong>charismatum.</strong></span> 
     </span>
     <span class='ocr_line' id='line_1_73' title="bbox 1307 2297 1976 2371; baseline 0.001 -20"><span class='ocrx_word' id='word_1_418' title='bbox 1307 2297 1407 2360; x_wconf 78' lang='grc'><strong>2440,</strong></span> <span class='ocrx_word' id='word_1_419' title='bbox 1422 2299 1510 2354; x_wconf 91' lang='grc'><strong>4046.</strong></span> <span class='ocrx_word' id='word_1_420' title='bbox 1526 2299 1594 2354; x_wconf 89' lang='lat' dir='ltr'><strong>Post</strong></span> <span class='ocrx_word' id='word_1_421' title='bbox 1606 2300 1765 2371; x_wconf 90' lang='lat' dir='ltr'><strong>apostolica</strong></span> <span class='ocrx_word' id='word_1_422' title='bbox 1776 2298 1900 2371; x_wconf 86' lang='lat' dir='ltr'><strong>tempora,</strong></span> <span class='ocrx_word' id='word_1_423' title='bbox 1908 2299 1976 2362; x_wconf 89' lang='grc'><strong>4040,</strong></span> 
     </span>
     <span class='ocr_line' id='line_1_74' title="bbox 1309 2370 1977 2458; baseline -0.003 -16"><span class='ocrx_word' id='word_1_424' title='bbox 1309 2390 1338 2442; x_wconf 78' lang='lat' dir='ltr'><strong>a</strong></span> <span class='ocrx_word' id='word_1_425' title='bbox 1352 2386 1443 2458; x_wconf 72' lang='lat' dir='ltr'><strong>sparus</strong></span> <span class='ocrx_word' id='word_1_426' title='bbox 1456 2370 1611 2444; x_wconf 72' lang='lat' dir='ltr'><strong>amodes</strong></span> <span class='ocrx_word' id='word_1_427' title='bbox 1631 2389 1798 2451; x_wconf 78' lang='lat' dir='ltr'><strong>adventum,</strong></span> <span class='ocrx_word' id='word_1_428' title='bbox 1812 2389 1858 2444; x_wconf 82' lang='lat' dir='ltr'><strong>lor</strong></span> <span class='ocrx_word' id='word_1_429' title='bbox 1866 2388 1900 2452; x_wconf 90' lang='grc'><strong>6,</strong></span> <span class='ocrx_word' id='word_1_430' title='bbox 1913 2386 1977 2442; x_wconf 76' lang='lat' dir='ltr'><strong>mula</strong></span> 
     </span>
     <span class='ocr_line' id='line_1_75' title="bbox 1308 2475 1977 2550; baseline 0.004 -20"><span class='ocrx_word' id='word_1_431' title='bbox 1308 2475 1403 2532; x_wconf 88' lang='lat' dir='ltr'><strong>ornati</strong></span> <span class='ocrx_word' id='word_1_432' title='bbox 1418 2481 1486 2533; x_wconf 90' lang='lat' dir='ltr'><strong>suut</strong></span> <span class='ocrx_word' id='word_1_433' title='bbox 1506 2476 1600 2548; x_wconf 80' lang='lat' dir='ltr'><strong>gratia</strong></span> <span class='ocrx_word' id='word_1_434' title='bbox 1618 2478 1788 2550; x_wconf 80' lang='lat' dir='ltr'><strong>prophetiae,</strong></span> <span class='ocrx_word' id='word_1_435' title='bbox 1802 2480 1881 2543; x_wconf 90' lang='grc'><strong>4040,</strong></span> <span class='ocrx_word' id='word_1_436' title='bbox 1890 2481 1913 2533; x_wconf 92' lang='grc'><strong>64</strong></span> <span class='ocrx_word' id='word_1_437' title='bbox 1924 2477 1977 2533; x_wconf 78' lang='lat' dir='ltr'><strong>lece</strong></span> 
     </span>
     <span class='ocr_line' id='line_1_76' title="bbox 1308 2564 1978 2632; baseline -0.003 -11"><span class='ocrx_word' id='word_1_438' title='bbox 1308 2567 1377 2621; x_wconf 91' lang='lat' dir='ltr'><strong>runt</strong></span> <span class='ocrx_word' id='word_1_439' title='bbox 1399 2564 1551 2630; x_wconf 90' lang='lat' dir='ltr'><strong>miracula,</strong></span> <span class='ocrx_word' id='word_1_440' title='bbox 1566 2566 1650 2623; x_wconf 88' lang='grc'><strong>4304</strong></span> <span class='ocrx_word' id='word_1_441' title='bbox 1672 2570 1702 2623; x_wconf 90' lang='grc'><strong>64</strong></span> <span class='ocrx_word' id='word_1_442' title='bbox 1724 2586 1758 2632; x_wconf 86' lang='grc'><strong>6.,</strong></span> <span class='ocrx_word' id='word_1_443' title='bbox 1772 2568 1862 2624; x_wconf 81' lang='grc'><strong>4540.</strong></span> <span class='ocrx_word' id='word_1_444' title='bbox 1876 2598 1903 2607; x_wconf 98' lang='grc'>-</span> <span class='ocrx_word' id='word_1_445' title='bbox 1918 2568 1978 2621; x_wconf 76' lang='lat' dir='ltr'><strong>ltro</strong></span> 
     </span>
     <span class='ocr_line' id='line_1_77' title="bbox 1308 2653 1978 2729; baseline -0.001 -21"><span class='ocrx_word' id='word_1_446' title='bbox 1308 2654 1425 2711; x_wconf 89' lang='lat' dir='ltr'><strong>cissime</strong></span> <span class='ocrx_word' id='word_1_447' title='bbox 1452 2672 1470 2711; x_wconf 87' lang='lat' dir='ltr'><strong>a</strong></span> <span class='ocrx_word' id='word_1_448' title='bbox 1501 2654 1641 2712; x_wconf 87' lang='lat' dir='ltr'><strong>Romanis</strong></span> <span class='ocrx_word' id='word_1_449' title='bbox 1673 2655 1885 2729; x_wconf 80' lang='lat' dir='ltr'><strong>imperatoribus</strong></span> <span class='ocrx_word' id='word_1_450' title='bbox 1907 2653 1978 2710; x_wconf 79' lang='lat' dir='ltr'><strong>verat</strong></span> 
     </span>
     <span class='ocr_line' id='line_1_78' title="bbox 1308 2743 1979 2818; baseline -0.003 -21"><span class='ocrx_word' id='word_1_451' title='bbox 1308 2745 1386 2809; x_wconf 88' lang='lat' dir='ltr'><strong>sunl,</strong></span> <span class='ocrx_word' id='word_1_452' title='bbox 1401 2744 1484 2799; x_wconf 90' lang='grc'><strong>2484</strong></span> <span class='ocrx_word' id='word_1_453' title='bbox 1497 2761 1504 2808; x_wconf 88' lang='grc'><strong>;</strong></span> <span class='ocrx_word' id='word_1_454' title='bbox 1519 2745 1570 2801; x_wconf 84' lang='grc'><strong>664</strong></span> <span class='ocrx_word' id='word_1_455' title='bbox 1590 2761 1642 2818; x_wconf 92' lang='lat' dir='ltr'><strong>pro</strong></span> <span class='ocrx_word' id='word_1_456' title='bbox 1665 2761 1724 2801; x_wconf 91' lang='lat' dir='ltr'><strong>uno</strong></span> <span class='ocrx_word' id='word_1_457' title='bbox 1743 2745 1833 2801; x_wconf 86' lang='lat' dir='ltr'><strong>occiso</strong></span> <span class='ocrx_word' id='word_1_458' title='bbox 1849 2743 1979 2815; x_wconf 78' lang='lat' dir='ltr'><strong>frequenter</strong></span> 
     </span>
     <span class='ocr_line' id='line_1_79' title="bbox 1308 2831 1978 2905; baseline -0.003 -19"><span class='ocrx_word' id='word_1_459' title='bbox 1308 2831 1401 2887; x_wconf 89' lang='lat' dir='ltr'><strong>multa</strong></span> <span class='ocrx_word' id='word_1_460' title='bbox 1416 2832 1509 2888; x_wconf 91' lang='lat' dir='ltr'><strong>millia</strong></span> <span class='ocrx_word' id='word_1_461' title='bbox 1529 2850 1712 2905; x_wconf 79' lang='lat' dir='ltr'><strong>paganorum</strong></span> <span class='ocrx_word' id='word_1_462' title='bbox 1731 2836 1768 2890; x_wconf 91' lang='lat' dir='ltr'><strong>ad</strong></span> <span class='ocrx_word' id='word_1_463' title='bbox 1787 2833 1912 2889; x_wconf 84' lang='grc'><strong>64646466</strong></span> <span class='ocrx_word' id='word_1_464' title='bbox 1928 2847 1978 2886; x_wconf 90' lang='lat' dir='ltr'><strong>con·</strong></span> 
     </span>
    </p>
   </div>
   <div class='ocr_carea' id='block_1_4' title="bbox 1307 2922 2075 3000">
    <p class='ocr_par' dir='ltr' id='par_1_10' title="bbox 1307 2922 2075 3000">
     <span class='ocr_line' id='line_1_80' title="bbox 1307 2922 2075 3000; baseline -0.001 -26"><span class='ocrx_word' id='word_1_465' title='bbox 1307 2922 1504 2986; x_wconf 85' lang='lat' dir='ltr'><strong>vertebantur,</strong></span> <span class='ocrx_word' id='word_1_466' title='bbox 1523 2922 1616 2977; x_wconf 86' lang='grc'><strong>24844.</strong></span> <span class='ocrx_word' id='word_1_467' title='bbox 1638 2955 1671 2965; x_wconf 93' lang='grc'>-</span> <span class='ocrx_word' id='word_1_468' title='bbox 1691 2923 1764 2980; x_wconf 87' lang='lat' dir='ltr'><strong>Pace</strong></span> <span class='ocrx_word' id='word_1_469' title='bbox 1782 2922 1883 2979; x_wconf 89' lang='lat' dir='ltr'><strong>reddita</strong></span> <span class='ocrx_word' id='word_1_470' title='bbox 1897 2924 1920 2977; x_wconf 89' lang='lat' dir='ltr'><strong>et</strong></span> <span class='ocrx_word' id='word_1_471' title='bbox 1934 2936 1980 2974; x_wconf 86' lang='lat' dir='ltr'><strong>ees·</strong></span> <span class='ocrx_word' id='word_1_472' title='bbox 2071 2989 2075 3000; x_wconf 28' lang='grc' dir='ltr'><strong><em>ι</em></strong></span> 
     </span>
    </p>
   </div>
   <div class='ocr_carea' id='block_1_5' title="bbox 1306 3005 1983 5395">
    <p class='ocr_par' dir='ltr' id='par_1_11' title="bbox 1306 3005 1981 3974">
     <span class='ocr_line' id='line_1_81' title="bbox 1308 3005 1978 3083; baseline -0.007 -19"><span class='ocrx_word' id='word_1_473' title='bbox 1308 3010 1441 3067; x_wconf 82' lang='lat' dir='ltr'><strong>sentibus</strong></span> <span class='ocrx_word' id='word_1_474' title='bbox 1454 3009 1607 3073; x_wconf 77' lang='lat' dir='ltr'><strong>haereticis,</strong></span> <span class='ocrx_word' id='word_1_475' title='bbox 1622 3028 1640 3067; x_wconf 90' lang='lat' dir='ltr'><strong>a</strong></span> <span class='ocrx_word' id='word_1_476' title='bbox 1654 3010 1775 3068; x_wconf 86' lang='lat' dir='ltr'><strong>caritate</strong></span> <span class='ocrx_word' id='word_1_477' title='bbox 1783 3011 1918 3083; x_wconf 75' lang='lat' dir='ltr'><strong>vigoreque</strong></span> <span class='ocrx_word' id='word_1_478' title='bbox 1930 3005 1978 3062; x_wconf 83' lang='lat' dir='ltr'><strong>idei</strong></span> 
     </span>
     <span class='ocr_line' id='line_1_82' title="bbox 1307 3098 1979 3170; baseline -0.006 -15"><span class='ocrx_word' id='word_1_479' title='bbox 1307 3104 1481 3157; x_wconf 89' lang='lat' dir='ltr'><strong>corruerunt</strong></span> <span class='ocrx_word' id='word_1_480' title='bbox 1493 3099 1660 3162; x_wconf 87' lang='lat' dir='ltr'><strong>Christiani.</strong></span> <span class='ocrx_word' id='word_1_481' title='bbox 1669 3101 1758 3161; x_wconf 83' lang='grc'><strong>2496.</strong></span> <span class='ocrx_word' id='word_1_482' title='bbox 1769 3100 1865 3157; x_wconf 86' lang='grc'><strong>464646</strong></span> <span class='ocrx_word' id='word_1_483' title='bbox 1876 3115 1918 3170; x_wconf 84' lang='grc'><strong>66</strong></span> <span class='ocrx_word' id='word_1_484' title='bbox 1928 3098 1979 3154; x_wconf 86' lang='lat' dir='ltr'><strong>San·</strong></span> 
     </span>
     <span class='ocr_line' id='line_1_83' title="bbox 1309 3184 1977 3250; baseline -0.009 -6"><span class='ocrx_word' id='word_1_485' title='bbox 1309 3193 1370 3245; x_wconf 87' lang='lat' dir='ltr'><strong>ctos</strong></span> <span class='ocrx_word' id='word_1_486' title='bbox 1394 3191 1431 3246; x_wconf 92' lang='lat' dir='ltr'><strong>ad</strong></span> <span class='ocrx_word' id='word_1_487' title='bbox 1452 3189 1633 3246; x_wconf 91' lang='lat' dir='ltr'><strong>devotionem</strong></span> <span class='ocrx_word' id='word_1_488' title='bbox 1653 3189 1801 3247; x_wconf 87' lang='lat' dir='ltr'><strong>relormati</strong></span> <span class='ocrx_word' id='word_1_489' title='bbox 1822 3192 1889 3250; x_wconf 89' lang='lat' dir='ltr'><strong>sunt,</strong></span> <span class='ocrx_word' id='word_1_490' title='bbox 1901 3184 1977 3242; x_wconf 65' lang='lat' dir='ltr'><strong>nnat</strong></span> 
     </span>
     <span class='ocr_line' id='line_1_84' title="bbox 1307 3277 1979 3350; baseline -0.007 -17"><span class='ocrx_word' id='word_1_491' title='bbox 1307 3308 1342 3320; x_wconf 87' lang='lat'><strong>——</strong></span> <span class='ocrx_word' id='word_1_492' title='bbox 1357 3279 1398 3333; x_wconf 85' lang='lat' dir='ltr'><strong>Ob</strong></span> <span class='ocrx_word' id='word_1_493' title='bbox 1417 3295 1471 3334; x_wconf 89' lang='lat' dir='ltr'><strong>sua</strong></span> <span class='ocrx_word' id='word_1_494' title='bbox 1490 3283 1617 3350; x_wconf 86' lang='lat' dir='ltr'><strong>peccata,</strong></span> <span class='ocrx_word' id='word_1_495' title='bbox 1633 3295 1670 3336; x_wconf 95' lang='lat' dir='ltr'><strong>ne</strong></span> <span class='ocrx_word' id='word_1_496' title='bbox 1690 3279 1857 3336; x_wconf 80' lang='lat' dir='ltr'><strong>aeternaliter</strong></span> <span class='ocrx_word' id='word_1_497' title='bbox 1872 3277 1979 3333; x_wconf 89' lang='lat' dir='ltr'><strong>condem·</strong></span> 
     </span>
     <span class='ocr_line' id='line_1_85' title="bbox 1308 3364 1978 3446; baseline 0.004 -24"><span class='ocrx_word' id='word_1_498' title='bbox 1308 3371 1423 3446; x_wconf 86' lang='lat' dir='ltr'><strong>nentur,</strong></span> <span class='ocrx_word' id='word_1_499' title='bbox 1452 3368 1540 3432; x_wconf 81' lang='grc'><strong>3446,</strong></span> <span class='ocrx_word' id='word_1_500' title='bbox 1568 3371 1597 3424; x_wconf 90' lang='grc'><strong>64</strong></span> <span class='ocrx_word' id='word_1_501' title='bbox 1623 3369 1660 3424; x_wconf 84' lang='grc'><strong>61)</strong></span> <span class='ocrx_word' id='word_1_502' title='bbox 1692 3368 1766 3425; x_wconf 89' lang='lat' dir='ltr'><strong>alias</strong></span> <span class='ocrx_word' id='word_1_503' title='bbox 1791 3384 1889 3430; x_wconf 85' lang='lat' dir='ltr'><strong>causas,</strong></span> <span class='ocrx_word' id='word_1_504' title='bbox 1910 3364 1978 3424; x_wconf 81' lang='lat' dir='ltr'><strong>llos,</strong></span> 
     </span>
     <span class='ocr_line' id='line_1_86' title="bbox 1306 3455 1979 3527; baseline 0.004 -16"><span class='ocrx_word' id='word_1_505' title='bbox 1306 3457 1396 3511; x_wconf 79' lang='lat' dir='ltr'><strong>clsss&#39;</strong></span> <span class='ocrx_word' id='word_1_506' title='bbox 1417 3459 1446 3513; x_wconf 89' lang='grc'><strong>64</strong></span> <span class='ocrx_word' id='word_1_507' title='bbox 1469 3473 1503 3522; x_wconf 85' lang='grc'><strong>6.,</strong></span> <span class='ocrx_word' id='word_1_508' title='bbox 1525 3473 1543 3512; x_wconf 83' lang='grc'><strong>6</strong></span> <span class='ocrx_word' id='word_1_509' title='bbox 1569 3457 1626 3514; x_wconf 87' lang='lat' dir='ltr'><strong>[leo</strong></span> <span class='ocrx_word' id='word_1_510' title='bbox 1649 3456 1806 3515; x_wconf 89' lang='lat' dir='ltr'><strong>clementer</strong></span> <span class='ocrx_word' id='word_1_511' title='bbox 1828 3455 1979 3527; x_wconf 74' lang='lat' dir='ltr'><strong>castigantur.</strong></span> 
     </span>
     <span class='ocr_line' id='line_1_87' title="bbox 1308 3543 1981 3617; baseline -0.007 -17"><span class='ocrx_word' id='word_1_512' title='bbox 1308 3545 1396 3610; x_wconf 87' lang='grc'><strong>3456,</strong></span> <span class='ocrx_word' id='word_1_513' title='bbox 1424 3563 1476 3617; x_wconf 89' lang='lat' dir='ltr'><strong>per</strong></span> <span class='ocrx_word' id='word_1_514' title='bbox 1498 3545 1631 3603; x_wconf 89' lang='lat' dir='ltr'><strong>inlideles</strong></span> <span class='ocrx_word' id='word_1_515' title='bbox 1652 3547 1770 3613; x_wconf 85' lang='lat' dir='ltr'><strong>Turoas,</strong></span> <span class='ocrx_word' id='word_1_516' title='bbox 1793 3548 1941 3603; x_wconf 80' lang='grc'><strong>86666666</strong></span> <span class='ocrx_word' id='word_1_517' title='bbox 1960 3543 1981 3597; x_wconf 87' lang='grc'><strong>64</strong></span> 
     </span>
     <span class='ocr_line' id='line_1_88' title="bbox 1309 3630 1981 3708; baseline -0.01 -18"><span class='ocrx_word' id='word_1_518' title='bbox 1309 3634 1391 3694; x_wconf 88' lang='lat' dir='ltr'><strong>alios.</strong></span> <span class='ocrx_word' id='word_1_519' title='bbox 1406 3636 1506 3701; x_wconf 87' lang='grc'><strong>4484;</strong></span> <span class='ocrx_word' id='word_1_520' title='bbox 1522 3637 1571 3692; x_wconf 84' lang='grc'><strong>664</strong></span> <span class='ocrx_word' id='word_1_521' title='bbox 1592 3634 1722 3708; x_wconf 87' lang='lat' dir='ltr'><strong>perlecti.</strong></span> <span class='ocrx_word' id='word_1_522' title='bbox 1747 3636 1777 3692; x_wconf 92' lang='lat' dir='ltr'><strong>iu</strong></span> <span class='ocrx_word' id='word_1_523' title='bbox 1799 3630 1981 3692; x_wconf 80' lang='lat' dir='ltr'><strong>adversitatibus</strong></span> 
     </span>
     <span class='ocr_line' id='line_1_89' title="bbox 1308 3717 1980 3797; baseline -0.012 -19"><span class='ocrx_word' id='word_1_524' title='bbox 1308 3722 1391 3795; x_wconf 89' lang='lat' dir='ltr'><strong>qussi</strong></span> <span class='ocrx_word' id='word_1_525' title='bbox 1407 3722 1437 3777; x_wconf 89' lang='lat' dir='ltr'><strong>in</strong></span> <span class='ocrx_word' id='word_1_526' title='bbox 1458 3723 1596 3778; x_wconf 87' lang='lat' dir='ltr'><strong>omnibus</strong></span> <span class='ocrx_word' id='word_1_527' title='bbox 1615 3722 1725 3778; x_wconf 89' lang='lat' dir='ltr'><strong>divitiis</strong></span> <span class='ocrx_word' id='word_1_528' title='bbox 1745 3723 1901 3797; x_wconf 77' lang='lat' dir='ltr'><strong>gloriantur,</strong></span> <span class='ocrx_word' id='word_1_529' title='bbox 1913 3717 1980 3775; x_wconf 85' lang='grc'><strong>4346</strong></span> 
     </span>
     <span class='ocr_line' id='line_1_90' title="bbox 1307 3806 1980 3884; baseline -0.013 -16"><span class='ocrx_word' id='word_1_530' title='bbox 1307 3844 1343 3855; x_wconf 93' lang='grc'><strong>-</strong></span> <span class='ocrx_word' id='word_1_531' title='bbox 1358 3813 1390 3868; x_wconf 88' lang='grc'><strong>46</strong></span> <span class='ocrx_word' id='word_1_532' title='bbox 1406 3812 1462 3869; x_wconf 84' lang='grc'><strong>466</strong></span> <span class='ocrx_word' id='word_1_533' title='bbox 1476 3811 1591 3879; x_wconf 89' lang='lat' dir='ltr'><strong>mundi,</strong></span> <span class='ocrx_word' id='word_1_534' title='bbox 1600 3812 1685 3884; x_wconf 90' lang='lat' dir='ltr'><strong>pauci</strong></span> <span class='ocrx_word' id='word_1_535' title='bbox 1700 3817 1788 3870; x_wconf 91' lang='lat' dir='ltr'><strong>erunt</strong></span> <span class='ocrx_word' id='word_1_536' title='bbox 1800 3813 1877 3869; x_wconf 87' lang='lat' dir='ltr'><strong>tidem</strong></span> <span class='ocrx_word' id='word_1_537' title='bbox 1890 3806 1980 3866; x_wconf 84' lang='lat' dir='ltr'><strong>catholi-</strong></span> 
     </span>
     <span class='ocr_line' id='line_1_91' title="bbox 1308 3900 1814 3974; baseline -0.004 -16"><span class='ocrx_word' id='word_1_538' title='bbox 1308 3919 1374 3958; x_wconf 91' lang='lat' dir='ltr'><strong>cam</strong></span> <span class='ocrx_word' id='word_1_539' title='bbox 1389 3900 1504 3974; x_wconf 89' lang='lat' dir='ltr'><strong>publice</strong></span> <span class='ocrx_word' id='word_1_540' title='bbox 1519 3901 1700 3963; x_wconf 80' lang='lat' dir='ltr'><strong>confitentes.</strong></span> <span class='ocrx_word' id='word_1_541' title='bbox 1715 3903 1767 3958; x_wconf 93' lang='grc'><strong>404</strong></span> <span class='ocrx_word' id='word_1_542' title='bbox 1775 3903 1814 3957; x_wconf 88' lang='lat' dir='ltr'><strong>D’.</strong></span> 
     </span>
    </p>

    <p class='ocr_par' dir='ltr' id='par_1_12' title="bbox 1307 3981 1983 5395">
     <span class='ocr_line' id='line_1_92' title="bbox 1344 3981 1980 4061; baseline -0.011 -15"><span class='ocrx_word' id='word_1_543' title='bbox 1344 3993 1433 4046; x_wconf 85' lang='grc'><strong>46466</strong></span> <span class='ocrx_word' id='word_1_544' title='bbox 1459 4007 1528 4046; x_wconf 86' lang='grc'><strong>6666</strong></span> <span class='ocrx_word' id='word_1_545' title='bbox 1554 4007 1589 4047; x_wconf 81' lang='lat' dir='ltr'><strong>en</strong></span> <span class='ocrx_word' id='word_1_546' title='bbox 1616 3989 1762 4061; x_wconf 88' lang='lat' dir='ltr'><strong>spirituali</strong></span> <span class='ocrx_word' id='word_1_547' title='bbox 1789 3989 1922 4047; x_wconf 86' lang='lat' dir='ltr'><strong>dilectione</strong></span> <span class='ocrx_word' id='word_1_548' title='bbox 1944 3981 1980 4038; x_wconf 85' lang='lat' dir='ltr'><strong>llci</strong></span> 
     </span>
     <span class='ocr_line' id='line_1_93' title="bbox 1308 4071 1980 4152; baseline -0.009 -17"><span class='ocrx_word' id='word_1_549' title='bbox 1308 4080 1415 4136; x_wconf 89' lang='lat' dir='ltr'><strong>debent</strong></span> <span class='ocrx_word' id='word_1_550' title='bbox 1434 4079 1618 4152; x_wconf 78' lang='lat' dir='ltr'><strong>principiam,</strong></span> <span class='ocrx_word' id='word_1_551' title='bbox 1634 4080 1733 4144; x_wconf 74' lang='grc'><strong>5408,</strong></span> <span class='ocrx_word' id='word_1_552' title='bbox 1750 4096 1807 4136; x_wconf 91' lang='grc'><strong>666</strong></span> <span class='ocrx_word' id='word_1_553' title='bbox 1825 4078 1907 4134; x_wconf 85' lang='lat' dir='ltr'><strong>solum</strong></span> <span class='ocrx_word' id='word_1_554' title='bbox 1923 4071 1980 4129; x_wconf 89' lang='lat' dir='ltr'><strong>ami·</strong></span> 
     </span>
     <span class='ocr_line' id='line_1_94' title="bbox 1308 4165 1980 4241; baseline -0.007 -16"><span class='ocrx_word' id='word_1_555' title='bbox 1308 4186 1367 4235; x_wconf 89' lang='lat' dir='ltr'><strong>cos,</strong></span> <span class='ocrx_word' id='word_1_556' title='bbox 1390 4171 1442 4225; x_wconf 90' lang='lat' dir='ltr'><strong>sed</strong></span> <span class='ocrx_word' id='word_1_557' title='bbox 1463 4168 1600 4224; x_wconf 86' lang='lat' dir='ltr'><strong>inimicos</strong></span> <span class='ocrx_word' id='word_1_558' title='bbox 1620 4184 1736 4241; x_wconf 84' lang='lat' dir='ltr'><strong>quoque</strong></span> <span class='ocrx_word' id='word_1_559' title='bbox 1760 4168 1879 4241; x_wconf 75' lang='lat' dir='ltr'><strong>diligere,</strong></span> <span class='ocrx_word' id='word_1_560' title='bbox 1891 4165 1941 4226; x_wconf 86' lang='grc'><strong>234,</strong></span> <span class='ocrx_word' id='word_1_561' title='bbox 1955 4177 1980 4216; x_wconf 78' lang='lat' dir='ltr'><strong>st</strong></span> 
     </span>
     <span class='ocr_line' id='line_1_95' title="bbox 1309 4251 1980 4330; baseline -0.015 -16"><span class='ocrx_word' id='word_1_562' title='bbox 1309 4259 1431 4330; x_wconf 89' lang='lat' dir='ltr'><strong>proinde</strong></span> <span class='ocrx_word' id='word_1_563' title='bbox 1450 4257 1613 4314; x_wconf 83' lang='lat' dir='ltr'><strong>infidelium</strong></span> <span class='ocrx_word' id='word_1_564' title='bbox 1633 4261 1734 4330; x_wconf 87' lang='lat' dir='ltr'><strong>optare</strong></span> <span class='ocrx_word' id='word_1_565' title='bbox 1755 4255 1946 4314; x_wconf 88' lang='lat' dir='ltr'><strong>conversionem</strong></span> <span class='ocrx_word' id='word_1_566' title='bbox 1959 4251 1980 4304; x_wconf 89' lang='lat' dir='ltr'><strong>et</strong></span> 
     </span>
     <span class='ocr_line' id='line_1_96' title="bbox 1309 4338 1980 4414; baseline -0.012 -12"><span class='ocrx_word' id='word_1_567' title='bbox 1309 4347 1443 4408; x_wconf 85' lang='lat' dir='ltr'><strong>salutem,</strong></span> <span class='ocrx_word' id='word_1_568' title='bbox 1458 4348 1509 4402; x_wconf 89' lang='grc'><strong>244</strong></span> <span class='ocrx_word' id='word_1_569' title='bbox 1519 4347 1548 4411; x_wconf 93' lang='grc'><strong>6,</strong></span> <span class='ocrx_word' id='word_1_570' title='bbox 1563 4351 1592 4403; x_wconf 88' lang='grc'><strong>64</strong></span> <span class='ocrx_word' id='word_1_571' title='bbox 1609 4350 1671 4403; x_wconf 88' lang='lat' dir='ltr'><strong>tam</strong></span> <span class='ocrx_word' id='word_1_572' title='bbox 1691 4343 1888 4404; x_wconf 88' lang='lat' dir='ltr'><strong>innumerabili</strong></span> <span class='ocrx_word' id='word_1_573' title='bbox 1900 4338 1980 4414; x_wconf 88' lang='lat' dir='ltr'><strong>populo</strong></span> 
     </span>
     <span class='ocr_line' id='line_1_97' title="bbox 1310 4427 1980 4508; baseline -0.013 -17"><span class='ocrx_word' id='word_1_574' title='bbox 1310 4437 1537 4492; x_wconf 87' lang='lat' dir='ltr'><strong>Sarracenorum</strong></span> <span class='ocrx_word' id='word_1_575' title='bbox 1561 4436 1715 4494; x_wconf 88' lang='lat' dir='ltr'><strong>condolere</strong></span> <span class='ocrx_word' id='word_1_576' title='bbox 1738 4435 1872 4508; x_wconf 90' lang='lat' dir='ltr'><strong>pereunti,</strong></span> <span class='ocrx_word' id='word_1_577' title='bbox 1888 4431 1929 4487; x_wconf 89' lang='grc'><strong>244</strong></span> <span class='ocrx_word' id='word_1_578' title='bbox 1937 4427 1980 4482; x_wconf 83' lang='grc'><strong>.4’;</strong></span> 
     </span>
     <span class='ocr_line' id='line_1_98' title="bbox 1308 4522 1981 4582; baseline -0.01 0"><span class='ocrx_word' id='word_1_579' title='bbox 1308 4528 1448 4582; x_wconf 83' lang='grc'><strong>66666466</strong></span> <span class='ocrx_word' id='word_1_580' title='bbox 1466 4524 1545 4580; x_wconf 88' lang='lat' dir='ltr'><strong>enim</strong></span> <span class='ocrx_word' id='word_1_581' title='bbox 1565 4541 1614 4582; x_wconf 90' lang='lat' dir='ltr'><strong>eos</strong></span> <span class='ocrx_word' id='word_1_582' title='bbox 1628 4527 1665 4582; x_wconf 89' lang='lat' dir='ltr'><strong>ad</strong></span> <span class='ocrx_word' id='word_1_583' title='bbox 1680 4525 1824 4582; x_wconf 86' lang='lat' dir='ltr'><strong>Christum</strong></span> <span class='ocrx_word' id='word_1_584' title='bbox 1842 4522 1981 4579; x_wconf 73' lang='lat' dir='ltr'><strong>convertere.</strong></span> 
     </span>
     <span class='ocr_line' id='line_1_99' title="bbox 1308 4605 1982 4686; baseline -0.018 -14"><span class='ocrx_word' id='word_1_585' title='bbox 1308 4612 1456 4672; x_wconf 88' lang='lat' dir='ltr'><strong>caritative</strong></span> <span class='ocrx_word' id='word_1_586' title='bbox 1466 4616 1566 4686; x_wconf 77' lang='lat' dir='ltr'><strong>agunt,</strong></span> <span class='ocrx_word' id='word_1_587' title='bbox 1578 4615 1669 4670; x_wconf 83' lang='grc'><strong>20344.</strong></span> <span class='ocrx_word' id='word_1_588' title='bbox 1680 4645 1716 4655; x_wconf 93' lang='grc'>-</span> <span class='ocrx_word' id='word_1_589' title='bbox 1731 4615 1825 4671; x_wconf 87' lang='lat' dir='ltr'><strong>Parati</strong></span> <span class='ocrx_word' id='word_1_590' title='bbox 1838 4628 1883 4685; x_wconf 91' lang='lat' dir='ltr'><strong>pro</strong></span> <span class='ocrx_word' id='word_1_591' title='bbox 1895 4605 1982 4663; x_wconf 85' lang='lat' dir='ltr'><strong>Christo</strong></span> 
     </span>
     <span class='ocr_line' id='line_1_100' title="bbox 1309 4693 1981 4774; baseline -0.015 -16"><span class='ocrx_word' id='word_1_592' title='bbox 1309 4702 1501 4768; x_wconf 75' lang='lat' dir='ltr'><strong>mori,5lth&#39;‚</strong></span> <span class='ocrx_word' id='word_1_593' title='bbox 1510 4719 1639 4774; x_wconf 78' lang='lat' dir='ltr'><strong>pugnare</strong></span> <span class='ocrx_word' id='word_1_594' title='bbox 1651 4703 1759 4759; x_wconf 90' lang='lat' dir='ltr'><strong>debent</strong></span> <span class='ocrx_word' id='word_1_595' title='bbox 1772 4705 1866 4759; x_wconf 85' lang='lat' dir='ltr'><strong>contra</strong></span> <span class='ocrx_word' id='word_1_596' title='bbox 1877 4693 1981 4754; x_wconf 79' lang='lat' dir='ltr'><strong>inimicos</strong></span> 
     </span>
     <span class='ocr_line' id='line_1_101' title="bbox 1308 4788 1982 4863; baseline -0.009 -15"><span class='ocrx_word' id='word_1_597' title='bbox 1308 4791 1452 4857; x_wconf 73' lang='lat' dir='ltr'><strong>Ecclesiae,</strong></span> <span class='ocrx_word' id='word_1_598' title='bbox 1475 4791 1575 4856; x_wconf 83' lang='grc'><strong>5166,</strong></span> <span class='ocrx_word' id='word_1_599' title='bbox 1601 4791 1630 4846; x_wconf 90' lang='grc'><strong>46</strong></span> <span class='ocrx_word' id='word_1_600' title='bbox 1659 4792 1716 4848; x_wconf 85' lang='grc'><strong>066</strong></span> <span class='ocrx_word' id='word_1_601' title='bbox 1740 4788 1982 4863; x_wconf 67' lang='lat' dir='ltr'><strong>principaliores</strong></span> 
     </span>
     <span class='ocr_line' id='line_1_102' title="bbox 1309 4868 1983 4952; baseline -0.016 -14"><span class='ocrx_word' id='word_1_602' title='bbox 1309 4885 1416 4939; x_wconf 88' lang='lat' dir='ltr'><strong>rantes.</strong></span> <span class='ocrx_word' id='word_1_603' title='bbox 1433 4878 1649 4952; x_wconf 85' lang='lat' dir='ltr'><strong>quantumlibet</strong></span> <span class='ocrx_word' id='word_1_604' title='bbox 1663 4879 1748 4936; x_wconf 92' lang='lat' dir='ltr'><strong>mulli</strong></span> <span class='ocrx_word' id='word_1_605' title='bbox 1763 4884 1792 4936; x_wconf 91' lang='lat' dir='ltr'><strong>et</strong></span> <span class='ocrx_word' id='word_1_606' title='bbox 1805 4875 1902 4937; x_wconf 91' lang='lat' dir='ltr'><strong>robusti</strong></span> <span class='ocrx_word' id='word_1_607' title='bbox 1913 4868 1983 4930; x_wconf 85' lang='lat' dir='ltr'><strong>oonsi-</strong></span> 
     </span>
     <span class='ocr_line' id='line_1_103' title="bbox 1309 4964 1983 5043; baseline -0.018 -15"><span class='ocrx_word' id='word_1_608' title='bbox 1309 4976 1387 5028; x_wconf 89' lang='lat' dir='ltr'><strong>slant</strong></span> <span class='ocrx_word' id='word_1_609' title='bbox 1400 4970 1567 5035; x_wconf 87' lang='lat' dir='ltr'><strong>adversarii,</strong></span> <span class='ocrx_word' id='word_1_610' title='bbox 1582 4971 1675 5034; x_wconf 85' lang='grc'><strong>54314,</strong></span> <span class='ocrx_word' id='word_1_611' title='bbox 1692 4985 1869 5043; x_wconf 85' lang='lat' dir='ltr'><strong>nequaqnam</strong></span> <span class='ocrx_word' id='word_1_612' title='bbox 1882 4964 1983 5022; x_wconf 86' lang='grc'><strong>44444466·</strong></span> 
     </span>
     <span class='ocr_line' id='line_1_104' title="bbox 1308 5049 1982 5131; baseline -0.013 -16"><span class='ocrx_word' id='word_1_613' title='bbox 1308 5063 1359 5124; x_wconf 88' lang='lat' dir='ltr'><strong>tes,</strong></span> <span class='ocrx_word' id='word_1_614' title='bbox 1375 5059 1399 5115; x_wconf 90' lang='lat' dir='ltr'><strong>si</strong></span> <span class='ocrx_word' id='word_1_615' title='bbox 1420 5060 1568 5116; x_wconf 89' lang='lat' dir='ltr'><strong>interdum</strong></span> <span class='ocrx_word' id='word_1_616' title='bbox 1589 5059 1620 5115; x_wconf 94' lang='lat' dir='ltr'><strong>in</strong></span> <span class='ocrx_word' id='word_1_617' title='bbox 1639 5059 1749 5131; x_wconf 80' lang='lat' dir='ltr'><strong>praeliis</strong></span> <span class='ocrx_word' id='word_1_618' title='bbox 1767 5057 1862 5116; x_wconf 87' lang='lat' dir='ltr'><strong>eontra</strong></span> <span class='ocrx_word' id='word_1_619' title='bbox 1882 5049 1982 5110; x_wconf 78' lang='lat' dir='ltr'><strong>infideles</strong></span> 
     </span>
     <span class='ocr_line' id='line_1_105' title="bbox 1308 5145 1980 5214; baseline -0.018 -8"><span class='ocrx_word' id='word_1_620' title='bbox 1308 5150 1511 5214; x_wconf 80' lang='grc'><strong>6666666664,</strong></span> <span class='ocrx_word' id='word_1_621' title='bbox 1525 5149 1625 5204; x_wconf 71' lang='grc'><strong>5434.</strong></span> <span class='ocrx_word' id='word_1_622' title='bbox 1640 5179 1676 5190; x_wconf 93' lang='grc'>-</span> <span class='ocrx_word' id='word_1_623' title='bbox 1690 5147 1771 5206; x_wconf 87' lang='grc'><strong>446144</strong></span> <span class='ocrx_word' id='word_1_624' title='bbox 1790 5145 1980 5204; x_wconf 84' lang='lat' dir='ltr'><strong>Cluistianomu</strong></span> 
     </span>
     <span class='ocr_line' id='line_1_106' title="bbox 1310 5222 1981 5312; baseline -0.009 -19"><span class='ocrx_word' id='word_1_625' title='bbox 1310 5239 1399 5312; x_wconf 89' lang='lat' dir='ltr'><strong>impie</strong></span> <span class='ocrx_word' id='word_1_626' title='bbox 1413 5237 1522 5301; x_wconf 88' lang='lat' dir='ltr'><strong>vivunt,</strong></span> <span class='ocrx_word' id='word_1_627' title='bbox 1539 5235 1609 5309; x_wconf 89' lang='lat' dir='ltr'><strong>quia</strong></span> <span class='ocrx_word' id='word_1_628' title='bbox 1626 5236 1711 5293; x_wconf 88' lang='lat' dir='ltr'><strong>malti</strong></span> <span class='ocrx_word' id='word_1_629' title='bbox 1730 5241 1800 5293; x_wconf 88' lang='lat' dir='ltr'><strong>sunt</strong></span> <span class='ocrx_word' id='word_1_630' title='bbox 1817 5233 1905 5296; x_wconf 89' lang='lat' dir='ltr'><strong>vocati,</strong></span> <span class='ocrx_word' id='word_1_631' title='bbox 1919 5222 1981 5302; x_wconf 72' lang='lat' dir='ltr'><strong>pauci</strong></span> 
     </span>
     <span class='ocr_line' id='line_1_107' title="bbox 1307 5315 1981 5395; baseline -0.003 -11"><span class='ocrx_word' id='word_1_632' title='bbox 1307 5343 1376 5386; x_wconf 88' lang='lat' dir='ltr'><strong>vero</strong></span> <span class='ocrx_word' id='word_1_633' title='bbox 1393 5326 1487 5395; x_wconf 86' lang='lat' dir='ltr'><strong>electi,</strong></span> <span class='ocrx_word' id='word_1_634' title='bbox 1502 5327 1592 5385; x_wconf 89' lang='grc'><strong>3444.</strong></span> <span class='ocrx_word' id='word_1_635' title='bbox 1602 5326 1662 5394; x_wconf 71' lang='lat' dir='ltr'><strong>Qui</strong></span> <span class='ocrx_word' id='word_1_636' title='bbox 1682 5328 1719 5384; x_wconf 89' lang='lat' dir='ltr'><strong>ad</strong></span> <span class='ocrx_word' id='word_1_637' title='bbox 1739 5327 1941 5384; x_wconf 76' lang='lat' dir='ltr'><strong>Smncenorum</strong></span> <span class='ocrx_word' id='word_1_638' title='bbox 1955 5315 1981 5372; x_wconf 67' lang='lat' dir='ltr'><strong>lt</strong></span> 
     </span>
    </p>
   </div>
   <div class='ocr_carea' id='block_1_6' title="bbox 0 0 2161 6244">
    <p class='ocr_par' dir='ltr' id='par_1_13' title="bbox 0 0 2161 6244">
     <span class='ocr_line' id='line_1_108' title="bbox 0 0 2161 6244; baseline 0 0"><span class='ocrx_word' id='word_1_639' title='bbox 0 0 2161 6244; x_wconf 95' lang='lat' dir='ltr'><strong> </strong></span> 
     </span>
    </p>
   </div>
  </div>
 </body>
</html>
