4309 6250
171 949 412 1034 luvlcplssruu
422 948 748 1007 rouuuulssmoouu
759 947 999 1006 uomuonuu,
1008 947 1180 998 unctium
1196 949 1239 998 ΕΤ
1254 949 1426 1000 BOHEIIIAE
1439 950 1538 1019 REGI,
1553 949 1719 1000 AUS'I'IIIAE

243 1065 456 1128 Aucflrbucr,
479 1065 562 1116 buci
582 1065 815 1132 BUIIGUNDIAE,
837 1065 930 1132 HIC„
953 1064 1091 1114 DOMINO
1105 1065 1150 1114 Ac
1165 1065 1319 1116 PRINCIPI
1335 1065 1579 1136 euenturum,
1602 1068 1634 1116 1².
1659 1067 1719 1116 Pu-

244 1181 335 1232 uuus
354 1181 593 1231 anonumum
612 1181 821 1248 brunensis,
843 1179 1146 1232 cnutusreuouuu
1169 1181 1205 1230 IN
1228 1181 1381 1232 COLONIA
1403 1181 1525 1252 PRIOR,
1543 1182 1589 1235 Ac
1613 1181 1719 1234 (ΗΒΕΑ

246 1295 399 1348 emnil
414 1296 616 1366 vrsruerou,
638 1295 722 1346 susi:
741 1294 977 1354 onuiussuouu
995 1294 1093 1346 subu
1112 1294 1345 1346 COMMENDAI'.

297 1660 394 1741 longe
414 1677 450 1723 es
467 1656 708 1736 nobilissimus,
735 1655 946 1722 serenissime
964 1656 1049 1736 Rex,
1070 1675 1170 1740 quem
1190 1659 1239 1721 tot
1261 1658 1370 1738 donis,
1391 1659 1441 1722 tot
1459 1659 1651 1742 virtutibus,
1673 1663 1722 1726 tot

299 1767 442 1848 denique
468 1764 672 1844 muneribus,
698 1767 771 1829 tum
794 1765 907 1844 variis,
928 1765 1001 1828 turn
1020 1765 1197 1846 praeclaris,
1220 1765 1366 1848 adeoque
1391 1767 1587 1832 excellenter
1610 1768 1723 1832 divina

168 1874 396 1938 munificentia
415 1873 605 1951 illustravit,
624 1873 662 1935 nt
675 1873 704 1935 si
723 1871 776 1936 vel
795 1872 887 1935 nullo
902 1872 1068 1952 majorum
1086 1871 1190 1954 (quod
1205 1871 1265 1936 tibi
1284 1874 1356 1936 turn
1376 1875 1427 1937 est
1445 1891 1628 1956 summum,
1649 1877 1721 1940 turn

166 1980 449 2061 vetustissimum)
468 1997 558 2043 esses
581 1979 755 2042 stemmate
778 1978 898 2057 clarus,
915 1978 952 2042 tu
974 1979 1080 2041 nihilo
1106 1980 1217 2043 minus
1242 1981 1407 2043 tantarum
1427 1981 1588 2046 virtutum
1614 1983 1722 2047 excel-

167 2089 412 2168 lentiarumque
431 2085 611 2150 eminentia
635 2085 752 2165 eniteS,
767 2087 805 2149 nt
828 2085 970 2166 posterIs
989 2086 1056 2149 tuts
1071 2086 1125 2150 vel
1143 2102 1306 2167 supremae
1325 2084 1508 2150 nobilitatis
1528 2090 1561 2152 et
1581 2089 1721 2170 gloriam

166 2196 258 2259 solus
279 2197 315 2258 et
333 2195 467 2257 initium
485 2192 592 2256 dares.
612 2193 657 2255 At
674 2193 787 2270 modo,
814 2210 919 2274 quum
943 2209 961 2256 e
984 2192 1132 2272 Regibus
1153 2195 1251 2274 alque
1274 2193 1533 2274 Imperatoribus
1556 2195 1603 2260 sis
1626 2199 1723 2261 natus

167 2302 417 2380 illustrissimis,
438 2299 593 2364 simulac
611 2299 715 2380 (quod
731 2299 921 2380 praeclarius
936 2300 999 2380 est)
1011 2300 1082 2362 Deo
1097 2299 1325 2379 deditissimis,
1346 2299 1454 2382 iisque
1469 2302 1526 2382 qui
1545 2302 1637 2366 nulla
1656 2321 1723 2366 non

166 2409 257 2473 fuere
277 2408 402 2471 virtute
421 2406 612 2488 conspicui;
631 2423 736 2487 quum
755 2407 914 2487 praeterea
932 2408 969 2469 tu
987 2423 1119 2486 quoque
1139 2407 1210 2486 ipse
1228 2407 1332 2470 animi
1350 2404 1522 2472 nobIIItate
1541 2424 1608 2472 non
1623 2409 1723 2474 modo

167 2532 313 2597 aquare,
341 2514 577 2578 verumetiam
601 2513 735 2578 eosdem
758 2514 890 2576 vincere
908 2511 1087 2576 contendes
1107 2531 1115 2572 ε
1137 2513 1260 2592 quante
1282 2513 1352 2576 Deo
1375 2511 1511 2593 Optimo
1535 2514 1680 2579 Maximo
1704 2533 1724 2580 a

166 2622 264 2686 nobis
279 2621 419 2686 debetur
432 2621 518 2700 laus,
538 2623 670 2701 quantae
685 2637 745 2702 pro
764 2621 797 2684 te
812 2619 946 2702 agendae
962 2621 1040 2682 sunt
1057 2619 1184 2699 gratiae,
1201 2620 1258 2700 qui
1278 2619 1311 2682 in
1331 2621 1364 2683 te
1381 2636 1449 2682 uno
1468 2621 1535 2684 tam
1550 2623 1725 2702 magnifica

165 2729 252 2792 dona
271 2728 387 2792 suain
401 2727 584 2790 multorum
603 2727 744 2791 salntem
763 2745 802 2789 ac
816 2726 954 2790 tutelam
973 2727 1168 2804 cumulavit,
1190 2729 1287 2808 teque
1307 2743 1381 2789 cum
1405 2726 1504 2791 tratre
1524 2727 1725 2810 Imperatore

165 2832 418 2916 incomparabili
432 2835 595 2915 imperare
611 2833 700 2914 lecit,
712 2851 751 2897 eo
766 2833 950 2915 prasertim
965 2834 1113 2914 tempore
1129 2850 1194 2913 qno
1210 2833 1369 2896 saeculum
1384 2833 1446 2896 hoc
1460 2851 1520 2898 nec
1534 2835 1617 2898 alios
1632 2837 1724 2916 prin-

164 2943 257 3024 cipes
271 2942 472 3021 admitteret,
484 2958 545 3004 nec
561 2941 728 3023 principes
742 2941 799 3003 alii
819 2940 1062 3003 calamitatibus
1075 2939 1129 3002 bis
1143 2939 1290 3003 adversis
1304 2939 1428 3003 mederi
1443 2941 1598 3022 possent?
1608 2943 1724 3024 Itaque

163 3067 230 3113 non
252 3049 326 3131 jam
350 3065 503 3112 recenseo
532 3047 621 3129 quod
644 3046 788 3110 Austriae
812 3046 1026 3126 Archiduces,
1052 3045 1142 3128 quod
1167 3046 1415 3129 Hispaniarum,
1438 3047 1592 3130 Ungariae
1615 3049 1724 3115 Bobe-

164 3158 311 3237 miaeque
331 3156 453 3235 Reges,
476 3155 566 3236 quod
586 3154 730 3235 denique
748 3154 892 3217 Romani
911 3154 1142 3235 Imperatores,
1165 3152 1213 3215 tui
1229 3152 1353 3217 suerint
1368 3156 1520 3235 parentes
1538 3156 1636 3237 atque
1655 3174 1724 3221 ma-

159 3262 274 3344 jores,
294 3280 355 3325 nec
374 3260 457 3324 illud
473 3277 697 3325 commemoro
712 3260 801 3341 quod
816 3260 940 3324 eisdem
959 3278 1042 3341 pene
1061 3260 1172 3340 regnIS
1193 3258 1314 3341 quibus
1336 3260 1398 3339 illi,
1416 3262 1453 3325 tu
1470 3262 1723 3342 potentissimus

162 3370 310 3451 imperas
337 3388 345 3431 :
374 3367 442 3431 imo
460 3384 502 3430 ne
521 3368 585 3431 hoc
610 3366 745 3448 quidem
770 3367 962 3431 meminisse
982 3367 1112 3428 tantum
1137 3366 1226 3443 volo,
1252 3367 1376 3447 quanta
1400 3367 1566 3447 maj0rum
1589 3371 1722 3433 tuorum

161 3494 296 3557 semper
315 3475 415 3538 tuerit
429 3475 615 3553 clementia,
632 3491 706 3554 quae
722 3474 828 3536 virtus
846 3472 899 3537 vel
917 3473 988 3535 sola
1008 3472 1175 3554 principes
1196 3474 1340 3536 maxime
1360 3474 1581 3553 commendat,
1596 3478 1723 3556 quanta

161 3583 245 3646 item
263 3581 434 3660 tortitudo,
450 3582 574 3662 quanta
592 3580 848 3661 magnificentia
864 3580 988 3661 quante
1006 3579 1112 3661 pietas
1131 3578 1165 3641 in
1185 3579 1304 3657 Deum,
1323 3582 1487 3660 quantave
1498 3580 1641 3661 Justitia.
1659 3582 1723 3646 Sed

162 3688 227 3751 hoc
240 3690 386 3766 tantum,
405 3686 495 3768 quod
517 3688 552 3749 in
566 3688 633 3750 tuae
648 3685 756 3749 laudis
774 3685 947 3749 cumulum
963 3686 1042 3767 qula
1054 3685 1191 3763 accedit,
1209 3686 1317 3749 tacere
1331 3702 1472 3767 nequeo,
1493 3688 1550 3769 qui
1570 3687 1648 3751 licet
1664 3706 1724 3753 no-

163 3794 363 3872 bilissimos,
387 3794 533 3876 optimos
555 3794 654 3874 atque
677 3794 769 3857 omni
798 3811 839 3857 er
864 3794 956 3875 parte
979 3793 1132 3856 laudatos
1159 3792 1297 3856 sortitus
1321 3792 1424 3857 fueris
1456 3794 1611 3875 majores,
1640 3796 1723 3860 nulli

161 3904 281 3965 tamen
298 3903 418 3965 horum
440 3902 473 3965 te
497 3902 636 3982 praestas
655 3900 857 3963 interiorem.
877 3900 1007 3963 Horum
1035 3916 1178 3979 namque
1202 3900 1278 3981 quis
1301 3916 1448 3980 unquam
1468 3900 1615 3981 (tametsi
1634 3904 1724 3985 pacis

162 4010 281 4073 essent
297 4025 428 4089 semper
447 4007 669 4071 amantissimi
692 4007 977 4088 tenacissimique)
993 4024 1069 4070 cum
1088 4006 1206 4085 Turca,
1227 4006 1323 4071 hoste
1342 4006 1555 4088 impiissimo,
1577 4026 1724 4091 pugnam

161 4115 384 4180 detrectavit?
397 4115 482 4188 Quis
499 4131 670 4179 conserere
687 4131 806 4177 manus
825 4112 961 4177 timuit?
979 4114 1062 4187 Quis
1077 4114 1222 4194 stragem
1241 4113 1289 4176 illi
1309 4129 1376 4175 non
1391 4112 1528 4177 intulit?
1540 4116 1577 4179 ut
1590 4116 1723 4181 interim

161 4222 287 4286 sileam
305 4222 439 4285 illorum
457 4221 592 4299 multos,
610 4222 683 4284 turn
701 4238 761 4303 pro
775 4220 903 4303 patriae,
922 4224 995 4285 tum
1014 4238 1073 4301 pro
1092 4220 1168 4283 fidei
1188 4219 1391 4297 delensIone,
1410 4222 1542 4303 proprio
1563 4224 1723 4304 sanguine

161 4330 348 4408 maduisse,
367 4327 546 4391 nonnullos
564 4329 664 4391 etiam
684 4329 825 4391 mortem
844 4328 1035 4409 oppetiisse.
1053 4328 1128 4391 Non
1148 4328 1277 4390 minora
1297 4328 1338 4389 de
1356 4328 1389 4391 te
1408 4329 1650 4411 exspectamus,
1665 4332 1724 4412 qui

160 4436 391 4502 truculentum
406 4436 584 4515 tyrannum
603 4436 703 4498 etiarn
718 4433 820 4497 audes
838 4451 1017 4515 provocare
1037 4435 1077 4497 ad
1093 4452 1250 4517 pugnam,
1267 4435 1324 4515 qui
1345 4435 1541 4500 meticuloso
1565 4439 1721 4517 occurriS,

161 4544 350 4625 fugientem
368 4541 565 4624 insequeris,
587 4543 686 4623 atque
700 4543 735 4604 in
748 4544 781 4604 te
800 4558 866 4605 uno
890 4541 1076 4619 MatthIam,
1097 4541 1360 4621 sigismundum,
1377 4541 1599 4623 FrederIcum,
1615 4546 1722 4608 Maxi-

160 4653 355 4729 milianum,
374 4650 483 4731 Reges
501 4668 538 4713 ac
552 4650 773 4731 Imperatores
789 4666 870 4711 avos
886 4650 975 4727 tuos,
995 4648 1092 4711 nobis
1112 4648 1225 4711 refers.
1242 4649 1324 4711 Eam
1345 4648 1471 4711 obrem
1491 4650 1724 4715 christianissi-

160 4776 240 4821 mus
262 4758 363 4837 atque
387 4756 638 4837 potentissimus
661 4772 777 4837 regum
803 4754 973 4835 Princeps,
999 4754 1100 4817 frater
1126 4756 1203 4817 tuus
1227 4754 1364 4819 Carolus
1392 4756 1587 4837 Imperator,
1609 4760 1722 4821 contra

159 4863 435 4946 impurlssimum
454 4862 595 4927 Tuream
620 4880 661 4927 ex
684 4863 829 4945 Ungaria
847 4861 1101 4938 deturbandum‚
1129 4878 1204 4923 cum
1231 4861 1387 4925 omnibus
1410 4879 1493 4943 pene
1511 4862 1721 4945 Principibus

159 4970 367 5047 Germaniae,
387 4968 450 5032 tibi
467 4970 643 5034 adsistunt.
669 4970 707 5033 In
729 4986 794 5051 qua
813 4986 848 5032 re
867 4968 997 5031 nullum
1015 4968 1213 5031 sacrificium
1233 4967 1415 5049 pulchrius,
1433 4968 1563 5033 nullum
1581 4974 1720 5051 possunt

159 5078 234 5142 Deo
250 5077 381 5141 cultum
395 5076 550 5140 exhibere
563 5076 735 5157 majorem.
746 5077 881 5139 Utinam
895 5078 1007 5139 temen
1026 5076 1108 5138 olim
1127 5076 1215 5156 quod
1231 5075 1330 5138 modo
1350 5078 1450 5155 agunt
1464 5076 1634 5157 Principes
1653 5095 1719 5140 nno

160 5186 292 5263 animo,
311 5200 381 5247 uno
401 5182 533 5264 agmine
553 5184 659 5265 copiis
677 5186 710 5248 et
728 5182 855 5246 viribus
878 5182 1042 5259 adunatis,
1065 5182 1099 5244 in
1119 5182 1280 5263 perfidum
1304 5182 1412 5261 illurn,
1439 5178 1515 5246 fidei
1535 5184 1721 5247 christianae

160 5292 298 5357 hostem
310 5290 568 5371 atrocissimum,
579 5308 671 5355 arma
684 5290 877 5368 movissent,
887 5289 968 5353 dum
985 5289 1113 5353 viribus
1127 5290 1233 5353 multo
1250 5306 1349 5371 quam
1362 5306 1449 5353 nunc
1465 5291 1534 5354 crat
1547 5290 1719 5355 infirmior.

179 1539 300 1844 SI
314 1552 407 1616 nulla
422 1553 473 1616 est
487 1549 646 1616 nobilitas
658 1550 908 1632 majoresque
924 1567 965 1614 ex
978 1550 1159 1615 virtutibus
1178 1553 1399 1634 comparatur,
1414 1553 1501 1618 certe
1516 1554 1666 1620 omnium
1685 1557 1722 1620 tu
