4309 6250
474 474 594 524 oomni
614 473 784 522 rxarromx
803 472 977 528 nanousrr,
1001 473 1092 520 arasa
1114 475 1146 521 ιι.
1169 492 1210 504 -
1231 475 1301 522 ιιι.
1324 471 1412 522 xxxu
1658 457 1718 523 tto

166 651 242 707 runt
260 644 377 726 loseph
398 644 432 707 in
446 643 579 727 AEgypto
593 643 753 726 Putiphari
767 643 916 707 eunucho
931 644 957 708 Α
971 644 1071 708 iacies
1088 647 1207 708 vestrat
1219 645 1461 728 Responderunt
1475 646 1660 712 :Somnium
1675 645 1720 708 vi·

165 742 351 820 Pharaonis,
368 743 521 824 magistro
541 743 692 805 militum.
970 743 1088 823 dimus,
1104 752 1136 806 et
1149 763 1213 808 non
1234 753 1281 806 est
1299 745 1353 825 qui
1374 745 1599 828 interpretetur
1613 744 1717 816 nobis.

78 865 151 899 mn.
205 841 340 923 Puitque
364 842 517 905 Dominus
545 860 620 905 cum
641 841 768 924 Josepb,
794 849 827 903 et
849 848 917 904 erat
970 840 1115 924 Dixitque
1143 842 1258 924 Josepb
1285 866 1292 904 :
1319 841 1478 924 Numquid
1504 863 1567 908 non
1593 843 1648 906 llei
1672 849 1721 904 est

165 939 217 1002 vir
231 939 266 1000 in
281 940 406 1002 cunctis
423 959 576 1024 prospere
590 959 688 1022 agens
705 963 712 1000 ε
730 940 815 1020 quod
833 940 916 1022 opti·
970 939 1211 1024 interpretatiot
1227 940 1353 1004 lielerte
1376 941 1454 1004 mihi
1470 942 1547 1023 qnid
1562 941 1717 1005 videritis.

163 1057 217 1100 me
241 1047 375 1102 noverat
398 1039 548 1102 dominus
576 1038 659 1120 ejus,
684 1046 715 1100 et
743 1038 916 1120 preposuit
971 1035 1116 1100 Narravit
1152 1037 1340 1120 prepositus
1375 1039 1601 1120 pincernarum
1637 1057 1721 1102 som·

162 1154 239 1198 eum
253 1136 403 1200 omnibus
418 1155 488 1218 que
502 1136 650 1214 habebat,
663 1135 916 1218 gubernavitque
970 1136 1058 1198 nium
1084 1156 1188 1216 suum,
1205 1137 1316 1200 dicens
1334 1161 1341 1200 ι
1358 1137 1510 1201 Videbam
1537 1157 1643 1202 corern
1669 1156 1720 1200 me

163 1235 283 1317 Josepb
297 1235 450 1298 creditam
465 1235 526 1298 sibi
541 1235 690 1314 domnm3
706 1243 738 1297 et
752 1234 919 1297 benedixit
970 1234 1068 1297 vitem
1089 1234 1122 1297 in
1143 1254 1206 1317 qna
1230 1243 1321 1298 erant
1342 1243 1405 1298 tras
1425 1237 1628 1319 propagines,
1645 1236 1722 1300 cali·

163 1333 248 1395 Deus
261 1333 408 1416 AEgyptio
423 1342 554 1416 propter
571 1333 699 1416 loseph,
715 1340 748 1394 et
762 1331 915 1414 multipli·
970 1352 1105 1416 cemque
1118 1333 1291 1398 Pharaonis
1306 1334 1339 1396 in
1355 1353 1450 1397 manu
1466 1355 1547 1398 mea.
1558 1334 1627 1400 Tuli
1645 1353 1720 1416 ergo

164 1432 253 1494 cavit
274 1440 422 1495 cunctam
443 1432 514 1514 ejus
535 1430 756 1494 substantiam.
773 1431 847 1494 Erat
861 1450 916 1492 au·
970 1451 1059 1510 uvas,
1086 1441 1119 1494 et
1146 1433 1287 1515 expressi
1317 1433 1350 1494 in
1376 1433 1520 1512 calicem,
1548 1442 1579 1497 et
1603 1434 1719 1497 tradidi

164 1540 230 1593 tem
252 1531 368 1612 loseph
390 1528 524 1612 pulchra
546 1529 641 1609 lacie,
657 1537 689 1592 et
707 1529 843 1592 decorus
861 1529 916 1592 ad·
969 1532 1120 1612 poculum
1137 1531 1302 1596 Pharaoni.
1315 1531 1488 1614 Respondit
1502 1532 1617 1614 Josepb
1631 1532 1719 1596 :llaec

162 1637 288 1711 spectu.
318 1629 392 1692 Post
417 1630 537 1693 multos
566 1629 673 1712 itaque
701 1628 770 1692 dies
804 1627 916 1709 injecit
969 1638 1018 1692 est
1033 1629 1252 1713 interpretatio
1268 1630 1383 1694 somnii
1401 1654 1407 1692 ι
1425 1631 1500 1694 Tres
1515 1631 1718 1715 propagines,

161 1728 296 1791 domina
310 1747 369 1790 sua
381 1728 492 1792 oculos
511 1747 586 1792 suos
604 1727 639 1790 in
654 1727 782 1808 loseph,
798 1735 830 1790 et
844 1727 912 1789 ait:
971 1736 1034 1791 tres
1059 1729 1162 1791 adhuc
1187 1728 1256 1791 dies
1278 1737 1362 1807 sunt,
1381 1736 1454 1812 post
1474 1747 1553 1811 quos
1575 1731 1720 1793 recorda·

160 1826 271 1890 llormi
301 1845 440 1890 mecum.
470 1825 529 1900 Qui
558 1844 759 1908 nequaquam
787 1820 952 1907 acquic-B
971 1826 1057 1890 bitur
1085 1827 1204 1890 Pharao
1228 1827 1398 1890 ministerii
1428 1827 1486 1906 tui,
1512 1827 1719 1911 restituetque

160 1944 257 1988 scens
278 1924 368 2006 operi
390 1924 524 2002 nelarie,
544 1923 624 1987 dixit
641 1947 648 1986 ε
665 1925 747 1986 Ecce
765 1924 915 1988 dominus
970 1933 1002 1987 te
1024 1924 1057 1986 in
1077 1925 1212 2006 gradum
1232 1925 1425 2008 pristinum,
1440 1925 1596 2007 dabisque
1615 1925 1644 1989 ei
1666 1944 1721 2008 po-

160 2043 256 2086 meus
270 2023 381 2086 omnia
395 2042 452 2086 sua
467 2022 597 2086 tradidit
611 2022 645 2084 in
659 2030 816 2105 potestate
831 2041 912 2100 mea,
971 2032 1050 2101 tum,
1067 2023 1150 2086 sicut
1171 2031 1263 2087 antea
1287 2023 1392 2086 lacere
1417 2023 1623 2087 consuevisti.
1641 2025 1720 2087 Tan-

160 2133 282 2206 praeter
304 2132 348 2204 ta,
369 2141 441 2204 quas
469 2141 548 2186 uxor
570 2121 642 2204 ejus
665 2140 700 2184 es
724 2145 731 2184 :
755 2123 915 2202 quomodo
972 2131 1039 2184 tum
1055 2129 1216 2186 memento
1231 2123 1306 2200 mei,
1322 2141 1422 2206 quum
1437 2123 1519 2186 bene
1534 2123 1592 2186 tibi
1608 2122 1718 2204 luerit,

160 2241 241 2304 ergo
256 2241 387 2304 possum
402 2221 462 2284 boc
477 2219 597 2283 malum
612 2220 768 2301 tacere,et
782 2238 915 2301 peccare
972 2229 1006 2282 ut
1020 2239 1172 2302 suggeras
1188 2221 1340 2285 Pharaoni
1356 2229 1391 2284 ut
1412 2221 1526 2284 educat
1540 2240 1592 2284 me
1606 2223 1644 2284 de
1659 2222 1720 2286 isto

162 2321 197 2382 in
213 2321 315 2384 Deum
337 2322 465 2383 menml
480 2319 708 2402 llujuscemodi
730 2319 837 2383 verbis
859 2339 917 2402 per
972 2338 1110 2396 carcere,
1123 2318 1198 2401 quia
1213 2317 1323 2382 furtim
1338 2319 1481 2383 sublatus
1497 2339 1568 2384 sum
1582 2321 1622 2384 de
1637 2329 1720 2385 terra

31 2439 101 2480 aaa,
111 2438 146 2480 ro
162 2419 310 2500 singulos
323 2419 393 2482 dies
407 2418 641 2500 loquebantur*
654 2441 663 2495 3
679 2427 711 2480 et
725 2418 839 2480 mulier
852 2437 917 2482 mo
971 2418 1184 2496 Hebraeorum,
1195 2426 1226 2480 et
1240 2417 1292 2481 hic
1308 2419 1462 2482 innocens
1476 2417 1509 2480 in
1525 2417 1630 2482 lacurn
1645 2419 1721 2481 mis-

22 2501 118 2554 ’ΜΨ
161 2519 246 2580 lesta
265 2525 334 2580 arat
353 2517 561 2595 adolescenti,
577 2516 633 2579 ille
654 2535 730 2580 vero
750 2516 916 2579 recusabat
971 2535 1025 2578 sus
1047 2535 1128 2578 sum.
1146 2515 1263 2578 Videns
1283 2516 1440 2598 pistorum
1464 2517 1613 2599 magister
1634 2518 1719 2598 quod

161 2626 324 2697 stuprum.
350 2615 474 2678 Accidit
497 2623 603 2678 antem
628 2615 765 2697 quadam
790 2614 854 2690 die,
881 2621 916 2675 ut
971 2615 1089 2696 loseph
1117 2614 1278 2677 somnium
1307 2615 1481 2697 prudenter
1508 2615 1717 2697 dissolvisset,

159 2715 282 2798 loseph
297 2714 429 2776 intrarat
438 2713 620 2791 domum,et
633 2712 740 2796 operis
750 2712 914 2794 quidpiam
970 2713 1016 2775 ait
1032 2735 1039 2774 :
1057 2711 1095 2775 Et
1114 2730 1173 2794 ago
1194 2711 1259 2775 vidi
1282 2713 1453 2793 somnium,
1469 2715 1554 2795 quod
1569 2713 1720 2777 haberem

160 2815 287 2894 absque
300 2812 428 2875 arbitris
447 2810 577 2876 laceret.
594 2813 633 2874 tt
652 2811 768 2874 mulier
787 2811 842 2873 illa
861 2830 916 2894 ap·
971 2811 1031 2874 tria
1044 2811 1184 2874 canistra
1198 2810 1309 2874 farine
1331 2831 1427 2895 snper
1441 2821 1537 2895 caput
1552 2831 1670 2891 meum,
1688 2821 1720 2876 et

158 2912 325 2995 prehensa
349 2910 467 2974 lacinia
490 2909 673 2974 vestimenti
697 2909 779 2992 ejus,
802 2909 882 2972 dixit
906 2931 913 2970 :
971 2909 1005 2971 in
1027 2928 1091 2974 uno
1114 2909 1265 2988 canistro,
1282 2911 1366 2990 quod
1392 2919 1459 2974 erat
1482 2911 1651 2989 excelsius,
1669 2931 1720 2976 me

158 3010 272 3074 Dormi
298 3029 436 3074 meeum.
452 3009 522 3090 Qui,
538 3008 649 3073 relicto
669 3009 702 3070 in
721 3024 824 3071 *manu
845 3008 916 3091 ejus
933 3005 956 3070 C
972 3018 1097 3090 portare
1127 3008 1277 3091 putabam
1301 3027 1411 3072 ornnes
1437 3009 1526 3073 cibos
1554 3009 1609 3092 qui
1638 3009 1722 3073 liunt

159 3109 278 3193 pallio,
295 3108 386 3192 lugit,
401 3117 434 3172 et
453 3128 602 3191 egressus
623 3115 672 3172 est
686 3106 782 3171 toras.
799 3107 918 3183 Quum·
971 3115 1038 3170 arte
1067 3107 1210 3190 pistoria,
1240 3126 1379 3191 avesque
1408 3107 1574 3172 comedere
1602 3128 1641 3172 ex
1668 3127 1718 3173 eo.

159 3228 226 3291 quc
251 3208 387 3270 vidisset
410 3206 525 3270 mulier
548 3206 581 3268 in
601 3206 751 3269 manibus
772 3206 840 3268 suis
865 3225 917 3268 ve·
972 3206 1147 3288 llespondit
1169 3207 1285 3289 loseph
1309 3206 1404 3269 :ileo
1429 3214 1478 3269 est
1501 3206 1721 3290 interpretatio

159 3316 259 3386 stem,
276 3314 310 3368 et
332 3324 367 3368 se
389 3324 460 3367 esse
483 3312 710 3387 contemptam,
727 3304 854 3368 vocavit
876 3303 915 3366 ad
972 3304 1089 3369 somnii
1118 3328 1125 3367 ε
1152 3305 1226 3368 'l'ria
1253 3305 1403 3383 canistra,
1430 3313 1492 3368 tres
1520 3306 1624 3368 adhuc
1652 3305 1720 3369 dies

160 3424 197 3467 sc
216 3403 369 3468 homines
386 3404 500 3467 domus
520 3421 597 3483 sue,
612 3410 645 3465 et
659 3402 704 3465 ait
718 3403 757 3466 ad
774 3420 828 3465 eos
845 3426 852 3463 ε
868 3402 916 3463 lin
972 3412 1058 3481 sunt,
1074 3412 1148 3485 post
1168 3422 1248 3485 quos
1270 3403 1393 3466 auferet
1413 3403 1533 3467 Pharao
1554 3414 1650 3486 caput
1673 3413 1721 3469 tu-

158 3502 344 3566 introduxit
369 3502 474 3565 virum
502 3500 681 3579 llebraeum,
706 3508 741 3563 ut
770 3500 917 3563 illuderet
972 3522 1037 3581 um,
1054 3520 1090 3565 ac
1116 3502 1288 3584 suspendet
1312 3510 1342 3565 te
1368 3502 1401 3563 in
1427 3521 1534 3582 cruce,
1551 3512 1583 3565 et
1601 3503 1720 3566 lacera-

158 3602 270 3665 nobis.
288 3599 451 3682 ingressus
472 3608 521 3662 est
542 3598 581 3661 ad
602 3617 666 3677 me,
683 3606 719 3661 ut
732 3599 831 3662 coiret
851 3618 917 3661 me·
972 3600 1052 3664 bunt
1067 3601 1214 3663 volucres
1229 3618 1341 3663 carnes
1356 3599 1565 3663 tuasllxinde
1579 3601 1648 3665 dias
1664 3611 1722 3665 ter·

159 3720 261 3778 cum;
277 3716 442 3780 quumque
457 3696 717 3777 succlamassem,
732 3704 764 3761 et
778 3697 918 3761 audisset
973 3700 1047 3779 tius,
1063 3698 1233 3762 natalicius
1247 3698 1420 3761 Pharaonis
1435 3707 1512 3761 arat.
1527 3699 1583 3775 Qui
1599 3693 1721 3765 tacian's

158 3818 278 3863 vocem
293 3817 409 3875 meam,
426 3796 555 3879 reliquit
574 3796 706 3879 pallium
725 3798 810 3877 quod
830 3804 918 3859 tene-
972 3796 1092 3881 grande
1114 3796 1297 3860 convivium
1314 3796 1421 3880 pneris
1444 3798 1522 3877 suis,
1539 3801 1721 3863 recordatus

158 3900 250 3978 barn,
266 3906 302 3960 et
323 3895 407 3978 fugit
430 3896 526 3960 loras.
541 3894 577 3958 ln
596 3903 818 3977 argumentum
840 3914 917 3978 ergo
972 3904 1021 3958 est
1048 3896 1132 3959 inter
1165 3895 1287 3978 epulas,
1318 3896 1461 3978 magistri
1496 3897 1721 3979 pincernarum

159 3996 243 4060 fidei
258 4002 419 4059 retentum
433 3993 567 4077 pallium
588 3994 728 4057 ostendit
742 3994 854 4057 marito
870 4013 918 4056 re·
973 3995 1192 4078 principisque
1217 3994 1373 4077 pistorum
1398 4018 1404 4056 :
1429 4003 1460 4058 et
1485 3994 1623 4059 restituit
1645 3996 1723 4061 alte·
1837 4062 1841 4068 ,

74 4126 145 4164 um.
159 4094 304 4159 vertenti
325 4093 467 4156 domum.
482 4092 540 4168 Qui
556 4092 662 4156 verbis
683 4091 831 4174 conjugis
852 4112 917 4155 suas
973 4112 1043 4155 rum
1062 4094 1095 4155 in
1118 4094 1224 4156 locum
1248 4092 1397 4175 priorem,
1416 4102 1450 4156 ut
1464 4094 1640 4177 porrigeret
1659 4095 1720 4159 sibi

45 4220 49 4230 ·
85 4215 91 4226 ·
160 4194 264 4257 nimis
275 4192 434 4270 credulus,
442 4192 541 4254 iratus
551 4199 600 4255 est
614 4191 716 4271 valde,
726 4190 917 4272 tradiditque
932 4191 959 4255 b
972 4192 1145 4275 poculum3
1166 4191 1301 4263 alterum
1324 4193 1490 4276 suspendit
1512 4192 1545 4255 in
1566 4194 1718 4276 patibulo.

160 4292 284 4374 loseph
310 4292 344 4354 in
364 4309 538 4370 carcerem,
555 4290 607 4353 ubi
630 4290 728 4353 vincti
755 4291 840 4371 regis
863 4310 917 4353 cu·
971 4291 1010 4353 Et
1033 4298 1139 4353 tamen
1168 4290 1411 4355 succedentibus
1436 4292 1608 4375 prosperis,
1635 4294 1722 4375 prin-

161 4390 400 4456 stodiebantur.
972 4408 1047 4472 ceps
1070 4390 1296 4473 pincernarum
1320 4389 1439 4453 oblitus
1465 4399 1513 4453 est
1536 4391 1719 4475 interpretis

26 4510 148 4560 teani·
203 4490 263 4553 llis
278 4490 386 4571 gestis,
403 4488 518 4552 accidit
538 4498 573 4551 ut
594 4495 765 4570 peccarant
779 4488 842 4551 duo
863 4507 918 4551 eu·
972 4489 1033 4551 sui.
1273 4560 1275 4563 ¹

22 4578 38 4617 ²
161 4588 281 4667 nuchi‚
306 4588 461 4670 pincerna
484 4587 607 4651 scilicet
630 4587 715 4668 regis
739 4587 861 4669 AEgypti
885 4596 918 4651 et
1012 4587 1082 4650 Post
1097 4588 1177 4650 duos
1192 4603 1292 4650 annos
1314 4586 1393 4651 vidit
1407 4588 1525 4652 Pharao
1545 4590 1714 4655 somnium.
1734 4615 1864 4673 masur.

158 4690 278 4773 pistor,
300 4686 431 4749 domino
453 4706 521 4749 sno.
541 4686 705 4767 iratusque
727 4695 838 4748 contra
861 4705 916 4749 eos
971 4686 1103 4749 Putabat
1126 4705 1160 4748 se
1184 4694 1267 4749 stare
1296 4704 1392 4768 super
1416 4686 1566 4767 fluvium,
1593 4691 1632 4753 de
1656 4709 1718 4772 quo
1733 4685 1766 4727 ²²·

157 4790 288 4852 Pharao
302 4789 390 4867 (nam
405 4786 486 4849 alter
499 4784 663 4867 pincernis
678 4794 821 4867 preerat,
837 4786 917 4848 alter
971 4784 1186 4847 ascendebant
1220 4793 1340 4867 septem
1376 4785 1474 4849 boves
1509 4788 1649 4869 pulchre
1688 4799 1721 4852 at

158 4885 358 4972 pistoribus)
376 4886 465 4947 misit
486 4904 541 4947 eos
565 4885 598 4945 in
617 4903 777 4947 carcerem
800 4884 833 4945 in
852 4904 916 4966 quo
971 4903 1084 4947 crassae
1106 4883 1224 4962 nimis3
1240 4885 1309 4947 alise
1330 4902 1457 4967 quoque
1478 4895 1599 4968 septem
1620 4907 1721 4950 emer-

24 5016 76 5060 aa,
89 5020 146 5063 ιη,
160 4996 233 5051 erat
252 4985 379 5047 vinctus
393 4993 425 5047 et
438 4984 566 5066 Josepb.
583 4983 800 5064 Vhleruntque
821 4984 916 5047 arnbo
970 4984 1098 5064 gcbant,
1119 4982 1212 5045 loedse
1237 4983 1453 5065 coniectaeque
1480 4986 1591 5063 macie,
1614 4995 1646 5049 et
1666 4988 1720 5049 de·

158 5084 329 5150 somnium
340 5090 433 5145 nocta
447 5101 511 5144 uua
523 5081 915 5163 juxtainterpretationem
971 5089 1162 5144 voraverunt
1189 5082 1323 5163 priores.
1350 5082 1491 5145 Alterum
1516 5084 1611 5147 etiam
1641 5086 1721 5148 vidit

157 5200 342 5265 congruam
363 5181 435 5244 sibi.
455 5180 620 5263 Quumque
640 5179 774 5243 vidisset
793 5197 848 5243 eos
867 5180 916 5244 Jo-
971 5178 1142 5242 somnium.
1173 5179 1298 5261 Septem
1327 5180 1422 5261 spicas
1451 5180 1650 5263 pullulabant
1684 5184 1718 5245 in

157 5282 243 5367 seph
264 5280 385 5361 tristes,
405 5280 509 5344 dixit:
526 5279 587 5343 Cur
607 5278 729 5343 tristior
750 5276 844 5343 solito
865 5288 916 5342 est
972 5278 1078 5344 culmo
1106 5296 1181 5357 uno,
1207 5277 1309 5360 plenae
1338 5286 1432 5361 atque
1457 5278 1623 5363 formosa3
1648 5282 1718 5347 alia
