<?xml version="1.0" encoding="UTF-8"?>
<!DOCTYPE html PUBLIC "-//W3C//DTD XHTML 1.0 Transitional//EN"
    "http://www.w3.org/TR/xhtml1/DTD/xhtml1-transitional.dtd">
<html xmlns="http://www.w3.org/1999/xhtml" xml:lang="en" lang="en">
 <head>
  <title>
</title>
<meta http-equiv="Content-Type" content="text/html;charset=utf-8" />
  <meta name='ocr-system' content='tesseract 3.04.00' />
  <meta name='ocr-capabilities' content='ocr_page ocr_carea ocr_par ocr_line ocrx_word'/>
</head>
<body>
  <div class='ocr_page' id='page_1' title='image "./doctorisecstati03unkngoog_0234.png"; bbox 0 0 4309 6250; ppageno 0'>
   <div class='ocr_carea' id='block_1_1' title="bbox 441 429 1999 504">
    <p class='ocr_par' dir='ltr' id='par_1_1' title="bbox 441 429 1999 504">
     <span class='ocr_line' id='line_1_1' title="bbox 441 429 1999 504; baseline -0.001 -9"><span class='ocrx_word' id='word_1_1' title='bbox 441 429 502 496; x_wconf 78' lang='lat' dir='ltr'><strong>ate</strong></span> <span class='ocrx_word' id='word_1_2' title='bbox 527 448 648 496; x_wconf 78' lang='lat' dir='ltr'><strong>ccum</strong></span> <span class='ocrx_word' id='word_1_3' title='bbox 673 450 757 497; x_wconf 80' lang='lat' dir='ltr'><strong>viru</strong></span> <span class='ocrx_word' id='word_1_4' title='bbox 781 449 1042 498; x_wconf 84' lang='lat' dir='ltr'><strong>sursasrrrroucu</strong></span> <span class='ocrx_word' id='word_1_5' title='bbox 1067 448 1175 504; x_wconf 78' lang='lat' dir='ltr'><strong>curuos</strong></span> <span class='ocrx_word' id='word_1_6' title='bbox 1202 447 1291 494; x_wconf 85' lang='lat' dir='ltr'><strong>cmm</strong></span> <span class='ocrx_word' id='word_1_7' title='bbox 1320 448 1435 495; x_wconf 80' lang='lat' dir='ltr'><strong>cucvuu</strong></span> <span class='ocrx_word' id='word_1_8' title='bbox 1458 449 1529 495; x_wconf 83' lang='lat' dir='ltr'><strong>vaur</strong></span> <span class='ocrx_word' id='word_1_9' title='bbox 1556 450 1607 494; x_wconf 83' lang='grc' dir='ltr'>ιιιι</span> <span class='ocrx_word' id='word_1_10' title='bbox 1633 449 1787 496; x_wconf 74' lang='lat' dir='ltr'><strong>casurus.</strong></span> <span class='ocrx_word' id='word_1_11' title='bbox 1811 467 1850 480; x_wconf 92' lang='lat'>-</span> <span class='ocrx_word' id='word_1_12' title='bbox 1869 447 1944 494; x_wconf 73' lang='lat' dir='ltr'><strong>aar.</strong></span> <span class='ocrx_word' id='word_1_13' title='bbox 1966 449 1999 494; x_wconf 92' lang='grc' dir='ltr'><strong>ιιι</strong></span> 
     </span>
    </p>
   </div>
   <div class='ocr_carea' id='block_1_2' title="bbox 442 618 1998 704">
    <p class='ocr_par' dir='ltr' id='par_1_2' title="bbox 442 618 1998 704">
     <span class='ocr_line' id='line_1_2' title="bbox 442 618 1998 704; baseline -0.001 -20"><span class='ocrx_word' id='word_1_14' title='bbox 442 621 560 684; x_wconf 91' lang='lat' dir='ltr'><strong>causis.</strong></span> <span class='ocrx_word' id='word_1_15' title='bbox 590 622 710 704; x_wconf 78' lang='lat' dir='ltr'><strong>Aliquoe</strong></span> <span class='ocrx_word' id='word_1_16' title='bbox 739 630 845 685; x_wconf 90' lang='lat' dir='ltr'><strong>autem</strong></span> <span class='ocrx_word' id='word_1_17' title='bbox 875 629 950 683; x_wconf 90' lang='lat' dir='ltr'><strong>sunt</strong></span> <span class='ocrx_word' id='word_1_18' title='bbox 983 639 1086 683; x_wconf 71' lang='lat' dir='ltr'><strong>causas</strong></span> <span class='ocrx_word' id='word_1_19' title='bbox 1120 620 1229 700; x_wconf 76' lang='lat' dir='ltr'><strong>quad</strong></span> <span class='ocrx_word' id='word_1_20' title='bbox 1248 618 1342 702; x_wconf 88' lang='lat' dir='ltr'><strong>nibus</strong></span> <span class='ocrx_word' id='word_1_21' title='bbox 1363 618 1555 699; x_wconf 92' lang='lat' dir='ltr'><strong>futurorum,</strong></span> <span class='ocrx_word' id='word_1_22' title='bbox 1571 628 1608 683; x_wconf 92' lang='lat' dir='ltr'><strong>ut</strong></span> <span class='ocrx_word' id='word_1_23' title='bbox 1632 627 1756 683; x_wconf 77' lang='lat' dir='ltr'>mentes</span> <span class='ocrx_word' id='word_1_24' title='bbox 1774 621 1935 683; x_wconf 87' lang='lat' dir='ltr'><strong>humanus</strong></span> <span class='ocrx_word' id='word_1_25' title='bbox 1954 618 1998 683; x_wconf 93' lang='lat' dir='ltr'><strong>in·</strong></span> 
     </span>
    </p>
   </div>
   <div class='ocr_carea' id='block_1_3' title="bbox 440 719 1193 1783">
    <p class='ocr_par' dir='ltr' id='par_1_3' title="bbox 440 719 1193 1783">
     <span class='ocr_line' id='line_1_3' title="bbox 442 719 1191 801; baseline -0.004 -19"><span class='ocrx_word' id='word_1_26' title='bbox 442 739 481 783; x_wconf 84' lang='lat' dir='ltr'><strong>ex</strong></span> <span class='ocrx_word' id='word_1_27' title='bbox 500 720 690 783; x_wconf 89' lang='lat' dir='ltr'><strong>necessitate</strong></span> <span class='ocrx_word' id='word_1_28' title='bbox 714 728 746 784; x_wconf 91' lang='lat' dir='ltr'><strong>et</strong></span> <span class='ocrx_word' id='word_1_29' title='bbox 770 739 896 801; x_wconf 87' lang='lat' dir='ltr'><strong>semper</strong></span> <span class='ocrx_word' id='word_1_30' title='bbox 915 737 989 782; x_wconf 90' lang='lat' dir='ltr'><strong>suos</strong></span> <span class='ocrx_word' id='word_1_31' title='bbox 1010 719 1191 801; x_wconf 91' lang='lat' dir='ltr'><strong>producunt</strong></span> 
     </span>
     <span class='ocr_line' id='line_1_4' title="bbox 442 817 1190 901; baseline -0.003 -19"><span class='ocrx_word' id='word_1_32' title='bbox 442 817 581 882; x_wconf 91' lang='lat' dir='ltr'><strong>effectus</strong></span> <span class='ocrx_word' id='word_1_33' title='bbox 608 843 615 880; x_wconf 75' lang='grc' dir='ltr'><strong>ε</strong></span> <span class='ocrx_word' id='word_1_34' title='bbox 641 820 909 901; x_wconf 92' lang='lat' dir='ltr'><strong>quemadmodum</strong></span> <span class='ocrx_word' id='word_1_35' title='bbox 936 819 983 881; x_wconf 94' lang='lat' dir='ltr'><strong>sol</strong></span> <span class='ocrx_word' id='word_1_36' title='bbox 1009 818 1190 881; x_wconf 89' lang='lat' dir='ltr'><strong>accedendo</strong></span> 
     </span>
     <span class='ocr_line' id='line_1_5' title="bbox 441 917 1192 999; baseline -0.004 -19"><span class='ocrx_word' id='word_1_37' title='bbox 441 925 586 999; x_wconf 90' lang='lat' dir='ltr'><strong>tempore</strong></span> <span class='ocrx_word' id='word_1_38' title='bbox 601 918 723 980; x_wconf 90' lang='lat' dir='ltr'><strong>vernali</strong></span> <span class='ocrx_word' id='word_1_39' title='bbox 746 925 856 980; x_wconf 88' lang='lat' dir='ltr'><strong>causat</strong></span> <span class='ocrx_word' id='word_1_40' title='bbox 870 917 1109 979; x_wconf 76' lang='lat' dir='ltr'><strong>renovationem</strong></span> <span class='ocrx_word' id='word_1_41' title='bbox 1132 925 1192 979; x_wconf 93' lang='lat' dir='ltr'><strong>ter-</strong></span> 
     </span>
     <span class='ocr_line' id='line_1_6' title="bbox 441 1012 1192 1096; baseline -0.005 -19"><span class='ocrx_word' id='word_1_42' title='bbox 441 1033 485 1077; x_wconf 83' lang='lat' dir='ltr'><strong>ras</strong></span> <span class='ocrx_word' id='word_1_43' title='bbox 499 1014 709 1077; x_wconf 90' lang='lat' dir='ltr'><strong>nascentium.</strong></span> <span class='ocrx_word' id='word_1_44' title='bbox 727 1015 814 1077; x_wconf 82' lang='lat' dir='ltr'><strong>&#39;Ialia</strong></span> <span class='ocrx_word' id='word_1_45' title='bbox 834 1033 910 1096; x_wconf 89' lang='lat' dir='ltr'><strong>ergo</strong></span> <span class='ocrx_word' id='word_1_46' title='bbox 931 1012 1038 1076; x_wconf 90' lang='lat' dir='ltr'><strong>futura</strong></span> <span class='ocrx_word' id='word_1_47' title='bbox 1057 1032 1095 1075; x_wconf 87' lang='lat' dir='ltr'><strong>ex</strong></span> <span class='ocrx_word' id='word_1_48' title='bbox 1117 1032 1192 1076; x_wconf 90' lang='lat' dir='ltr'><strong>con-</strong></span> 
     </span>
     <span class='ocr_line' id='line_1_7' title="bbox 441 1112 1193 1177; baseline -0.004 -2"><span class='ocrx_word' id='word_1_49' title='bbox 441 1113 635 1176; x_wconf 87' lang='lat' dir='ltr'><strong>sideratione</strong></span> <span class='ocrx_word' id='word_1_50' title='bbox 654 1133 822 1177; x_wconf 87' lang='lat' dir='ltr'><strong>causarum</strong></span> <span class='ocrx_word' id='word_1_51' title='bbox 843 1128 971 1175; x_wconf 88' lang='lat' dir='ltr'><strong>suarum</strong></span> <span class='ocrx_word' id='word_1_52' title='bbox 990 1112 1193 1176; x_wconf 89' lang='lat' dir='ltr'><strong>certitudina-</strong></span> 
     </span>
     <span class='ocr_line' id='line_1_8' title="bbox 440 1211 1191 1296; baseline -0.003 -20"><span class='ocrx_word' id='word_1_53' title='bbox 440 1213 516 1276; x_wconf 92' lang='lat' dir='ltr'><strong>liter</strong></span> <span class='ocrx_word' id='word_1_54' title='bbox 538 1221 673 1296; x_wconf 88' lang='lat' dir='ltr'><strong>possunt</strong></span> <span class='ocrx_word' id='word_1_55' title='bbox 697 1212 913 1294; x_wconf 75' lang='lat' dir='ltr'><strong>precognosci</strong></span> <span class='ocrx_word' id='word_1_56' title='bbox 939 1232 976 1274; x_wconf 90' lang='grc' dir='ltr'><strong>ιι</strong></span> <span class='ocrx_word' id='word_1_57' title='bbox 1002 1211 1089 1274; x_wconf 90' lang='lat' dir='ltr'><strong>licite</strong></span> <span class='ocrx_word' id='word_1_58' title='bbox 1114 1231 1191 1294; x_wconf 73' lang='lat' dir='ltr'><strong>prae</strong></span> 
     </span>
     <span class='ocr_line' id='line_1_9' title="bbox 440 1309 1192 1393; baseline 0 -21"><span class='ocrx_word' id='word_1_59' title='bbox 440 1311 594 1373; x_wconf 91' lang='lat' dir='ltr'><strong>nuntiari.</strong></span> <span class='ocrx_word' id='word_1_60' title='bbox 611 1311 662 1374; x_wconf 89' lang='lat' dir='ltr'><strong>Sic</strong></span> <span class='ocrx_word' id='word_1_61' title='bbox 684 1329 822 1393; x_wconf 79' lang='lat' dir='ltr'><strong>namquo</strong></span> <span class='ocrx_word' id='word_1_62' title='bbox 842 1309 992 1391; x_wconf 79' lang='lat' dir='ltr'><strong>astrologi</strong></span> <span class='ocrx_word' id='word_1_63' title='bbox 1014 1309 1192 1391; x_wconf 77' lang='lat' dir='ltr'><strong>praedicunt</strong></span> 
     </span>
     <span class='ocr_line' id='line_1_10' title="bbox 440 1407 1191 1491; baseline -0.004 -20"><span class='ocrx_word' id='word_1_64' title='bbox 440 1409 597 1491; x_wconf 79' lang='lat' dir='ltr'><strong>eclipsim.</strong></span> <span class='ocrx_word' id='word_1_65' title='bbox 617 1445 655 1456; x_wconf 89' lang='lat'><em>-</em></span> <span class='ocrx_word' id='word_1_66' title='bbox 676 1409 825 1483; x_wconf 71' lang='lat' dir='ltr'><strong>Quaedam</strong></span> <span class='ocrx_word' id='word_1_67' title='bbox 848 1427 924 1470; x_wconf 92' lang='lat' dir='ltr'><strong>vero</strong></span> <span class='ocrx_word' id='word_1_68' title='bbox 949 1427 1051 1470; x_wconf 73' lang='lat' dir='ltr'><strong>causae</strong></span> <span class='ocrx_word' id='word_1_69' title='bbox 1075 1407 1191 1490; x_wconf 93' lang='lat' dir='ltr'><strong>produ-</strong></span> 
     </span>
     <span class='ocr_line' id='line_1_11' title="bbox 440 1505 1189 1587; baseline -0.004 -18"><span class='ocrx_word' id='word_1_70' title='bbox 440 1515 518 1570; x_wconf 91' lang='lat' dir='ltr'><strong>cunt</strong></span> <span class='ocrx_word' id='word_1_71' title='bbox 532 1526 607 1570; x_wconf 93' lang='lat' dir='ltr'><strong>suos</strong></span> <span class='ocrx_word' id='word_1_72' title='bbox 621 1505 758 1570; x_wconf 89' lang='lat' dir='ltr'><strong>effectus</strong></span> <span class='ocrx_word' id='word_1_73' title='bbox 772 1515 807 1569; x_wconf 93' lang='lat' dir='ltr'><strong>ut</strong></span> <span class='ocrx_word' id='word_1_74' title='bbox 821 1507 854 1568; x_wconf 95' lang='lat' dir='ltr'><strong>in</strong></span> <span class='ocrx_word' id='word_1_75' title='bbox 871 1506 1027 1587; x_wconf 92' lang='lat' dir='ltr'><strong>pluribus,</strong></span> <span class='ocrx_word' id='word_1_76' title='bbox 1044 1505 1086 1567; x_wconf 88' lang='lat' dir='ltr'><strong>ita</strong></span> <span class='ocrx_word' id='word_1_77' title='bbox 1106 1505 1189 1586; x_wconf 91' lang='lat' dir='ltr'><strong>quod</strong></span> 
     </span>
     <span class='ocr_line' id='line_1_12' title="bbox 441 1603 1189 1686; baseline -0.005 -18"><span class='ocrx_word' id='word_1_78' title='bbox 441 1625 512 1668; x_wconf 95' lang='lat' dir='ltr'><strong>raro</strong></span> <span class='ocrx_word' id='word_1_79' title='bbox 527 1624 546 1667; x_wconf 92' lang='lat' dir='ltr'><strong>a</strong></span> <span class='ocrx_word' id='word_1_80' title='bbox 561 1605 770 1686; x_wconf 90' lang='lat' dir='ltr'><strong>productione</strong></span> <span class='ocrx_word' id='word_1_81' title='bbox 786 1623 895 1668; x_wconf 89' lang='lat' dir='ltr'><strong>eorum</strong></span> <span class='ocrx_word' id='word_1_82' title='bbox 918 1603 1084 1666; x_wconf 90' lang='lat' dir='ltr'><strong>deficiunt.</strong></span> <span class='ocrx_word' id='word_1_83' title='bbox 1100 1603 1138 1665; x_wconf 84' lang='lat' dir='ltr'><strong>Et</strong></span> <span class='ocrx_word' id='word_1_84' title='bbox 1153 1623 1189 1665; x_wconf 89' lang='grc' dir='ltr'><strong>ιι</strong></span> 
     </span>
     <span class='ocr_line' id='line_1_13' title="bbox 440 1704 1191 1783; baseline -0.005 -17"><span class='ocrx_word' id='word_1_85' title='bbox 440 1704 551 1766; x_wconf 89' lang='lat' dir='ltr'><strong>talium</strong></span> <span class='ocrx_word' id='word_1_86' title='bbox 578 1704 832 1767; x_wconf 79' lang='lat' dir='ltr'><strong>consideratione</strong></span> <span class='ocrx_word' id='word_1_87' title='bbox 861 1722 1027 1765; x_wconf 88' lang='lat' dir='ltr'><strong>causarum</strong></span> <span class='ocrx_word' id='word_1_88' title='bbox 1056 1710 1191 1783; x_wconf 88' lang='lat' dir='ltr'><strong>possunt</strong></span> 
     </span>
    </p>
   </div>
   <div class='ocr_carea' id='block_1_4' title="bbox 440 1799 1227 1882">
    <p class='ocr_par' dir='ltr' id='par_1_4' title="bbox 440 1799 1227 1882">
     <span class='ocr_line' id='line_1_14' title="bbox 440 1799 1227 1882; baseline -0.006 -16"><span class='ocrx_word' id='word_1_89' title='bbox 440 1802 578 1866; x_wconf 86' lang='lat' dir='ltr'><strong>effectus</strong></span> <span class='ocrx_word' id='word_1_90' title='bbox 603 1821 713 1864; x_wconf 91' lang='lat' dir='ltr'><strong>earum</strong></span> <span class='ocrx_word' id='word_1_91' title='bbox 742 1800 841 1864; x_wconf 90' lang='lat' dir='ltr'><strong>futuri</strong></span> <span class='ocrx_word' id='word_1_92' title='bbox 865 1799 1019 1882; x_wconf 77' lang='lat' dir='ltr'><strong>prauosci</strong></span> <span class='ocrx_word' id='word_1_93' title='bbox 1047 1819 1083 1862; x_wconf 95' lang='lat' dir='ltr'><strong>ac</strong></span> <span class='ocrx_word' id='word_1_94' title='bbox 1113 1799 1227 1880; x_wconf 78' lang='lat' dir='ltr'><strong>praa-B</strong></span> 
     </span>
    </p>
   </div>
   <div class='ocr_carea' id='block_1_5' title="bbox 440 1897 1192 2472">
    <p class='ocr_par' dir='ltr' id='par_1_5' title="bbox 440 1897 1192 2472">
     <span class='ocr_line' id='line_1_15' title="bbox 440 1897 1188 1980; baseline -0.005 -18"><span class='ocrx_word' id='word_1_95' title='bbox 440 1900 582 1962; x_wconf 90' lang='lat' dir='ltr'><strong>nuntiari</strong></span> <span class='ocrx_word' id='word_1_96' title='bbox 608 1899 867 1980; x_wconf 90' lang='lat' dir='ltr'><strong>conjecturaliter</strong></span> <span class='ocrx_word' id='word_1_97' title='bbox 891 1918 947 1961; x_wconf 91' lang='lat' dir='ltr'><strong>seu</strong></span> <span class='ocrx_word' id='word_1_98' title='bbox 972 1897 1188 1979; x_wconf 87' lang='lat' dir='ltr'><strong>probabiliter,</strong></span> 
     </span>
     <span class='ocr_line' id='line_1_16' title="bbox 440 1995 1190 2082; baseline -0.005 -21"><span class='ocrx_word' id='word_1_99' title='bbox 440 1998 588 2081; x_wconf 89' lang='lat' dir='ltr'><strong>quamvis</strong></span> <span class='ocrx_word' id='word_1_100' title='bbox 620 2017 684 2082; x_wconf 90' lang='lat' dir='ltr'><strong>nou</strong></span> <span class='ocrx_word' id='word_1_101' title='bbox 721 1995 995 2060; x_wconf 89' lang='lat' dir='ltr'><strong>certitudinaliter.</strong></span> <span class='ocrx_word' id='word_1_102' title='bbox 1024 1995 1076 2057; x_wconf 90' lang='lat' dir='ltr'><strong>Sic</strong></span> <span class='ocrx_word' id='word_1_103' title='bbox 1106 1995 1190 2058; x_wconf 91' lang='lat' dir='ltr'><strong>enim</strong></span> 
     </span>
     <span class='ocr_line' id='line_1_17' title="bbox 440 2094 1191 2178; baseline -0.003 -20"><span class='ocrx_word' id='word_1_104' title='bbox 440 2096 590 2178; x_wconf 88' lang='lat' dir='ltr'><strong>astrologi</strong></span> <span class='ocrx_word' id='word_1_105' title='bbox 602 2116 639 2158; x_wconf 86' lang='lat' dir='ltr'><strong>ex</strong></span> <span class='ocrx_word' id='word_1_106' title='bbox 655 2094 910 2158; x_wconf 87' lang='lat' dir='ltr'><strong>consideratione</strong></span> <span class='ocrx_word' id='word_1_107' title='bbox 921 2094 1082 2157; x_wconf 89' lang='lat' dir='ltr'><strong>stellarum</strong></span> <span class='ocrx_word' id='word_1_108' title='bbox 1097 2102 1191 2174; x_wconf 90' lang='lat' dir='ltr'><strong>atque</strong></span> 
     </span>
     <span class='ocr_line' id='line_1_18' title="bbox 441 2193 1192 2274; baseline -0.004 -16"><span class='ocrx_word' id='word_1_109' title='bbox 441 2195 622 2258; x_wconf 88' lang='lat' dir='ltr'><strong>coelestium</strong></span> <span class='ocrx_word' id='word_1_110' title='bbox 642 2193 885 2255; x_wconf 87' lang='lat' dir='ltr'><strong>influentiarum</strong></span> <span class='ocrx_word' id='word_1_111' title='bbox 905 2193 1050 2273; x_wconf 84' lang='lat' dir='ltr'><strong>quaedam</strong></span> <span class='ocrx_word' id='word_1_112' title='bbox 1071 2211 1192 2274; x_wconf 78' lang='lat' dir='ltr'><strong>praeno</strong></span> 
     </span>
     <span class='ocr_line' id='line_1_19' title="bbox 441 2290 1192 2375; baseline -0.003 -21"><span class='ocrx_word' id='word_1_113' title='bbox 441 2301 536 2355; x_wconf 89' lang='lat' dir='ltr'><strong>scunt</strong></span> <span class='ocrx_word' id='word_1_114' title='bbox 564 2312 601 2354; x_wconf 90' lang='lat' dir='ltr'><strong>ac</strong></span> <span class='ocrx_word' id='word_1_115' title='bbox 631 2291 808 2375; x_wconf 76' lang='lat' dir='ltr'><strong>predicunt</strong></span> <span class='ocrx_word' id='word_1_116' title='bbox 834 2291 874 2353; x_wconf 87' lang='lat' dir='ltr'><strong>dc</strong></span> <span class='ocrx_word' id='word_1_117' title='bbox 899 2291 1017 2371; x_wconf 94' lang='lat' dir='ltr'><strong>pluviis</strong></span> <span class='ocrx_word' id='word_1_118' title='bbox 1043 2290 1192 2352; x_wconf 90' lang='lat' dir='ltr'><strong>siccitati-</strong></span> 
     </span>
     <span class='ocr_line' id='line_1_20' title="bbox 441 2388 1190 2472; baseline -0.004 -19"><span class='ocrx_word' id='word_1_119' title='bbox 441 2390 564 2472; x_wconf 93' lang='lat' dir='ltr'><strong>busque</strong></span> <span class='ocrx_word' id='word_1_120' title='bbox 579 2389 708 2468; x_wconf 89' lang='lat' dir='ltr'><strong>futuris,</strong></span> <span class='ocrx_word' id='word_1_121' title='bbox 724 2388 840 2452; x_wconf 91' lang='lat' dir='ltr'><strong>medici</strong></span> <span class='ocrx_word' id='word_1_122' title='bbox 863 2406 988 2471; x_wconf 91' lang='lat' dir='ltr'><strong>quoque</strong></span> <span class='ocrx_word' id='word_1_123' title='bbox 1003 2389 1042 2450; x_wconf 91' lang='lat' dir='ltr'><strong>de</strong></span> <span class='ocrx_word' id='word_1_124' title='bbox 1058 2389 1190 2451; x_wconf 89' lang='lat' dir='ltr'><strong>sanitate</strong></span> 
     </span>
    </p>
   </div>
   <div class='ocr_carea' id='block_1_6' title="bbox 1245 717 2000 1782">
    <p class='ocr_par' dir='ltr' id='par_1_6' title="bbox 1246 717 1851 800">
     <span class='ocr_line' id='line_1_21' title="bbox 1246 717 1851 800; baseline 0.005 -22"><span class='ocrx_word' id='word_1_125' title='bbox 1246 718 1379 780; x_wconf 92' lang='lat' dir='ltr'><strong>volvant</strong></span> <span class='ocrx_word' id='word_1_126' title='bbox 1399 717 1520 800; x_wconf 91' lang='lat' dir='ltr'><strong>laqueis</strong></span> <span class='ocrx_word' id='word_1_127' title='bbox 1542 736 1672 781; x_wconf 90' lang='lat' dir='ltr'><strong>suorum</strong></span> <span class='ocrx_word' id='word_1_128' title='bbox 1694 737 1851 782; x_wconf 83' lang='lat' dir='ltr'><strong>errorum</strong></span> 
     </span>
    </p>

    <p class='ocr_par' dir='ltr' id='par_1_7' title="bbox 1245 816 2000 1782">
     <span class='ocr_line' id='line_1_22' title="bbox 1287 816 1999 899; baseline 0.001 -21"><span class='ocrx_word' id='word_1_129' title='bbox 1287 816 1450 894; x_wconf 74' lang='lat' dir='ltr'><strong>Preterea,</strong></span> <span class='ocrx_word' id='word_1_130' title='bbox 1466 817 1563 899; x_wconf 79' lang='lat' dir='ltr'><strong>hujus</strong></span> <span class='ocrx_word' id='word_1_131' title='bbox 1578 817 1787 882; x_wconf 87' lang='lat' dir='ltr'><strong>divinationis</strong></span> <span class='ocrx_word' id='word_1_132' title='bbox 1801 816 1913 881; x_wconf 69' lang='lat' dir='ltr'><strong>multae</strong></span> <span class='ocrx_word' id='word_1_133' title='bbox 1927 826 1999 880; x_wconf 91' lang='lat' dir='ltr'><strong>sunt</strong></span> 
     </span>
     <span class='ocr_line' id='line_1_23' title="bbox 1246 915 2000 997; baseline 0.003 -21"><span class='ocrx_word' id='word_1_134' title='bbox 1246 915 1381 997; x_wconf 90' lang='lat' dir='ltr'><strong>species.</strong></span> <span class='ocrx_word' id='word_1_135' title='bbox 1404 915 1565 978; x_wconf 88' lang='lat' dir='ltr'><strong>Interdum</strong></span> <span class='ocrx_word' id='word_1_136' title='bbox 1590 915 1710 980; x_wconf 90' lang='lat' dir='ltr'><strong>etenim</strong></span> <span class='ocrx_word' id='word_1_137' title='bbox 1734 918 1898 980; x_wconf 81' lang='lat' dir='ltr'><strong>daemones</strong></span> <span class='ocrx_word' id='word_1_138' title='bbox 1923 935 2000 997; x_wconf 67' lang='lat' dir='ltr'><strong>prae</strong></span> 
     </span>
     <span class='ocr_line' id='line_1_24' title="bbox 1245 1013 1999 1096; baseline 0.004 -22"><span class='ocrx_word' id='word_1_139' title='bbox 1245 1013 1395 1075; x_wconf 90' lang='lat' dir='ltr'><strong>nuntiant</strong></span> <span class='ocrx_word' id='word_1_140' title='bbox 1409 1013 1531 1076; x_wconf 93' lang='lat' dir='ltr'><strong>bomini</strong></span> <span class='ocrx_word' id='word_1_141' title='bbox 1553 1015 1700 1095; x_wconf 71' lang='lat' dir='ltr'><strong>quasdam</strong></span> <span class='ocrx_word' id='word_1_142' title='bbox 1721 1013 1829 1077; x_wconf 90' lang='lat' dir='ltr'><strong>futura</strong></span> <span class='ocrx_word' id='word_1_143' title='bbox 1844 1035 1903 1096; x_wconf 93' lang='lat' dir='ltr'><strong>per</strong></span> <span class='ocrx_word' id='word_1_144' title='bbox 1916 1034 1999 1096; x_wconf 73' lang='lat' dir='ltr'><strong>quae</strong></span> 
     </span>
     <span class='ocr_line' id='line_1_25' title="bbox 1245 1111 1999 1195; baseline 0.001 -20"><span class='ocrx_word' id='word_1_145' title='bbox 1245 1114 1317 1175; x_wconf 89' lang='lat' dir='ltr'><strong>dam</strong></span> <span class='ocrx_word' id='word_1_146' title='bbox 1339 1111 1497 1193; x_wconf 74' lang='lat' dir='ltr'><strong>prestigia</strong></span> <span class='ocrx_word' id='word_1_147' title='bbox 1519 1132 1575 1175; x_wconf 91' lang='lat' dir='ltr'><strong>seu</strong></span> <span class='ocrx_word' id='word_1_148' title='bbox 1590 1111 1807 1195; x_wconf 88' lang='lat' dir='ltr'><strong>apparitiones</strong></span> <span class='ocrx_word' id='word_1_149' title='bbox 1826 1112 1999 1194; x_wconf 67' lang='lat' dir='ltr'><strong>praestigio</strong></span> 
     </span>
     <span class='ocr_line' id='line_1_26' title="bbox 1245 1209 1998 1292; baseline 0.003 -20"><span class='ocrx_word' id='word_1_150' title='bbox 1245 1209 1429 1292; x_wconf 89' lang='lat' dir='ltr'><strong>sas,quibus</strong></span> <span class='ocrx_word' id='word_1_151' title='bbox 1442 1229 1475 1272; x_wconf 91' lang='lat' dir='ltr'><strong>se</strong></span> <span class='ocrx_word' id='word_1_152' title='bbox 1486 1211 1648 1292; x_wconf 86' lang='lat' dir='ltr'><strong>adspectui</strong></span> <span class='ocrx_word' id='word_1_153' title='bbox 1661 1220 1691 1274; x_wconf 88' lang='lat' dir='ltr'><strong>et</strong></span> <span class='ocrx_word' id='word_1_154' title='bbox 1702 1211 1822 1274; x_wconf 86' lang='lat' dir='ltr'><strong>auditui</strong></span> <span class='ocrx_word' id='word_1_155' title='bbox 1834 1210 1998 1274; x_wconf 89' lang='lat' dir='ltr'><strong>bominum</strong></span> 
     </span>
     <span class='ocr_line' id='line_1_27' title="bbox 1245 1309 1998 1391; baseline 0.003 -21"><span class='ocrx_word' id='word_1_156' title='bbox 1245 1309 1404 1390; x_wconf 91' lang='lat' dir='ltr'><strong>ingerunt.</strong></span> <span class='ocrx_word' id='word_1_157' title='bbox 1421 1309 1582 1370; x_wconf 89' lang='lat' dir='ltr'><strong>Interdum</strong></span> <span class='ocrx_word' id='word_1_158' title='bbox 1597 1317 1703 1372; x_wconf 87' lang='lat' dir='ltr'><strong>autem</strong></span> <span class='ocrx_word' id='word_1_159' title='bbox 1719 1309 1939 1391; x_wconf 82' lang='lat' dir='ltr'><strong>praenuntiant</strong></span> <span class='ocrx_word' id='word_1_160' title='bbox 1952 1310 1998 1372; x_wconf 89' lang='lat' dir='ltr'><strong>fu-</strong></span> 
     </span>
     <span class='ocr_line' id='line_1_28' title="bbox 1245 1406 1996 1491; baseline 0.004 -24"><span class='ocrx_word' id='word_1_161' title='bbox 1245 1415 1316 1468; x_wconf 88' lang='lat' dir='ltr'><strong>tura</strong></span> <span class='ocrx_word' id='word_1_162' title='bbox 1331 1406 1363 1468; x_wconf 93' lang='lat' dir='ltr'><strong>in</strong></span> <span class='ocrx_word' id='word_1_163' title='bbox 1380 1425 1502 1486; x_wconf 90' lang='lat' dir='ltr'><strong>somno,</strong></span> <span class='ocrx_word' id='word_1_164' title='bbox 1512 1407 1703 1489; x_wconf 90' lang='lat' dir='ltr'><strong>quandoque</strong></span> <span class='ocrx_word' id='word_1_165' title='bbox 1720 1426 1777 1488; x_wconf 90' lang='lat' dir='ltr'><strong>per</strong></span> <span class='ocrx_word' id='word_1_166' title='bbox 1791 1417 1996 1491; x_wconf 85' lang='lat' dir='ltr'><strong>apparentem</strong></span> 
     </span>
     <span class='ocr_line' id='line_1_29' title="bbox 1246 1503 1999 1588; baseline 0.001 -22"><span class='ocrx_word' id='word_1_167' title='bbox 1246 1503 1362 1567; x_wconf 92' lang='lat' dir='ltr'><strong>mortni</strong></span> <span class='ocrx_word' id='word_1_168' title='bbox 1385 1505 1638 1584; x_wconf 80' lang='lat' dir='ltr'><strong>suscitationem,</strong></span> <span class='ocrx_word' id='word_1_169' title='bbox 1654 1505 1846 1588; x_wconf 88' lang='lat' dir='ltr'><strong>quandoque</strong></span> <span class='ocrx_word' id='word_1_170' title='bbox 1869 1525 1930 1588; x_wconf 89' lang='lat' dir='ltr'><strong>per</strong></span> <span class='ocrx_word' id='word_1_171' title='bbox 1954 1506 1999 1567; x_wconf 93' lang='lat' dir='ltr'><strong>vi-</strong></span> 
     </span>
     <span class='ocr_line' id='line_1_30' title="bbox 1246 1602 1995 1686; baseline 0.001 -22"><span class='ocrx_word' id='word_1_172' title='bbox 1246 1621 1313 1680; x_wconf 94' lang='lat' dir='ltr'><strong>vos,</strong></span> <span class='ocrx_word' id='word_1_173' title='bbox 1331 1602 1412 1664; x_wconf 88' lang='lat' dir='ltr'><strong>sicut</strong></span> <span class='ocrx_word' id='word_1_174' title='bbox 1431 1622 1488 1683; x_wconf 91' lang='lat' dir='ltr'><strong>per</strong></span> <span class='ocrx_word' id='word_1_175' title='bbox 1508 1603 1705 1686; x_wconf 87' lang='lat' dir='ltr'><strong>arrepticios,</strong></span> <span class='ocrx_word' id='word_1_176' title='bbox 1727 1625 1765 1668; x_wconf 90' lang='lat' dir='ltr'><strong>ac</strong></span> <span class='ocrx_word' id='word_1_177' title='bbox 1786 1603 1858 1668; x_wconf 89' lang='lat' dir='ltr'><strong>aliis</strong></span> <span class='ocrx_word' id='word_1_178' title='bbox 1880 1605 1995 1680; x_wconf 89' lang='lat' dir='ltr'><strong>modis,</strong></span> 
     </span>
     <span class='ocr_line' id='line_1_31' title="bbox 1246 1701 1577 1782; baseline 0.009 -20"><span class='ocrx_word' id='word_1_179' title='bbox 1246 1701 1284 1763; x_wconf 92' lang='lat' dir='ltr'><strong>de</strong></span> <span class='ocrx_word' id='word_1_180' title='bbox 1306 1701 1420 1782; x_wconf 89' lang='lat' dir='ltr'><strong>quibus</strong></span> <span class='ocrx_word' id='word_1_181' title='bbox 1441 1701 1577 1765; x_wconf 90' lang='lat' dir='ltr'><strong>dicetur.</strong></span> 
     </span>
    </p>
   </div>
   <div class='ocr_carea' id='block_1_7' title="bbox 1450 1965 1784 2030">
    <p class='ocr_par' dir='ltr' id='par_1_8' title="bbox 1450 1965 1784 2030">
     <span class='ocr_line' id='line_1_32' title="bbox 1450 1965 1784 2030; baseline 0.006 -4"><span class='ocrx_word' id='word_1_182' title='bbox 1450 1965 1693 2030; x_wconf 82' lang='lat' dir='ltr'><strong>ARTICULUS</strong></span> <span class='ocrx_word' id='word_1_183' title='bbox 1723 1967 1784 2029; x_wconf 94' lang='lat' dir='ltr'><strong>III.</strong></span> 
     </span>
    </p>
   </div>
   <div class='ocr_carea' id='block_1_8' title="bbox 1298 2115 1946 2266">
    <p class='ocr_par' dir='ltr' id='par_1_9' title="bbox 1298 2115 1946 2266">
     <span class='ocr_line' id='line_1_33' title="bbox 1298 2115 1946 2188; baseline 0.008 -15"><span class='ocrx_word' id='word_1_184' title='bbox 1298 2115 1346 2173; x_wconf 88' lang='lat' dir='ltr'><strong>De</strong></span> <span class='ocrx_word' id='word_1_185' title='bbox 1370 2115 1658 2188; x_wconf 79' lang='lat' dir='ltr'><strong>superstitionibus</strong></span> <span class='ocrx_word' id='word_1_186' title='bbox 1679 2116 1946 2178; x_wconf 81' lang='lat' dir='ltr'><strong>obseruationum</strong></span> 
     </span>
     <span class='ocr_line' id='line_1_34' title="bbox 1535 2205 1703 2266; baseline 0.024 -4"><span class='ocrx_word' id='word_1_187' title='bbox 1535 2205 1570 2264; x_wconf 85' lang='lat' dir='ltr'><strong>in</strong></span> <span class='ocrx_word' id='word_1_188' title='bbox 1588 2205 1703 2266; x_wconf 83' lang='lat' dir='ltr'><strong>uerbis.</strong></span> 
     </span>
    </p>
   </div>
   <div class='ocr_carea' id='block_1_9' title="bbox 440 2496 1998 2967">
    <p class='ocr_par' dir='ltr' id='par_1_10' title="bbox 441 2496 608 2551">
     <span class='ocr_line' id='line_1_35' title="bbox 441 2496 608 2551; baseline -0.006 0"><span class='ocrx_word' id='word_1_189' title='bbox 441 2497 473 2551; x_wconf 91' lang='grc' dir='ltr'><strong>ιι</strong></span> <span class='ocrx_word' id='word_1_190' title='bbox 495 2496 608 2551; x_wconf 92' lang='lat' dir='ltr'><strong>morte.</strong></span> 
     </span>
    </p>

    <p class='ocr_par' dir='ltr' id='par_1_11' title="bbox 440 2585 1998 2967">
     <span class='ocr_line' id='line_1_36' title="bbox 481 2585 1998 2669; baseline 0.005 -22"><span class='ocrx_word' id='word_1_191' title='bbox 481 2585 602 2667; x_wconf 81' lang='lat' dir='ltr'><strong>AIIquae</strong></span> <span class='ocrx_word' id='word_1_192' title='bbox 629 2601 705 2646; x_wconf 89' lang='lat' dir='ltr'><strong>vero</strong></span> <span class='ocrx_word' id='word_1_193' title='bbox 729 2602 832 2646; x_wconf 73' lang='lat' dir='ltr'><strong>causae</strong></span> <span class='ocrx_word' id='word_1_194' title='bbox 858 2585 1033 2646; x_wconf 91' lang='lat' dir='ltr'><strong>secundum</strong></span> <span class='ocrx_word' id='word_1_195' title='bbox 1058 2605 1091 2647; x_wconf 92' lang='lat' dir='ltr'><strong>se</strong></span> <span class='ocrx_word' id='word_1_196' title='bbox 1118 2604 1192 2647; x_wconf 93' lang='lat' dir='ltr'><strong>con·</strong></span> <span class='ocrx_word' id='word_1_197' title='bbox 1244 2605 1316 2667; x_wconf 87' lang='lat' dir='ltr'><strong>quae</strong></span> <span class='ocrx_word' id='word_1_198' title='bbox 1343 2585 1427 2648; x_wconf 87' lang='lat' dir='ltr'><strong>fiunt</strong></span> <span class='ocrx_word' id='word_1_199' title='bbox 1456 2605 1513 2669; x_wconf 93' lang='lat' dir='ltr'><strong>pro</strong></span> <span class='ocrx_word' id='word_1_200' title='bbox 1542 2588 1692 2650; x_wconf 84' lang='lat' dir='ltr'><strong>curandis</strong></span> <span class='ocrx_word' id='word_1_201' title='bbox 1724 2589 1918 2653; x_wconf 88' lang='lat' dir='ltr'><strong>vulneribus</strong></span> <span class='ocrx_word' id='word_1_202' title='bbox 1946 2601 1998 2654; x_wconf 90' lang='lat' dir='ltr'><strong>aut</strong></span> 
     </span>
     <span class='ocr_line' id='line_1_37' title="bbox 441 2680 1997 2766; baseline 0.004 -20"><span class='ocrx_word' id='word_1_203' title='bbox 441 2684 598 2762; x_wconf 69' lang='lat' dir='ltr'><strong>siderate,</strong></span> <span class='ocrx_word' id='word_1_204' title='bbox 620 2690 695 2744; x_wconf 93' lang='lat' dir='ltr'><strong>sunt</strong></span> <span class='ocrx_word' id='word_1_205' title='bbox 716 2680 939 2744; x_wconf 81' lang='lat' dir='ltr'><strong>indifferentes</strong></span> <span class='ocrx_word' id='word_1_206' title='bbox 961 2682 1000 2744; x_wconf 88' lang='lat' dir='ltr'><strong>ad</strong></span> <span class='ocrx_word' id='word_1_207' title='bbox 1022 2691 1190 2764; x_wconf 91' lang='lat' dir='ltr'><strong>utrumque</strong></span> <span class='ocrx_word' id='word_1_208' title='bbox 1246 2685 1433 2747; x_wconf 86' lang='lat' dir='ltr'><strong>sanitatibus</strong></span> <span class='ocrx_word' id='word_1_209' title='bbox 1462 2685 1677 2766; x_wconf 90' lang='lat' dir='ltr'><strong>acquirendis,</strong></span> <span class='ocrx_word' id='word_1_210' title='bbox 1708 2687 1772 2748; x_wconf 94' lang='lat' dir='ltr'><strong>sint</strong></span> <span class='ocrx_word' id='word_1_211' title='bbox 1800 2686 1909 2752; x_wconf 68' lang='lat' dir='ltr'><strong>licitae.</strong></span> <span class='ocrx_word' id='word_1_212' title='bbox 1943 2690 1997 2752; x_wconf 89' lang='lat' dir='ltr'><strong>Pro</strong></span> 
     </span>
     <span class='ocr_line' id='line_1_38' title="bbox 440 2780 1996 2870; baseline 0.003 -24"><span class='ocrx_word' id='word_1_213' title='bbox 440 2781 675 2865; x_wconf 88' lang='lat' dir='ltr'><strong>oppositorum,</strong></span> <span class='ocrx_word' id='word_1_214' title='bbox 691 2780 735 2842; x_wconf 97' lang='grc' dir='ltr'><strong>ιιι</strong></span> <span class='ocrx_word' id='word_1_215' title='bbox 749 2781 833 2862; x_wconf 93' lang='lat' dir='ltr'><strong>quod</strong></span> <span class='ocrx_word' id='word_1_216' title='bbox 848 2799 919 2843; x_wconf 90' lang='lat' dir='ltr'><strong>raro</strong></span> <span class='ocrx_word' id='word_1_217' title='bbox 934 2789 988 2843; x_wconf 91' lang='lat' dir='ltr'><strong>aut</strong></span> <span class='ocrx_word' id='word_1_218' title='bbox 1002 2781 1101 2844; x_wconf 88' lang='lat' dir='ltr'><strong>libere</strong></span> <span class='ocrx_word' id='word_1_219' title='bbox 1117 2801 1191 2845; x_wconf 90' lang='lat' dir='ltr'><strong>suos</strong></span> <span class='ocrx_word' id='word_1_220' title='bbox 1246 2782 1342 2864; x_wconf 87' lang='lat' dir='ltr'><strong>bujus</strong></span> <span class='ocrx_word' id='word_1_221' title='bbox 1371 2783 1529 2846; x_wconf 91' lang='lat' dir='ltr'><strong>solutione</strong></span> <span class='ocrx_word' id='word_1_222' title='bbox 1557 2784 1694 2865; x_wconf 77' lang='lat' dir='ltr'><strong>quesiti,</strong></span> <span class='ocrx_word' id='word_1_223' title='bbox 1720 2785 1890 2849; x_wconf 91' lang='lat' dir='ltr'><strong>sciendum</strong></span> <span class='ocrx_word' id='word_1_224' title='bbox 1914 2789 1996 2870; x_wconf 91' lang='lat' dir='ltr'><strong>quod</strong></span> 
     </span>
     <span class='ocr_line' id='line_1_39' title="bbox 440 2878 1996 2967; baseline 0.003 -24"><span class='ocrx_word' id='word_1_225' title='bbox 440 2882 622 2963; x_wconf 91' lang='lat' dir='ltr'><strong>producunt</strong></span> <span class='ocrx_word' id='word_1_226' title='bbox 650 2878 797 2958; x_wconf 89' lang='lat' dir='ltr'><strong>effeetus,</strong></span> <span class='ocrx_word' id='word_1_227' title='bbox 827 2879 946 2960; x_wconf 89' lang='lat' dir='ltr'><strong>absque</strong></span> <span class='ocrx_word' id='word_1_228' title='bbox 974 2887 1060 2942; x_wconf 90' lang='lat' dir='ltr'><strong>certa</strong></span> <span class='ocrx_word' id='word_1_229' title='bbox 1088 2881 1191 2942; x_wconf 92' lang='lat' dir='ltr'><strong>deter-</strong></span> <span class='ocrx_word' id='word_1_230' title='bbox 1246 2881 1285 2942; x_wconf 95' lang='lat' dir='ltr'><strong>de</strong></span> <span class='ocrx_word' id='word_1_231' title='bbox 1320 2881 1379 2942; x_wconf 91' lang='lat' dir='ltr'><strong>bac</strong></span> <span class='ocrx_word' id='word_1_232' title='bbox 1412 2879 1480 2963; x_wconf 89' lang='lat' dir='ltr'><strong>ipsa</strong></span> <span class='ocrx_word' id='word_1_233' title='bbox 1509 2882 1642 2944; x_wconf 90' lang='lat' dir='ltr'><strong>materia</strong></span> <span class='ocrx_word' id='word_1_234' title='bbox 1671 2883 1702 2945; x_wconf 88' lang='lat' dir='ltr'><strong>S.</strong></span> <span class='ocrx_word' id='word_1_235' title='bbox 1733 2885 1934 2967; x_wconf 78' lang='lat' dir='ltr'><strong>Augustinus</strong></span> <span class='ocrx_word' id='word_1_236' title='bbox 1966 2888 1996 2948; x_wconf 93' lang='lat' dir='ltr'><strong>in</strong></span> 
     </span>
    </p>
   </div>
   <div class='ocr_carea' id='block_1_10' title="bbox 440 2977 1997 3064">
    <p class='ocr_par' dir='ltr' id='par_1_12' title="bbox 440 2977 1997 3064">
     <span class='ocr_line' id='line_1_40' title="bbox 440 2977 1997 3064; baseline 0.003 -22"><span class='ocrx_word' id='word_1_237' title='bbox 440 2979 615 3042; x_wconf 87' lang='lat' dir='ltr'><strong>minatione</strong></span> <span class='ocrx_word' id='word_1_238' title='bbox 639 2977 679 3038; x_wconf 87' lang='lat' dir='ltr'><strong>ad</strong></span> <span class='ocrx_word' id='word_1_239' title='bbox 703 2977 842 3057; x_wconf 91' lang='lat' dir='ltr'><strong>aliquam</strong></span> <span class='ocrx_word' id='word_1_240' title='bbox 867 2985 988 3058; x_wconf 88' lang='lat' dir='ltr'><strong>partem</strong></span> <span class='ocrx_word' id='word_1_241' title='bbox 1006 3001 1013 3038; x_wconf 91' lang='lat'>:</span> <span class='ocrx_word' id='word_1_242' title='bbox 1031 2977 1113 3040; x_wconf 90' lang='lat' dir='ltr'><strong>sicut</strong></span> <span class='ocrx_word' id='word_1_243' title='bbox 1138 2980 1227 3044; x_wconf 83' lang='lat' dir='ltr'><strong>vo-(I</strong></span> <span class='ocrx_word' id='word_1_244' title='bbox 1247 2978 1354 3041; x_wconf 93' lang='lat' dir='ltr'><strong>multis</strong></span> <span class='ocrx_word' id='word_1_245' title='bbox 1377 2978 1516 3060; x_wconf 92' lang='lat' dir='ltr'><strong>loquitur</strong></span> <span class='ocrx_word' id='word_1_246' title='bbox 1536 2979 1639 3059; x_wconf 85' lang='lat' dir='ltr'><strong>libris,</strong></span> <span class='ocrx_word' id='word_1_247' title='bbox 1656 2982 1832 3064; x_wconf 76' lang='lat' dir='ltr'><strong>presertim</strong></span> <span class='ocrx_word' id='word_1_248' title='bbox 1854 2987 1997 3047; x_wconf 91' lang='lat' dir='ltr'><strong>secundo</strong></span> 
     </span>
    </p>
   </div>
   <div class='ocr_carea' id='block_1_11' title="bbox 436 3075 1191 4149">
    <p class='ocr_par' dir='ltr' id='par_1_13' title="bbox 436 3075 1191 4149">
     <span class='ocr_line' id='line_1_41' title="bbox 439 3075 1189 3158; baseline -0.001 -17"><span class='ocrx_word' id='word_1_249' title='bbox 439 3077 547 3141; x_wconf 89' lang='lat' dir='ltr'><strong>luntas</strong></span> <span class='ocrx_word' id='word_1_250' title='bbox 562 3083 594 3139; x_wconf 91' lang='lat' dir='ltr'><strong>et</strong></span> <span class='ocrx_word' id='word_1_251' title='bbox 609 3075 812 3155; x_wconf 88' lang='lat' dir='ltr'><strong>intellectus;</strong></span> <span class='ocrx_word' id='word_1_252' title='bbox 829 3083 860 3137; x_wconf 89' lang='lat' dir='ltr'><strong>et</strong></span> <span class='ocrx_word' id='word_1_253' title='bbox 874 3075 988 3158; x_wconf 78' lang='lat' dir='ltr'><strong>aliquae</strong></span> <span class='ocrx_word' id='word_1_254' title='bbox 1003 3076 1071 3139; x_wconf 77' lang='lat' dir='ltr'><strong>alias</strong></span> <span class='ocrx_word' id='word_1_255' title='bbox 1087 3097 1189 3140; x_wconf 86' lang='lat' dir='ltr'><strong>causae</strong></span> 
     </span>
     <span class='ocr_line' id='line_1_42' title="bbox 438 3173 1188 3255; baseline -0.005 -14"><span class='ocrx_word' id='word_1_256' title='bbox 438 3179 478 3241; x_wconf 93' lang='lat' dir='ltr'><strong>ad</strong></span> <span class='ocrx_word' id='word_1_257' title='bbox 503 3176 693 3240; x_wconf 92' lang='lat' dir='ltr'><strong>utrumlibet</strong></span> <span class='ocrx_word' id='word_1_258' title='bbox 717 3195 751 3237; x_wconf 91' lang='lat' dir='ltr'><strong>se</strong></span> <span class='ocrx_word' id='word_1_259' title='bbox 774 3173 997 3237; x_wconf 76' lang='lat' dir='ltr'><strong>indifferenter</strong></span> <span class='ocrx_word' id='word_1_260' title='bbox 1023 3175 1188 3255; x_wconf 89' lang='lat' dir='ltr'><strong>habentes,</strong></span> 
     </span>
     <span class='ocr_line' id='line_1_43' title="bbox 439 3272 1191 3353; baseline -0.007 -13"><span class='ocrx_word' id='word_1_261' title='bbox 439 3285 474 3340; x_wconf 92' lang='lat' dir='ltr'><strong>ut</strong></span> <span class='ocrx_word' id='word_1_262' title='bbox 503 3283 629 3339; x_wconf 90' lang='lat' dir='ltr'><strong>constat</strong></span> <span class='ocrx_word' id='word_1_263' title='bbox 657 3273 691 3335; x_wconf 96' lang='lat' dir='ltr'><strong>in</strong></span> <span class='ocrx_word' id='word_1_264' title='bbox 719 3274 770 3334; x_wconf 92' lang='lat' dir='ltr'><strong>bis</strong></span> <span class='ocrx_word' id='word_1_265' title='bbox 799 3292 869 3353; x_wconf 82' lang='lat' dir='ltr'><strong>quae</strong></span> <span class='ocrx_word' id='word_1_266' title='bbox 897 3272 980 3334; x_wconf 91' lang='lat' dir='ltr'><strong>fiunt</strong></span> <span class='ocrx_word' id='word_1_267' title='bbox 1012 3294 1030 3335; x_wconf 98' lang='grc' dir='ltr'><strong>ι</strong></span> <span class='ocrx_word' id='word_1_268' title='bbox 1062 3274 1191 3336; x_wconf 88' lang='lat' dir='ltr'><strong>fortuna</strong></span> 
     </span>
     <span class='ocr_line' id='line_1_44' title="bbox 438 3372 1190 3455; baseline -0.004 -16"><span class='ocrx_word' id='word_1_269' title='bbox 438 3385 470 3440; x_wconf 89' lang='lat' dir='ltr'><strong>et</strong></span> <span class='ocrx_word' id='word_1_270' title='bbox 485 3395 572 3438; x_wconf 87' lang='lat' dir='ltr'><strong>casu.</strong></span> <span class='ocrx_word' id='word_1_271' title='bbox 588 3373 711 3437; x_wconf 92' lang='lat' dir='ltr'><strong>Idcirco</strong></span> <span class='ocrx_word' id='word_1_272' title='bbox 726 3393 764 3435; x_wconf 86' lang='lat' dir='ltr'><strong>ex</strong></span> <span class='ocrx_word' id='word_1_273' title='bbox 780 3372 916 3455; x_wconf 84' lang='lat' dir='ltr'><strong>naturali</strong></span> <span class='ocrx_word' id='word_1_274' title='bbox 937 3373 1190 3437; x_wconf 88' lang='lat' dir='ltr'><strong>consideratione</strong></span> 
     </span>
     <span class='ocr_line' id='line_1_45' title="bbox 438 3473 1191 3553; baseline -0.004 -15"><span class='ocrx_word' id='word_1_275' title='bbox 438 3475 550 3538; x_wconf 86' lang='lat' dir='ltr'><strong>talium</strong></span> <span class='ocrx_word' id='word_1_276' title='bbox 573 3492 740 3536; x_wconf 90' lang='lat' dir='ltr'><strong>causarum</strong></span> <span class='ocrx_word' id='word_1_277' title='bbox 762 3490 827 3534; x_wconf 93' lang='lat' dir='ltr'><strong>non</strong></span> <span class='ocrx_word' id='word_1_278' title='bbox 849 3481 982 3553; x_wconf 90' lang='lat' dir='ltr'><strong>possunt</strong></span> <span class='ocrx_word' id='word_1_279' title='bbox 1007 3492 1115 3535; x_wconf 89' lang='lat' dir='ltr'><strong>earum</strong></span> <span class='ocrx_word' id='word_1_280' title='bbox 1142 3473 1191 3535; x_wconf 94' lang='lat' dir='ltr'><strong>fu-</strong></span> 
     </span>
     <span class='ocr_line' id='line_1_46' title="bbox 437 3569 1190 3653; baseline -0.005 -16"><span class='ocrx_word' id='word_1_281' title='bbox 437 3574 500 3638; x_wconf 90' lang='lat' dir='ltr'><strong>turi</strong></span> <span class='ocrx_word' id='word_1_282' title='bbox 516 3572 654 3636; x_wconf 90' lang='lat' dir='ltr'><strong>effectus</strong></span> <span class='ocrx_word' id='word_1_283' title='bbox 677 3570 831 3653; x_wconf 76' lang='lat' dir='ltr'><strong>praenosci</strong></span> <span class='ocrx_word' id='word_1_284' title='bbox 851 3594 857 3631; x_wconf 75' lang='grc' dir='ltr'><strong>ι</strong></span> <span class='ocrx_word' id='word_1_285' title='bbox 876 3569 941 3633; x_wconf 93' lang='lat' dir='ltr'><strong>imo</strong></span> <span class='ocrx_word' id='word_1_286' title='bbox 956 3570 1109 3653; x_wconf 79' lang='lat' dir='ltr'><strong>praenosci</strong></span> <span class='ocrx_word' id='word_1_287' title='bbox 1126 3592 1190 3634; x_wconf 92' lang='lat' dir='ltr'><strong>non</strong></span> 
     </span>
     <span class='ocr_line' id='line_1_47' title="bbox 437 3668 1191 3750; baseline -0.005 -14"><span class='ocrx_word' id='word_1_288' title='bbox 437 3674 547 3737; x_wconf 90' lang='lat' dir='ltr'><strong>valent</strong></span> <span class='ocrx_word' id='word_1_289' title='bbox 568 3670 629 3733; x_wconf 90' lang='lat' dir='ltr'><strong>nisi</strong></span> <span class='ocrx_word' id='word_1_290' title='bbox 651 3670 683 3731; x_wconf 93' lang='lat' dir='ltr'><strong>in</strong></span> <span class='ocrx_word' id='word_1_291' title='bbox 707 3669 840 3750; x_wconf 92' lang='lat' dir='ltr'><strong>seipsis</strong></span> <span class='ocrx_word' id='word_1_292' title='bbox 862 3668 1114 3731; x_wconf 88' lang='lat' dir='ltr'><strong>considerentur.</strong></span> <span class='ocrx_word' id='word_1_293' title='bbox 1132 3671 1191 3733; x_wconf 93' lang='lat' dir='ltr'><strong>Ho-</strong></span> 
     </span>
     <span class='ocr_line' id='line_1_48' title="bbox 437 3767 1191 3849; baseline -0.008 -12"><span class='ocrx_word' id='word_1_294' title='bbox 437 3773 542 3837; x_wconf 93' lang='lat' dir='ltr'><strong>mines</strong></span> <span class='ocrx_word' id='word_1_295' title='bbox 562 3788 639 3833; x_wconf 93' lang='lat' dir='ltr'><strong>vero</strong></span> <span class='ocrx_word' id='word_1_296' title='bbox 659 3768 737 3831; x_wconf 91' lang='lat' dir='ltr'><strong>tales</strong></span> <span class='ocrx_word' id='word_1_297' title='bbox 758 3768 895 3831; x_wconf 90' lang='lat' dir='ltr'><strong>effectus</strong></span> <span class='ocrx_word' id='word_1_298' title='bbox 916 3767 949 3829; x_wconf 89' lang='grc' dir='ltr'><strong>ιιι</strong></span> <span class='ocrx_word' id='word_1_299' title='bbox 969 3788 1002 3830; x_wconf 93' lang='lat' dir='ltr'><strong>se</strong></span> <span class='ocrx_word' id='word_1_300' title='bbox 1018 3768 1095 3849; x_wconf 90' lang='lat' dir='ltr'><strong>ipsis</strong></span> <span class='ocrx_word' id='word_1_301' title='bbox 1116 3788 1191 3831; x_wconf 90' lang='lat' dir='ltr'><strong>con-</strong></span> 
     </span>
     <span class='ocr_line' id='line_1_49' title="bbox 437 3866 1191 3948; baseline -0.008 -14"><span class='ocrx_word' id='word_1_302' title='bbox 437 3872 578 3935; x_wconf 89' lang='lat' dir='ltr'><strong>siderare</strong></span> <span class='ocrx_word' id='word_1_303' title='bbox 597 3888 663 3931; x_wconf 92' lang='lat' dir='ltr'><strong>uon</strong></span> <span class='ocrx_word' id='word_1_304' title='bbox 685 3874 807 3947; x_wconf 92' lang='lat' dir='ltr'><strong>queunt</strong></span> <span class='ocrx_word' id='word_1_305' title='bbox 825 3866 886 3929; x_wconf 92' lang='lat' dir='ltr'><strong>nisi</strong></span> <span class='ocrx_word' id='word_1_306' title='bbox 908 3867 1034 3948; x_wconf 90' lang='lat' dir='ltr'><strong>quando</strong></span> <span class='ocrx_word' id='word_1_307' title='bbox 1053 3886 1191 3948; x_wconf 78' lang='lat' dir='ltr'><strong>presen-</strong></span> 
     </span>
     <span class='ocr_line' id='line_1_50' title="bbox 437 3964 1189 4046; baseline -0.008 -12"><span class='ocrx_word' id='word_1_308' title='bbox 437 3982 485 4034; x_wconf 89' lang='lat' dir='ltr'><strong>tes</strong></span> <span class='ocrx_word' id='word_1_309' title='bbox 510 3977 595 4046; x_wconf 90' lang='lat' dir='ltr'><strong>sunt,</strong></span> <span class='ocrx_word' id='word_1_310' title='bbox 619 3966 682 4029; x_wconf 92' lang='lat' dir='ltr'><strong>nisi</strong></span> <span class='ocrx_word' id='word_1_311' title='bbox 706 3986 744 4028; x_wconf 82' lang='lat' dir='ltr'><strong>ex</strong></span> <span class='ocrx_word' id='word_1_312' title='bbox 765 3964 960 4028; x_wconf 87' lang='lat' dir='ltr'><strong>revelatione</strong></span> <span class='ocrx_word' id='word_1_313' title='bbox 984 3966 1105 4028; x_wconf 88' lang='lat' dir='ltr'><strong>divina.</strong></span> <span class='ocrx_word' id='word_1_314' title='bbox 1129 3966 1189 4028; x_wconf 87' lang='lat' dir='ltr'><strong>Sed</strong></span> 
     </span>
     <span class='ocr_line' id='line_1_51' title="bbox 436 4064 1189 4149; baseline -0.011 -15"><span class='ocrx_word' id='word_1_315' title='bbox 436 4071 501 4133; x_wconf 88' lang='lat' dir='ltr'><strong>Deo</strong></span> <span class='ocrx_word' id='word_1_316' title='bbox 522 4077 569 4131; x_wconf 91' lang='lat' dir='ltr'><strong>est</strong></span> <span class='ocrx_word' id='word_1_317' title='bbox 594 4066 758 4149; x_wconf 90' lang='lat' dir='ltr'><strong>proprium</strong></span> <span class='ocrx_word' id='word_1_318' title='bbox 779 4082 833 4127; x_wconf 90' lang='lat' dir='ltr'><strong>eos</strong></span> <span class='ocrx_word' id='word_1_319' title='bbox 858 4064 964 4125; x_wconf 88' lang='lat' dir='ltr'><strong>taliter</strong></span> <span class='ocrx_word' id='word_1_320' title='bbox 988 4064 1189 4127; x_wconf 91' lang='lat' dir='ltr'><strong>considerare</strong></span> 
     </span>
    </p>
   </div>
   <div class='ocr_carea' id='block_1_12' title="bbox 1245 3077 2103 4144">
    <p class='ocr_par' dir='ltr' id='par_1_14' title="bbox 1245 3077 2103 4144">
     <span class='ocr_line' id='line_1_52' title="bbox 1246 3077 1997 3158; baseline 0.011 -19"><span class='ocrx_word' id='word_1_321' title='bbox 1246 3079 1285 3139; x_wconf 92' lang='lat' dir='ltr'><strong>de</strong></span> <span class='ocrx_word' id='word_1_322' title='bbox 1304 3077 1452 3140; x_wconf 87' lang='lat' dir='ltr'><strong>Doctrina</strong></span> <span class='ocrx_word' id='word_1_323' title='bbox 1473 3077 1656 3158; x_wconf 90' lang='lat' dir='ltr'><strong>christiana,</strong></span> <span class='ocrx_word' id='word_1_324' title='bbox 1674 3099 1712 3144; x_wconf 88' lang='lat' dir='ltr'><strong>ae</strong></span> <span class='ocrx_word' id='word_1_325' title='bbox 1733 3080 1805 3143; x_wconf 89' lang='lat' dir='ltr'><strong>aliis</strong></span> <span class='ocrx_word' id='word_1_326' title='bbox 1827 3081 1921 3147; x_wconf 81' lang='lat' dir='ltr'><strong>locis</strong></span> <span class='ocrx_word' id='word_1_327' title='bbox 1939 3083 1997 3147; x_wconf 85' lang='lat' dir='ltr'><strong>Sed</strong></span> 
     </span>
     <span class='ocr_line' id='line_1_53' title="bbox 1247 3176 1997 3261; baseline 0.008 -23"><span class='ocrx_word' id='word_1_328' title='bbox 1247 3184 1281 3238; x_wconf 92' lang='lat' dir='ltr'><strong>ut</strong></span> <span class='ocrx_word' id='word_1_329' title='bbox 1304 3176 1419 3238; x_wconf 88' lang='lat' dir='ltr'><strong>veritas</strong></span> <span class='ocrx_word' id='word_1_330' title='bbox 1444 3185 1549 3258; x_wconf 87' lang='lat' dir='ltr'><strong>pateat</strong></span> <span class='ocrx_word' id='word_1_331' title='bbox 1572 3178 1748 3259; x_wconf 88' lang='lat' dir='ltr'><strong>evidenter,</strong></span> <span class='ocrx_word' id='word_1_332' title='bbox 1775 3180 1881 3261; x_wconf 92' lang='lat' dir='ltr'><strong>primo</strong></span> <span class='ocrx_word' id='word_1_333' title='bbox 1908 3181 1997 3244; x_wconf 91' lang='lat' dir='ltr'><strong>indu-</strong></span> 
     </span>
     <span class='ocr_line' id='line_1_54' title="bbox 1247 3274 1937 3355; baseline 0.009 -18"><span class='ocrx_word' id='word_1_334' title='bbox 1247 3294 1315 3337; x_wconf 89' lang='lat' dir='ltr'><strong>cam</strong></span> <span class='ocrx_word' id='word_1_335' title='bbox 1333 3274 1408 3355; x_wconf 92' lang='lat' dir='ltr'><strong>quid</strong></span> <span class='ocrx_word' id='word_1_336' title='bbox 1425 3275 1454 3337; x_wconf 89' lang='lat' dir='ltr'><strong>S.</strong></span> <span class='ocrx_word' id='word_1_337' title='bbox 1473 3274 1607 3338; x_wconf 84' lang='lat' dir='ltr'><strong>Thomas</strong></span> <span class='ocrx_word' id='word_1_338' title='bbox 1622 3276 1708 3339; x_wconf 88' lang='lat' dir='ltr'><strong>circa</strong></span> <span class='ocrx_word' id='word_1_339' title='bbox 1721 3277 1790 3340; x_wconf 85' lang='lat' dir='ltr'><strong>baec</strong></span> <span class='ocrx_word' id='word_1_340' title='bbox 1806 3280 1937 3343; x_wconf 88' lang='lat' dir='ltr'><strong>sentiat.</strong></span> 
     </span>
     <span class='ocr_line' id='line_1_55' title="bbox 1285 3373 1996 3459; baseline 0.008 -24"><span class='ocrx_word' id='word_1_341' title='bbox 1285 3374 1391 3455; x_wconf 88' lang='lat' dir='ltr'><strong>Itaque</strong></span> <span class='ocrx_word' id='word_1_342' title='bbox 1415 3373 1449 3434; x_wconf 92' lang='lat' dir='ltr'><strong>iu</strong></span> <span class='ocrx_word' id='word_1_343' title='bbox 1474 3375 1613 3437; x_wconf 88' lang='lat' dir='ltr'><strong>secunda</strong></span> <span class='ocrx_word' id='word_1_344' title='bbox 1638 3377 1798 3454; x_wconf 80' lang='lat' dir='ltr'><strong>secundae,</strong></span> <span class='ocrx_word' id='word_1_345' title='bbox 1821 3380 1996 3459; x_wconf 79' lang='lat' dir='ltr'><strong>quaestione</strong></span> 
     </span>
     <span class='ocr_line' id='line_1_56' title="bbox 1245 3472 2103 3552; baseline 0.014 -19"><span class='ocrx_word' id='word_1_346' title='bbox 1245 3472 1450 3552; x_wconf 87' lang='lat' dir='ltr'><strong>nonagesima</strong></span> <span class='ocrx_word' id='word_1_347' title='bbox 1474 3481 1572 3551; x_wconf 87' lang='lat' dir='ltr'><strong>sexta,</strong></span> <span class='ocrx_word' id='word_1_348' title='bbox 1597 3472 1738 3536; x_wconf 87' lang='lat' dir='ltr'><strong>breviter</strong></span> <span class='ocrx_word' id='word_1_349' title='bbox 1760 3476 1805 3537; x_wconf 88' lang='lat' dir='ltr'><strong>ait</strong></span> <span class='ocrx_word' id='word_1_350' title='bbox 1826 3500 1833 3537; x_wconf 76' lang='grc' dir='ltr'><strong>ε</strong></span> <span class='ocrx_word' id='word_1_351' title='bbox 1858 3477 1994 3541; x_wconf 79' lang='lat' dir='ltr'><strong>licitum</strong></span> <span class='ocrx_word' id='word_1_352' title='bbox 2018 3509 2103 3549; x_wconf 49' lang='lat' dir='ltr'><strong>,aaa</strong></span> 
     </span>
     <span class='ocr_line' id='line_1_57' title="bbox 1245 3566 2045 3651; baseline 0.009 -19"><span class='ocrx_word' id='word_1_353' title='bbox 1245 3578 1293 3632; x_wconf 88' lang='lat' dir='ltr'><strong>est</strong></span> <span class='ocrx_word' id='word_1_354' title='bbox 1308 3568 1449 3651; x_wconf 91' lang='lat' dir='ltr'><strong>proferre</strong></span> <span class='ocrx_word' id='word_1_355' title='bbox 1465 3569 1571 3650; x_wconf 91' lang='lat' dir='ltr'><strong>aliqua</strong></span> <span class='ocrx_word' id='word_1_356' title='bbox 1586 3566 1684 3634; x_wconf 81' lang='lat' dir='ltr'><strong>verba</strong></span> <span class='ocrx_word' id='word_1_357' title='bbox 1696 3592 1786 3636; x_wconf 89' lang='lat' dir='ltr'><strong>saera</strong></span> <span class='ocrx_word' id='word_1_358' title='bbox 1799 3583 1831 3636; x_wconf 92' lang='lat' dir='ltr'><strong>et</strong></span> <span class='ocrx_word' id='word_1_359' title='bbox 1846 3575 1995 3639; x_wconf 87' lang='lat' dir='ltr'><strong>invocare</strong></span> <span class='ocrx_word' id='word_1_360' title='bbox 2009 3574 2045 3613; x_wconf 86' lang='lat'><strong>¹¹¹·</strong></span> 
     </span>
     <span class='ocr_line' id='line_1_58' title="bbox 1245 3668 1996 3751; baseline 0.011 -22"><span class='ocrx_word' id='word_1_361' title='bbox 1245 3668 1299 3730; x_wconf 82' lang='lat' dir='ltr'><strong>Ilei</strong></span> <span class='ocrx_word' id='word_1_362' title='bbox 1320 3686 1435 3731; x_wconf 92' lang='lat' dir='ltr'><strong>nomen</strong></span> <span class='ocrx_word' id='word_1_363' title='bbox 1457 3669 1495 3729; x_wconf 87' lang='lat' dir='ltr'><strong>ed</strong></span> <span class='ocrx_word' id='word_1_364' title='bbox 1519 3670 1696 3733; x_wconf 89' lang='lat' dir='ltr'><strong>sanandum</strong></span> <span class='ocrx_word' id='word_1_365' title='bbox 1717 3671 1876 3751; x_wconf 81' lang='lat' dir='ltr'><strong>infirmos,</strong></span> <span class='ocrx_word' id='word_1_366' title='bbox 1895 3674 1921 3737; x_wconf 89' lang='lat' dir='ltr'><strong>si</strong></span> <span class='ocrx_word' id='word_1_367' title='bbox 1942 3675 1996 3737; x_wconf 87' lang='lat' dir='ltr'><strong>ba-</strong></span> 
     </span>
     <span class='ocr_line' id='line_1_59' title="bbox 1245 3766 1996 3847; baseline 0.012 -21"><span class='ocrx_word' id='word_1_368' title='bbox 1245 3766 1356 3827; x_wconf 88' lang='lat' dir='ltr'><strong>beatur</strong></span> <span class='ocrx_word' id='word_1_369' title='bbox 1371 3774 1532 3847; x_wconf 89' lang='lat' dir='ltr'><strong>respectus</strong></span> <span class='ocrx_word' id='word_1_370' title='bbox 1554 3768 1593 3829; x_wconf 88' lang='lat' dir='ltr'><strong>ad</strong></span> <span class='ocrx_word' id='word_1_371' title='bbox 1616 3770 1826 3832; x_wconf 84' lang='lat' dir='ltr'><strong>reverentiam</strong></span> <span class='ocrx_word' id='word_1_372' title='bbox 1849 3771 1907 3835; x_wconf 84' lang='lat' dir='ltr'><strong>Ilei</strong></span> <span class='ocrx_word' id='word_1_373' title='bbox 1930 3781 1996 3835; x_wconf 84' lang='lat' dir='ltr'><strong>tan-</strong></span> 
     </span>
     <span class='ocr_line' id='line_1_60' title="bbox 1245 3864 1993 3949; baseline 0.011 -24"><span class='ocrx_word' id='word_1_374' title='bbox 1245 3872 1324 3943; x_wconf 91' lang='lat' dir='ltr'><strong>tum,</strong></span> <span class='ocrx_word' id='word_1_375' title='bbox 1345 3872 1438 3945; x_wconf 89' lang='lat' dir='ltr'><strong>atque</strong></span> <span class='ocrx_word' id='word_1_376' title='bbox 1461 3864 1500 3926; x_wconf 90' lang='lat' dir='ltr'><strong>ab</strong></span> <span class='ocrx_word' id='word_1_377' title='bbox 1524 3865 1596 3947; x_wconf 92' lang='lat' dir='ltr'><strong>ipso</strong></span> <span class='ocrx_word' id='word_1_378' title='bbox 1619 3877 1820 3949; x_wconf 84' lang='lat' dir='ltr'><strong>exspectetur</strong></span> <span class='ocrx_word' id='word_1_379' title='bbox 1843 3870 1993 3949; x_wconf 89' lang='lat' dir='ltr'><strong>effectus,</strong></span> 
     </span>
     <span class='ocr_line' id='line_1_61' title="bbox 1245 3962 1995 4045; baseline 0.012 -22"><span class='ocrx_word' id='word_1_380' title='bbox 1245 3972 1321 4045; x_wconf 87' lang='lat' dir='ltr'><strong>puta</strong></span> <span class='ocrx_word' id='word_1_381' title='bbox 1344 3962 1476 4043; x_wconf 89' lang='lat' dir='ltr'><strong>curatio,</strong></span> <span class='ocrx_word' id='word_1_382' title='bbox 1493 3982 1551 4025; x_wconf 91' lang='lat' dir='ltr'><strong>nee</strong></span> <span class='ocrx_word' id='word_1_383' title='bbox 1574 3962 1694 4045; x_wconf 90' lang='lat' dir='ltr'><strong>aliquid</strong></span> <span class='ocrx_word' id='word_1_384' title='bbox 1716 3985 1805 4030; x_wconf 79' lang='lat' dir='ltr'><strong>vanae</strong></span> <span class='ocrx_word' id='word_1_385' title='bbox 1827 3968 1995 4032; x_wconf 90' lang='lat' dir='ltr'><strong>observan-</strong></span> 
     </span>
     <span class='ocr_line' id='line_1_62' title="bbox 1245 4062 1993 4144; baseline 0.012 -21"><span class='ocrx_word' id='word_1_386' title='bbox 1245 4062 1296 4124; x_wconf 77' lang='lat' dir='ltr'><strong>tie</strong></span> <span class='ocrx_word' id='word_1_387' title='bbox 1325 4062 1504 4124; x_wconf 89' lang='lat' dir='ltr'><strong>misceatur.</strong></span> <span class='ocrx_word' id='word_1_388' title='bbox 1536 4062 1589 4124; x_wconf 82' lang='lat' dir='ltr'><strong>Ait</strong></span> <span class='ocrx_word' id='word_1_389' title='bbox 1616 4082 1756 4144; x_wconf 89' lang='lat' dir='ltr'><strong>namque</strong></span> <span class='ocrx_word' id='word_1_390' title='bbox 1783 4065 1930 4131; x_wconf 84' lang='lat' dir='ltr'><strong>Salvator</strong></span> <span class='ocrx_word' id='word_1_391' title='bbox 1956 4070 1993 4131; x_wconf 87' lang='lat' dir='ltr'><strong>de</strong></span> 
     </span>
    </p>
   </div>
   <div class='ocr_carea' id='block_1_13' title="bbox 437 4158 2105 4253">
    <p class='ocr_par' dir='ltr' id='par_1_15' title="bbox 437 4158 2105 4253">
     <span class='ocr_line' id='line_1_63' title="bbox 437 4158 2105 4253; baseline -0.005 -21"><span class='ocrx_word' id='word_1_392' title='bbox 437 4178 609 4250; x_wconf 88' lang='lat' dir='ltr'><strong>antequam</strong></span> <span class='ocrx_word' id='word_1_393' title='bbox 638 4164 731 4225; x_wconf 90' lang='lat' dir='ltr'><strong>liant.</strong></span> <span class='ocrx_word' id='word_1_394' title='bbox 763 4163 895 4243; x_wconf 88' lang='lat' dir='ltr'><strong>Propter</strong></span> <span class='ocrx_word' id='word_1_395' title='bbox 928 4162 1013 4242; x_wconf 94' lang='lat' dir='ltr'><strong>quod</strong></span> <span class='ocrx_word' id='word_1_396' title='bbox 1048 4163 1081 4223; x_wconf 93' lang='lat' dir='ltr'><strong>in</strong></span> <span class='ocrx_word' id='word_1_397' title='bbox 1109 4160 1311 4227; x_wconf 88' lang='lat' dir='ltr'><strong>lsaiaDsuis</strong></span> <span class='ocrx_word' id='word_1_398' title='bbox 1337 4158 1563 4223; x_wconf 90' lang='lat' dir='ltr'><strong>fidelibus:ln</strong></span> <span class='ocrx_word' id='word_1_399' title='bbox 1587 4162 1717 4226; x_wconf 91' lang='lat' dir='ltr'><strong>nomine</strong></span> <span class='ocrx_word' id='word_1_400' title='bbox 1742 4184 1813 4228; x_wconf 91' lang='lat' dir='ltr'><strong>meo</strong></span> <span class='ocrx_word' id='word_1_401' title='bbox 1837 4166 1994 4231; x_wconf 76' lang='lat' dir='ltr'><strong>demonia</strong></span> <span class='ocrx_word' id='word_1_402' title='bbox 2014 4182 2105 4253; x_wconf 60' lang='lat' dir='ltr'><strong>uum</strong></span> 
     </span>
    </p>
   </div>
   <div class='ocr_carea' id='block_1_14' title="bbox 212 4260 1189 5337">
    <p class='ocr_par' dir='ltr' id='par_1_16' title="bbox 212 4260 1189 5337">
     <span class='ocr_line' id='line_1_64' title="bbox 212 4260 1187 4340; baseline -0.016 -2"><span class='ocrx_word' id='word_1_403' title='bbox 212 4326 218 4339; x_wconf 94' lang='lat'><em>.</em></span> <span class='ocrx_word' id='word_1_404' title='bbox 294 4267 572 4340; x_wconf 72' lang='lat' dir='ltr'><strong>1=.1n.2a.habetur</strong></span> <span class='ocrx_word' id='word_1_405' title='bbox 599 4288 605 4325; x_wconf 94' lang='lat'><strong>:</strong></span> <span class='ocrx_word' id='word_1_406' title='bbox 633 4263 706 4337; x_wconf 73' lang='lat' dir='ltr'><strong>Quae</strong></span> <span class='ocrx_word' id='word_1_407' title='bbox 734 4268 869 4323; x_wconf 89' lang='lat' dir='ltr'><strong>ventura</strong></span> <span class='ocrx_word' id='word_1_408' title='bbox 894 4268 967 4321; x_wconf 93' lang='lat' dir='ltr'><strong>sunt</strong></span> <span class='ocrx_word' id='word_1_409' title='bbox 991 4260 1187 4339; x_wconf 89' lang='lat' dir='ltr'><strong>annuntiate,</strong></span> 
     </span>
     <span class='ocr_line' id='line_1_65' title="bbox 436 4357 1189 4441; baseline -0.013 -11"><span class='ocrx_word' id='word_1_410' title='bbox 436 4374 467 4430; x_wconf 89' lang='lat' dir='ltr'><strong>et</strong></span> <span class='ocrx_word' id='word_1_411' title='bbox 490 4364 627 4427; x_wconf 90' lang='lat' dir='ltr'><strong>sciemus</strong></span> <span class='ocrx_word' id='word_1_412' title='bbox 647 4359 798 4441; x_wconf 90' lang='lat' dir='ltr'><strong>quonlam</strong></span> <span class='ocrx_word' id='word_1_413' title='bbox 821 4357 864 4419; x_wconf 90' lang='lat' dir='ltr'><strong>dii</strong></span> <span class='ocrx_word' id='word_1_414' title='bbox 887 4358 963 4419; x_wconf 90' lang='lat' dir='ltr'><strong>estis</strong></span> <span class='ocrx_word' id='word_1_415' title='bbox 978 4376 1045 4420; x_wconf 90' lang='lat' dir='ltr'><strong>vos.</strong></span> <span class='ocrx_word' id='word_1_416' title='bbox 1064 4358 1096 4419; x_wconf 93' lang='lat' dir='ltr'><strong>Si</strong></span> <span class='ocrx_word' id='word_1_417' title='bbox 1116 4360 1189 4439; x_wconf 93' lang='lat' dir='ltr'><strong>quis</strong></span> 
     </span>
     <span class='ocr_line' id='line_1_66' title="bbox 435 4457 1187 4548; baseline -0.012 -19"><span class='ocrx_word' id='word_1_418' title='bbox 435 4484 512 4548; x_wconf 90' lang='lat' dir='ltr'><strong>ergo</strong></span> <span class='ocrx_word' id='word_1_419' title='bbox 528 4462 605 4525; x_wconf 88' lang='lat' dir='ltr'><strong>talia</strong></span> <span class='ocrx_word' id='word_1_420' title='bbox 620 4461 728 4522; x_wconf 91' lang='lat' dir='ltr'><strong>futura</strong></span> <span class='ocrx_word' id='word_1_421' title='bbox 743 4457 892 4538; x_wconf 80' lang='lat' dir='ltr'><strong>praescire</strong></span> <span class='ocrx_word' id='word_1_422' title='bbox 907 4464 961 4518; x_wconf 88' lang='lat' dir='ltr'><strong>eut</strong></span> <span class='ocrx_word' id='word_1_423' title='bbox 976 4458 1187 4537; x_wconf 78' lang='lat' dir='ltr'><strong>praenuntiare</strong></span> 
     </span>
     <span class='ocr_line' id='line_1_67' title="bbox 433 4555 1187 4648; baseline -0.015 -20"><span class='ocrx_word' id='word_1_424' title='bbox 433 4580 638 4648; x_wconf 93' lang='lat' dir='ltr'><strong>quocumque</strong></span> <span class='ocrx_word' id='word_1_425' title='bbox 662 4557 757 4620; x_wconf 94' lang='lat' dir='ltr'><strong>modo</strong></span> <span class='ocrx_word' id='word_1_426' title='bbox 787 4555 1035 4638; x_wconf 68' lang='lat' dir='ltr'><strong>praesumpserit,</strong></span> <span class='ocrx_word' id='word_1_427' title='bbox 1063 4555 1124 4617; x_wconf 90' lang='lat' dir='ltr'><strong>nisi</strong></span> <span class='ocrx_word' id='word_1_428' title='bbox 1150 4576 1187 4618; x_wconf 83' lang='lat' dir='ltr'><strong>ex</strong></span> 
     </span>
     <span class='ocr_line' id='line_1_68' title="bbox 434 4652 1184 4736; baseline -0.016 -9"><span class='ocrx_word' id='word_1_429' title='bbox 434 4662 630 4729; x_wconf 84' lang='lat' dir='ltr'><strong>revelatione</strong></span> <span class='ocrx_word' id='word_1_430' title='bbox 649 4656 769 4733; x_wconf 92' lang='lat' dir='ltr'><strong>divina,</strong></span> <span class='ocrx_word' id='word_1_431' title='bbox 792 4662 923 4736; x_wconf 88' lang='lat' dir='ltr'><strong>usurpat</strong></span> <span class='ocrx_word' id='word_1_432' title='bbox 942 4652 1003 4715; x_wconf 92' lang='lat' dir='ltr'><strong>sibi</strong></span> <span class='ocrx_word' id='word_1_433' title='bbox 1025 4655 1109 4735; x_wconf 93' lang='lat' dir='ltr'><strong>quod</strong></span> <span class='ocrx_word' id='word_1_434' title='bbox 1131 4654 1184 4717; x_wconf 89' lang='lat' dir='ltr'><strong>Dei</strong></span> 
     </span>
     <span class='ocr_line' id='line_1_69' title="bbox 433 4752 1186 4844; baseline -0.019 -17"><span class='ocrx_word' id='word_1_435' title='bbox 433 4772 492 4844; x_wconf 91' lang='lat' dir='ltr'><strong>est,</strong></span> <span class='ocrx_word' id='word_1_436' title='bbox 502 4770 535 4825; x_wconf 92' lang='lat' dir='ltr'><strong>et</strong></span> <span class='ocrx_word' id='word_1_437' title='bbox 549 4760 664 4822; x_wconf 89' lang='lat' dir='ltr'><strong>vitium</strong></span> <span class='ocrx_word' id='word_1_438' title='bbox 679 4753 885 4819; x_wconf 83' lang='lat' dir='ltr'><strong>dlviuationis</strong></span> <span class='ocrx_word' id='word_1_439' title='bbox 900 4771 937 4814; x_wconf 90' lang='grc' dir='ltr'><strong>ιι</strong></span> <span class='ocrx_word' id='word_1_440' title='bbox 953 4752 1186 4833; x_wconf 90' lang='lat' dir='ltr'><strong>superstitionis</strong></span> 
     </span>
     <span class='ocr_line' id='line_1_70' title="bbox 433 4850 1187 4932; baseline -0.016 -7"><span class='ocrx_word' id='word_1_441' title='bbox 433 4859 581 4924; x_wconf 91' lang='lat' dir='ltr'><strong>incurrit.</strong></span> <span class='ocrx_word' id='word_1_442' title='bbox 611 4855 692 4918; x_wconf 90' lang='lat' dir='ltr'><strong>Hinc</strong></span> <span class='ocrx_word' id='word_1_443' title='bbox 722 4851 827 4915; x_wconf 89' lang='lat' dir='ltr'><strong>omnis</strong></span> <span class='ocrx_word' id='word_1_444' title='bbox 857 4850 1012 4913; x_wconf 88' lang='lat' dir='ltr'><strong>divinatio</strong></span> <span class='ocrx_word' id='word_1_445' title='bbox 1040 4870 1079 4912; x_wconf 87' lang='lat' dir='ltr'><strong>ex</strong></span> <span class='ocrx_word' id='word_1_446' title='bbox 1113 4869 1187 4932; x_wconf 90' lang='lat' dir='ltr'><strong>ope-</strong></span> 
     </span>
     <span class='ocr_line' id='line_1_71' title="bbox 433 4948 1188 5030; baseline -0.017 -8"><span class='ocrx_word' id='word_1_447' title='bbox 433 4960 555 5023; x_wconf 89' lang='lat' dir='ltr'><strong>ratione</strong></span> <span class='ocrx_word' id='word_1_448' title='bbox 583 4957 765 5019; x_wconf 83' lang='lat' dir='ltr'><strong>daemonum</strong></span> <span class='ocrx_word' id='word_1_449' title='bbox 795 4950 896 5013; x_wconf 89' lang='lat' dir='ltr'><strong>oritur</strong></span> <span class='ocrx_word' id='word_1_450' title='bbox 923 4972 929 5011; x_wconf 95' lang='lat'><strong>:</strong></span> <span class='ocrx_word' id='word_1_451' title='bbox 957 4948 1007 5010; x_wconf 91' lang='lat' dir='ltr'><strong>vel</strong></span> <span class='ocrx_word' id='word_1_452' title='bbox 1037 4950 1112 5030; x_wconf 89' lang='lat' dir='ltr'><strong>qnia</strong></span> <span class='ocrx_word' id='word_1_453' title='bbox 1136 4968 1188 5012; x_wconf 86' lang='grc' dir='ltr'>ιιι-</span> 
     </span>
     <span class='ocr_line' id='line_1_72' title="bbox 432 5047 1187 5142; baseline -0.019 -20"><span class='ocrx_word' id='word_1_454' title='bbox 432 5077 541 5142; x_wconf 91' lang='lat' dir='ltr'><strong>presse</strong></span> <span class='ocrx_word' id='word_1_455' title='bbox 570 5056 731 5117; x_wconf 78' lang='lat' dir='ltr'><strong>daemones</strong></span> <span class='ocrx_word' id='word_1_456' title='bbox 757 5050 948 5112; x_wconf 89' lang='lat' dir='ltr'><strong>invocantur</strong></span> <span class='ocrx_word' id='word_1_457' title='bbox 975 5047 1014 5108; x_wconf 89' lang='lat' dir='ltr'><strong>ad</strong></span> <span class='ocrx_word' id='word_1_458' title='bbox 1041 5067 1187 5129; x_wconf 82' lang='lat' dir='ltr'><strong>praenun-</strong></span> 
     </span>
     <span class='ocr_line' id='line_1_73' title="bbox 430 5147 1186 5230; baseline -0.017 -10"><span class='ocrx_word' id='word_1_459' title='bbox 430 5157 575 5220; x_wconf 90' lang='lat' dir='ltr'><strong>tiandum</strong></span> <span class='ocrx_word' id='word_1_460' title='bbox 591 5152 720 5229; x_wconf 81' lang='lat' dir='ltr'><strong>futura3</strong></span> <span class='ocrx_word' id='word_1_461' title='bbox 737 5149 787 5211; x_wconf 91' lang='lat' dir='ltr'><strong>vel</strong></span> <span class='ocrx_word' id='word_1_462' title='bbox 803 5148 877 5230; x_wconf 83' lang='lat' dir='ltr'><strong>qula</strong></span> <span class='ocrx_word' id='word_1_463' title='bbox 897 5147 1058 5209; x_wconf 78' lang='lat' dir='ltr'><strong>deamones</strong></span> <span class='ocrx_word' id='word_1_464' title='bbox 1073 5156 1186 5226; x_wconf 91' lang='lat' dir='ltr'><strong>sponte</strong></span> 
     </span>
     <span class='ocr_line' id='line_1_74' title="bbox 431 5244 1186 5337; baseline -0.012 -19"><span class='ocrx_word' id='word_1_465' title='bbox 431 5276 465 5318; x_wconf 91' lang='lat' dir='ltr'><strong>se</strong></span> <span class='ocrx_word' id='word_1_466' title='bbox 494 5256 644 5337; x_wconf 90' lang='lat' dir='ltr'><strong>ingerunt</strong></span> <span class='ocrx_word' id='word_1_467' title='bbox 667 5247 803 5313; x_wconf 92' lang='lat' dir='ltr'><strong>curiosis</strong></span> <span class='ocrx_word' id='word_1_468' title='bbox 828 5265 865 5309; x_wconf 88' lang='lat' dir='ltr'><strong>ac</strong></span> <span class='ocrx_word' id='word_1_469' title='bbox 895 5245 986 5307; x_wconf 88' lang='lat' dir='ltr'><strong>vanis</strong></span> <span class='ocrx_word' id='word_1_470' title='bbox 1010 5244 1186 5327; x_wconf 90' lang='lat' dir='ltr'><strong>inquisitio-</strong></span> 
     </span>
    </p>
   </div>
   <div class='ocr_carea' id='block_1_15' title="bbox 1240 4248 2069 5333">
    <p class='ocr_par' dir='ltr' id='par_1_17' title="bbox 1240 4248 2069 5333">
     <span class='ocr_line' id='line_1_75' title="bbox 1244 4248 2069 4347; baseline 0.008 -26"><span class='ocrx_word' id='word_1_471' title='bbox 1244 4258 1383 4339; x_wconf 87' lang='lat' dir='ltr'><strong>ejicient,</strong></span> <span class='ocrx_word' id='word_1_472' title='bbox 1415 4278 1509 4341; x_wconf 91' lang='lat' dir='ltr'><strong>super</strong></span> <span class='ocrx_word' id='word_1_473' title='bbox 1535 4277 1635 4341; x_wconf 75' lang='lat' dir='ltr'><strong>aegros</strong></span> <span class='ocrx_word' id='word_1_474' title='bbox 1668 4280 1780 4325; x_wconf 89' lang='lat' dir='ltr'><strong>manus</strong></span> <span class='ocrx_word' id='word_1_475' title='bbox 1815 4248 2069 4347; x_wconf 64' lang='lat' dir='ltr'><strong>imponent‚&#39;⁷&#39;¹⁵‘</strong></span> 
     </span>
     <span class='ocr_line' id='line_1_76' title="bbox 1244 4358 1994 4447; baseline 0.011 -27"><span class='ocrx_word' id='word_1_476' title='bbox 1244 4366 1276 4420; x_wconf 88' lang='lat' dir='ltr'><strong>et</strong></span> <span class='ocrx_word' id='word_1_477' title='bbox 1290 4359 1370 4421; x_wconf 89' lang='lat' dir='ltr'><strong>bene</strong></span> <span class='ocrx_word' id='word_1_478' title='bbox 1393 4358 1564 4420; x_wconf 77' lang='lat' dir='ltr'><strong>habebunt,</strong></span> <span class='ocrx_word' id='word_1_479' title='bbox 1582 4359 1653 4422; x_wconf 85' lang='lat' dir='ltr'><strong>Haec</strong></span> <span class='ocrx_word' id='word_1_480' title='bbox 1673 4359 1780 4423; x_wconf 91' lang='lat' dir='ltr'><strong>brevis</strong></span> <span class='ocrx_word' id='word_1_481' title='bbox 1795 4372 1844 4424; x_wconf 90' lang='lat' dir='ltr'><strong>est</strong></span> <span class='ocrx_word' id='word_1_482' title='bbox 1865 4384 1994 4447; x_wconf 89' lang='lat' dir='ltr'><strong>respon-</strong></span> 
     </span>
     <span class='ocr_line' id='line_1_77' title="bbox 1244 4456 1994 4545; baseline 0.012 -27"><span class='ocrx_word' id='word_1_483' title='bbox 1244 4457 1291 4519; x_wconf 89' lang='lat' dir='ltr'><strong>sio</strong></span> <span class='ocrx_word' id='word_1_484' title='bbox 1313 4458 1438 4527; x_wconf 84' lang='lat' dir='ltr'><strong>Tbomae</strong></span> <span class='ocrx_word' id='word_1_485' title='bbox 1462 4456 1494 4517; x_wconf 93' lang='lat' dir='ltr'><strong>in</strong></span> <span class='ocrx_word' id='word_1_486' title='bbox 1520 4476 1583 4519; x_wconf 91' lang='lat' dir='ltr'><strong>uno</strong></span> <span class='ocrx_word' id='word_1_487' title='bbox 1608 4477 1714 4539; x_wconf 91' lang='lat' dir='ltr'><strong>passu.</strong></span> <span class='ocrx_word' id='word_1_488' title='bbox 1733 4458 1897 4540; x_wconf 88' lang='lat' dir='ltr'><strong>Siquidem</strong></span> <span class='ocrx_word' id='word_1_489' title='bbox 1920 4483 1994 4545; x_wconf 74' lang='lat' dir='ltr'><strong>pne</strong></span> 
     </span>
     <span class='ocr_line' id='line_1_78' title="bbox 1243 4555 1992 4644; baseline 0.011 -27"><span class='ocrx_word' id='word_1_490' title='bbox 1243 4563 1360 4617; x_wconf 86' lang='lat' dir='ltr'><strong>tactam</strong></span> <span class='ocrx_word' id='word_1_491' title='bbox 1372 4555 1585 4637; x_wconf 74' lang='lat' dir='ltr'><strong>questionem</strong></span> <span class='ocrx_word' id='word_1_492' title='bbox 1608 4574 1671 4619; x_wconf 92' lang='lat' dir='ltr'><strong>non</strong></span> <span class='ocrx_word' id='word_1_493' title='bbox 1687 4566 1794 4621; x_wconf 92' lang='lat' dir='ltr'><strong>movet</strong></span> <span class='ocrx_word' id='word_1_494' title='bbox 1815 4559 1846 4621; x_wconf 91' lang='lat' dir='ltr'><strong>in</strong></span> <span class='ocrx_word' id='word_1_495' title='bbox 1864 4562 1992 4644; x_wconf 92' lang='lat' dir='ltr'><strong>propria</strong></span> 
     </span>
     <span class='ocr_line' id='line_1_79' title="bbox 1243 4653 1992 4739; baseline 0.015 -26"><span class='ocrx_word' id='word_1_496' title='bbox 1243 4653 1355 4715; x_wconf 90' lang='lat' dir='ltr'><strong>forma.</strong></span> <span class='ocrx_word' id='word_1_497' title='bbox 1375 4654 1599 4715; x_wconf 84' lang='lat' dir='ltr'><strong>Verumtamen</strong></span> <span class='ocrx_word' id='word_1_498' title='bbox 1614 4653 1707 4716; x_wconf 91' lang='lat' dir='ltr'><strong>aliam</strong></span> <span class='ocrx_word' id='word_1_499' title='bbox 1724 4665 1831 4720; x_wconf 92' lang='lat' dir='ltr'><strong>movet</strong></span> <span class='ocrx_word' id='word_1_500' title='bbox 1845 4661 1992 4739; x_wconf 82' lang='lat' dir='ltr'><strong>quaestio-</strong></span> 
     </span>
     <span class='ocr_line' id='line_1_80' title="bbox 1243 4750 1992 4839; baseline 0.013 -28"><span class='ocrx_word' id='word_1_501' title='bbox 1243 4771 1328 4828; x_wconf 89' lang='lat' dir='ltr'><strong>nem,</strong></span> <span class='ocrx_word' id='word_1_502' title='bbox 1345 4770 1383 4813; x_wconf 86' lang='lat' dir='ltr'><strong>ex</strong></span> <span class='ocrx_word' id='word_1_503' title='bbox 1398 4750 1490 4832; x_wconf 88' lang='lat' dir='ltr'><strong>cujus</strong></span> <span class='ocrx_word' id='word_1_504' title='bbox 1513 4750 1669 4815; x_wconf 89' lang='lat' dir='ltr'><strong>solutione</strong></span> <span class='ocrx_word' id='word_1_505' title='bbox 1691 4761 1795 4835; x_wconf 90' lang='lat' dir='ltr'><strong>potest</strong></span> <span class='ocrx_word' id='word_1_506' title='bbox 1815 4757 1855 4818; x_wconf 92' lang='lat' dir='ltr'><strong>ad</strong></span> <span class='ocrx_word' id='word_1_507' title='bbox 1877 4760 1992 4839; x_wconf 74' lang='lat' dir='ltr'><strong>praein-</strong></span> 
     </span>
     <span class='ocr_line' id='line_1_81' title="bbox 1242 4848 1991 4932; baseline 0.012 -20"><span class='ocrx_word' id='word_1_508' title='bbox 1242 4851 1369 4912; x_wconf 89' lang='lat' dir='ltr'><strong>ductam</strong></span> <span class='ocrx_word' id='word_1_509' title='bbox 1399 4848 1607 4931; x_wconf 77' lang='lat' dir='ltr'><strong>questionem</strong></span> <span class='ocrx_word' id='word_1_510' title='bbox 1642 4850 1767 4932; x_wconf 89' lang='lat' dir='ltr'><strong>plenior</strong></span> <span class='ocrx_word' id='word_1_511' title='bbox 1798 4852 1910 4918; x_wconf 89' lang='lat' dir='ltr'><strong>baberi</strong></span> <span class='ocrx_word' id='word_1_512' title='bbox 1946 4878 1991 4921; x_wconf 77' lang='lat' dir='ltr'><strong>re</strong></span> 
     </span>
     <span class='ocr_line' id='line_1_82' title="bbox 1242 4948 1990 5030; baseline 0.013 -21"><span class='ocrx_word' id='word_1_513' title='bbox 1242 4948 1382 5030; x_wconf 92' lang='lat' dir='ltr'><strong>sponsio.</strong></span> <span class='ocrx_word' id='word_1_514' title='bbox 1416 4948 1494 5010; x_wconf 85' lang='lat' dir='ltr'><strong>Nam</strong></span> <span class='ocrx_word' id='word_1_515' title='bbox 1530 4948 1651 5029; x_wconf 84' lang='lat' dir='ltr'><strong>quaerit,</strong></span> <span class='ocrx_word' id='word_1_516' title='bbox 1688 4968 1727 5011; x_wconf 89' lang='lat' dir='ltr'><strong>an</strong></span> <span class='ocrx_word' id='word_1_517' title='bbox 1764 4950 1859 5015; x_wconf 88' lang='lat' dir='ltr'><strong>liceat</strong></span> <span class='ocrx_word' id='word_1_518' title='bbox 1892 4956 1990 5018; x_wconf 88' lang='lat' dir='ltr'><strong>verba</strong></span> 
     </span>
     <span class='ocr_line' id='line_1_83' title="bbox 1241 5046 1990 5137; baseline 0.009 -27"><span class='ocrx_word' id='word_1_519' title='bbox 1241 5047 1350 5110; x_wconf 88' lang='lat' dir='ltr'><strong>divina</strong></span> <span class='ocrx_word' id='word_1_520' title='bbox 1374 5048 1412 5109; x_wconf 92' lang='lat' dir='ltr'><strong>ad</strong></span> <span class='ocrx_word' id='word_1_521' title='bbox 1438 5046 1555 5109; x_wconf 93' lang='lat' dir='ltr'><strong>collum</strong></span> <span class='ocrx_word' id='word_1_522' title='bbox 1576 5048 1781 5129; x_wconf 90' lang='lat' dir='ltr'><strong>suspendere.</strong></span> <span class='ocrx_word' id='word_1_523' title='bbox 1802 5051 1841 5113; x_wconf 89' lang='lat' dir='ltr'><strong>Et</strong></span> <span class='ocrx_word' id='word_1_524' title='bbox 1860 5072 1990 5137; x_wconf 90' lang='lat' dir='ltr'><strong>respon-</strong></span> 
     </span>
     <span class='ocr_line' id='line_1_84' title="bbox 1240 5145 1988 5227; baseline 0.011 -19"><span class='ocrx_word' id='word_1_525' title='bbox 1240 5147 1305 5222; x_wconf 89' lang='lat' dir='ltr'><strong>det,</strong></span> <span class='ocrx_word' id='word_1_526' title='bbox 1320 5146 1405 5227; x_wconf 90' lang='lat' dir='ltr'><strong>quod</strong></span> <span class='ocrx_word' id='word_1_527' title='bbox 1422 5146 1454 5207; x_wconf 91' lang='lat' dir='ltr'><strong>iu</strong></span> <span class='ocrx_word' id='word_1_528' title='bbox 1470 5145 1617 5208; x_wconf 89' lang='lat' dir='ltr'><strong>omnibus</strong></span> <span class='ocrx_word' id='word_1_529' title='bbox 1639 5145 1913 5214; x_wconf 86' lang='lat' dir='ltr'><strong>incantationibus</strong></span> <span class='ocrx_word' id='word_1_530' title='bbox 1934 5172 1988 5215; x_wconf 92' lang='lat' dir='ltr'><strong>seu</strong></span> 
     </span>
     <span class='ocr_line' id='line_1_85' title="bbox 1240 5244 1988 5333; baseline 0.012 -27"><span class='ocrx_word' id='word_1_531' title='bbox 1240 5245 1345 5308; x_wconf 87' lang='lat' dir='ltr'><strong>verbis</strong></span> <span class='ocrx_word' id='word_1_532' title='bbox 1365 5253 1459 5326; x_wconf 89' lang='lat' dir='ltr'><strong>atque</strong></span> <span class='ocrx_word' id='word_1_533' title='bbox 1478 5244 1593 5326; x_wconf 90' lang='lat' dir='ltr'><strong>liguris</strong></span> <span class='ocrx_word' id='word_1_534' title='bbox 1612 5244 1697 5308; x_wconf 89' lang='lat' dir='ltr'><strong>circa</strong></span> <span class='ocrx_word' id='word_1_535' title='bbox 1715 5246 1834 5311; x_wconf 89' lang='lat' dir='ltr'><strong>collum</strong></span> <span class='ocrx_word' id='word_1_536' title='bbox 1857 5269 1988 5333; x_wconf 90' lang='lat' dir='ltr'><strong>suspen·</strong></span> 
     </span>
    </p>
   </div>
   <div class='ocr_carea' id='block_1_16' title="bbox 0 0 2120 6244">
    <p class='ocr_par' dir='ltr' id='par_1_18' title="bbox 0 0 2120 6244">
     <span class='ocr_line' id='line_1_86' title="bbox 0 0 2120 6244; baseline 0 0"><span class='ocrx_word' id='word_1_537' title='bbox 0 0 2120 6244; x_wconf 95' lang='lat' dir='ltr'><strong> </strong></span> 
     </span>
    </p>
   </div>
   <div class='ocr_carea' id='block_1_17' title="bbox 1248 1547 2121 2586">
    <p class='ocr_par' dir='ltr' id='par_1_19' title="bbox 2120 1547 2121 1606">
     <span class='ocr_line' id='line_1_87' title="bbox 2120 1547 2121 1606; baseline 0 0"><span class='ocrx_word' id='word_1_538' title='bbox 2120 1547 2121 1606; x_wconf 91' lang='lat' dir='ltr'><strong>l</strong></span> 
     </span>
    </p>

    <p class='ocr_par' dir='ltr' id='par_1_20' title="bbox 2120 1731 2121 1802">
     <span class='ocr_line' id='line_1_88' title="bbox 2120 1731 2121 1802; baseline 0 0"><span class='ocrx_word' id='word_1_539' title='bbox 2120 1731 2121 1802; x_wconf 91' lang='lat' dir='ltr'><strong>l</strong></span> 
     </span>
    </p>

    <p class='ocr_par' dir='ltr' id='par_1_21' title="bbox 1248 1803 2121 6247">
     <span class='ocr_line' id='line_1_89' title="bbox 1248 2386 2011 2586; baseline 0.01 -136"><span class='ocrx_word' id='word_1_540' title='bbox 1248 2386 1492 2586; x_wconf 79' lang='lat' dir='ltr'><strong>OUAERITUR</strong></span> <span class='ocrx_word' id='word_1_541' title='bbox 1514 2410 1554 2453; x_wconf 92' lang='lat' dir='ltr'><strong>an</strong></span> <span class='ocrx_word' id='word_1_542' title='bbox 1580 2391 1833 2472; x_wconf 86' lang='lat' dir='ltr'><strong>benedictiones,</strong></span> <span class='ocrx_word' id='word_1_543' title='bbox 1861 2414 1922 2457; x_wconf 91' lang='lat' dir='ltr'><strong>seu</strong></span> <span class='ocrx_word' id='word_1_544' title='bbox 1946 2396 2011 2458; x_wconf 94' lang='lat' dir='ltr'><strong>ad-·</strong></span> 
     </span>
     <span class='ocr_line' id='line_1_90' title="bbox 1330 2487 1997 2569; baseline 0.01 -20"><span class='ocrx_word' id='word_1_545' title='bbox 1330 2487 1516 2569; x_wconf 86' lang='lat' dir='ltr'><strong>jurationes,</strong></span> <span class='ocrx_word' id='word_1_546' title='bbox 1536 2497 1591 2551; x_wconf 92' lang='lat' dir='ltr'><strong>aut</strong></span> <span class='ocrx_word' id='word_1_547' title='bbox 1615 2489 1737 2553; x_wconf 88' lang='lat' dir='ltr'><strong>similes</strong></span> <span class='ocrx_word' id='word_1_548' title='bbox 1756 2491 1997 2556; x_wconf 88' lang='lat' dir='ltr'><strong>observationes</strong></span> 
     </span>
    </p>
   </div>
   <div class='ocr_carea' id='block_1_18' title="bbox 2121 0 2156 6240">
    <p class='ocr_par' dir='ltr' id='par_1_22' title="bbox 2121 0 2156 6240">
     <span class='ocr_line' id='line_1_91' title="bbox 2121 0 2156 6240; baseline 0 0"><span class='ocrx_word' id='word_1_549' title='bbox 2121 0 2156 6240; x_wconf 95' lang='lat' dir='ltr'><strong> </strong></span> 
     </span>
    </p>
   </div>
  </div>
 </body>
</html>
