<?xml version="1.0" encoding="UTF-8"?>
<!DOCTYPE html PUBLIC "-//W3C//DTD XHTML 1.0 Transitional//EN"
    "http://www.w3.org/TR/xhtml1/DTD/xhtml1-transitional.dtd">
<html xmlns="http://www.w3.org/1999/xhtml" xml:lang="en" lang="en">
 <head>
  <title>
</title>
<meta http-equiv="Content-Type" content="text/html;charset=utf-8" />
  <meta name='ocr-system' content='tesseract 3.04.00' />
  <meta name='ocr-capabilities' content='ocr_page ocr_carea ocr_par ocr_line ocrx_word'/>
</head>
<body>
  <div class='ocr_page' id='page_1' title='image "./doctorisecstati03unkngoog_0449.png"; bbox 0 0 4309 6250; ppageno 0'>
   <div class='ocr_carea' id='block_1_1' title="bbox 471 485 1698 565">
    <p class='ocr_par' dir='ltr' id='par_1_1' title="bbox 471 485 1698 565">
     <span class='ocr_line' id='line_1_1' title="bbox 471 485 1698 565; baseline -0.002 -11"><span class='ocrx_word' id='word_1_1' title='bbox 471 505 589 554; x_wconf 71' lang='lat' dir='ltr'><strong>comat</strong></span> <span class='ocrx_word' id='word_1_2' title='bbox 610 506 779 555; x_wconf 69' lang='lat' dir='ltr'><strong>atharoth!</strong></span> <span class='ocrx_word' id='word_1_3' title='bbox 798 506 969 565; x_wconf 72' lang='grc' dir='ltr'>ΙΔΗΟΙΠΙ,</span> <span class='ocrx_word' id='word_1_4' title='bbox 992 508 1080 555; x_wconf 72' lang='lat' dir='ltr'><strong>trahit</strong></span> <span class='ocrx_word' id='word_1_5' title='bbox 1101 508 1142 555; x_wconf 70' lang='lat' dir='ltr'><strong>ii.</strong></span> <span class='ocrx_word' id='word_1_6' title='bbox 1164 526 1206 537; x_wconf 94' lang='lat'>-</span> <span class='ocrx_word' id='word_1_7' title='bbox 1225 507 1294 554; x_wconf 69' lang='grc' dir='ltr'><strong>ΑΜ.</strong></span> <span class='ocrx_word' id='word_1_8' title='bbox 1316 507 1373 555; x_wconf 81' lang='lat' dir='ltr'><strong>ml</strong></span> <span class='ocrx_word' id='word_1_9' title='bbox 1638 485 1698 552; x_wconf 60' lang='grc' dir='ltr'>Μ</span> 
     </span>
    </p>
   </div>
   <div class='ocr_carea' id='block_1_2' title="bbox 146 676 1702 2238">
    <p class='ocr_par' dir='ltr' id='par_1_2' title="bbox 147 676 1702 1255">
     <span class='ocr_line' id='line_1_2' title="bbox 149 676 1700 762; baseline 0 -21"><span class='ocrx_word' id='word_1_10' title='bbox 149 676 297 741; x_wconf 89' lang='lat' dir='ltr'><strong>struendo</strong></span> <span class='ocrx_word' id='word_1_11' title='bbox 321 676 438 759; x_wconf 91' lang='lat' dir='ltr'><strong>palatio</strong></span> <span class='ocrx_word' id='word_1_12' title='bbox 457 678 581 762; x_wconf 89' lang='lat' dir='ltr'><strong>accepit</strong></span> <span class='ocrx_word' id='word_1_13' title='bbox 601 678 781 762; x_wconf 88' lang='lat' dir='ltr'><strong>pecuniam,</strong></span> <span class='ocrx_word' id='word_1_14' title='bbox 797 698 893 761; x_wconf 86' lang='lat' dir='ltr'><strong>quam</strong></span> <span class='ocrx_word' id='word_1_15' title='bbox 909 679 935 742; x_wconf 85' lang='grc' dir='ltr'>Α</span> <span class='ocrx_word' id='word_1_16' title='bbox 952 678 1021 762; x_wconf 90' lang='lat' dir='ltr'><strong>opis</strong></span> <span class='ocrx_word' id='word_1_17' title='bbox 1042 678 1145 743; x_wconf 84' lang='lat' dir='ltr'><strong>iorma</strong></span> <span class='ocrx_word' id='word_1_18' title='bbox 1163 678 1359 743; x_wconf 90' lang='lat' dir='ltr'><strong>monstravit.</strong></span> <span class='ocrx_word' id='word_1_19' title='bbox 1377 680 1465 743; x_wconf 91' lang='lat' dir='ltr'><strong>Tunc</strong></span> <span class='ocrx_word' id='word_1_20' title='bbox 1485 698 1540 742; x_wconf 86' lang='lat' dir='ltr'><strong>rex</strong></span> <span class='ocrx_word' id='word_1_21' title='bbox 1558 697 1631 743; x_wconf 94' lang='lat' dir='ltr'><strong>cum</strong></span> <span class='ocrx_word' id='word_1_22' title='bbox 1651 696 1700 741; x_wconf 88' lang='lat' dir='ltr'><strong>re-</strong></span> 
     </span>
     <span class='ocr_line' id='line_1_3' title="bbox 148 776 1701 862; baseline 0.001 -23"><span class='ocrx_word' id='word_1_23' title='bbox 148 783 246 839; x_wconf 84' lang='lat' dir='ltr'><strong>latam</strong></span> <span class='ocrx_word' id='word_1_24' title='bbox 261 794 335 857; x_wconf 88' lang='lat' dir='ltr'><strong>rege</strong></span> <span class='ocrx_word' id='word_1_25' title='bbox 349 776 480 839; x_wconf 87' lang='lat' dir='ltr'><strong>absente</strong></span> <span class='ocrx_word' id='word_1_26' title='bbox 499 776 584 840; x_wconf 90' lang='lat' dir='ltr'><strong>dedit</strong></span> <span class='ocrx_word' id='word_1_27' title='bbox 598 778 727 859; x_wconf 81' lang='lat' dir='ltr'><strong>egenis3</strong></span> <span class='ocrx_word' id='word_1_28' title='bbox 744 786 775 841; x_wconf 87' lang='lat' dir='ltr'><strong>et</strong></span> <span class='ocrx_word' id='word_1_29' title='bbox 796 796 896 862; x_wconf 91' lang='lat' dir='ltr'><strong>popu·</strong></span> <span class='ocrx_word' id='word_1_30' title='bbox 951 778 1028 860; x_wconf 90' lang='lat' dir='ltr'><strong>gina</strong></span> <span class='ocrx_word' id='word_1_31' title='bbox 1055 798 1093 841; x_wconf 90' lang='lat' dir='ltr'><strong>ac</strong></span> <span class='ocrx_word' id='word_1_32' title='bbox 1121 778 1190 842; x_wconf 79' lang='lat' dir='ltr'><strong>filia</strong></span> <span class='ocrx_word' id='word_1_33' title='bbox 1218 779 1381 861; x_wconf 87' lang='lat' dir='ltr'><strong>multaque</strong></span> <span class='ocrx_word' id='word_1_34' title='bbox 1413 779 1508 862; x_wconf 85' lang='lat' dir='ltr'><strong>plebe</strong></span> <span class='ocrx_word' id='word_1_35' title='bbox 1535 778 1634 841; x_wconf 85' lang='lat' dir='ltr'><strong>iidem</strong></span> <span class='ocrx_word' id='word_1_36' title='bbox 1668 785 1701 840; x_wconf 90' lang='lat' dir='ltr'><strong>et</strong></span> 
     </span>
     <span class='ocr_line' id='line_1_4' title="bbox 148 872 1702 959; baseline 0.003 -24"><span class='ocrx_word' id='word_1_37' title='bbox 148 873 178 936; x_wconf 94' lang='lat' dir='ltr'><strong>lo</strong></span> <span class='ocrx_word' id='word_1_38' title='bbox 202 872 395 955; x_wconf 74' lang='lat' dir='ltr'><strong>praedicavit.</strong></span> <span class='ocrx_word' id='word_1_39' title='bbox 413 874 499 949; x_wconf 82' lang='lat' dir='ltr'><strong>Quod</strong></span> <span class='ocrx_word' id='word_1_40' title='bbox 525 894 578 938; x_wconf 87' lang='lat' dir='ltr'><strong>rex</strong></span> <span class='ocrx_word' id='word_1_41' title='bbox 600 895 746 939; x_wconf 88' lang='lat' dir='ltr'><strong>reversus</strong></span> <span class='ocrx_word' id='word_1_42' title='bbox 769 875 896 957; x_wconf 87' lang='lat' dir='ltr'><strong>conspi·</strong></span> <span class='ocrx_word' id='word_1_43' title='bbox 953 896 1077 939; x_wconf 88' lang='lat' dir='ltr'><strong>sacrum</strong></span> <span class='ocrx_word' id='word_1_44' title='bbox 1094 877 1234 959; x_wconf 85' lang='lat' dir='ltr'><strong>suscepit</strong></span> <span class='ocrx_word' id='word_1_45' title='bbox 1249 877 1610 959; x_wconf 77' lang='lat' dir='ltr'><strong>baptisma-Aliorum</strong></span> <span class='ocrx_word' id='word_1_46' title='bbox 1622 879 1702 959; x_wconf 80' lang='lat' dir='ltr'><strong>Apo</strong></span> 
     </span>
     <span class='ocr_line' id='line_1_5' title="bbox 148 972 1701 1058; baseline 0.003 -25"><span class='ocrx_word' id='word_1_47' title='bbox 148 972 246 1049; x_wconf 89' lang='lat' dir='ltr'><strong>ciens,</strong></span> <span class='ocrx_word' id='word_1_48' title='bbox 274 972 427 1035; x_wconf 89' lang='lat' dir='ltr'><strong>Thomam</strong></span> <span class='ocrx_word' id='word_1_49' title='bbox 454 973 674 1037; x_wconf 77' lang='lat' dir='ltr'><strong>incarceravit.</strong></span> <span class='ocrx_word' id='word_1_50' title='bbox 701 974 767 1049; x_wconf 85' lang='lat' dir='ltr'><strong>Ouo</strong></span> <span class='ocrx_word' id='word_1_51' title='bbox 796 974 893 1051; x_wconf 88' lang='lat' dir='ltr'><strong>iacto,</strong></span> <span class='ocrx_word' id='word_1_52' title='bbox 952 975 1105 1038; x_wconf 91' lang='lat' dir='ltr'><strong>stolorum</strong></span> <span class='ocrx_word' id='word_1_53' title='bbox 1119 975 1258 1058; x_wconf 89' lang='lat' dir='ltr'><strong>gloriose</strong></span> <span class='ocrx_word' id='word_1_54' title='bbox 1275 984 1365 1058; x_wconf 92' lang='lat' dir='ltr'><strong>gesta</strong></span> <span class='ocrx_word' id='word_1_55' title='bbox 1382 995 1420 1039; x_wconf 99' lang='grc' dir='ltr'>ιο</span> <span class='ocrx_word' id='word_1_56' title='bbox 1439 975 1701 1039; x_wconf 88' lang='lat' dir='ltr'><strong>divinamiracu·</strong></span> 
     </span>
     <span class='ocr_line' id='line_1_6' title="bbox 147 1069 1701 1155; baseline 0.003 -24"><span class='ocrx_word' id='word_1_57' title='bbox 147 1070 246 1133; x_wconf 91' lang='lat' dir='ltr'><strong>lrater</strong></span> <span class='ocrx_word' id='word_1_58' title='bbox 260 1070 343 1153; x_wconf 88' lang='lat' dir='ltr'><strong>regis</strong></span> <span class='ocrx_word' id='word_1_59' title='bbox 356 1069 526 1133; x_wconf 81' lang='lat' dir='ltr'><strong>defunctus</strong></span> <span class='ocrx_word' id='word_1_60' title='bbox 545 1080 594 1135; x_wconf 88' lang='lat' dir='ltr'><strong>est</strong></span> <span class='ocrx_word' id='word_1_61' title='bbox 610 1096 616 1132; x_wconf 94' lang='lat'><strong>:</strong></span> <span class='ocrx_word' id='word_1_62' title='bbox 634 1073 689 1155; x_wconf 87' lang='lat' dir='ltr'><strong>qui</strong></span> <span class='ocrx_word' id='word_1_63' title='bbox 710 1081 822 1154; x_wconf 88' lang='lat' dir='ltr'><strong>quarto</strong></span> <span class='ocrx_word' id='word_1_64' title='bbox 843 1072 895 1135; x_wconf 88' lang='lat' dir='ltr'><strong>die</strong></span> <span class='ocrx_word' id='word_1_65' title='bbox 952 1074 994 1153; x_wconf 89' lang='lat' dir='ltr'><strong>la,</strong></span> <span class='ocrx_word' id='word_1_66' title='bbox 1006 1073 1155 1137; x_wconf 81' lang='lat' dir='ltr'><strong>brevitati</strong></span> <span class='ocrx_word' id='word_1_67' title='bbox 1171 1074 1312 1151; x_wconf 80' lang='lat' dir='ltr'><strong>studens,</strong></span> <span class='ocrx_word' id='word_1_68' title='bbox 1330 1075 1453 1153; x_wconf 90' lang='lat' dir='ltr'><strong>omitto,</strong></span> <span class='ocrx_word' id='word_1_69' title='bbox 1468 1083 1502 1137; x_wconf 88' lang='lat' dir='ltr'><strong>et</strong></span> <span class='ocrx_word' id='word_1_70' title='bbox 1515 1074 1582 1137; x_wconf 81' lang='lat' dir='ltr'><strong>hac</strong></span> <span class='ocrx_word' id='word_1_71' title='bbox 1599 1092 1701 1154; x_wconf 90' lang='lat' dir='ltr'><strong>pauca</strong></span> 
     </span>
     <span class='ocr_line' id='line_1_7' title="bbox 148 1168 1325 1255; baseline 0.004 -24"><span class='ocrx_word' id='word_1_72' title='bbox 148 1168 365 1247; x_wconf 90' lang='lat' dir='ltr'><strong>resuscitatus,</strong></span> <span class='ocrx_word' id='word_1_73' title='bbox 381 1170 539 1233; x_wconf 90' lang='lat' dir='ltr'><strong>nuntiavit</strong></span> <span class='ocrx_word' id='word_1_74' title='bbox 563 1171 629 1253; x_wconf 88' lang='lat' dir='ltr'><strong>regi</strong></span> <span class='ocrx_word' id='word_1_75' title='bbox 653 1172 737 1254; x_wconf 88' lang='lat' dir='ltr'><strong>quod</strong></span> <span class='ocrx_word' id='word_1_76' title='bbox 759 1172 895 1235; x_wconf 78' lang='lat' dir='ltr'><strong>Thomas</strong></span> <span class='ocrx_word' id='word_1_77' title='bbox 952 1174 991 1236; x_wconf 91' lang='lat' dir='ltr'><strong>de</strong></span> <span class='ocrx_word' id='word_1_78' title='bbox 1013 1172 1123 1235; x_wconf 93' lang='lat' dir='ltr'><strong>multis</strong></span> <span class='ocrx_word' id='word_1_79' title='bbox 1144 1173 1325 1255; x_wconf 84' lang='lat' dir='ltr'><strong>perstrinxi.</strong></span> 
     </span>
    </p>

    <p class='ocr_par' dir='ltr' id='par_1_3' title="bbox 146 1268 1701 1944">
     <span class='ocr_line' id='line_1_8' title="bbox 147 1268 1700 1353; baseline 0.001 -22"><span class='ocrx_word' id='word_1_80' title='bbox 147 1277 229 1332; x_wconf 89' lang='lat' dir='ltr'><strong>esset</strong></span> <span class='ocrx_word' id='word_1_81' title='bbox 244 1268 298 1331; x_wconf 85' lang='lat' dir='ltr'><strong>[lei</strong></span> <span class='ocrx_word' id='word_1_82' title='bbox 313 1269 447 1348; x_wconf 91' lang='lat' dir='ltr'><strong>amicus,</strong></span> <span class='ocrx_word' id='word_1_83' title='bbox 463 1278 495 1333; x_wconf 90' lang='lat' dir='ltr'><strong>et</strong></span> <span class='ocrx_word' id='word_1_84' title='bbox 514 1271 597 1352; x_wconf 91' lang='lat' dir='ltr'><strong>quod</strong></span> <span class='ocrx_word' id='word_1_85' title='bbox 618 1270 724 1352; x_wconf 88' lang='lat' dir='ltr'><strong>angeli</strong></span> <span class='ocrx_word' id='word_1_86' title='bbox 745 1270 774 1333; x_wconf 94' lang='lat' dir='ltr'><strong>ei</strong></span> <span class='ocrx_word' id='word_1_87' title='bbox 796 1270 895 1333; x_wconf 87' lang='lat' dir='ltr'><strong>servi·</strong></span> <span class='ocrx_word' id='word_1_88' title='bbox 991 1272 1073 1335; x_wconf 86' lang='lat' dir='ltr'><strong>Ecce</strong></span> <span class='ocrx_word' id='word_1_89' title='bbox 1088 1271 1155 1335; x_wconf 84' lang='lat' dir='ltr'><strong>htac</strong></span> <span class='ocrx_word' id='word_1_90' title='bbox 1171 1271 1301 1335; x_wconf 85' lang='lat' dir='ltr'><strong>luerunt</strong></span> <span class='ocrx_word' id='word_1_91' title='bbox 1318 1279 1501 1335; x_wconf 86' lang='lat' dir='ltr'><strong>sanctorum</strong></span> <span class='ocrx_word' id='word_1_92' title='bbox 1515 1289 1603 1333; x_wconf 85' lang='lat' dir='ltr'><strong>arma</strong></span> <span class='ocrx_word' id='word_1_93' title='bbox 1617 1272 1700 1353; x_wconf 79' lang='lat' dir='ltr'><strong>Apo-</strong></span> 
     </span>
     <span class='ocr_line' id='line_1_9' title="bbox 147 1367 1700 1452; baseline 0.001 -23"><span class='ocrx_word' id='word_1_94' title='bbox 147 1376 226 1429; x_wconf 89' lang='lat' dir='ltr'><strong>rent.</strong></span> <span class='ocrx_word' id='word_1_95' title='bbox 257 1367 374 1449; x_wconf 83' lang='lat' dir='ltr'><strong>sicque</strong></span> <span class='ocrx_word' id='word_1_96' title='bbox 403 1387 509 1450; x_wconf 89' lang='lat' dir='ltr'><strong>regem</strong></span> <span class='ocrx_word' id='word_1_97' title='bbox 537 1377 569 1433; x_wconf 91' lang='lat' dir='ltr'><strong>et</strong></span> <span class='ocrx_word' id='word_1_98' title='bbox 601 1368 731 1432; x_wconf 83' lang='lat' dir='ltr'><strong>fratrem</strong></span> <span class='ocrx_word' id='word_1_99' title='bbox 759 1368 830 1451; x_wconf 86' lang='lat' dir='ltr'><strong>ejus</strong></span> <span class='ocrx_word' id='word_1_100' title='bbox 858 1388 894 1433; x_wconf 93' lang='grc' dir='ltr'>ιο</span> <span class='ocrx_word' id='word_1_101' title='bbox 952 1370 1118 1451; x_wconf 88' lang='lat' dir='ltr'><strong>stolorum,</strong></span> <span class='ocrx_word' id='word_1_102' title='bbox 1135 1390 1192 1452; x_wconf 91' lang='lat' dir='ltr'><strong>per</strong></span> <span class='ocrx_word' id='word_1_103' title='bbox 1214 1389 1285 1451; x_wconf 75' lang='lat' dir='ltr'><strong>quaa</strong></span> <span class='ocrx_word' id='word_1_104' title='bbox 1305 1369 1517 1433; x_wconf 86' lang='lat' dir='ltr'><strong>idololatriam</strong></span> <span class='ocrx_word' id='word_1_105' title='bbox 1538 1368 1700 1431; x_wconf 85' lang='lat' dir='ltr'><strong>destruxe-</strong></span> 
     </span>
     <span class='ocr_line' id='line_1_10' title="bbox 147 1466 1700 1549; baseline 0.002 -21"><span class='ocrx_word' id='word_1_106' title='bbox 147 1466 243 1529; x_wconf 88' lang='lat' dir='ltr'><strong>multa</strong></span> <span class='ocrx_word' id='word_1_107' title='bbox 268 1466 370 1529; x_wconf 89' lang='lat' dir='ltr'><strong>millia</strong></span> <span class='ocrx_word' id='word_1_108' title='bbox 394 1467 425 1529; x_wconf 89' lang='lat' dir='ltr'><strong>S.</strong></span> <span class='ocrx_word' id='word_1_109' title='bbox 450 1468 586 1531; x_wconf 82' lang='lat' dir='ltr'><strong>Thomas</strong></span> <span class='ocrx_word' id='word_1_110' title='bbox 611 1470 779 1547; x_wconf 87' lang='lat' dir='ltr'><strong>convertit,</strong></span> <span class='ocrx_word' id='word_1_111' title='bbox 801 1476 894 1549; x_wconf 84' lang='lat' dir='ltr'><strong>atque</strong></span> <span class='ocrx_word' id='word_1_112' title='bbox 952 1478 1036 1547; x_wconf 89' lang='lat' dir='ltr'><strong>runt,</strong></span> <span class='ocrx_word' id='word_1_113' title='bbox 1066 1477 1100 1532; x_wconf 88' lang='lat' dir='ltr'><strong>et</strong></span> <span class='ocrx_word' id='word_1_114' title='bbox 1125 1469 1281 1531; x_wconf 87' lang='lat' dir='ltr'><strong>mundum</strong></span> <span class='ocrx_word' id='word_1_115' title='bbox 1314 1469 1354 1531; x_wconf 92' lang='lat' dir='ltr'><strong>ad</strong></span> <span class='ocrx_word' id='word_1_116' title='bbox 1383 1468 1480 1531; x_wconf 89' lang='lat' dir='ltr'><strong>tidem</strong></span> <span class='ocrx_word' id='word_1_117' title='bbox 1514 1466 1700 1548; x_wconf 86' lang='lat' dir='ltr'><strong>cultumque</strong></span> 
     </span>
     <span class='ocr_line' id='line_1_11' title="bbox 146 1563 1701 1647; baseline 0.001 -21"><span class='ocrx_word' id='word_1_118' title='bbox 146 1564 398 1627; x_wconf 86' lang='lat' dir='ltr'><strong>innumerabiles</strong></span> <span class='ocrx_word' id='word_1_119' title='bbox 412 1584 513 1647; x_wconf 75' lang='lat' dir='ltr'><strong>agros</strong></span> <span class='ocrx_word' id='word_1_120' title='bbox 528 1566 669 1647; x_wconf 88' lang='lat' dir='ltr'><strong>undique</strong></span> <span class='ocrx_word' id='word_1_121' title='bbox 684 1567 838 1630; x_wconf 89' lang='lat' dir='ltr'><strong>adductos</strong></span> <span class='ocrx_word' id='word_1_122' title='bbox 853 1566 895 1629; x_wconf 90' lang='lat' dir='ltr'><strong>si·</strong></span> <span class='ocrx_word' id='word_1_123' title='bbox 951 1564 1065 1629; x_wconf 81' lang='lat' dir='ltr'><strong>Christi</strong></span> <span class='ocrx_word' id='word_1_124' title='bbox 1081 1564 1221 1629; x_wconf 81' lang='lat' dir='ltr'><strong>feliciter</strong></span> <span class='ocrx_word' id='word_1_125' title='bbox 1236 1566 1461 1647; x_wconf 79' lang='lat' dir='ltr'><strong>perduxerunt.</strong></span> <span class='ocrx_word' id='word_1_126' title='bbox 1469 1563 1533 1627; x_wconf 89' lang='lat' dir='ltr'><strong>Nec</strong></span> <span class='ocrx_word' id='word_1_127' title='bbox 1548 1565 1607 1627; x_wconf 91' lang='lat' dir='ltr'><strong>soli</strong></span> <span class='ocrx_word' id='word_1_128' title='bbox 1621 1564 1701 1647; x_wconf 77' lang='lat' dir='ltr'><strong>Apo</strong></span> 
     </span>
     <span class='ocr_line' id='line_1_12' title="bbox 146 1662 1700 1746; baseline 0.001 -21"><span class='ocrx_word' id='word_1_129' title='bbox 146 1664 210 1725; x_wconf 93' lang='lat' dir='ltr'><strong>mul</strong></span> <span class='ocrx_word' id='word_1_130' title='bbox 235 1662 371 1726; x_wconf 88' lang='lat' dir='ltr'><strong>curavit.</strong></span> <span class='ocrx_word' id='word_1_131' title='bbox 389 1662 461 1726; x_wconf 89' lang='lat' dir='ltr'><strong>Post</strong></span> <span class='ocrx_word' id='word_1_132' title='bbox 484 1664 551 1727; x_wconf 77' lang='lat' dir='ltr'><strong>haec</strong></span> <span class='ocrx_word' id='word_1_133' title='bbox 575 1663 733 1745; x_wconf 90' lang='lat' dir='ltr'><strong>gloriosus</strong></span> <span class='ocrx_word' id='word_1_134' title='bbox 758 1665 895 1729; x_wconf 86' lang='lat' dir='ltr'><strong>Thomas</strong></span> <span class='ocrx_word' id='word_1_135' title='bbox 951 1665 1036 1743; x_wconf 89' lang='lat' dir='ltr'><strong>stoli,</strong></span> <span class='ocrx_word' id='word_1_136' title='bbox 1053 1665 1108 1727; x_wconf 91' lang='lat' dir='ltr'><strong>sed</strong></span> <span class='ocrx_word' id='word_1_137' title='bbox 1122 1672 1154 1727; x_wconf 90' lang='lat' dir='ltr'><strong>et</strong></span> <span class='ocrx_word' id='word_1_138' title='bbox 1173 1664 1290 1746; x_wconf 85' lang='lat' dir='ltr'><strong>posteri</strong></span> <span class='ocrx_word' id='word_1_139' title='bbox 1305 1664 1474 1728; x_wconf 83' lang='lat' dir='ltr'><strong>Christiani</strong></span> <span class='ocrx_word' id='word_1_140' title='bbox 1494 1663 1628 1745; x_wconf 85' lang='lat' dir='ltr'><strong>perlecti</strong></span> <span class='ocrx_word' id='word_1_141' title='bbox 1649 1684 1700 1727; x_wconf 90' lang='lat' dir='ltr'><strong>us-</strong></span> 
     </span>
     <span class='ocr_line' id='line_1_13' title="bbox 146 1760 1697 1845; baseline 0.001 -23"><span class='ocrx_word' id='word_1_142' title='bbox 146 1761 178 1823; x_wconf 90' lang='lat' dir='ltr'><strong>in</strong></span> <span class='ocrx_word' id='word_1_143' title='bbox 203 1760 402 1843; x_wconf 84' lang='lat' dir='ltr'><strong>superiorem</strong></span> <span class='ocrx_word' id='word_1_144' title='bbox 427 1762 548 1825; x_wconf 88' lang='lat' dir='ltr'><strong>indiam</strong></span> <span class='ocrx_word' id='word_1_145' title='bbox 573 1770 622 1825; x_wconf 91' lang='lat' dir='ltr'><strong>est</strong></span> <span class='ocrx_word' id='word_1_146' title='bbox 644 1762 818 1845; x_wconf 86' lang='lat' dir='ltr'><strong>proiectus,</strong></span> <span class='ocrx_word' id='word_1_147' title='bbox 840 1762 894 1826; x_wconf 93' lang='lat' dir='ltr'><strong>ubi</strong></span> <span class='ocrx_word' id='word_1_148' title='bbox 950 1763 1075 1843; x_wconf 81' lang='lat' dir='ltr'><strong>quoad</strong></span> <span class='ocrx_word' id='word_1_149' title='bbox 1104 1771 1248 1844; x_wconf 89' lang='lat' dir='ltr'><strong>tempora</strong></span> <span class='ocrx_word' id='word_1_150' title='bbox 1276 1762 1336 1826; x_wconf 89' lang='lat' dir='ltr'><strong>ista</strong></span> <span class='ocrx_word' id='word_1_151' title='bbox 1364 1762 1548 1844; x_wconf 82' lang='lat' dir='ltr'><strong>hujusmodi</strong></span> <span class='ocrx_word' id='word_1_152' title='bbox 1576 1763 1697 1843; x_wconf 89' lang='lat' dir='ltr'><strong>operati</strong></span> 
     </span>
     <span class='ocr_line' id='line_1_14' title="bbox 147 1858 1149 1944; baseline 0.003 -23"><span class='ocrx_word' id='word_1_153' title='bbox 147 1858 435 1923; x_wconf 84' lang='lat' dir='ltr'><strong>innumerabilibus</strong></span> <span class='ocrx_word' id='word_1_154' title='bbox 455 1859 546 1923; x_wconf 89' lang='lat' dir='ltr'><strong>lulsit</strong></span> <span class='ocrx_word' id='word_1_155' title='bbox 566 1860 742 1938; x_wconf 80' lang='lat' dir='ltr'><strong>miraculis,</strong></span> <span class='ocrx_word' id='word_1_156' title='bbox 759 1870 790 1923; x_wconf 92' lang='lat' dir='ltr'><strong>et</strong></span> <span class='ocrx_word' id='word_1_157' title='bbox 814 1860 895 1923; x_wconf 89' lang='lat' dir='ltr'><strong>mul·</strong></span> <span class='ocrx_word' id='word_1_158' title='bbox 911 1862 934 1925; x_wconf 89' lang='lat' dir='ltr'>B</span> <span class='ocrx_word' id='word_1_159' title='bbox 952 1869 1026 1924; x_wconf 91' lang='lat' dir='ltr'><strong>sunt</strong></span> <span class='ocrx_word' id='word_1_160' title='bbox 1047 1862 1149 1944; x_wconf 88' lang='lat' dir='ltr'><strong>signa.</strong></span> 
     </span>
    </p>

    <p class='ocr_par' dir='ltr' id='par_1_4' title="bbox 148 1958 895 2023">
     <span class='ocr_line' id='line_1_15' title="bbox 148 1958 895 2023; baseline 0.001 -2"><span class='ocrx_word' id='word_1_161' title='bbox 148 1966 193 2021; x_wconf 89' lang='lat' dir='ltr'><strong>tos</strong></span> <span class='ocrx_word' id='word_1_162' title='bbox 218 1958 312 2021; x_wconf 87' lang='lat' dir='ltr'><strong>valde</strong></span> <span class='ocrx_word' id='word_1_163' title='bbox 337 1959 584 2021; x_wconf 61' lang='lat' dir='ltr'><strong>convertibiles</strong></span> <span class='ocrx_word' id='word_1_164' title='bbox 609 1978 685 2023; x_wconf 91' lang='lat' dir='ltr'><strong>vero</strong></span> <span class='ocrx_word' id='word_1_165' title='bbox 711 1958 895 2023; x_wconf 87' lang='lat' dir='ltr'><strong>incredulus</strong></span> 
     </span>
    </p>

    <p class='ocr_par' dir='ltr' id='par_1_5' title="bbox 147 2056 895 2139">
     <span class='ocr_line' id='line_1_16' title="bbox 147 2056 895 2139; baseline 0.005 -22"><span class='ocrx_word' id='word_1_166' title='bbox 147 2056 222 2119; x_wconf 86' lang='lat' dir='ltr'><strong>iecit</strong></span> <span class='ocrx_word' id='word_1_167' title='bbox 249 2075 326 2119; x_wconf 91' lang='lat' dir='ltr'><strong>eum</strong></span> <span class='ocrx_word' id='word_1_168' title='bbox 355 2056 450 2119; x_wconf 88' lang='lat' dir='ltr'><strong>nudis</strong></span> <span class='ocrx_word' id='word_1_169' title='bbox 480 2057 614 2139; x_wconf 91' lang='lat' dir='ltr'><strong>pedibus</strong></span> <span class='ocrx_word' id='word_1_170' title='bbox 640 2076 736 2139; x_wconf 89' lang='lat' dir='ltr'><strong>super</strong></span> <span class='ocrx_word' id='word_1_171' title='bbox 761 2058 895 2121; x_wconf 88' lang='lat' dir='ltr'><strong>laminas</strong></span> 
     </span>
    </p>

    <p class='ocr_par' dir='ltr' id='par_1_6' title="bbox 148 2145 1505 2238">
     <span class='ocr_line' id='line_1_17' title="bbox 148 2145 1505 2238; baseline 0.001 -21"><span class='ocrx_word' id='word_1_172' title='bbox 148 2155 264 2217; x_wconf 85' lang='lat' dir='ltr'><strong>terreas</strong></span> <span class='ocrx_word' id='word_1_173' title='bbox 281 2162 365 2218; x_wconf 87' lang='lat' dir='ltr'><strong>stare</strong></span> <span class='ocrx_word' id='word_1_174' title='bbox 380 2155 546 2231; x_wconf 76' lang='lat' dir='ltr'><strong>ardentes3</strong></span> <span class='ocrx_word' id='word_1_175' title='bbox 563 2155 697 2238; x_wconf 86' lang='lat' dir='ltr'><strong>iensque</strong></span> <span class='ocrx_word' id='word_1_176' title='bbox 716 2156 822 2237; x_wconf 85' lang='lat' dir='ltr'><strong>erupit</strong></span> <span class='ocrx_word' id='word_1_177' title='bbox 836 2156 897 2220; x_wconf 91' lang='lat' dir='ltr'><strong>ibi·</strong></span> <span class='ocrx_word' id='word_1_178' title='bbox 1142 2145 1387 2210; x_wconf 79' lang='lat' dir='ltr'><strong>ARTICULUS</strong></span> <span class='ocrx_word' id='word_1_179' title='bbox 1410 2145 1505 2209; x_wconf 86' lang='lat' dir='ltr'><strong>XIII·</strong></span> 
     </span>
    </p>
   </div>
   <div class='ocr_carea' id='block_1_3' title="bbox 146 2252 1701 2362">
    <p class='ocr_par' dir='ltr' id='par_1_7' title="bbox 146 2252 1701 2362">
     <span class='ocr_line' id='line_1_18' title="bbox 146 2252 1701 2362; baseline 0.01 -31"><span class='ocrx_word' id='word_1_180' title='bbox 146 2253 229 2330; x_wconf 59' lang='lat' dir='ltr'><strong>deme</strong></span> <span class='ocrx_word' id='word_1_181' title='bbox 245 2262 278 2315; x_wconf 58' lang='lat'><strong>⁰²</strong></span> <span class='ocrx_word' id='word_1_182' title='bbox 303 2252 438 2315; x_wconf 65' lang='lat' dir='ltr'><strong>Th⁰¹¹¹⁸⁸</strong></span> <span class='ocrx_word' id='word_1_183' title='bbox 463 2254 637 2335; x_wconf 68' lang='lat' dir='ltr'><strong>Permansn</strong></span> <span class='ocrx_word' id='word_1_184' title='bbox 662 2254 789 2318; x_wconf 67' lang='lat' dir='ltr'><strong>fflffisus·</strong></span> <span class='ocrx_word' id='word_1_185' title='bbox 807 2256 895 2319; x_wconf 63' lang='lat' dir='ltr'><strong>Tum</strong></span> <span class='ocrx_word' id='word_1_186' title='bbox 952 2286 1044 2354; x_wconf 83' lang='lat' dir='ltr'><strong>Quod</strong></span> <span class='ocrx_word' id='word_1_187' title='bbox 1069 2294 1233 2362; x_wconf 78' lang='lat' dir='ltr'><strong>martyres</strong></span> <span class='ocrx_word' id='word_1_188' title='bbox 1260 2286 1367 2344; x_wconf 82' lang='lat' dir='ltr'><strong>sancti</strong></span> <span class='ocrx_word' id='word_1_189' title='bbox 1391 2285 1617 2346; x_wconf 82' lang='lat' dir='ltr'><strong>amarissimos</strong></span> <span class='ocrx_word' id='word_1_190' title='bbox 1640 2304 1701 2361; x_wconf 87' lang='lat' dir='ltr'><strong>pro</strong></span> 
     </span>
    </p>
   </div>
   <div class='ocr_carea' id='block_1_4' title="bbox 145 2350 1702 2630">
    <p class='ocr_par' dir='ltr' id='par_1_8' title="bbox 145 2350 1702 2630">
     <span class='ocr_line' id='line_1_19' title="bbox 145 2350 1702 2449; baseline 0.001 -16"><span class='ocrx_word' id='word_1_191' title='bbox 145 2350 238 2433; x_wconf 59' lang='lat' dir='ltr'>1⁰⁸⁸st</span> <span class='ocrx_word' id='word_1_192' title='bbox 252 2370 327 2415; x_wconf 72' lang='lat'><strong>⁰⁰¹⁰</strong></span> <span class='ocrx_word' id='word_1_193' title='bbox 349 2371 402 2414; x_wconf 58' lang='grc' dir='ltr'><strong>Μ</strong></span> <span class='ocrx_word' id='word_1_194' title='bbox 424 2351 457 2413; x_wconf 67' lang='grc' dir='ltr'><strong>ῙΠ</strong></span> <span class='ocrx_word' id='word_1_195' title='bbox 477 2352 639 2415; x_wconf 58' lang='lat' dir='ltr'><strong>”dentem</strong></span> <span class='ocrx_word' id='word_1_196' title='bbox 657 2354 769 2435; x_wconf 62' lang='lat' dir='ltr'><strong>iamsi</strong></span> <span class='ocrx_word' id='word_1_197' title='bbox 791 2353 896 2417; x_wconf 61' lang='grc' dir='ltr'>ῘθΠῙθ·</span> <span class='ocrx_word' id='word_1_198' title='bbox 992 2376 1122 2435; x_wconf 82' lang='lat' dir='ltr'><strong>Christo</strong></span> <span class='ocrx_word' id='word_1_199' title='bbox 1145 2383 1265 2433; x_wconf 81' lang='lat' dir='ltr'><strong>mortes</strong></span> <span class='ocrx_word' id='word_1_200' title='bbox 1286 2378 1511 2449; x_wconf 82' lang='lat' dir='ltr'><strong>pertulerunt,</strong></span> <span class='ocrx_word' id='word_1_201' title='bbox 1532 2384 1562 2434; x_wconf 86' lang='lat' dir='ltr'><strong>et</strong></span> <span class='ocrx_word' id='word_1_202' title='bbox 1588 2376 1702 2435; x_wconf 82' lang='lat' dir='ltr'><strong>multis</strong></span> 
     </span>
     <span class='ocr_line' id='line_1_20' title="bbox 147 2449 1699 2541; baseline 0.006 -26"><span class='ocrx_word' id='word_1_203' title='bbox 147 2470 226 2527; x_wconf 78' lang='lat' dir='ltr'><strong>cem,</strong></span> <span class='ocrx_word' id='word_1_204' title='bbox 242 2451 282 2513; x_wconf 80' lang='lat' dir='ltr'><strong>de</strong></span> <span class='ocrx_word' id='word_1_205' title='bbox 308 2468 370 2531; x_wconf 71' lang='lat' dir='ltr'><strong>qut</strong></span> <span class='ocrx_word' id='word_1_206' title='bbox 390 2449 442 2512; x_wconf 71' lang='lat' dir='ltr'><strong>die</strong></span> <span class='ocrx_word' id='word_1_207' title='bbox 465 2450 610 2532; x_wconf 78' lang='lat' dir='ltr'><strong>soquemi</strong></span> <span class='ocrx_word' id='word_1_208' title='bbox 635 2452 667 2515; x_wconf 86' lang='lat' dir='ltr'><strong>S·</strong></span> <span class='ocrx_word' id='word_1_209' title='bbox 684 2451 820 2515; x_wconf 66' lang='lat' dir='ltr'><strong>Thomas</strong></span> <span class='ocrx_word' id='word_1_210' title='bbox 844 2472 896 2515; x_wconf 65' lang='grc' dir='ltr'><strong>θλ·</strong></span> <span class='ocrx_word' id='word_1_211' title='bbox 991 2466 1165 2523; x_wconf 80' lang='lat' dir='ltr'><strong>miraculis</strong></span> <span class='ocrx_word' id='word_1_212' title='bbox 1181 2465 1216 2523; x_wconf 82' lang='lat' dir='ltr'><strong>in</strong></span> <span class='ocrx_word' id='word_1_213' title='bbox 1231 2466 1300 2523; x_wconf 85' lang='lat' dir='ltr'><strong>suia</strong></span> <span class='ocrx_word' id='word_1_214' title='bbox 1314 2466 1485 2541; x_wconf 82' lang='lat' dir='ltr'><strong>suppliciis</strong></span> <span class='ocrx_word' id='word_1_215' title='bbox 1493 2469 1699 2525; x_wconf 79' lang='lat' dir='ltr'><strong>claruerunt.</strong></span> 
     </span>
     <span class='ocr_line' id='line_1_21' title="bbox 147 2548 895 2630; baseline 0.003 -19"><span class='ocrx_word' id='word_1_216' title='bbox 147 2548 204 2611; x_wconf 88' lang='lat' dir='ltr'><strong>ivit</strong></span> <span class='ocrx_word' id='word_1_217' title='bbox 217 2548 350 2611; x_wconf 84' lang='lat' dir='ltr'><strong>illaesus.</strong></span> <span class='ocrx_word' id='word_1_218' title='bbox 360 2548 498 2611; x_wconf 84' lang='lat' dir='ltr'><strong>Tandem</strong></span> <span class='ocrx_word' id='word_1_219' title='bbox 513 2548 620 2630; x_wconf 91' lang='lat' dir='ltr'><strong>gladio</strong></span> <span class='ocrx_word' id='word_1_220' title='bbox 635 2550 827 2613; x_wconf 86' lang='lat' dir='ltr'><strong>estoccisus.</strong></span> <span class='ocrx_word' id='word_1_221' title='bbox 839 2550 895 2613; x_wconf 90' lang='lat' dir='ltr'><strong>llic</strong></span> 
     </span>
    </p>
   </div>
   <div class='ocr_carea' id='block_1_5' title="bbox 146 2644 1850 5388">
    <p class='ocr_par' dir='ltr' id='par_1_9' title="bbox 146 2644 1849 2735">
     <span class='ocr_line' id='line_1_22' title="bbox 146 2644 1849 2735; baseline 0.004 -27"><span class='ocrx_word' id='word_1_222' title='bbox 146 2647 220 2709; x_wconf 81' lang='lat' dir='ltr'><strong>lelix</strong></span> <span class='ocrx_word' id='word_1_223' title='bbox 235 2645 406 2729; x_wconf 80' lang='lat' dir='ltr'><strong>Apostolus</strong></span> <span class='ocrx_word' id='word_1_224' title='bbox 421 2644 553 2726; x_wconf 86' lang='lat' dir='ltr'><strong>Parthis,</strong></span> <span class='ocrx_word' id='word_1_225' title='bbox 567 2646 675 2727; x_wconf 86' lang='lat' dir='ltr'><strong>lledis,</strong></span> <span class='ocrx_word' id='word_1_226' title='bbox 690 2647 803 2725; x_wconf 87' lang='lat' dir='ltr'><strong>Persis,</strong></span> <span class='ocrx_word' id='word_1_227' title='bbox 820 2648 896 2730; x_wconf 85' lang='lat' dir='ltr'><strong>Hyr·</strong></span> <span class='ocrx_word' id='word_1_228' title='bbox 1013 2650 1160 2713; x_wconf 82' lang='lat' dir='ltr'><strong>ANCTUS</strong></span> <span class='ocrx_word' id='word_1_229' title='bbox 1184 2649 1363 2731; x_wconf 85' lang='lat' dir='ltr'><strong>Stephanus</strong></span> <span class='ocrx_word' id='word_1_230' title='bbox 1389 2659 1610 2735; x_wconf 85' lang='lat' dir='ltr'><strong>protomartyr,</strong></span> <span class='ocrx_word' id='word_1_231' title='bbox 1636 2650 1703 2735; x_wconf 92' lang='lat' dir='ltr'><strong>ple·</strong></span> <span class='ocrx_word' id='word_1_232' title='bbox 1729 2684 1849 2727; x_wconf 57' lang='lat' dir='ltr'><strong>mm.</strong></span> 
     </span>
    </p>

    <p class='ocr_par' dir='ltr' id='par_1_10' title="bbox 148 2744 1751 2833">
     <span class='ocr_line' id='line_1_23' title="bbox 148 2744 1751 2833; baseline 0.004 -26"><span class='ocrx_word' id='word_1_233' title='bbox 148 2746 246 2823; x_wconf 89' lang='lat' dir='ltr'><strong>canis,</strong></span> <span class='ocrx_word' id='word_1_234' title='bbox 273 2744 482 2807; x_wconf 88' lang='lat' dir='ltr'><strong>Brachmanis</strong></span> <span class='ocrx_word' id='word_1_235' title='bbox 509 2754 540 2807; x_wconf 88' lang='lat' dir='ltr'><strong>et</strong></span> <span class='ocrx_word' id='word_1_236' title='bbox 568 2744 654 2808; x_wconf 90' lang='lat' dir='ltr'><strong>ludis</strong></span> <span class='ocrx_word' id='word_1_237' title='bbox 682 2745 780 2809; x_wconf 79' lang='lat' dir='ltr'><strong>iidem</strong></span> <span class='ocrx_word' id='word_1_238' title='bbox 813 2748 896 2810; x_wconf 90' lang='lat' dir='ltr'><strong>salu·</strong></span> <span class='ocrx_word' id='word_1_239' title='bbox 1020 2769 1082 2811; x_wconf 92' lang='lat' dir='ltr'><strong>nus</strong></span> <span class='ocrx_word' id='word_1_240' title='bbox 1095 2747 1197 2830; x_wconf 88' lang='lat' dir='ltr'><strong>gratia</strong></span> <span class='ocrx_word' id='word_1_241' title='bbox 1211 2756 1241 2810; x_wconf 93' lang='lat' dir='ltr'><strong>et</strong></span> <span class='ocrx_word' id='word_1_242' title='bbox 1257 2747 1597 2827; x_wconf 82' lang='lat' dir='ltr'><strong>tortitudine‚laciebat</strong></span> <span class='ocrx_word' id='word_1_243' title='bbox 1612 2750 1702 2833; x_wconf 88' lang='lat' dir='ltr'><strong>signa</strong></span> <span class='ocrx_word' id='word_1_244' title='bbox 1717 2750 1751 2789; x_wconf 75' lang='lat'><strong>¹³·</strong></span> 
     </span>
    </p>

    <p class='ocr_par' dir='ltr' id='par_1_11' title="bbox 147 2842 1704 3025">
     <span class='ocr_line' id='line_1_24' title="bbox 147 2842 1703 2931; baseline 0.004 -26"><span class='ocrx_word' id='word_1_245' title='bbox 147 2843 322 2907; x_wconf 88' lang='lat' dir='ltr'><strong>berrimam</strong></span> <span class='ocrx_word' id='word_1_246' title='bbox 345 2842 539 2925; x_wconf 76' lang='lat' dir='ltr'><strong>predicavit.</strong></span> <span class='ocrx_word' id='word_1_247' title='bbox 952 2856 983 2911; x_wconf 91' lang='lat' dir='ltr'><strong>et</strong></span> <span class='ocrx_word' id='word_1_248' title='bbox 1012 2846 1155 2929; x_wconf 89' lang='lat' dir='ltr'><strong>prodigia</strong></span> <span class='ocrx_word' id='word_1_249' title='bbox 1183 2866 1297 2927; x_wconf 88' lang='lat' dir='ltr'><strong>magna</strong></span> <span class='ocrx_word' id='word_1_250' title='bbox 1325 2848 1356 2909; x_wconf 93' lang='lat' dir='ltr'><strong>in</strong></span> <span class='ocrx_word' id='word_1_251' title='bbox 1385 2848 1514 2929; x_wconf 89' lang='lat' dir='ltr'><strong>populo.</strong></span> <span class='ocrx_word' id='word_1_252' title='bbox 1537 2849 1703 2931; x_wconf 82' lang='lat' dir='ltr'><strong>Quumque</strong></span> 
     </span>
     <span class='ocr_line' id='line_1_25' title="bbox 184 2940 1704 3025; baseline 0.004 -22"><span class='ocrx_word' id='word_1_253' title='bbox 184 2942 351 3019; x_wconf 79' lang='lat' dir='ltr'><strong>Praeterea,</strong></span> <span class='ocrx_word' id='word_1_254' title='bbox 367 2959 465 3021; x_wconf 90' lang='lat' dir='ltr'><strong>quum</strong></span> <span class='ocrx_word' id='word_1_255' title='bbox 486 2940 599 3023; x_wconf 90' lang='lat' dir='ltr'><strong>pagani</strong></span> <span class='ocrx_word' id='word_1_256' title='bbox 620 2941 801 3025; x_wconf 88' lang='lat' dir='ltr'><strong>Philippum</strong></span> <span class='ocrx_word' id='word_1_257' title='bbox 823 2962 897 3025; x_wconf 77' lang='lat' dir='ltr'><strong>apo</strong></span> <span class='ocrx_word' id='word_1_258' title='bbox 953 2946 985 3007; x_wconf 92' lang='lat' dir='ltr'><strong>in</strong></span> <span class='ocrx_word' id='word_1_259' title='bbox 1002 2946 1138 3009; x_wconf 91' lang='lat' dir='ltr'><strong>concilio</strong></span> <span class='ocrx_word' id='word_1_260' title='bbox 1153 2945 1332 3009; x_wconf 74' lang='lat' dir='ltr'><strong>iudeorum</strong></span> <span class='ocrx_word' id='word_1_261' title='bbox 1347 2944 1520 3009; x_wconf 81' lang='lat' dir='ltr'><strong>falsissime</strong></span> <span class='ocrx_word' id='word_1_262' title='bbox 1538 2965 1704 3009; x_wconf 89' lang='lat' dir='ltr'><strong>accusare-</strong></span> 
     </span>
    </p>

    <p class='ocr_par' dir='ltr' id='par_1_12' title="bbox 148 3039 1704 3127">
     <span class='ocr_line' id='line_1_26' title="bbox 148 3039 1704 3127; baseline 0.001 -24"><span class='ocrx_word' id='word_1_263' title='bbox 148 3042 261 3105; x_wconf 92' lang='lat' dir='ltr'><strong>stolum</strong></span> <span class='ocrx_word' id='word_1_264' title='bbox 277 3040 318 3103; x_wconf 94' lang='lat' dir='ltr'><strong>ad</strong></span> <span class='ocrx_word' id='word_1_265' title='bbox 335 3039 582 3103; x_wconf 73' lang='lat' dir='ltr'><strong>saculicandum</strong></span> <span class='ocrx_word' id='word_1_266' title='bbox 602 3041 688 3103; x_wconf 86' lang='lat' dir='ltr'><strong>llarti</strong></span> <span class='ocrx_word' id='word_1_267' title='bbox 704 3043 897 3127; x_wconf 90' lang='lat' dir='ltr'><strong>compellere</strong></span> <span class='ocrx_word' id='word_1_268' title='bbox 914 3044 936 3107; x_wconf 91' lang='lat' dir='ltr'><strong>C</strong></span> <span class='ocrx_word' id='word_1_269' title='bbox 953 3050 1015 3122; x_wconf 90' lang='lat' dir='ltr'><strong>tur,</strong></span> <span class='ocrx_word' id='word_1_270' title='bbox 1029 3042 1237 3124; x_wconf 81' lang='lat' dir='ltr'><strong>redarguebat</strong></span> <span class='ocrx_word' id='word_1_271' title='bbox 1251 3042 1426 3105; x_wconf 90' lang='lat' dir='ltr'><strong>obstinatos</strong></span> <span class='ocrx_word' id='word_1_272' title='bbox 1440 3043 1563 3106; x_wconf 84' lang='lat' dir='ltr'><strong>Judaeos</strong></span> <span class='ocrx_word' id='word_1_273' title='bbox 1579 3043 1704 3106; x_wconf 88' lang='lat' dir='ltr'><strong>liberri-</strong></span> 
     </span>
    </p>

    <p class='ocr_par' dir='ltr' id='par_1_13' title="bbox 148 3139 1700 3225">
     <span class='ocr_line' id='line_1_27' title="bbox 148 3139 1700 3225; baseline 0.001 -23"><span class='ocrx_word' id='word_1_274' title='bbox 148 3140 275 3218; x_wconf 87' lang='lat' dir='ltr'><strong>vellent,</strong></span> <span class='ocrx_word' id='word_1_275' title='bbox 292 3139 462 3222; x_wconf 88' lang='lat' dir='ltr'><strong>egrediens</strong></span> <span class='ocrx_word' id='word_1_276' title='bbox 480 3140 587 3216; x_wconf 89' lang='lat' dir='ltr'><strong>draco,</strong></span> <span class='ocrx_word' id='word_1_277' title='bbox 606 3141 767 3222; x_wconf 90' lang='lat' dir='ltr'><strong>pontilicis</strong></span> <span class='ocrx_word' id='word_1_278' title='bbox 792 3141 896 3206; x_wconf 85' lang='lat' dir='ltr'><strong>lilium</strong></span> <span class='ocrx_word' id='word_1_279' title='bbox 954 3161 1015 3205; x_wconf 93' lang='lat' dir='ltr'><strong>me.</strong></span> <span class='ocrx_word' id='word_1_280' title='bbox 1047 3141 1265 3222; x_wconf 74' lang='lat' dir='ltr'><strong>videruntque</strong></span> <span class='ocrx_word' id='word_1_281' title='bbox 1293 3141 1416 3204; x_wconf 90' lang='lat' dir='ltr'><strong>vultum</strong></span> <span class='ocrx_word' id='word_1_282' title='bbox 1451 3143 1522 3223; x_wconf 86' lang='lat' dir='ltr'><strong>ejus</strong></span> <span class='ocrx_word' id='word_1_283' title='bbox 1550 3150 1700 3225; x_wconf 86' lang='lat' dir='ltr'><strong>tanquam</strong></span> 
     </span>
    </p>

    <p class='ocr_par' dir='ltr' id='par_1_14' title="bbox 149 3238 1702 3323">
     <span class='ocr_line' id='line_1_28' title="bbox 149 3238 1702 3323; baseline 0.001 -21"><span class='ocrx_word' id='word_1_284' title='bbox 149 3241 289 3320; x_wconf 89' lang='lat' dir='ltr'><strong>duosque</strong></span> <span class='ocrx_word' id='word_1_285' title='bbox 316 3238 460 3301; x_wconf 88' lang='lat' dir='ltr'><strong>tribunos</strong></span> <span class='ocrx_word' id='word_1_286' title='bbox 485 3239 614 3318; x_wconf 89' lang='lat' dir='ltr'><strong>occidit,</strong></span> <span class='ocrx_word' id='word_1_287' title='bbox 632 3259 667 3303; x_wconf 90' lang='grc' dir='ltr'>ιο</span> <span class='ocrx_word' id='word_1_288' title='bbox 692 3250 814 3305; x_wconf 91' lang='lat' dir='ltr'><strong>ceteros</strong></span> <span class='ocrx_word' id='word_1_289' title='bbox 839 3261 897 3306; x_wconf 92' lang='lat' dir='ltr'><strong>suo</strong></span> <span class='ocrx_word' id='word_1_290' title='bbox 953 3240 1077 3303; x_wconf 90' lang='lat' dir='ltr'><strong>vultum</strong></span> <span class='ocrx_word' id='word_1_291' title='bbox 1096 3239 1202 3322; x_wconf 89' lang='lat' dir='ltr'><strong>angeli</strong></span> <span class='ocrx_word' id='word_1_292' title='bbox 1224 3240 1411 3305; x_wconf 87' lang='lat' dir='ltr'><strong>radiantem.</strong></span> <span class='ocrx_word' id='word_1_293' title='bbox 1428 3241 1498 3323; x_wconf 91' lang='lat' dir='ltr'><strong>lpse</strong></span> <span class='ocrx_word' id='word_1_294' title='bbox 1519 3260 1595 3305; x_wconf 90' lang='lat' dir='ltr'><strong>vero</strong></span> <span class='ocrx_word' id='word_1_295' title='bbox 1616 3241 1702 3304; x_wconf 90' lang='lat' dir='ltr'><strong>dice·</strong></span> 
     </span>
    </p>

    <p class='ocr_par' dir='ltr' id='par_1_15' title="bbox 150 3337 1850 3423">
     <span class='ocr_line' id='line_1_29' title="bbox 150 3337 1850 3423; baseline 0.004 -23"><span class='ocrx_word' id='word_1_296' title='bbox 150 3337 260 3400; x_wconf 88' lang='lat' dir='ltr'><strong>iniecit</strong></span> <span class='ocrx_word' id='word_1_297' title='bbox 281 3337 407 3400; x_wconf 86' lang='lat' dir='ltr'><strong>ioetorc.</strong></span> <span class='ocrx_word' id='word_1_298' title='bbox 425 3337 509 3400; x_wconf 81' lang='lat' dir='ltr'><strong>Dixit</strong></span> <span class='ocrx_word' id='word_1_299' title='bbox 529 3357 605 3419; x_wconf 89' lang='lat' dir='ltr'><strong>ergo</strong></span> <span class='ocrx_word' id='word_1_300' title='bbox 626 3338 813 3423; x_wconf 88' lang='lat' dir='ltr'><strong>Philippus:</strong></span> <span class='ocrx_word' id='word_1_301' title='bbox 830 3341 897 3403; x_wconf 88' lang='lat' dir='ltr'><strong>Sta·</strong></span> <span class='ocrx_word' id='word_1_302' title='bbox 954 3340 1008 3402; x_wconf 89' lang='lat' dir='ltr'><strong>bat</strong></span> <span class='ocrx_word' id='word_1_303' title='bbox 1024 3363 1032 3400; x_wconf 91' lang='lat'>:</span> <span class='ocrx_word' id='word_1_304' title='bbox 1048 3339 1131 3402; x_wconf 90' lang='lat' dir='ltr'><strong>Ecce</strong></span> <span class='ocrx_word' id='word_1_305' title='bbox 1152 3339 1245 3401; x_wconf 91' lang='lat' dir='ltr'><strong>video</strong></span> <span class='ocrx_word' id='word_1_306' title='bbox 1265 3339 1363 3400; x_wconf 85' lang='lat' dir='ltr'><strong>coelos</strong></span> <span class='ocrx_word' id='word_1_307' title='bbox 1384 3349 1521 3420; x_wconf 89' lang='lat' dir='ltr'><strong>apertos,</strong></span> <span class='ocrx_word' id='word_1_308' title='bbox 1538 3349 1569 3402; x_wconf 90' lang='lat' dir='ltr'><strong>et</strong></span> <span class='ocrx_word' id='word_1_309' title='bbox 1593 3340 1700 3403; x_wconf 81' lang='lat' dir='ltr'><strong>iesum</strong></span> <span class='ocrx_word' id='word_1_310' title='bbox 1716 3364 1850 3414; x_wconf 56' lang='lat' dir='ltr'><strong>resanare-</strong></span> 
     </span>
    </p>

    <p class='ocr_par' dir='ltr' id='par_1_16' title="bbox 150 3431 1750 3519">
     <span class='ocr_line' id='line_1_30' title="bbox 150 3431 1750 3519; baseline 0.003 -22"><span class='ocrx_word' id='word_1_311' title='bbox 150 3445 233 3499; x_wconf 91' lang='lat' dir='ltr'><strong>tuam</strong></span> <span class='ocrx_word' id='word_1_312' title='bbox 258 3436 354 3499; x_wconf 88' lang='lat' dir='ltr'><strong>istam</strong></span> <span class='ocrx_word' id='word_1_313' title='bbox 379 3434 583 3518; x_wconf 79' lang='lat' dir='ltr'><strong>confringite,</strong></span> <span class='ocrx_word' id='word_1_314' title='bbox 609 3445 642 3498; x_wconf 88' lang='lat' dir='ltr'><strong>et</strong></span> <span class='ocrx_word' id='word_1_315' title='bbox 669 3455 726 3519; x_wconf 90' lang='lat' dir='ltr'><strong>pro</strong></span> <span class='ocrx_word' id='word_1_316' title='bbox 750 3457 786 3500; x_wconf 92' lang='lat' dir='ltr'><strong>ea</strong></span> <span class='ocrx_word' id='word_1_317' title='bbox 810 3437 898 3501; x_wconf 91' lang='lat' dir='ltr'><strong>Chri·</strong></span> <span class='ocrx_word' id='word_1_318' title='bbox 954 3445 1091 3500; x_wconf 88' lang='lat' dir='ltr'><strong>stantem</strong></span> <span class='ocrx_word' id='word_1_319' title='bbox 1114 3456 1133 3498; x_wconf 93' lang='lat' dir='ltr'><strong>a</strong></span> <span class='ocrx_word' id='word_1_320' title='bbox 1155 3436 1274 3498; x_wconf 86' lang='lat' dir='ltr'><strong>dextris</strong></span> <span class='ocrx_word' id='word_1_321' title='bbox 1300 3436 1425 3499; x_wconf 90' lang='lat' dir='ltr'><strong>virtutis</strong></span> <span class='ocrx_word' id='word_1_322' title='bbox 1451 3437 1518 3500; x_wconf 87' lang='lat' dir='ltr'><strong>Dei.</strong></span> <span class='ocrx_word' id='word_1_323' title='bbox 1545 3438 1701 3502; x_wconf 90' lang='lat' dir='ltr'><strong>Continuo</strong></span> <span class='ocrx_word' id='word_1_324' title='bbox 1715 3431 1750 3473; x_wconf 77' lang='lat'><strong>⁶⁰·</strong></span> 
     </span>
    </p>

    <p class='ocr_par' dir='ltr' id='par_1_17' title="bbox 149 3533 1703 3618">
     <span class='ocr_line' id='line_1_31' title="bbox 149 3533 1703 3618; baseline 0.002 -22"><span class='ocrx_word' id='word_1_325' title='bbox 149 3543 230 3597; x_wconf 91' lang='lat' dir='ltr'><strong>stum</strong></span> <span class='ocrx_word' id='word_1_326' title='bbox 250 3534 423 3598; x_wconf 86' lang='lat' dir='ltr'><strong>Dominum</strong></span> <span class='ocrx_word' id='word_1_327' title='bbox 444 3533 583 3611; x_wconf 90' lang='lat' dir='ltr'><strong>adorate,</strong></span> <span class='ocrx_word' id='word_1_328' title='bbox 601 3543 636 3597; x_wconf 88' lang='lat' dir='ltr'><strong>ut</strong></span> <span class='ocrx_word' id='word_1_329' title='bbox 654 3533 775 3597; x_wconf 87' lang='lat' dir='ltr'><strong>iniirmi</strong></span> <span class='ocrx_word' id='word_1_330' title='bbox 800 3537 895 3599; x_wconf 88' lang='lat' dir='ltr'><strong>vestri</strong></span> <span class='ocrx_word' id='word_1_331' title='bbox 954 3553 1029 3617; x_wconf 86' lang='lat' dir='ltr'><strong>ergo</strong></span> <span class='ocrx_word' id='word_1_332' title='bbox 1044 3535 1210 3615; x_wconf 87' lang='lat' dir='ltr'><strong>ejecerunt</strong></span> <span class='ocrx_word' id='word_1_333' title='bbox 1223 3553 1297 3596; x_wconf 88' lang='lat' dir='ltr'><strong>enm</strong></span> <span class='ocrx_word' id='word_1_334' title='bbox 1312 3534 1462 3612; x_wconf 69' lang='lat' dir='ltr'><strong>ludaeiet</strong></span> <span class='ocrx_word' id='word_1_335' title='bbox 1475 3536 1617 3617; x_wconf 90' lang='lat' dir='ltr'><strong>lapidum</strong></span> <span class='ocrx_word' id='word_1_336' title='bbox 1632 3555 1703 3618; x_wconf 91' lang='lat' dir='ltr'><strong>pro-</strong></span> 
     </span>
    </p>

    <p class='ocr_par' dir='ltr' id='par_1_18' title="bbox 149 3633 1703 3717">
     <span class='ocr_line' id='line_1_32' title="bbox 149 3633 1703 3717; baseline 0 -21"><span class='ocrx_word' id='word_1_337' title='bbox 149 3641 299 3696; x_wconf 87' lang='lat' dir='ltr'><strong>curentur</strong></span> <span class='ocrx_word' id='word_1_338' title='bbox 315 3640 347 3694; x_wconf 88' lang='lat' dir='ltr'><strong>ct</strong></span> <span class='ocrx_word' id='word_1_339' title='bbox 367 3633 482 3694; x_wconf 91' lang='lat' dir='ltr'><strong>mortui</strong></span> <span class='ocrx_word' id='word_1_340' title='bbox 503 3633 705 3696; x_wconf 87' lang='lat' dir='ltr'><strong>suscitentur.</strong></span> <span class='ocrx_word' id='word_1_341' title='bbox 724 3635 898 3697; x_wconf 85' lang='lat' dir='ltr'><strong>llnnuenti-</strong></span> <span class='ocrx_word' id='word_1_342' title='bbox 953 3633 1149 3717; x_wconf 84' lang='lat' dir='ltr'><strong>jectionihus</strong></span> <span class='ocrx_word' id='word_1_343' title='bbox 1176 3633 1372 3696; x_wconf 90' lang='lat' dir='ltr'><strong>occiderunt.</strong></span> <span class='ocrx_word' id='word_1_344' title='bbox 1403 3634 1473 3716; x_wconf 90' lang='lat' dir='ltr'><strong>lpse</strong></span> <span class='ocrx_word' id='word_1_345' title='bbox 1502 3653 1576 3697; x_wconf 88' lang='lat' dir='ltr'><strong>vero</strong></span> <span class='ocrx_word' id='word_1_346' title='bbox 1609 3634 1703 3698; x_wconf 82' lang='lat' dir='ltr'><strong>flexis</strong></span> 
     </span>
    </p>

    <p class='ocr_par' dir='ltr' id='par_1_19' title="bbox 149 3729 1703 3815">
     <span class='ocr_line' id='line_1_33' title="bbox 149 3729 1703 3815; baseline 0.001 -21"><span class='ocrx_word' id='word_1_347' title='bbox 149 3731 206 3794; x_wconf 90' lang='lat' dir='ltr'><strong>bus</strong></span> <span class='ocrx_word' id='word_1_348' title='bbox 222 3731 322 3815; x_wconf 90' lang='lat' dir='ltr'><strong>igitur</strong></span> <span class='ocrx_word' id='word_1_349' title='bbox 336 3729 413 3808; x_wconf 89' lang='lat' dir='ltr'><strong>illis,</strong></span> <span class='ocrx_word' id='word_1_350' title='bbox 430 3731 461 3792; x_wconf 90' lang='lat' dir='ltr'><strong>S.</strong></span> <span class='ocrx_word' id='word_1_351' title='bbox 473 3731 638 3813; x_wconf 92' lang='lat' dir='ltr'><strong>Philippus</strong></span> <span class='ocrx_word' id='word_1_352' title='bbox 655 3732 819 3796; x_wconf 88' lang='lat' dir='ltr'><strong>suscitavit</strong></span> <span class='ocrx_word' id='word_1_353' title='bbox 835 3743 896 3796; x_wconf 86' lang='lat' dir='ltr'><strong>tres</strong></span> <span class='ocrx_word' id='word_1_354' title='bbox 954 3732 1089 3814; x_wconf 77' lang='lat' dir='ltr'><strong>genibus</strong></span> <span class='ocrx_word' id='word_1_355' title='bbox 1117 3731 1219 3794; x_wconf 80' lang='lat' dir='ltr'><strong>olevit</strong></span> <span class='ocrx_word' id='word_1_356' title='bbox 1248 3749 1305 3813; x_wconf 86' lang='lat' dir='ltr'><strong>pro</strong></span> <span class='ocrx_word' id='word_1_357' title='bbox 1339 3732 1429 3813; x_wconf 91' lang='lat' dir='ltr'><strong>ipsis.</strong></span> <span class='ocrx_word' id='word_1_358' title='bbox 1460 3733 1516 3794; x_wconf 89' lang='lat' dir='ltr'><strong>llic</strong></span> <span class='ocrx_word' id='word_1_359' title='bbox 1544 3733 1703 3814; x_wconf 90' lang='lat' dir='ltr'><strong>gloriosus</strong></span> 
     </span>
    </p>

    <p class='ocr_par' dir='ltr' id='par_1_20' title="bbox 150 3828 1705 3914">
     <span class='ocr_line' id='line_1_34' title="bbox 150 3828 1705 3914; baseline 0.001 -22"><span class='ocrx_word' id='word_1_360' title='bbox 150 3829 218 3893; x_wconf 90' lang='lat' dir='ltr'><strong>illos</strong></span> <span class='ocrx_word' id='word_1_361' title='bbox 241 3829 426 3907; x_wconf 79' lang='lat' dir='ltr'><strong>defunctos,</strong></span> <span class='ocrx_word' id='word_1_362' title='bbox 451 3828 636 3910; x_wconf 82' lang='lat' dir='ltr'><strong>curavitque</strong></span> <span class='ocrx_word' id='word_1_363' title='bbox 662 3839 806 3908; x_wconf 79' lang='lat' dir='ltr'><strong>ceteros3</strong></span> <span class='ocrx_word' id='word_1_364' title='bbox 828 3831 898 3894; x_wconf 91' lang='lat' dir='ltr'><strong>dra·</strong></span> <span class='ocrx_word' id='word_1_365' title='bbox 955 3840 1084 3912; x_wconf 84' lang='lat' dir='ltr'><strong>martyr,</strong></span> <span class='ocrx_word' id='word_1_366' title='bbox 1097 3838 1132 3892; x_wconf 88' lang='lat' dir='ltr'><strong>ut</strong></span> <span class='ocrx_word' id='word_1_367' title='bbox 1146 3837 1275 3892; x_wconf 91' lang='lat' dir='ltr'><strong>sanctus</strong></span> <span class='ocrx_word' id='word_1_368' title='bbox 1290 3829 1401 3892; x_wconf 89' lang='lat' dir='ltr'><strong>recitat</strong></span> <span class='ocrx_word' id='word_1_369' title='bbox 1415 3830 1621 3911; x_wconf 75' lang='lat' dir='ltr'><strong>Augustinus,</strong></span> <span class='ocrx_word' id='word_1_370' title='bbox 1633 3851 1705 3914; x_wconf 88' lang='lat' dir='ltr'><strong>sep·</strong></span> 
     </span>
    </p>

    <p class='ocr_par' dir='ltr' id='par_1_21' title="bbox 151 3927 1705 4108">
     <span class='ocr_line' id='line_1_35' title="bbox 151 3927 1705 4010; baseline 0.001 -20"><span class='ocrx_word' id='word_1_371' title='bbox 151 3929 218 3991; x_wconf 91' lang='lat' dir='ltr'><strong>coni</strong></span> <span class='ocrx_word' id='word_1_372' title='bbox 241 3947 372 4010; x_wconf 86' lang='lat' dir='ltr'><strong>quoque</strong></span> <span class='ocrx_word' id='word_1_373' title='bbox 394 3927 545 4008; x_wconf 76' lang='lat' dir='ltr'><strong>pracepit</strong></span> <span class='ocrx_word' id='word_1_374' title='bbox 565 3928 664 3992; x_wconf 88' lang='lat' dir='ltr'><strong>abire.</strong></span> <span class='ocrx_word' id='word_1_375' title='bbox 955 3935 1018 3990; x_wconf 88' lang='lat' dir='ltr'><strong>tem</strong></span> <span class='ocrx_word' id='word_1_376' title='bbox 1049 3935 1192 3990; x_wconf 87' lang='lat' dir='ltr'><strong>mortuos</strong></span> <span class='ocrx_word' id='word_1_377' title='bbox 1215 3934 1287 4009; x_wconf 90' lang='lat' dir='ltr'><strong>post</strong></span> <span class='ocrx_word' id='word_1_378' title='bbox 1314 3946 1407 3989; x_wconf 91' lang='lat' dir='ltr'><strong>suum</strong></span> <span class='ocrx_word' id='word_1_379' title='bbox 1432 3927 1598 3990; x_wconf 86' lang='lat' dir='ltr'><strong>suscitavit</strong></span> <span class='ocrx_word' id='word_1_380' title='bbox 1623 3948 1705 3991; x_wconf 87' lang='lat' dir='ltr'><strong>mar-</strong></span> 
     </span>
     <span class='ocr_line' id='line_1_36' title="bbox 188 4025 1085 4108; baseline -0.001 -20"><span class='ocrx_word' id='word_1_381' title='bbox 188 4029 227 4088; x_wconf 78' lang='lat' dir='ltr'><strong>ht</strong></span> <span class='ocrx_word' id='word_1_382' title='bbox 253 4045 332 4092; x_wconf 92' lang='lat' dir='ltr'><strong>vero</strong></span> <span class='ocrx_word' id='word_1_383' title='bbox 359 4025 521 4089; x_wconf 77' lang='lat' dir='ltr'><strong>Mattheus</strong></span> <span class='ocrx_word' id='word_1_384' title='bbox 549 4036 678 4090; x_wconf 91' lang='lat' dir='ltr'><strong>sanctus</strong></span> <span class='ocrx_word' id='word_1_385' title='bbox 703 4027 898 4108; x_wconf 88' lang='lat' dir='ltr'><strong>evangelista</strong></span> <span class='ocrx_word' id='word_1_386' title='bbox 955 4027 1085 4108; x_wconf 81' lang='lat' dir='ltr'><strong>tyrium.</strong></span> 
     </span>
    </p>

    <p class='ocr_par' dir='ltr' id='par_1_22' title="bbox 151 4123 1703 4208">
     <span class='ocr_line' id='line_1_37' title="bbox 151 4123 1703 4208; baseline 0.002 -22"><span class='ocrx_word' id='word_1_387' title='bbox 151 4133 241 4205; x_wconf 87' lang='lat' dir='ltr'><strong>atque</strong></span> <span class='ocrx_word' id='word_1_388' title='bbox 255 4125 421 4207; x_wconf 86' lang='lat' dir='ltr'><strong>apostolus</strong></span> <span class='ocrx_word' id='word_1_389' title='bbox 442 4124 474 4185; x_wconf 95' lang='lat' dir='ltr'><strong>in</strong></span> <span class='ocrx_word' id='word_1_390' title='bbox 495 4124 604 4187; x_wconf 90' lang='lat' dir='ltr'><strong>urbem</strong></span> <span class='ocrx_word' id='word_1_391' title='bbox 620 4125 785 4206; x_wconf 81' lang='lat' dir='ltr'><strong>AEthiopiae</strong></span> <span class='ocrx_word' id='word_1_392' title='bbox 809 4127 898 4190; x_wconf 91' lang='lat' dir='ltr'><strong>veni·</strong></span> <span class='ocrx_word' id='word_1_393' title='bbox 995 4123 1159 4200; x_wconf 79' lang='lat' dir='ltr'><strong>Praeterea,</strong></span> <span class='ocrx_word' id='word_1_394' title='bbox 1176 4123 1304 4186; x_wconf 91' lang='lat' dir='ltr'><strong>divinus</strong></span> <span class='ocrx_word' id='word_1_395' title='bbox 1327 4123 1506 4206; x_wconf 77' lang='lat' dir='ltr'><strong>Dionysius,</strong></span> <span class='ocrx_word' id='word_1_396' title='bbox 1522 4125 1576 4205; x_wconf 88' lang='lat' dir='ltr'><strong>qui</strong></span> <span class='ocrx_word' id='word_1_397' title='bbox 1600 4125 1703 4208; x_wconf 86' lang='lat' dir='ltr'><strong>primo</strong></span> 
     </span>
    </p>

    <p class='ocr_par' dir='ltr' id='par_1_23' title="bbox 151 4221 1848 4307">
     <span class='ocr_line' id='line_1_38' title="bbox 151 4221 1848 4307; baseline 0 -23"><span class='ocrx_word' id='word_1_398' title='bbox 151 4224 306 4300; x_wconf 87' lang='lat' dir='ltr'><strong>ens,duos</strong></span> <span class='ocrx_word' id='word_1_399' title='bbox 324 4241 432 4304; x_wconf 89' lang='lat' dir='ltr'><strong>magos</strong></span> <span class='ocrx_word' id='word_1_400' title='bbox 447 4221 617 4286; x_wconf 89' lang='lat' dir='ltr'><strong>acerrimos</strong></span> <span class='ocrx_word' id='word_1_401' title='bbox 631 4223 685 4304; x_wconf 87' lang='lat' dir='ltr'><strong>qui</strong></span> <span class='ocrx_word' id='word_1_402' title='bbox 702 4243 735 4286; x_wconf 92' lang='lat' dir='ltr'><strong>se</strong></span> <span class='ocrx_word' id='word_1_403' title='bbox 749 4232 896 4307; x_wconf 89' lang='lat' dir='ltr'><strong>tanquam</strong></span> <span class='ocrx_word' id='word_1_404' title='bbox 913 4225 937 4286; x_wconf 87' lang='lat' dir='ltr'>D</span> <span class='ocrx_word' id='word_1_405' title='bbox 956 4221 1017 4284; x_wconf 89' lang='lat' dir='ltr'><strong>luit</strong></span> <span class='ocrx_word' id='word_1_406' title='bbox 1031 4241 1175 4284; x_wconf 90' lang='lat' dir='ltr'><strong>summus</strong></span> <span class='ocrx_word' id='word_1_407' title='bbox 1189 4221 1437 4304; x_wconf 90' lang='lat' dir='ltr'><strong>philosophus,a</strong></span> <span class='ocrx_word' id='word_1_408' title='bbox 1450 4222 1545 4286; x_wconf 90' lang='lat' dir='ltr'><strong>Paulo</strong></span> <span class='ocrx_word' id='word_1_409' title='bbox 1560 4224 1704 4305; x_wconf 88' lang='lat' dir='ltr'><strong>apostolo</strong></span> <span class='ocrx_word' id='word_1_410' title='bbox 1731 4241 1848 4294; x_wconf 69' lang='lat' dir='ltr'><strong>remur,</strong></span> 
     </span>
    </p>

    <p class='ocr_par' dir='ltr' id='par_1_24' title="bbox 151 4310 1751 4404">
     <span class='ocr_line' id='line_1_39' title="bbox 151 4310 1751 4404; baseline 0.001 -22"><span class='ocrx_word' id='word_1_411' title='bbox 151 4321 224 4384; x_wconf 89' lang='lat' dir='ltr'><strong>deos</strong></span> <span class='ocrx_word' id='word_1_412' title='bbox 239 4321 366 4384; x_wconf 88' lang='lat' dir='ltr'><strong>adorari</strong></span> <span class='ocrx_word' id='word_1_413' title='bbox 387 4321 541 4397; x_wconf 84' lang='lat' dir='ltr'><strong>lecerunt,</strong></span> <span class='ocrx_word' id='word_1_414' title='bbox 559 4321 699 4384; x_wconf 91' lang='lat' dir='ltr'><strong>convicit</strong></span> <span class='ocrx_word' id='word_1_415' title='bbox 720 4341 756 4385; x_wconf 91' lang='lat' dir='ltr'><strong>ac</strong></span> <span class='ocrx_word' id='word_1_416' title='bbox 776 4323 899 4404; x_wconf 86' lang='lat' dir='ltr'><strong>elinga—</strong></span> <span class='ocrx_word' id='word_1_417' title='bbox 955 4327 1003 4382; x_wconf 91' lang='lat' dir='ltr'><strong>est</strong></span> <span class='ocrx_word' id='word_1_418' title='bbox 1017 4338 1202 4399; x_wconf 85' lang='lat' dir='ltr'><strong>conversus,</strong></span> <span class='ocrx_word' id='word_1_419' title='bbox 1219 4328 1250 4382; x_wconf 93' lang='lat' dir='ltr'><strong>et</strong></span> <span class='ocrx_word' id='word_1_420' title='bbox 1265 4327 1374 4402; x_wconf 90' lang='lat' dir='ltr'><strong>postea</strong></span> <span class='ocrx_word' id='word_1_421' title='bbox 1392 4320 1456 4383; x_wconf 90' lang='lat' dir='ltr'><strong>aS.</strong></span> <span class='ocrx_word' id='word_1_422' title='bbox 1474 4321 1634 4383; x_wconf 84' lang='lat' dir='ltr'><strong>Clemente</strong></span> <span class='ocrx_word' id='word_1_423' title='bbox 1649 4322 1705 4384; x_wconf 94' lang='lat' dir='ltr'><strong>Pa·</strong></span> <span class='ocrx_word' id='word_1_424' title='bbox 1718 4310 1751 4350; x_wconf 75' lang='lat'><strong>³⁴·</strong></span> 
     </span>
    </p>

    <p class='ocr_par' dir='ltr' id='par_1_25' title="bbox 152 4417 1705 4501">
     <span class='ocr_line' id='line_1_40' title="bbox 152 4417 1705 4501; baseline 0.001 -21"><span class='ocrx_word' id='word_1_425' title='bbox 152 4419 215 4498; x_wconf 84' lang='lat' dir='ltr'><strong>vit3</strong></span> <span class='ocrx_word' id='word_1_426' title='bbox 232 4420 382 4501; x_wconf 84' lang='lat' dir='ltr'><strong>regisque</strong></span> <span class='ocrx_word' id='word_1_427' title='bbox 401 4418 508 4481; x_wconf 87' lang='lat' dir='ltr'><strong>iillum</strong></span> <span class='ocrx_word' id='word_1_428' title='bbox 528 4427 688 4482; x_wconf 88' lang='lat' dir='ltr'><strong>mortuum</strong></span> <span class='ocrx_word' id='word_1_429' title='bbox 710 4421 873 4485; x_wconf 89' lang='lat' dir='ltr'><strong>suscitavit</strong></span> <span class='ocrx_word' id='word_1_430' title='bbox 890 4445 897 4484; x_wconf 92' lang='lat'>:</span> <span class='ocrx_word' id='word_1_431' title='bbox 955 4417 1045 4481; x_wconf 90' lang='lat' dir='ltr'><strong>risios</strong></span> <span class='ocrx_word' id='word_1_432' title='bbox 1060 4418 1176 4480; x_wconf 88' lang='lat' dir='ltr'><strong>missus</strong></span> <span class='ocrx_word' id='word_1_433' title='bbox 1191 4426 1255 4495; x_wconf 82' lang='lat' dir='ltr'><strong>est3</strong></span> <span class='ocrx_word' id='word_1_434' title='bbox 1272 4418 1326 4480; x_wconf 90' lang='lat' dir='ltr'><strong>ubi</strong></span> <span class='ocrx_word' id='word_1_435' title='bbox 1342 4437 1440 4499; x_wconf 87' lang='lat' dir='ltr'><strong>quum</strong></span> <span class='ocrx_word' id='word_1_436' title='bbox 1462 4419 1615 4500; x_wconf 91' lang='lat' dir='ltr'><strong>plurimos</strong></span> <span class='ocrx_word' id='word_1_437' title='bbox 1630 4439 1705 4483; x_wconf 88' lang='lat' dir='ltr'><strong>con·</strong></span> 
     </span>
    </p>

    <p class='ocr_par' dir='ltr' id='par_1_26' title="bbox 152 4515 1704 4600">
     <span class='ocr_line' id='line_1_41' title="bbox 152 4515 1704 4600; baseline -0.001 -19"><span class='ocrx_word' id='word_1_438' title='bbox 152 4538 211 4600; x_wconf 89' lang='lat' dir='ltr'><strong>quo</strong></span> <span class='ocrx_word' id='word_1_439' title='bbox 225 4518 325 4598; x_wconf 88' lang='lat' dir='ltr'><strong>iacto,</strong></span> <span class='ocrx_word' id='word_1_440' title='bbox 342 4537 396 4580; x_wconf 82' lang='lat' dir='ltr'><strong>rer</strong></span> <span class='ocrx_word' id='word_1_441' title='bbox 417 4527 450 4580; x_wconf 92' lang='lat' dir='ltr'><strong>et</strong></span> <span class='ocrx_word' id='word_1_442' title='bbox 469 4517 579 4599; x_wconf 89' lang='lat' dir='ltr'><strong>regina</strong></span> <span class='ocrx_word' id='word_1_443' title='bbox 598 4537 672 4580; x_wconf 93' lang='lat' dir='ltr'><strong>cum</strong></span> <span class='ocrx_word' id='word_1_444' title='bbox 692 4519 762 4583; x_wconf 86' lang='lat' dir='ltr'><strong>lilio</strong></span> <span class='ocrx_word' id='word_1_445' title='bbox 782 4539 840 4584; x_wconf 92' lang='lat' dir='ltr'><strong>suo</strong></span> <span class='ocrx_word' id='word_1_446' title='bbox 861 4539 898 4582; x_wconf 88' lang='lat' dir='ltr'><strong>ac</strong></span> <span class='ocrx_word' id='word_1_447' title='bbox 956 4515 1113 4592; x_wconf 89' lang='lat' dir='ltr'><strong>vertisset,</strong></span> <span class='ocrx_word' id='word_1_448' title='bbox 1143 4535 1162 4578; x_wconf 96' lang='lat' dir='ltr'><strong>a</strong></span> <span class='ocrx_word' id='word_1_449' title='bbox 1190 4515 1323 4596; x_wconf 74' lang='lat' dir='ltr'><strong>preside</strong></span> <span class='ocrx_word' id='word_1_450' title='bbox 1351 4525 1474 4599; x_wconf 88' lang='lat' dir='ltr'><strong>captus,</strong></span> <span class='ocrx_word' id='word_1_451' title='bbox 1505 4526 1537 4580; x_wconf 86' lang='lat' dir='ltr'><strong>et</strong></span> <span class='ocrx_word' id='word_1_452' title='bbox 1564 4517 1604 4580; x_wconf 90' lang='lat' dir='ltr'><strong>ah</strong></span> <span class='ocrx_word' id='word_1_453' title='bbox 1633 4519 1704 4600; x_wconf 87' lang='lat' dir='ltr'><strong>ejus</strong></span> 
     </span>
    </p>

    <p class='ocr_par' dir='ltr' id='par_1_27' title="bbox 152 4613 1705 4798">
     <span class='ocr_line' id='line_1_42' title="bbox 152 4613 1702 4699; baseline 0.001 -22"><span class='ocrx_word' id='word_1_454' title='bbox 152 4615 217 4678; x_wconf 88' lang='lat' dir='ltr'><strong>iilia</strong></span> <span class='ocrx_word' id='word_1_455' title='bbox 239 4626 270 4678; x_wconf 90' lang='lat' dir='ltr'><strong>et</strong></span> <span class='ocrx_word' id='word_1_456' title='bbox 291 4615 412 4699; x_wconf 92' lang='lat' dir='ltr'><strong>populo</strong></span> <span class='ocrx_word' id='word_1_457' title='bbox 434 4625 508 4678; x_wconf 89' lang='lat' dir='ltr'><strong>sunt</strong></span> <span class='ocrx_word' id='word_1_458' title='bbox 528 4617 687 4680; x_wconf 90' lang='lat' dir='ltr'><strong>conversi.</strong></span> <span class='ocrx_word' id='word_1_459' title='bbox 954 4615 1111 4678; x_wconf 89' lang='lat' dir='ltr'><strong>ministris</strong></span> <span class='ocrx_word' id='word_1_460' title='bbox 1130 4614 1255 4692; x_wconf 91' lang='lat' dir='ltr'><strong>irrisus,</strong></span> <span class='ocrx_word' id='word_1_461' title='bbox 1271 4613 1499 4696; x_wconf 88' lang='lat' dir='ltr'><strong>colaphizatus,</strong></span> <span class='ocrx_word' id='word_1_462' title='bbox 1515 4626 1702 4698; x_wconf 91' lang='lat' dir='ltr'><strong>consputus,</strong></span> 
     </span>
     <span class='ocr_line' id='line_1_43' title="bbox 188 4711 1705 4798; baseline 0 -20"><span class='ocrx_word' id='word_1_463' title='bbox 188 4715 332 4797; x_wconf 86' lang='lat' dir='ltr'><strong>iusuper,</strong></span> <span class='ocrx_word' id='word_1_464' title='bbox 350 4713 599 4776; x_wconf 74' lang='lat' dir='ltr'><strong>Bartholomaeus</strong></span> <span class='ocrx_word' id='word_1_465' title='bbox 624 4723 752 4779; x_wconf 87' lang='lat' dir='ltr'><strong>sanctus</strong></span> <span class='ocrx_word' id='word_1_466' title='bbox 777 4723 809 4778; x_wconf 91' lang='lat' dir='ltr'><strong>et</strong></span> <span class='ocrx_word' id='word_1_467' title='bbox 831 4715 899 4798; x_wconf 81' lang='lat' dir='ltr'><strong>glo</strong></span> <span class='ocrx_word' id='word_1_468' title='bbox 953 4723 1047 4796; x_wconf 91' lang='lat' dir='ltr'><strong>atque</strong></span> <span class='ocrx_word' id='word_1_469' title='bbox 1078 4711 1259 4775; x_wconf 90' lang='lat' dir='ltr'><strong>durissimis</strong></span> <span class='ocrx_word' id='word_1_470' title='bbox 1285 4712 1360 4774; x_wconf 88' lang='lat' dir='ltr'><strong>loris</strong></span> <span class='ocrx_word' id='word_1_471' title='bbox 1390 4713 1516 4794; x_wconf 85' lang='lat' dir='ltr'><strong>ligatus,</strong></span> <span class='ocrx_word' id='word_1_472' title='bbox 1548 4723 1579 4776; x_wconf 87' lang='lat' dir='ltr'><strong>et</strong></span> <span class='ocrx_word' id='word_1_473' title='bbox 1609 4735 1705 4797; x_wconf 88' lang='lat' dir='ltr'><strong>super</strong></span> 
     </span>
    </p>

    <p class='ocr_par' dir='ltr' id='par_1_28' title="bbox 153 4811 1704 4894">
     <span class='ocr_line' id='line_1_44' title="bbox 153 4811 1704 4894; baseline 0.003 -21"><span class='ocrx_word' id='word_1_474' title='bbox 153 4813 251 4876; x_wconf 89' lang='lat' dir='ltr'><strong>riosus</strong></span> <span class='ocrx_word' id='word_1_475' title='bbox 274 4811 438 4894; x_wconf 87' lang='lat' dir='ltr'><strong>apostolus</strong></span> <span class='ocrx_word' id='word_1_476' title='bbox 458 4831 608 4892; x_wconf 88' lang='lat' dir='ltr'><strong>magnum</strong></span> <span class='ocrx_word' id='word_1_477' title='bbox 629 4815 813 4894; x_wconf 83' lang='lat' dir='ltr'><strong>peremnia</strong></span> <span class='ocrx_word' id='word_1_478' title='bbox 834 4815 899 4878; x_wconf 87' lang='lat' dir='ltr'><strong>iru-</strong></span> <span class='ocrx_word' id='word_1_479' title='bbox 954 4821 1085 4888; x_wconf 91' lang='lat' dir='ltr'><strong>cratem,</strong></span> <span class='ocrx_word' id='word_1_480' title='bbox 1111 4811 1285 4894; x_wconf 90' lang='lat' dir='ltr'><strong>suppositis</strong></span> <span class='ocrx_word' id='word_1_481' title='bbox 1310 4811 1464 4892; x_wconf 78' lang='lat' dir='ltr'><strong>flammis,</strong></span> <span class='ocrx_word' id='word_1_482' title='bbox 1484 4823 1640 4893; x_wconf 84' lang='lat' dir='ltr'><strong>extentus,</strong></span> <span class='ocrx_word' id='word_1_483' title='bbox 1657 4816 1704 4876; x_wconf 93' lang='lat' dir='ltr'><strong>in·</strong></span> 
     </span>
    </p>

    <p class='ocr_par' dir='ltr' id='par_1_29' title="bbox 154 4909 1701 4995">
     <span class='ocr_line' id='line_1_45' title="bbox 154 4909 1701 4995; baseline -0.001 -22"><span class='ocrx_word' id='word_1_484' title='bbox 154 4920 234 4974; x_wconf 93' lang='lat' dir='ltr'><strong>ctum</strong></span> <span class='ocrx_word' id='word_1_485' title='bbox 255 4920 288 4974; x_wconf 88' lang='lat' dir='ltr'><strong>ct</strong></span> <span class='ocrx_word' id='word_1_486' title='bbox 307 4910 555 4972; x_wconf 89' lang='lat' dir='ltr'><strong>innumerabilia</strong></span> <span class='ocrx_word' id='word_1_487' title='bbox 575 4911 651 4974; x_wconf 88' lang='lat' dir='ltr'><strong>iecit</strong></span> <span class='ocrx_word' id='word_1_488' title='bbox 671 4912 834 4992; x_wconf 88' lang='lat' dir='ltr'><strong>miracula,</strong></span> <span class='ocrx_word' id='word_1_489' title='bbox 852 4934 899 4978; x_wconf 89' lang='lat' dir='ltr'><strong>re·</strong></span> <span class='ocrx_word' id='word_1_490' title='bbox 954 4913 993 4975; x_wconf 93' lang='lat' dir='ltr'><strong>de</strong></span> <span class='ocrx_word' id='word_1_491' title='bbox 1008 4919 1081 4974; x_wconf 91' lang='lat' dir='ltr'><strong>ante</strong></span> <span class='ocrx_word' id='word_1_492' title='bbox 1096 4909 1313 4974; x_wconf 80' lang='lat' dir='ltr'><strong>ferocissimas</strong></span> <span class='ocrx_word' id='word_1_493' title='bbox 1328 4911 1444 4974; x_wconf 87' lang='lat' dir='ltr'><strong>bestias</strong></span> <span class='ocrx_word' id='word_1_494' title='bbox 1458 4919 1508 4974; x_wconf 89' lang='lat' dir='ltr'><strong>est</strong></span> <span class='ocrx_word' id='word_1_495' title='bbox 1521 4914 1701 4995; x_wconf 88' lang='lat' dir='ltr'><strong>projectus:</strong></span> 
     </span>
    </p>

    <p class='ocr_par' dir='ltr' id='par_1_30' title="bbox 152 5008 1705 5093">
     <span class='ocr_line' id='line_1_46' title="bbox 152 5008 1705 5093; baseline 0.002 -22"><span class='ocrx_word' id='word_1_496' title='bbox 152 5010 259 5091; x_wconf 87' lang='lat' dir='ltr'><strong>gisque</strong></span> <span class='ocrx_word' id='word_1_497' title='bbox 274 5008 378 5071; x_wconf 86' lang='lat' dir='ltr'><strong>liliam</strong></span> <span class='ocrx_word' id='word_1_498' title='bbox 390 5009 513 5070; x_wconf 92' lang='lat' dir='ltr'><strong>curavit</strong></span> <span class='ocrx_word' id='word_1_499' title='bbox 527 5009 750 5086; x_wconf 89' lang='lat' dir='ltr'><strong>lunaticam,et</strong></span> <span class='ocrx_word' id='word_1_500' title='bbox 765 5012 898 5075; x_wconf 77' lang='lat' dir='ltr'><strong>demoni</strong></span> <span class='ocrx_word' id='word_1_501' title='bbox 954 5031 1035 5093; x_wconf 75' lang='lat' dir='ltr'><strong>quar,</strong></span> <span class='ocrx_word' id='word_1_502' title='bbox 1056 5029 1096 5073; x_wconf 89' lang='lat' dir='ltr'><strong>eo</strong></span> <span class='ocrx_word' id='word_1_503' title='bbox 1120 5010 1248 5091; x_wconf 88' lang='lat' dir='ltr'><strong>signum</strong></span> <span class='ocrx_word' id='word_1_504' title='bbox 1272 5010 1376 5072; x_wconf 90' lang='lat' dir='ltr'><strong>crucis</strong></span> <span class='ocrx_word' id='word_1_505' title='bbox 1402 5020 1595 5091; x_wconf 86' lang='lat' dir='ltr'><strong>opponente,</strong></span> <span class='ocrx_word' id='word_1_506' title='bbox 1616 5033 1705 5076; x_wconf 86' lang='lat' dir='ltr'><strong>man-</strong></span> 
     </span>
    </p>

    <p class='ocr_par' dir='ltr' id='par_1_31' title="bbox 152 5105 1706 5193">
     <span class='ocr_line' id='line_1_47' title="bbox 152 5105 1706 5193; baseline 0.002 -23"><span class='ocrx_word' id='word_1_507' title='bbox 152 5109 244 5189; x_wconf 86' lang='lat' dir='ltr'><strong>jussit</strong></span> <span class='ocrx_word' id='word_1_508' title='bbox 258 5116 293 5170; x_wconf 89' lang='lat' dir='ltr'><strong>ut</strong></span> <span class='ocrx_word' id='word_1_509' title='bbox 313 5106 398 5171; x_wconf 88' lang='lat' dir='ltr'><strong>idola</strong></span> <span class='ocrx_word' id='word_1_510' title='bbox 417 5105 588 5188; x_wconf 82' lang='lat' dir='ltr'><strong>frangeret.</strong></span> <span class='ocrx_word' id='word_1_511' title='bbox 604 5108 671 5183; x_wconf 84' lang='lat' dir='ltr'><strong>Quo</strong></span> <span class='ocrx_word' id='word_1_512' title='bbox 690 5108 788 5190; x_wconf 90' lang='lat' dir='ltr'><strong>iacto,</strong></span> <span class='ocrx_word' id='word_1_513' title='bbox 805 5130 900 5193; x_wconf 91' lang='lat' dir='ltr'><strong>ange-</strong></span> <span class='ocrx_word' id='word_1_514' title='bbox 954 5108 1145 5172; x_wconf 83' lang='lat' dir='ltr'><strong>suetissimae</strong></span> <span class='ocrx_word' id='word_1_515' title='bbox 1166 5116 1241 5170; x_wconf 90' lang='lat' dir='ltr'><strong>sunt</strong></span> <span class='ocrx_word' id='word_1_516' title='bbox 1259 5107 1395 5170; x_wconf 79' lang='lat' dir='ltr'><strong>eilectae.</strong></span> <span class='ocrx_word' id='word_1_517' title='bbox 1413 5109 1484 5171; x_wconf 93' lang='lat' dir='ltr'><strong>Post</strong></span> <span class='ocrx_word' id='word_1_518' title='bbox 1503 5109 1569 5173; x_wconf 85' lang='lat' dir='ltr'><strong>haec</strong></span> <span class='ocrx_word' id='word_1_519' title='bbox 1591 5111 1622 5172; x_wconf 92' lang='lat' dir='ltr'><strong>in</strong></span> <span class='ocrx_word' id='word_1_520' title='bbox 1649 5110 1706 5173; x_wconf 91' lang='lat' dir='ltr'><strong>cli-</strong></span> 
     </span>
    </p>

    <p class='ocr_par' dir='ltr' id='par_1_32' title="bbox 154 5205 1702 5289">
     <span class='ocr_line' id='line_1_48' title="bbox 154 5205 1702 5289; baseline 0.003 -21"><span class='ocrx_word' id='word_1_521' title='bbox 154 5205 200 5268; x_wconf 91' lang='lat' dir='ltr'><strong>lus</strong></span> <span class='ocrx_word' id='word_1_522' title='bbox 214 5205 338 5270; x_wconf 88' lang='lat' dir='ltr'><strong>cunctis</strong></span> <span class='ocrx_word' id='word_1_523' title='bbox 357 5205 402 5268; x_wconf 94' lang='lat' dir='ltr'><strong>ibi</strong></span> <span class='ocrx_word' id='word_1_524' title='bbox 424 5206 580 5288; x_wconf 78' lang='lat' dir='ltr'><strong>apparuit,</strong></span> <span class='ocrx_word' id='word_1_525' title='bbox 597 5206 707 5289; x_wconf 88' lang='lat' dir='ltr'><strong>eisque</strong></span> <span class='ocrx_word' id='word_1_526' title='bbox 721 5209 897 5272; x_wconf 77' lang='lat' dir='ltr'><strong>daemonem</strong></span> <span class='ocrx_word' id='word_1_527' title='bbox 954 5209 1073 5270; x_wconf 90' lang='lat' dir='ltr'><strong>bannm</strong></span> <span class='ocrx_word' id='word_1_528' title='bbox 1102 5206 1219 5268; x_wconf 90' lang='lat' dir='ltr'><strong>missus</strong></span> <span class='ocrx_word' id='word_1_529' title='bbox 1247 5207 1422 5286; x_wconf 86' lang='lat' dir='ltr'><strong>ardentem,</strong></span> <span class='ocrx_word' id='word_1_530' title='bbox 1448 5207 1546 5271; x_wconf 84' lang='lat' dir='ltr'><strong>exivit</strong></span> <span class='ocrx_word' id='word_1_531' title='bbox 1573 5208 1702 5273; x_wconf 74' lang='lat' dir='ltr'><strong>illusus.</strong></span> 
     </span>
    </p>

    <p class='ocr_par' dir='ltr' id='par_1_33' title="bbox 155 5302 1704 5388">
     <span class='ocr_line' id='line_1_49' title="bbox 155 5302 1704 5388; baseline 0.005 -22"><span class='ocrx_word' id='word_1_532' title='bbox 155 5323 245 5388; x_wconf 90' lang='lat' dir='ltr'><strong>quem</strong></span> <span class='ocrx_word' id='word_1_533' title='bbox 261 5305 294 5368; x_wconf 94' lang='lat' dir='ltr'><strong>in</strong></span> <span class='ocrx_word' id='word_1_534' title='bbox 312 5303 399 5368; x_wconf 91' lang='lat' dir='ltr'><strong>idolo</strong></span> <span class='ocrx_word' id='word_1_535' title='bbox 413 5302 613 5382; x_wconf 86' lang='lat' dir='ltr'><strong>colebant,in</strong></span> <span class='ocrx_word' id='word_1_536' title='bbox 629 5304 786 5369; x_wconf 89' lang='lat' dir='ltr'><strong>horrenda</strong></span> <span class='ocrx_word' id='word_1_537' title='bbox 801 5307 899 5372; x_wconf 80' lang='lat' dir='ltr'><strong>AEthi·</strong></span> <span class='ocrx_word' id='word_1_538' title='bbox 955 5305 1073 5370; x_wconf 84' lang='lat' dir='ltr'><strong>Deinde</strong></span> <span class='ocrx_word' id='word_1_539' title='bbox 1099 5305 1187 5367; x_wconf 91' lang='lat' dir='ltr'><strong>cruci</strong></span> <span class='ocrx_word' id='word_1_540' title='bbox 1211 5303 1342 5384; x_wconf 81' lang='lat' dir='ltr'><strong>affixus,</strong></span> <span class='ocrx_word' id='word_1_541' title='bbox 1365 5304 1420 5368; x_wconf 92' lang='lat' dir='ltr'><strong>diu</strong></span> <span class='ocrx_word' id='word_1_542' title='bbox 1444 5305 1477 5369; x_wconf 91' lang='lat' dir='ltr'><strong>in</strong></span> <span class='ocrx_word' id='word_1_543' title='bbox 1502 5327 1539 5372; x_wconf 91' lang='lat' dir='ltr'><strong>ea</strong></span> <span class='ocrx_word' id='word_1_544' title='bbox 1562 5307 1704 5374; x_wconf 78' lang='lat' dir='ltr'><strong>afflictus</strong></span> 
     </span>
    </p>
   </div>
   <div class='ocr_carea' id='block_1_6' title="bbox 0 0 2166 6244">
    <p class='ocr_par' dir='ltr' id='par_1_34' title="bbox 0 0 2166 6244">
     <span class='ocr_line' id='line_1_50' title="bbox 0 0 2166 6244; baseline 0 0"><span class='ocrx_word' id='word_1_545' title='bbox 0 0 2166 6244; x_wconf 95' lang='lat' dir='ltr'><strong> </strong></span> 
     </span>
    </p>
   </div>
  </div>
 </body>
</html>
