4309 6250
449 468 509 535 tto
796 491 914 541 comm
933 494 1103 543 ruarmrnu
1123 498 1293 558 uaaounn,
1316 500 1404 547 amna
1424 501 1465 548 rv.
1489 520 1530 533 --
1549 501 1620 550 aar.
1644 504 1655 549 1

449 659 601 723 doctrinis
620 682 656 724 ao
677 664 952 745 predicationibus
967 668 1132 732 humiliter
1145 689 1197 733 ac·
1211 672 1237 733 A
1251 670 1337 734 dicat
1350 672 1530 755 Apostolus,
1541 674 1572 737 Si
1587 675 1824 757 cognovissent,
1833 696 1982 759 nunquam
1994 693 2098 739 ronst.

449 757 652 838 quiescendo.
669 761 781 826 Ethoc
796 764 975 827 estoollum
991 766 1109 828 mentis
1124 768 1197 830 sub-
1251 770 1420 834 Dominum
1453 772 1561 853 glorian
1595 773 1851 838 crucifixissentl
1877 776 1933 839 Sed
1957 777 1982 839 si

447 856 548 936 jieere
566 857 643 939 jugo
662 859 833 941 sapientiae,
851 870 959 943 utpote
980 864 1042 946 legi
1066 864 1193 945 Christi,
1251 868 1305 931 ille
1319 888 1384 933 non
1398 870 1607 952 occideretur,
1624 874 1763 936 mundus
1778 892 1840 937 non
1861 876 1983 937 redime·

449 956 488 1018 de
513 975 575 1038 quo
599 956 643 1019 ait
667 958 835 1039 Apostolus
853 983 859 1023 :
877 961 1085 1025 Praedicamus
1109 964 1197 1027 Chri·
1252 977 1349 1031 retur.

449 1054 605 1132 stum,llei
623 1055 769 1119 virtutem
785 1066 816 1119 ot
831 1058 885 1121 Dei
902 1061 1195 1141 sapientiamUnde
1291 1066 1515 1147 Parilormiter,
1533 1070 1691 1132 secundus
1706 1070 1821 1133 Christi
1840 1072 1983 1134 adventus

448 1161 479 1215 et
495 1152 562 1235 ipse
578 1153 720 1218 Salvator
739 1155 771 1217 in
792 1155 963 1239 Evangelio
981 1182 988 1221 :
1006 1160 1119 1223 Tollite
1133 1161 1196 1240 (in-
1250 1165 1312 1227 erit
1326 1174 1360 1227 ut
1375 1186 1432 1247 per
1447 1186 1537 1229 suam
1552 1169 1771 1231 auctoritatem
1792 1169 1906 1251 judicet
1922 1189 1984 1233 om·

329 1270 334 1282 ·
447 1252 530 1333 quit)
550 1252 663 1334 jugum
686 1274 792 1317 meum
815 1276 910 1338 super
931 1277 997 1321 vos.
1250 1282 1291 1325 ne
1305 1282 1405 1345 genus
1419 1266 1607 1343 humanum,
1623 1267 1706 1329 sicut
1725 1268 1823 1330 David
1840 1268 1983 1351 propheta

487 1353 605 1436 ltaque,
623 1354 697 1435 quia
716 1354 750 1416 in
769 1355 872 1437 primo
892 1358 998 1439 operis
1017 1360 1114 1440 hujus
1135 1369 1196 1425 tra·
1250 1361 1473 1442 praenuntiavit
1498 1387 1505 1424 ι
1533 1364 1689 1427 iudicabit
1712 1366 1823 1428 orbem
1845 1374 1931 1429 terrae
1953 1366 1983 1428 in
1996 1391 2102 1440 nasas.

448 1461 532 1515 ctatu
548 1454 792 1518 determinatum
808 1464 857 1519 est
870 1457 909 1519 de
925 1458 1104 1523 christiane
1117 1460 1193 1523 lidei
1249 1459 1407 1541 aequitate,
1428 1469 1460 1523 et
1485 1463 1618 1544 populos
1642 1463 1677 1525 in
1701 1464 1833 1527 veritate
1856 1484 1919 1527 sua.
1942 1466 1985 1528 ld-

447 1552 591 1632 veritate,
608 1554 803 1633 argumentis
817 1562 849 1619 et
863 1556 1046 1635 rationibus,
1064 1560 1104 1621 de
1124 1559 1195 1641 qui·
1250 1556 1334 1621 circo
1363 1559 1521 1622 secundus
1549 1560 1663 1623 Christi
1691 1561 1844 1624 adventus
1869 1563 1929 1625 erit
1955 1564 1984 1625 in

447 1649 581 1711 busdam
596 1650 692 1713 etiam
707 1654 883 1735 praecipuis
900 1655 975 1718 lidei
997 1666 1114 1719 sanctae
1129 1678 1195 1721 ma·
1249 1657 1413 1738 majestate
1432 1668 1464 1721 et
1486 1658 1598 1740 gloria.
1615 1660 1658 1723 lle
1681 1679 1745 1742 quo
1766 1660 1896 1723 loannes
1915 1682 1985 1744 apo

448 1747 548 1825 teriis,
566 1758 677 1831 utputa
701 1751 860 1832 quomodo
885 1753 967 1816 Deus
993 1755 1033 1817 sit
1056 1776 1139 1818 unns
1164 1766 1196 1819 et
1250 1756 1350 1818 stolus
1368 1757 1401 1818 in
1420 1757 1609 1839 Apocalypsi
1629 1766 1787 1821 testatur:
1804 1760 1882 1823 Ecce
1904 1760 2101 1831 venitamr.

448 1847 562 1926 trinus,
591 1856 622 1909 et
650 1849 785 1930 qualiter
813 1850 954 1915 Christus
983 1853 1024 1916 sit
1052 1855 1135 1917 Deus
1163 1866 1195 1919 et
1210 1855 1234 1917 B
1251 1874 1324 1917 cum
1344 1855 1494 1935 nubibus,
1511 1866 1543 1919 et
1562 1857 1680 1919 videbit
1701 1876 1776 1920 eum
1797 1858 1897 1921 omnis
1916 1878 1987 1921 ocu-

446 1947 541 2008 homo
555 1970 563 2024 3
579 1946 612 2007 in
635 1948 774 2010 seeundo
800 1959 904 2012 autem
928 1958 1062 2014 tractatu
1087 1954 1196 2035 dispn-
1251 1952 1312 2031 lus,
1336 1962 1367 2016 at
1391 1954 1444 2034 qui
1470 1974 1543 2016 eum
1568 1964 1782 2038 pupugerunt.
1808 1957 1884 2019 ilinc
1906 1958 1986 2038 apud

445 2052 544 2106 tatum
560 2052 609 2107 est
628 2054 739 2108 contra
759 2066 881 2110 errores
903 2056 935 2112 et
955 2049 1129 2131 injustitias
1143 2053 1196 2114 Al·
1249 2051 1431 2114 Zachariam
1456 2053 1597 2135 loquitur
1620 2054 1763 2117 Christus
1786 2079 1793 2117 :
1815 2055 1988 2137 Adspicient
2009 2071 2101 2114 tate

446 2143 552 2205 corani
567 2165 574 2219 3
592 2143 623 2206 in
640 2145 734 2207 tertio
749 2154 858 2208 contra
874 2147 1053 2211 Doctrinam
1068 2150 1191 2230 llahon,
1250 2151 1289 2213 ad
1313 2170 1376 2230 me,
1392 2170 1486 2232 quem
1510 2152 1724 2216 confixerunt.
2000 2138 2028 2176 ¹⁰·

444 2249 475 2303 et
491 2251 599 2304 contra
619 2241 683 2305 alia
703 2244 847 2325 quaedam
869 2246 986 2327 scripta
1008 2248 1194 2313 Sarraceno
1289 2249 1369 2312 Hinc
1383 2250 1478 2312 etiam
1494 2249 1614 2331 primus
1629 2250 1743 2313 Christi
1759 2254 1911 2314 adventus
1932 2252 1988 2314 luit

446 2359 516 2401 rum
544 2364 550 2401 ι
583 2361 668 2404 nunc
698 2360 754 2423 pro
783 2342 918 2425 pleniori
948 2345 1193 2410 Sarracenorum
1250 2348 1465 2430 aliquomodo
1484 2350 1639 2429 occultus,
1655 2351 1731 2431 quia
1752 2369 1815 2413 non
1838 2351 1898 2414 nisi
1917 2370 1989 2432 puu-

444 2438 650 2501 conversione
679 2449 711 2502 et
738 2440 958 2520 instructione,
985 2444 1091 2526 aliqua
1120 2456 1194 2509 sunt
1249 2446 1296 2509 cis
1319 2447 1465 2510 innotuit.
1484 2448 1648 2510 Secundus
1667 2467 1743 2511 vero
1762 2448 1861 2531 ipsius
1880 2449 1989 2511 adven-

444 2536 613 2600 serihenda
634 2538 673 2600 de
695 2538 809 2601 Christi
835 2542 1006 2621 mysteriis,
1022 2544 1195 2607 documen·
1250 2554 1301 2607 tus
1329 2545 1390 2609 erit
1417 2546 1566 2610 omnihus
1597 2546 1799 2610 manifestus.
1830 2548 1864 2610 ln
1892 2548 1989 2629 primo

444 2636 496 2713 tis,
509 2635 669 2699 miraculis
684 2645 778 2717 atquo
794 2639 956 2721 operibus,
968 2642 1007 2703 de
1024 2640 1194 2705 virtutibus
1249 2643 1364 2706 Christi
1380 2644 1517 2707 adventu
1540 2637 1693 2707 describit
1713 2665 1787 2708 eum
1809 2645 1903 2708 isaias
1924 2662 1991 2726 pre

444 2752 582 2815 quoque,
608 2734 774 2799 sanctitate
800 2746 831 2799 et
859 2738 956 2819 signis
984 2743 1193 2821 quorumdam
1250 2742 1345 2824 pheta
1369 2741 1460 2823 quasi
1487 2742 1660 2824 lepmsum,
1676 2744 1889 2823 vulneratum,
1907 2744 2093 2810 altri-anns

444 2833 695 2897 Christianorum
717 2842 910 2899 sanctorum.
1062 2890 1066 2897 .
1249 2850 1332 2918 tum,
1346 2840 1554 2922 David,quasi
1570 2860 1710 2904 vermem
1725 2850 1820 2923 atque
1833 2842 1990 2924 oppmhri-
2008 2864 2098 2909 rems.

1250 2959 1302 3002 um
1318 2939 1501 3017 hominum,
1515 2939 1693 3017 Zacharias,
1709 2939 1890 3014 conlisum
1900 2941 1990 3003 Amos
2011 2954 2098 2997 zeta.

1207 3049 1229 3112 c
1250 3039 1414 3120 propheta,
1440 3038 1627 3115 venditum;
1653 3038 1803 3101 ieremias
1831 3040 1988 3121 propheta,
2001 3024 2098 3128 *sm

587 3108 831 3174 ARTICULUS
868 3110 895 3174 Ρ
897 3110 1043 3176 RIMUS·
1249 3147 1399 3219 captum3
1429 3137 1538 3200 Daniel
1574 3156 1660 3214 vero,
1695 3138 1849 3202 occisum.
1883 3139 1990 3220 Sieque
2010 3165 2099 3208 ram.

484 3259 532 3318 De
552 3258 681 3332 duplici
704 3259 828 3317 Christi
852 3261 1008 3330 adventu,
1026 3270 1056 3319 et
1083 3261 1155 3335 ejus
1248 3237 1392 3300 ”nivem
1408 3237 1459 3297 isti
1474 3236 1637 3317 pl'⁰ilh0lffl
1652 3237 1844 3300 ⁸⁸¹¹⁰ll⁸⁸l¹¹¹l
1861 3239 1989 3319 Primum
2001 3232 2097 3334 {igme
2125 3320 2126 3323 ,

518 3349 774 3407 annuntiatione
792 3356 888 3427 alque
903 3351 1119 3425 conceptione,
1249 3335 1364 3399 Christi
1393 3336 1564 3398 adventum
1593 3334 1626 3396 ln
1654 3335 1835 3398 humilitate
1864 3337 1990 3418 ejusque
2125 3340 2126 3351 A

1250 3435 1429 3517 passionem
1445 3433 1645 3497 concorditer
1664 3435 1887 3514 praedixerunt.
1903 3436 1991 3497 Porro

518 3529 661 3594 UONlAll
685 3531 807 3612 primus
835 3532 948 3596 Christi
977 3535 1133 3596 adventus
1161 3535 1193 3596 in
1250 3534 1289 3596 de
1309 3535 1450 3596 secundo
1475 3531 1590 3594 Christi
1614 3532 1755 3595 adventu
1778 3532 1891 3595 heatus
1913 3533 1989 3596 lob:

449 3529 513 3730 Ο
533 3630 618 3692 hunc
634 3631 788 3692 mundum
803 3630 864 3693 luit
880 3641 913 3694 ut
928 3651 984 3714 per
999 3652 1088 3695 suam
1110 3652 1195 3696 ama·
1250 3632 1348 3694 Credo
1359 3631 1489 3712 (inquit)
1500 3632 1585 3712 quod
1600 3631 1792 3712 Redemptor
1806 3651 1895 3695 meus
1909 3632 1989 3706 vivit,
2001 3649 2097 3693 talne.

445 3729 605 3793 rissimam
623 3729 801 3810 passionem
818 3731 988 3793 redimeret
1007 3740 1038 3793 et
1058 3732 1195 3794 salvaret
1250 3730 1333 3791 etin
1353 3729 1529 3792 novissimo
1550 3729 1601 3791 die
1625 3729 1665 3791 de
1690 3737 1775 3792 terra
1799 3737 1991 3793 surrectums
2003 3717 2030 3755 ²⁶·

445 3847 546 3908 genus
562 3828 736 3890 humanum
752 3829 1032 3909 (quemadmodum
1054 3830 1093 3892 ab
1114 3830 1194 3893 lsaia
1250 3848 1332 3909 sum,
1355 3838 1386 3892 et
1406 3829 1439 3889 in
1459 3847 1554 3891 carne
1573 3847 1644 3890 mea
1664 3827 1778 3892 videbo
1802 3829 1991 3893 Salvatorem

307 3945 339 3989 ι..
355 3959 395 3997 ιιι,
409 3949 429 3989 a.
445 3926 629 4008 predictum
656 3934 703 3988 est
721 3949 728 3988 ε
745 3925 815 4008 lpse
841 3926 1025 3990 vulneratus
1049 3937 1098 3991 est
1122 3914 1195 4011 pre
1250 3949 1368 3993 meum.

445 4034 516 4106 pter
539 4025 723 4106 iniquitates
749 4033 883 4101 nostras,
900 4027 1026 4088 attritus
1052 4037 1100 4091 est
1123 4047 1196 4110 pro·
1289 4030 1442 4110 Denique,
1459 4028 1646 4092 adveniente
1660 4037 1755 4111 atque
1770 4029 1903 4111 impleto
1922 4039 1993 4092 tem-

338 4142 396 4186 rou.
410 4147 430 4186 a.
444 4132 515 4205 pter
539 4124 659 4186 scelera
683 4131 810 4201 nostra;
833 4133 865 4186 et
890 4145 998 4187 rursus
1016 4149 1022 4187 :
1043 4127 1194 4190 Dominus
1249 4144 1325 4208 pore
1350 4143 1413 4206 quo
1439 4125 1521 4188 Deus
1544 4124 1634 4187 Pater
1656 4125 1860 4207 unigenitum
1885 4125 1990 4187 Filium

445 4222 552 4304 posuit
566 4223 599 4284 in
615 4241 653 4284 eo
668 4222 869 4303 iniquitatem
880 4219 1024 4285 hmnium
1038 4234 1191 4288 nostrum.
1210 4230 1234 4291 l)
1250 4244 1343 4288 suum
1368 4241 1427 4304 pro
1450 4222 1561 4286 mundi
1590 4223 1810 4304 redemptione
1838 4223 1991 4286 destinare

445 4321 531 4384 Unde
547 4329 578 4383 et
593 4322 728 4402 ipsemet
742 4320 883 4384 Christus
904 4321 936 4383 in
956 4322 1130 4404 Evangelio
1149 4324 1195 4386 lo-
1250 4322 1496 4401 decrevit,misit
1509 4321 1657 4403 angelum
1671 4320 1851 4385 Gabrielem
1865 4325 1907 4385 ad
1921 4341 1991 4403 prae
2010 4348 2095 4394 ms

301 4440 384 4482 rma.
400 4454 429 4491 ιιι,
445 4419 552 4500 quitur
569 4443 576 4480 :
594 4419 682 4482 Sicut
702 4421 821 4502 Moyses
843 4420 993 4482 exaltavit
1014 4430 1193 4503 serpentem
1250 4420 1487 4501 electissimam,
1517 4420 1766 4483 sacratissimam
1794 4439 1833 4482 ac
1867 4420 2028 4503 purissi-³5¹

298 4505 380 4554 ¹⁸³⁵·
444 4517 476 4579 in
502 4518 637 4597 deserto,
663 4518 707 4580 ita
731 4519 872 4594 exaltari,
902 4519 932 4580 id
962 4528 1009 4582 est
1037 4520 1071 4581 in
1100 4539 1194 4582 cruce
1251 4526 1335 4581 mam
1351 4519 1508 4600 virginem
1522 4517 1736 4598 llariam3qui
1752 4519 1989 4582 dixitadeam:

444 4616 556 4695 levari,
572 4625 694 4697 oportet
719 4616 833 4679 Filium
859 4617 1009 4697 hominis,
1031 4627 1065 4680 ut
1090 4619 1194 4681 omnis
1250 4619 1327 4696 Ave,
1343 4616 1442 4699 gratia
1463 4616 1578 4699 plena,
1594 4615 1747 4678 Dominus
1770 4625 1889 4692 mcum,
1906 4617 1993 4680 bene

443 4714 497 4796 qui
514 4715 615 4778 credit
630 4715 662 4777 in
677 4716 865 4797 ipsum,non
882 4717 1063 4796 pereat,sed
1080 4717 1195 4779 habeat
1251 4716 1335 4779 dicta
1351 4724 1385 4777 tu
1400 4715 1432 4776 in
1447 4713 1727 4788 mulieribus.Quae
1738 4733 1834 4795 quum
1846 4716 1990 4790 audisset,

445 4814 543 4875 vitam
559 4815 735 4892 aeternam),
752 4814 798 4875 sic
816 4813 936 4894 primus
951 4813 1064 4877 Christi
1080 4816 1194 4878 adven·
1223 4867 1230 4880 .
1251 4815 1376 4877 turbata
1390 4822 1439 4876 est
1454 4812 1486 4875 in
1502 4831 1649 4876 sermone
1665 4813 1782 4894 angeli.
1799 4811 1869 4876 Non
1884 4813 1946 4876 luit
1963 4814 1992 4875 in

445 4921 496 4974 tus
517 4912 578 4974 luit
601 4913 634 4974 in
657 4931 781 4974 summa
802 4911 981 4975 humilitate
1003 4933 1039 4975 ac
1061 4933 1196 4995 pauper·
1251 4912 1355 4994 angeli
1381 4911 1505 4974 visione
1530 4910 1665 4988 turbata,
1682 4911 1758 4991 quia
1781 4911 1933 4993 angelum
1953 4911 1993 4972 vi

443 5021 518 5091 tate,
545 5019 579 5073 ut
601 5011 797 5092 judicaretur
821 5019 852 5073 et
879 5011 1133 5094 crucifigeretur.
1162 5012 1194 5074 Si
1251 5013 1326 5074 dere
1341 5010 1434 5073 solita
1451 5009 1748 5087 luit,utcreditur;
1764 5010 1868 5072 sedin
1884 5028 1993 5074 sermo

444 5111 529 5174 enim
554 5109 695 5172 Christus
722 5109 755 5170 in
780 5109 883 5190 primo
910 5128 967 5171 suo
995 5111 1134 5172 adventu
1163 5111 1195 5172 in
1252 5129 1292 5172 ne
1307 5109 1377 5189 ejus
1391 5107 1517 5171 turbata
1529 5107 1748 5189 est,quoniam
1763 5107 1796 5170 in
1811 5108 1992 5171 salutatione

446 5209 611 5289 majestate
635 5215 667 5269 et
689 5207 789 5289 gloria
813 5207 1005 5288 advenisset,
1026 5208 1097 5289 quis
1123 5228 1195 5271 eum
1253 5217 1317 5270 tam
1332 5226 1415 5270 nova
1429 5225 1466 5269 ac
1481 5204 1706 5268 solennissima
1720 5205 1993 5270 vehementissimo

445 5307 589 5372 occidere
611 5306 875 5389 presumpsisset,
897 5306 1071 5387 praesertim
1095 5326 1195 5388 quum
1254 5305 1430 5368 mirabatur
1450 5329 1458 5367 ι
1481 5303 1558 5385 quia
1579 5323 1678 5386 quum
1702 5313 1788 5367 esset
1808 5303 1992 5382 humillima,
