4309 6250
471 505 591 560 cosm
611 505 781 556 ennom
800 504 972 563 uacum,
992 503 1083 553 sun
1102 503 1136 554 n.
1158 519 1200 536 -
1219 503 1290 553 sss.
1314 505 1389 552 xxxi
1642 485 1702 550 333

197 682 289 742 Tunc
309 699 371 740 rec
389 697 452 756 per
473 679 636 742 somnium
655 679 770 740 uidens
787 687 906 755 septem
920 677 946 740 A
960 678 1132 754 accipiam,
1160 685 1190 737 et
1219 677 1356 754 insuper
1384 677 1439 736 illi
1463 675 1540 736 'oirn
1570 675 1705 752 faciam.

153 797 267 839 caecas
292 779 486 838 macilentas
513 779 671 840 decorare
693 785 811 855 septem
829 777 908 854 pin·
963 778 1054 836 Tunc
1074 776 1225 836 omnibus
1243 776 1474 852 perscrutatis,
1499 775 1535 834 in
1556 773 1711 850 qermani

149 895 244 953 pices,
267 884 451 955 septemque
472 877 578 952 spicas
599 877 700 936 siccas
721 892 908 935 consumere
961 873 1016 932 sui
1035 873 1170 932 sarcina
1190 891 1247 932 uas
1272 880 1438 948 repertum
1462 879 1518 932 est.
1534 872 1712 933 Adstantes

152 981 274 1049 septem
289 972 617 1042 uirides,bominibus
629 972 700 1032 suis
712 971 905 1040 conuocatis,
961 972 1097 1050 quidum
1127 971 1200 1032 illos
1233 972 1501 1046 increpaverunt,
1529 969 1672 1029 dicentes
1701 987 1713 1028 .·

154 1079 194 1130 ut
207 1089 305 1131 suum
319 1078 518 1146 ecponerent
536 1070 700 1130 somnium
720 1071 752 1129 si
764 1076 907 1145 possent,
960 1068 1036 1130 Non
1050 1069 1175 1128 mirum
1190 1068 1221 1128 si
1227 1069 1360 1144 furtum
1373 1066 1603 1145 fecerunt,qui
1613 1066 1713 1141 prius

154 1169 320 1247 injunxit.
345 1169 407 1230 Illi
427 1169 561 1248 quidem
583 1173 771 1246 confitentes
797 1187 831 1228 se
859 1176 907 1228 ta·
959 1167 1104 1241 fratrem
1122 1185 1219 1225 nsum
1240 1165 1480 1226 subducerunt.
1497 1166 1634 1226 Fratres
1654 1182 1713 1222 au·

154 1269 241 1328 lium
268 1266 509 1342 expositionum
537 1267 682 1343 sqnaros,
706 1267 765 1326 boc
791 1267 908 1326 insem-
962 1272 1025 1323 tem
1038 1265 1201 1324 dicerunt
1215 1265 1260 1322 ad
1272 1263 1713 1341 Joseplc.·Domine,aliquem

155 1365 251 1424 nium
281 1383 347 1422 esse
373 1364 548 1438 putabant.
581 1366 672 1424 Tunc
703 1365 746 1423 de
777 1382 908 1424 carcere
961 1369 1110 1420 nostrum
1126 1363 1192 1420 loco
1206 1361 1307 1438 liujus
1320 1363 1438 1436 accipe.
1456 1361 1580 1429 Quibus
1597 1361 1714 1435 Josepb

154 1465 318 1522 liberatus
335 1462 404 1522 :Si
421 1462 468 1521 ad
484 1461 613 1538 tosept,
633 1461 757 1540 inquit,
775 1481 827 1521 me
846 1463 907 1520 mi·
962 1460 1130 1534 respondit
1145 1479 1157 1518 .·
1172 1460 1265 1523 Notit
1283 1462 1371 1520 Deus
1391 1478 1449 1519 nos
1469 1460 1625 1538 aliquem,
1645 1459 1714 1518 nisi

154 1561 253 1628 seris,
276 1577 389 1618 oerum
413 1560 492 1618 binc
513 1560 745 1636 expositionem
769 1559 832 1620 tibi
860 1577 908 1618 re·
962 1561 1135 1628 latronem,
1155 1559 1309 1634 accipere.
1331 1558 1444 1635 Major
1467 1577 1541 1617 vero
1561 1558 1711 1633 fratrum

152 1659 275 1734 feram.
286 1657 343 1718 Ad
354 1658 471 1732 Josepb
484 1657 596 1736 itaque
609 1658 725 1718 nuntii
740 1657 907 1718 transmis-
961 1656 1052 1714 ds'eit
1067 1675 1081 1714 .·
1095 1656 1211 1718 Nonne
1235 1657 1326 1716 scitis
1349 1675 1407 1716 nos
1422 1655 1518 1730 putri
1539 1664 1649 1716 nostro
1671 1673 1712 1714 ec

153 1757 199 1824 si,
213 1755 335 1814 somnii
353 1755 586 1830 expositionem
605 1755 792 1836 requirunt.
809 1755 908 1816 Dicit
958 1763 1057 1830 parte
1070 1755 1133 1815 Dei
1145 1759 1353 1832 confirmasse
1368 1755 1539 1814 reductum
1553 1753 1622 1831 filii
1635 1752 1713 1813 sui?

153 1853 273 1929 loseph
290 1872 304 1912 .·
321 1855 452 1928 Septem
474 1853 573 1912 annis
594 1853 762 1914 continuis
783 1853 908 1912 semina
924 1857 949 1920 Β
963 1855 1100 1913 Terram
1124 1855 1315 1912 nullatenus
1337 1853 1522 1930 reqrediar,
1546 1869 1713 1930 quousque

155 1960 259 2010 terroe
271 1951 487 2018 committite·
500 1958 619 2026 septem
634 1951 723 2010 enim
736 1951 821 2010 enni
830 1969 909 2026 qra·
962 1951 1091 2010 veniam
1120 1970 1140 2010 α
1165 1959 1264 2026 patre
1292 1951 1482 2030 reditusque
1510 1959 1710 2027 preceptum

155 2069 211 2108 res
237 2051 417 2110 suecedent.
448 2051 520 2110 Hac
546 2050 747 2124 ecpositione
778 2050 911 2109 domino
961 2066 1101 2108 merear.
1118 2049 1173 2110 Ad
1183 2030 1313 2124 patrem
1330 2049 1446 2118 redite,
1461 2049 1604 2108 dicentes
1620 2066 1631 2106 .·
1646 2048 1711 2108 Pc-

156 2148 311 2216 recitata,
325 2147 450 2206 adduci
468 2165 542 2205 eum
558 2147 727 2222 pracepit.
742 2148 817 2223 Ipse
835 2166 911 2206 cero
962 2153 1026 2214 ter,
1048 2145 1142 2222 filius
1172 2154 1248 2206 tuus
1273 2146 1406 2222 furtum
1431 2146 1649 2222 perpetravit,
1675 2153 1712 2204 ut

155 2245 317 2304 nuntium
331 2245 376 2303 ud
388 2245 560 2304 dominum
580 2263 677 2304 suum
699 2245 811 2304 redire
825 2262 911 2322 proe·
962 2244 1055 2304 nobis
1069 2243 1175 2304 uisum
1190 2251 1246 2304 est.
1263 2246 1367 2306 Pater
1381 2244 1439 2304 lsoc
1452 2244 1580 2313 audito,
1594 2243 1685 2302 dicit
1700 2263 1713 2302 .·

154 2343 256 2418 cepit,
271 2350 309 2402 ut
323 2342 549 2402 sciscitaretur
561 2343 602 2402 ab
615 2361 651 2402 ec
664 2361 728 2402 cur
740 2343 912 2420 predictae
962 2342 1122 2403 Cordibus
1146 2343 1263 2403 uestris
1285 2350 1408 2402 secretu
1432 2343 1616 2418 reprimitis
1624 2362 1638 2410 ,·
1656 2360 1713 2418 eqo

155 2441 316 2501 mulieres
328 2459 532 2500 manussuas
546 2441 595 2500 ita
604 2441 911 2502 secabant.Domino
962 2442 1096 2519 quidem
1115 2441 1256 2516 pulchre
1282 2443 1408 2516 patiar,
1432 2459 1597 2520 quousque
1624 2443 1713 2502 Deus

156 2547 327 2618 quarente
354 2537 438 2617 quid
460 2539 618 2598 tacebant
642 2539 775 2618 quando
795 2537 911 2614 Josepls
961 2540 1078 2616 forsan
1092 2541 1201 2600 ambos
1222 2541 1296 2601 illos
1319 2541 1460 2600 reducet.
1477 2541 1520 2602 Et
1539 2541 1580 2600 de
1596 2540 1713 2616 loseph

155 2637 367 2698 concubitum
389 2637 613 2712 postulabant,
637 2653 701 2712 per
726 2639 831 2698 Deum
852 2637 913 2714 ju·
962 2639 1200 2716 conquerendo,
1214 2647 1244 2698 et
1260 2639 1357 2698 illum
1375 2639 1529 2698 continue
1542 2639 1713 2698 nominan-

156 2737 268 2795 randa
288 2735 525 2811 confirmabant
548 2753 582 2794 se
599 2735 683 2794 mali
704 2736 793 2795 nibil
816 2737 851 2794 in
875 2755 911 2795 eo
963 2736 1016 2805 do,
1039 2737 1258 2796 lacrimarum
1282 2737 1488 2798 emanatione
1508 2737 1601 2813 juqi,
1626 2737 1714 2796 oculi

152 2833 347 2910 percepisse.
366 2834 573 2911 Tandemque
595 2834 682 2910 repis
699 2834 822 2894 mulier
834 2835 884 2894 uit
899 2853 912 2894 .·
963 2834 1118 2912 albuqine
1142 2842 1218 2894 sunt
1243 2835 1355 2904 velati,
1371 2835 1500 2912 ipseque
1523 2835 1624 2894 miser
1643 2838 1713 2912 effe

154 2933 215 2992 Aa
242 2930 396 2990 veritatis
426 2931 639 3002 evidentium,
667 2949 718 2991 me
741 2941 910 3008 precatum
963 2941 1036 2992 ctus
1058 2941 1116 2994 est.
1140 2935 1239 3001 Quem
1260 2933 1330 3010 filii
1352 2933 1406 2993 sui
1430 2934 1678 3010 interroqabcnt
1702 2952 1714 2993 .·

155 3032 231 3108 ejus
254 3029 462 3089 concubitum
489 3047 627 3108 eumque
649 3049 812 3090 recusasse
838 3037 945 3102 con-c
964 3033 1019 3093 An
1032 3031 1148 3106 loseph
1169 3050 1270 3111 usque
1284 3033 1328 3091 ad
1341 3031 1520 3091 amentiam
1539 3038 1714 3091 mortemue

155 3133 265 3206 fiteor.
293 3131 385 3189 Tunc
412 3147 473 3187 rec
501 3148 575 3189 eum
603 3130 728 3190 adduci
752 3131 844 3207 fecit,
874 3140 911 3192 ut
966 3139 1057 3190 tuam
1079 3130 1288 3190 nominabis?
1303 3130 1426 3199 Quibus
1447 3130 1541 3207 ipse:
1556 3131 1629 3190 Soli
1648 3132 1715 3193 Deo

157 3247 240 3287 suus
267 3229 413 3289 serviens
440 3229 639 3305 efficeretur.
670 3230 771 3299 Quem
796 3230 912 3306 tosepn
964 3248 1069 3288 meam
1084 3229 1321 3307 querimoniam
1335 3229 1714 3305 facio,·sedvosobsecro,

157 3331 282 3404 affatus
295 3334 343 3387 est
356 3346 370 3386 .·
382 3328 474 3389 Pone
487 3345 539 3387 me
557 3329 721 3389 custodem
734 3346 835 3405 super
847 3348 913 3389 orn·
963 3328 1043 3403 filii,
1059 3336 1097 3387 ut
1112 3346 1260 3387 rumores
1277 3328 1317 3387 de
1329 3328 1445 3403 losepls
1455 3328 1630 3406 fratreque
1643 3328 1715 3404 ejus

157 3427 219 3484 nia
229 3426 396 3503 qranaria
410 3434 508 3505 utque
521 3426 667 3501 deposito
683 3428 780 3505 repni
793 3428 855 3487 tui.
961 3433 1208 3502 perscrutatum
1218 3426 1487 3503 proficiscamini.

197 3525 328 3585 Deinde
349 3524 476 3599 fratres
502 3543 576 3583 siros
603 3525 648 3583 ad
675 3544 709 3583 se
736 3527 911 3596 venientes,
1008 3524 1118 3585 Tertio
1147 3525 1257 3601 itaque
1280 3524 1451 3601 profectis,
1474 3531 1506 3583 et
1533 3525 1578 3585 ad
1599 3526 1715 3600 Josepb
1807 3547 1812 3557 ·

157 3642 234 3683 eum
252 3640 321 3681 nan
338 3630 558 3699 eoqnascentes
576 3624 645 3699 ipse
662 3624 782 3699 optime
800 3642 912 3703 coquo-
962 3622 1243 3698 pervenientibus,
1258 3622 1419 3681 dicerunt
1426 3624 1472 3685 :0
1486 3623 1541 3683 oir
1554 3623 1715 3693 sublimis,

158 3724 217 3781 cit.
241 3721 310 3789 Qui
331 3720 413 3796 ipsis
435 3720 675 3781 discedentibus
698 3722 851 3799 injuneit
874 3732 912 3785 ut
966 3722 1057 3780 nobis
1082 3728 1240 3799 ponteque
1264 3728 1377 3779 nostru
1405 3722 1529 3781 malum
1553 3721 1716 3797 perpessis

155 3821 303 3897 fratrem
317 3836 470 3877 suumec
479 3825 620 3893 paterno
628 3822 912 3896 sanquine,secum
962 3819 1169 3897 pecuniaque
1195 3818 1335 3877 minutis
1362 3835 1550 3879 mensuram
1575 3819 1713 3895 adauqe.

158 3920 335 3978 redeuntes
362 3916 572 3977 adducerent.
597 3918 670 3993 Ipsi
691 3936 768 3995 erqo
790 3921 835 3979 ad
852 3938 913 3996 pa·
966 3919 1040 3994 Ipse
1064 3918 1231 3993 respondit
1252 3936 1264 3975 .·
1283 3919 1339 3978 An
1362 3918 1403 3976 de
1423 3918 1539 3993 loseph
1562 3936 1717 3977 memores

160 4025 247 4075 trem
272 4016 410 4085 reuersi,
428 4014 565 4074 allocuti
586 4024 663 4075 sunt
686 4034 761 4076 eum
780 4036 793 4077 .·
811 4019 913 4081 Nobis
965 4018 1050 4094 facti
1064 4018 1152 4087 estis,
1168 4036 1210 4076 an
1226 4016 1346 4077 obliti?
1359 4017 1609 4092 Responderunt
1625 4036 1637 4075 .·
1653 4020 1716 4077 Tu·

158 4113 381 4175 interdicitur
415 4113 555 4183 reditus,
583 4113 653 4173 nisi
678 4115 822 4191 fratrem
857 4135 913 4176 no·
967 4134 1009 4175 ne
1029 4135 1062 4175 es
1081 4116 1138 4175 ille
1154 4115 1297 4191 tosepnt
1310 4115 1370 4178 Ait
1392 4135 1404 4175 :
1418 4116 1487 4192 Epo
1508 4134 1593 4187 sum,
1614 4124 1644 4175 et
1663 4116 1717 4177 bic

158 4221 268 4273 strum
290 4211 543 4271 adduxerimus.
560 4210 684 4279 Quibus
702 4222 801 4289 pater
824 4216 913 4275 indi·
926 4223 953 4287 ι)
966 4222 1013 4273 est
1025 4214 1136 4289 frater
1151 4232 1250 4274 meus.
1269 4215 1360 4275 Tunc
1374 4232 1425 4273 eos
1443 4217 1609 4273 consolans
1625 4234 1636 4273 :
1651 4216 1716 4278 No·

154 4329 267 4389 qnans
285 4310 335 4369 ait
350 4329 362 4369 .·
375 4311 431 4370 An
454 4328 529 4369 eum
551 4311 637 4369 sicut
654 4311 797 4386 fratrem
815 4332 910 4374 suum
966 4313 1037 4381 lite,
1058 4312 1181 4390 inquit,
1203 4312 1407 4382 contristari,
1432 4313 1488 4371 sed
1506 4312 1590 4372 banc
1613 4296 1716 4373 mecm

159 4417 278 4469 oestroe
290 4408 492 4468 committam
510 4410 773 4471 custodioelSed
788 4411 914 4487 fudere
965 4411 1135 4469 camisiam
1155 4410 1252 4486 patri
1273 4418 1383 4469 nostro
1405 4411 1560 4486 ferentes,
1584 4412 1622 4469 in
1645 4412 1717 4488 ejus

158 4515 289 4583 sumpto
302 4506 432 4566 dimisit
445 4525 531 4567 eum.
545 4508 660 4583 losepls
679 4509 830 4586 deinceps
842 4512 913 4586 fro·
965 4508 1098 4583 faciem,
1123 4516 1160 4568 ut
1183 4510 1293 4568 lumen
1323 4508 1474 4584 recipiat,
1493 4509 1662 4586 projicite,
1685 4518 1716 4570 et

160 4608 209 4666 tri
227 4624 287 4665 suo
305 4605 371 4665 sibi
388 4613 587 4682 presentato
604 4623 638 4664 se
655 4626 751 4668 suum
768 4609 912 4685 fratrem
965 4626 1039 4665 cum
1054 4607 1145 4665 omni
1159 4614 1263 4665 uestra
1278 4606 1411 4681 familia
1426 4608 1490 4667 buc
1505 4608 1620 4668 redite.
1638 4609 1716 4675 Qui·

158 4724 226 4765 esse
246 4705 417 4773 revelarit,
428 4704 606 4780 prohibens
623 4724 665 4764 ne
681 4706 835 4787 cuiquam
855 4709 913 4769 boc
966 4706 1025 4765 bus
1047 4705 1342 4782 proficiscentibus,
1364 4713 1462 4781 puter
1488 4724 1601 4766 eorum
1629 4707 1678 4765 ait
1703 4726 1715 4765 .·

159 4806 333 4863 revelaret.
343 4803 517 4878 Emptione
529 4802 632 4878 facta,
643 4804 680 4863 in
694 4806 749 4864 sui
758 4808 913 4883 permani
967 4807 1102 4867 Odorem
1125 4805 1194 4880 filii
1221 4804 1286 4863 mei
1305 4804 1420 4879 Iosepb
1441 4823 1497 4883 eqo
1517 4806 1630 4865 sentia.
1652 4807 1713 4867 Re-

158 4900 294 4959 sarcina
318 4917 376 4957 cas
404 4898 533 4974 reqium
557 4902 711 4975 reposuit.
737 4902 912 4981 Missisque
964 4905 1166 4979 sponderunt
1188 4905 1354 4963 adstantes
1369 4904 1514 4965 :Adbuc
1534 4922 1647 4963 errore
1664 4925 1712 4964 se·

153 4997 472 5074 perscrutatoribus,
495 4997 587 5057 dicit
609 4998 848 5061 discedentibus
872 5002 912 5061 il·
965 5003 1106 5062 nectutis
1140 5003 1273 5061 deliras.
1304 5004 1371 5063 Sed
1400 5004 1563 5080 qaudium
1594 5006 1712 5063 nuntio

159 5095 203 5153 lis
218 5114 231 5154 .·
243 5097 407 5157 Latrones
425 5099 511 5157 estis.
531 5100 782 5175 Responderunt
797 5119 809 5157 .·
824 5102 912 5169 Quid
965 5102 1154 5170 intimante,
1179 5101 1309 5179 ipsoque
1334 5102 1439 5161 visum
1458 5118 1522 5177 per
1543 5103 1712 5162 camisiam

159 5194 340 5273 quaritis?
352 5196 451 5256 llicit
462 5196 578 5273 Ioseplt
588 5217 600 5257 .·
610 5198 670 5260 Vas
684 5201 810 5275 repiuns
825 5200 913 5279 quis-
965 5202 1002 5260 in
1019 5201 1140 5277 faciem
1154 5202 1334 5277 projectam
1355 5210 1578 5277 recuperante,
1597 5201 1687 5260 dicit
1702 5220 1714 5261 .·

160 5293 237 5373 quis
260 5293 398 5353 abstulit
420 5295 516 5366 milti,
530 5296 697 5357 sarcinam
719 5299 836 5358 cameli
858 5300 914 5360 sui
964 5301 1083 5366 Nonne
1097 5318 1147 5359 me
1167 5300 1208 5359 de
1220 5301 1287 5362 Deo
1302 5300 1386 5359 scire
1407 5300 1494 5359 vobis
1514 5300 1637 5359 nescita
1654 5303 1713 5381 fir·
