4309 6250
213 509 253 556 ιιι
274 511 481 558 nccrommrs
503 511 597 558 soum
618 509 783 556 nourrrrcrs
805 511 841 556 nr
861 509 1030 558 emensus
1052 509 1191 574 conorari,
1214 511 1302 558 ιιιιιιιι
1323 512 1368 558 ιιι.
1393 531 1431 540 -
1452 514 1522 558 rur.
1545 512 1640 559 xxxiv
1667 495 1724 559 otl

169 680 211 742 de
228 659 330 745 mo'rte
345 682 426 746 Petri
441 692 473 746 et
488 682 574 745 Pauli
594 683 678 764 (que
697 681 832 763 epistola
852 680 961 744 Dio-d
978 681 1199 763 Apostolorum
1214 681 1386 764 diligenter
1399 611 1573 767 paganae.
1587 682 1643 746 Ubi
1661 683 1726 765 pri-

169 778 265 860 nysio
299 789 407 846 sancto
442 780 648 858 adscribitur)
677 779 919 847 fundamentum
977 798 1029 842 mo
1044 780 1234 842 describitur
1244 783 1401 862 quomodo
1412 790 1483 863 post
1493 780 1608 845 Christi
1620 800 1727 845 ascen-

170 877 324 940 Ecclesiae
347 879 455 942 Petrus
479 887 621 942 vocatur.
642 915 682 924 —
706 878 765 940 Sed
790 877 920 941 obviare
977 879 1112 957 sionem,
1139 889 1212 942 ante
1236 880 1372 963 Spiritus
1394 881 1501 944 Sancti
1526 880 1724 958 missionem,

54 993 99 1034 ,aa
120 1007 152 1040 ιιι,
170 975 301 1038 videtur
315 978 446 1040 verbum
462 977 547 1040 Pauli
563 976 923 1038 dicentis2Eundamen-
975 977 1226 1058 gloriosissimus
1247 978 1356 1041 Petrus
1380 979 1490 1042 volens
1512 979 1599 1042 Judae
1623 979 1727 1061 prodi·

50 1087 54 1098 ·
171 1079 240 1134 tum
263 1075 349 1136 aliud
369 1094 463 1138 nemo
482 1093 600 1157 ponere
627 1083 730 1156 potest
754 1082 868 1156 praeter
891 1074 920 1136 id
977 1076 1036 1138 tori
1052 1075 1150 1137 alium
1166 1076 1343 1158 subrogari,
1359 1096 1533 1157 exsurgens
1553 1078 1587 1138 in
1607 1077 1724 1157 medio,
1754 1108 1873 1157 gem

167 1172 256 1251 quod
273 1172 410 1252 positum
427 1181 484 1251 est,
501 1173 585 1254 quod
600 1181 649 1235 est
662 1171 803 1234 Christus
818 1173 919 1234 lesus.
976 1173 1074 1235 dixit:
1089 1173 1156 1235 Viri
1172 1173 1296 1253 iratres,
1313 1183 1438 1256 oportet
1452 1174 1590 1256 impleri,
1606 1183 1668 1238 etc.
1679 1176 1724 1237 lbi
1739 1176 1761 1214 ⁰²
1773 1185 1818 1230 ”t-

166 1269 412 1350 Cbrysostomus
431 1290 556 1352 quoque
579 1270 611 1332 in
632 1269 764 1333 bomilia
784 1269 824 1333 de
844 1269 921 1332 Pen-
976 1271 1061 1332 enim
1076 1271 1317 1335 determinative
1331 1272 1613 1354 auctoritativeque
1629 1274 1726 1354 loqui-

167 1376 291 1432 tecoste
318 1369 472 1448 affirmat,
498 1370 581 1451 quod
609 1368 751 1432 Ecclesia
779 1387 842 1432 non
872 1377 921 1431 cst
977 1377 1028 1431 tur
1044 1377 1192 1450 tanquam
1208 1390 1352 1433 summus
1373 1372 1567 1453 prelatuset
1582 1372 1725 1434 omnium

167 1466 303 1530 fundata
328 1487 424 1551 super
448 1468 583 1547 Petrum,
611 1487 670 1530 nec
700 1485 795 1548 super
820 1467 920 1530 bomi—
976 1485 1085 1529 curam
1101 1467 1234 1548 babens,
1250 1470 1334 1550 quod
1354 1468 1520 1550 oportebat
1535 1469 1605 1533 loco
1620 1469 1727 1552 prodi-

167 1585 243 1626 nom
265 1585 391 1647 purum,
407 1567 462 1629 sed
483 1585 578 1649 super
600 1574 719 1649 petram
742 1584 812 1646 quae
833 1565 920 1628 Chri·
977 1564 1053 1628 toris
1073 1566 1172 1628 alium
1194 1566 1227 1628 in
1247 1568 1432 1649 Apostolum
1457 1568 1617 1647 ordinari3
1639 1588 1726 1632 mox-

167 1672 237 1726 stus
260 1673 318 1727 est.
975 1683 1037 1744 que
1052 1683 1160 1727 omnes
1176 1665 1266 1729 Petro
1281 1676 1520 1744 consenserunt,
1528 1675 1560 1729 et
1573 1667 1653 1731 duos
1667 1677 1726 1730 stn-

210 1762 248 1824 Et
277 1764 545 1844 respondendum,
573 1765 659 1845 quod
693 1763 852 1844 loquendo
880 1764 919 1826 de
976 1770 1104 1824 luerunt
1125 1764 1335 1844 concorditer,
1352 1765 1560 1846 deprecantes
1584 1773 1619 1828 ut
1644 1766 1758 1829 fleus·

166 1861 379 1946 fundamento
413 1861 517 1944 primo
551 1882 587 1924 ac
621 1860 801 1944 principali,
833 1862 918 1925 solus
938 1861 1157 1924 Bostenderet
1178 1882 1273 1943 quem
1293 1883 1331 1925 ex
1351 1863 1414 1925 illis
1435 1863 1671 1928 duobusvellet
1691 1865 1724 1928 in

166 1961 313 2023 Christus
333 1969 380 2022 est
401 1960 644 2023 fundamentum
660 1960 820 2024 Ecclesiae.
839 1963 919 2042 Apo
975 1959 1161 2040 Apostolum
1183 1961 1376 2042 promoveri.

166 2059 242 2121 stoli
259 2067 365 2121 autem
384 2067 458 2121 sunt
476 2058 683 2122 fundamenta
704 2058 850 2142 Ecclesiap
870 2079 918 2122 se·
1015 2057 1157 2140 insuper,
1180 2077 1279 2140 quum
1301 2059 1335 2121 in
1359 2061 1411 2123 die
1437 2060 1637 2125 Pentecostes
1661 2063 1725 2125 ele·
1751 2095 1867 2146 1pp„„,

167 2157 339 2235 cundaria;
352 2165 383 2219 et
398 2157 549 2220 intereos
564 2157 654 2220 Petro
670 2157 830 2240 praecipue
845 2177 917 2221 con·
976 2156 1118 2220 ctissime
1134 2158 1188 2220 illa
1203 2165 1331 2220 centum
1347 2159 1459 2241 viginti
1476 2160 1640 2223 homiuum
1660 2170 1725 2224 tur·
1738 2163 1760 2202 ‘l
1770 2171 1816 2214 '‘t-

168 2255 260 2319 venit
273 2256 353 2318 ratio
373 2256 584 2336 fundamenti,
598 2256 718 2319 ratione
737 2257 786 2318 sui
802 2255 916 2334 officii,
975 2255 1015 2317 ba
1034 2256 1187 2337 Spiritum
1212 2258 1363 2321 Sanctum
1390 2260 1566 2341 accepisset
1590 2266 1622 2322 et
1646 2269 1724 2323 tem-

166 2356 245 2436 quia
270 2355 325 2418 toti
351 2355 501 2418 Ecclesiae
526 2365 573 2418 est
598 2355 757 2438 praelatus,
784 2374 917 2436 eamque
976 2353 1063 2436 plum
1079 2355 1238 2435 intrasset,
1254 2357 1364 2420 Petrus
1379 2358 1607 2439 praeomnibus
1627 2379 1723 2422 ausus

166 2454 268 2517 verbo
288 2462 319 2517 et
337 2472 433 2536 opere
458 2454 622 2517 stabilivit.
639 2455 673 2517 ln
694 2452 770 2516 fidei
790 2472 916 2535 quoque
975 2461 1023 2514 est
1038 2452 1270 2535 loqui,tamque
1284 2454 1511 2519 efficacissime
1526 2457 1721 2539 praedicauit,

165 2551 320 2614 firmitate
335 2560 366 2614 et
380 2551 562 2616 dilectionis
577 2551 701 2615 fervore
716 2551 831 2633 legitur
845 2571 919 2634 pre·
974 2551 1059 2631 quod
1074 2550 1134 2613 tria
1152 2551 1254 2615 millia
1275 2552 1454 2617 ludaeorum
1476 2557 1644 2619 convertit.
1660 2555 1723 2618 Nec

165 2650 310 2713 fulsisse.
334 2649 455 2714 ldcirco
479 2652 519 2714 de
544 2669 582 2714 ιο
606 2651 791 2714 Ambrosius
815 2649 858 2713 ait
886 2651 918 2712 in
975 2648 1090 2729 aliquis
1104 2650 1327 2731 Apostolorum
1344 2652 1460 2734 legitur
1474 2652 1518 2715 ibi
1535 2653 1660 2716 locutus
1674 2655 1725 2716 de-

166 2751 313 2832 hymno:
975 2747 1153 2824 terminate,
1181 2747 1224 2809 ita
1250 2750 1335 2830 quod
1361 2750 1457 2812 verba
1481 2751 1582 2832 ipsius
1606 2752 1724 2813 descri-

975 2843 1101 2923 bantur,
1117 2845 1179 2908 nisi
1195 2847 1316 2927 Petrus,
1333 2856 1484 2930 tauquam
1499 2868 1546 2927 os,
1564 2859 1671 2913 vertex
1692 2859 1724 2913 et

974 2940 1123 3024 princeps
1142 2945 1243 3006 sancti
1263 2944 1351 3007 illius
1370 2945 1521 3028 collegii:
1539 2947 1590 3009 cui
1610 2966 1721 3010 omnes

933 3035 954 3098 (l
974 3048 1124 3121 tanquam
1140 3043 1269 3123 prelato
1284 3053 1316 3106 ot
1330 3044 1513 3109 ferventiori
1535 3065 1572 3108 ac
1593 3065 1722 3130 magna-

165 3149 205 3212 Et
219 3148 415 3230 Theophilus
430 3148 534 3211 fassus
549 3157 607 3225 ost,
621 3150 705 3230 quod
720 3149 828 3211 Petrus
843 3168 916 3211 cum
974 3140 1101 3204 nimlotl
1118 3151 1283 3205 cesserunt
1296 3143 1387 3224 quasi
1404 3144 1532 3225 ipsimet
1546 3145 1682 3209 Christo.

165 3246 290 3310 Christo
305 3246 365 3309 fuit
381 3246 477 3309 robur
490 3254 522 3309 et
537 3255 624 3328 patra
644 3246 803 3310 Ecclesiae.
820 3246 918 3310 lsido-
1012 3238 1155 3320 Insuper,
1172 3248 1244 3320 post
1261 3241 1423 3304 modicum
1443 3243 1604 3323 temporis,
1622 3262 1719 3325 quum

166 3365 221 3408 rus
237 3346 323 3408 idem
339 3353 516 3427 protestans
535 3368 541 3407 :
559 3345 658 3423 Petra,
677 3345 791 3427 iuquit,
808 3344 917 3407 firma·
973 3336 1081 3399 Petrus
1100 3337 1249 3400 claudum
1268 3348 1376 3401 natum
1397 3349 1550 3419 curasset,
1566 3362 1623 3405 sua
1643 3362 1721 3424 prae-
1742 3364 1867 3419 utrumn«,

166 3452 311 3507 mentum
332 3444 481 3507 Ecclesia
501 3452 558 3506 est.
576 3444 655 3506 Hinc
680 3444 718 3506 ad
743 3444 823 3506 Petri
846 3463 917 3506 suc·
972 3434 1131 3497 ditatione
1151 3436 1291 3517 quinque
1317 3437 1417 3500 millia
1441 3438 1620 3502 ludaeorum
1644 3460 1719 3503 con·
1735 3429 1753 3469 ⁴·

165 3562 339 3621 cessorem,
360 3562 520 3605 summum
540 3542 737 3623 Pontificem,
759 3542 915 3624 praecipue
972 3532 1077 3596 vellit·
1094 3533 1259 3616 Quumque
1277 3535 1522 3617 prohiberentur
1539 3538 1680 3619 Apostoli
1701 3551 1867 3607 attis-uua

165 3641 306 3723 pertinet
324 3660 452 3704 omnem
472 3640 625 3723 populum
646 3640 856 3704 christianum
882 3641 914 3703 in
971 3630 1168 3714 principibus
1183 3634 1382 3697 sacerdotum
1401 3635 1560 3698 Christum
1580 3637 1719 3719 amplius
1735 3618 1767 3658 '⁹'

165 3740 233 3802 fide
248 3747 281 3801 et
292 3739 433 3819 caritate,
450 3740 483 3800 in
500 3738 580 3819 legis
595 3739 789 3820 evangelicae
808 3739 916 3803 obser
972 3729 1154 3812 predicare,
1171 3731 1280 3794 Petrus
1295 3751 1353 3813 pto
1366 3733 1516 3796 omnibus
1530 3736 1642 3816 grandi
1664 3756 1720 3799 au-

164 3837 275 3900 vantia
295 3836 435 3901 stabilire
453 3861 459 3899 :
477 3856 551 3899 nam
573 3845 605 3901 et
624 3837 726 3901 bonus
742 3836 916 3900 virtuosus·
972 3829 1116 3891 ⁰l⁰titale
1131 3831 1296 3912 respondit
1312 3855 1319 3894 τ
1335 3831 1367 3893 Si
1382 3831 1503 3911 justum
1523 3842 1569 3895 est
1591 3834 1622 3896 in
1645 3854 1720 3898 con-

164 3956 229 4017 que
245 3944 352 4017 pastor
366 3936 471 4018 gregis
490 3935 539 3997 sui
559 3934 800 3998 fundamentum
817 3937 917 4017 quod.
970 3934 1082 4008 spectu
1097 3928 1151 3990 Dei
1168 3947 1224 3989 vos
1240 3929 1345 4011 potius
1365 3930 1472 3993 audire
1491 3950 1587 4012 quem
1607 3934 1716 4011 Deum,

164 4036 239 4095 dam
276 4041 307 4097 et
343 4033 438 4097 robur
472 4034 629 4097 consistit,
668 4034 797 4117 Propter
831 4034 915 4115 quod
969 4023 1132 4105 judicate3
1158 4034 1190 4088 et
1216 4026 1278 4089 alia
1308 4026 1378 4090 vice
1405 4051 1412 4089 :
1439 4028 1572 4092 Obedire
1596 4040 1720 4112 oportet
1734 4045 1864 4097 aalma

30 4147 146 4205 ιιμιιι.
164 4133 337 4214 Sapientiae
352 4140 439 4195 sexto
454 4132 587 4195 habetur
604 4156 610 4194 :
628 4134 692 4195 lien
713 4134 839 4214 sapiens
861 4152 916 4215 po
971 4122 1033 4186 ⁰00
1050 4123 1150 4205 magis
1165 4143 1260 4205 quam
1280 4125 1474 4190 hominibus.
1497 4127 1653 4210 Deinceps
1672 4131 1720 4193 vi·
1746 4143 1826 4189 tuti-¹
1842 4150 1865 4189 et

164 4230 234 4314 puli
259 4228 508 4293 stabilimentum
531 4239 589 4293 est,
931 4224 954 4285 D
971 4242 1041 4284 rum
1055 4231 1087 4285 et
1101 4223 1272 4304 conjugem
1293 4225 1375 4305 eius,
1393 4226 1447 4307 qui
1468 4226 1507 4288 de
1528 4227 1630 4308 pretio
1651 4230 1718 4311 agri
1733 4221 1777 4262 ἠ’

970 4330 1093 4404 partem
1118 4323 1369 4404 occultaverunt,
1390 4324 1499 4387 Petrus
1524 4326 1622 4391 verbo
1648 4347 1719 4410 pro-

970 4420 1092 4483 stravit.

326 4504 571 4569 ARTICULUS
594 4504 751 4567 XXXIV·
1009 4518 1131 4582 Recital
1163 4538 1289 4603 quoque
1321 4520 1422 4583 Lucas
1449 4524 1717 4603 quemadmodum

240 4644 480 4705 gemm-„entia
494 4644 592 4705 Peg„
607 4662 647 4701 θῶ
662 4644 841 4718 Scriptura
968 4617 1107 4681 Herodes
1133 4618 1284 4682 lacobum
1309 4619 1487 4700 apostolum
1512 4630 1640 4704 captum
1664 4623 1718 4686 de-
1750 4638 1806 4684 usa.
1826 4652 1863 4692 ιιι.

455 4734 622 4793 canonica,
969 4716 1155 4795 coflaverit3
1172 4736 1232 4780 nec
1258 4717 1302 4780 ibi
1328 4718 1439 4781 scribit
1462 4717 1579 4788 factam
1603 4722 1718 4785 oratio
1733 4706 1751 4751 ¹³
1767 4704 1788 4746 ²·

343 2913 412 2972 lloc,
429 2913 491 2978 ipsa
507 2913 591 2963 Petra
608 2912 750 2973 Ecclesiae,

342 2995 474 3056 canente,
491 2994 603 3060 culpam
622 2993 712 3044 diluit.

968 4835 1041 4878 nem
1067 4815 1108 4878 ab
1132 4815 1275 4878 Ecclesia
1298 4834 1355 4897 pro
1380 4816 1579 4882 liberatione.
1597 4820 1716 4884 Deinde

227 4918 240 4984 l
271 4919 344 5001 quis
377 4918 659 4982 fundamentaliter
693 4918 913 5001 curiosiusque
969 4914 1065 4976 refert
1084 4914 1208 4977 Petrum
1231 4914 1409 4996 apostolum
1431 4916 1471 4978 ab
1491 4918 1602 4981 eodem
1622 4920 1850 4988 llere-rosam.

242 5018 324 5081 scire
343 5025 488 5101 peroptat
506 5026 622 5098 quanta
641 5018 738 5081 fuerit
757 5036 822 5099 pre
841 5018 913 5079 aliis
968 5014 1006 5075 de
1032 5013 1127 5094 paulo
1155 5023 1226 5095 post
1253 5022 1404 5096 captum3
1434 5022 1466 5077 et
1491 5015 1635 5096 protinus
1663 5020 1716 5081 ad-

163 5117 268 5181 beatis
283 5116 439 5199 Apostolis
458 5115 646 5178 excellentia
665 5124 758 5197 atque
778 5116 914 5179 auctori·
967 5112 1025 5193 dit,
1043 5113 1127 5194 quod
1152 5114 1251 5176 oratio
1274 5113 1373 5176 fiebat
1392 5114 1461 5177 sine
1482 5114 1716 5181 intermissione

163 5226 213 5280 tas
234 5215 411 5279 beatissimi
433 5214 526 5291 Petri,
550 5233 613 5277 non
635 5218 750 5296 poterit
770 5215 828 5277 boc
850 5214 914 5277 cla·
967 5213 1007 5275 ab
1026 5212 1169 5274 Ecclesia
1193 5212 1233 5274 ad
1256 5213 1356 5274 Βιιιιιι
1382 5232 1440 5294 pro
1464 5231 1513 5275 eo.
1540 5213 1606 5288 Quo
1631 5224 1717 5297 patet

165 5316 232 5379 rius
261 5314 442 5395 certiusque
471 5331 663 5394 cognoscere
691 5333 785 5394 quam
814 5314 911 5377 dctus
968 5330 1062 5394 quam
1083 5309 1287 5391 singulariter
1306 5311 1521 5374 necessarium
1542 5311 1601 5375 sibi
1623 5332 1716 5398 repu-
