4309 6250
462 487 523 553 teo
612 507 760 556 ιιιιοιιιι
782 507 1012 555 nrsrumrrours
1033 506 1125 554 turra
1146 506 1353 555 cnnrsrnmnr
1374 508 1412 554 nr
1432 508 1652 557 ιιιιιιιιιιιιιιιι.
1674 527 1716 539 -
1735 510 1805 557 ιιι.
1827 509 1859 556 rx

504 675 718 742 (ιιιιιιιτιιιιιιι.
734 713 775 724 -
788 676 854 761 Ego
870 677 926 740 tibi
941 678 1107 741 ostendam
1126 678 1211 758 quod
1226 676 1252 741 a
1267 678 1391 761 puellas
1405 697 1443 742 ac
1458 678 1609 742 mulieres
1623 678 1741 761 quibus
1755 680 1896 744 donanda
1908 678 1988 741 dona-

464 774 740 854 soeleratissimus,
761 775 1044 840 libidinosissimus
1069 776 1212 858 injustis
1267 774 1359 853 verit,
1376 775 1551 839 blabometo
1572 779 1784 839 concessumt

465 872 629 954 simusque
651 874 818 937 exstiterit.
1307 872 1519 937 Sannacnnus.
1534 908 1575 919 -
1592 873 1631 937 Ut
1648 874 1817 938 suscitaret
1833 882 1865 936 et
1879 892 1989 955 genera·

1267 978 1315 1031 ret
1342 970 1472 1033 exiliis
1500 971 1586 1034 viros
1613 971 1767 1034 virtutum
1795 990 1833 1035 ac
1859 970 1910 1033 llei
1931 988 1989 1051 pro

1267 1067 1390 1149 phetas.

673 1145 918 1211 ARTIGULUS
941 1146 1001 1210 IX·
1305 1162 1521 1227 Cnnrsrmuus.
1536 1198 1578 1209 -
1590 1162 1653 1225 Cur
1665 1162 1799 1226 Abrabae
1813 1169 1845 1225 et
1857 1162 1942 1243 lloysi
1956 1181 1988 1223 rc

562 1286 610 1345 pe
638 1285 848 1344 „prom-„ima
877 1285 1113 1344 phidiam„
1266 1260 1478 1324 sanctioribus
1510 1260 1684 1325 blabometo
1716 1280 1781 1325 non
1798 1250 1858 1324 ¹est
1882 1260 1989 1342 privile

598 1382 629 1433 ει
642 1374 867 1433 malitiosam
881 1374 1069 1435 Mapomepr,
1264 1358 1353 1440 gium
1367 1358 1446 1421 illud
1462 1362 1672 1421 concessumt
1687 1358 1831 1440 Denique
1849 1358 1987 1438 Scriptura

1265 1457 1462 1539 apertissime
1489 1459 1583 1521 docet
1605 1466 1637 1519 ιι
1664 1457 1860 1540 experientia
1884 1456 1984 1538 pandit,

500 1556 717 1621 Caesarianus.
737 1592 778 1605 -
796 1558 1035 1631 Quintodecimo
1059 1558 1207 1621 Aloorani
1264 1556 1382 1619 electos
1403 1563 1435 1618 et
1454 1554 1555 1619 bonos
1568 1555 1715 1638 generari
1736 1574 1775 1618 ex
1796 1555 1884 1618 malis
1902 1563 1928 1617 et
1945 1574 1987 1617 re·

460 1654 600 1735 capitulo
625 1655 739 1738 legiler
766 1664 839 1718 tuus
863 1655 908 1718 ait
935 1680 941 1717 :
967 1655 1041 1730 Quis
1070 1656 1208 1720 deterior
1264 1654 1382 1735 probis,
1399 1662 1431 1716 ιι
1443 1661 1583 1732 econtra,
1599 1654 1664 1717 imo
1677 1654 1817 1736 optimos
1835 1661 1866 1715 ct
1881 1652 1986 1716 electis·

459 1772 554 1865 quam
580 1754 643 1817 Deo
667 1754 867 1817 mendacium
893 1755 1072 1836 imponens,
1098 1755 1149 1817 vel
1172 1774 1207 1817 se
1262 1752 1360 1815 simos
1373 1770 1411 1814 ex
1426 1752 1636 1834 pravissimis,
1651 1761 1683 1814 et
1703 1752 1775 1814 vice
1795 1772 1885 1815 versa
1898 1774 1905 1812 :
1920 1751 1987 1813 sicut

459 1850 590 1915 missum
622 1852 721 1916 luisse
746 1872 765 1915 a
789 1853 853 1916 lieo
876 1854 1072 1916 mendaciter
1101 1853 1206 1935 perbi-
1224 1849 1426 1931 Bpiissimus
1449 1849 1599 1913 Ezechias
1625 1868 1664 1911 ex
1691 1849 1881 1932 impiissimo
1901 1850 1986 1912 Acbaz
2008 1882 2028 1924 p·
2041 1882 2080 1935 ι,

458 1950 559 2013 bensl
584 1951 685 2025 Ouum
715 1951 810 2033 igitur
838 1951 880 2013 sit
907 1951 1073 2032 probatum
1103 1960 1149 2015 tot
1174 1960 1206 2015 ct
1261 1956 1310 2012 cst
1332 1949 1470 2029 genitus,
1485 1948 1737 2011 virtuosissimus
1761 1966 1886 2030 qnoque
1904 1948 2035 2051 losias¹⁸¹¹
2008 1950 2092 1992 ΨΜ·

457 2055 545 2111 unta
559 2048 727 2113 mendacia
747 2048 866 2111 divinis
887 2049 1059 2131 Scripturis
1083 2058 1207 2113 contra·
1260 2066 1299 2109 ex
1320 2046 1565 2110 sceleratissimo
1585 2047 1699 2111 Arnon.

457 2146 504 2209 ria
530 2147 562 2208 in
587 2147 722 2209 rllcoran
747 2147 904 2210 contineri
909 2167 1002 2229 ,quae
1026 2148 1138 2211 llebon
1157 2168 1207 2211 as·
1300 2144 1568 2209 Sannacnuusa-
1582 2145 1665 2207 Deus
1683 2144 1883 2227 omnipotens
1902 2144 1930 2205 in
1946 2142 1988 2205 di·

457 2244 535 2307 serit
568 2243 630 2306 sibi
666 2244 819 2307 divinitus
854 2244 1004 2326 revelata,
1033 2246 1143 2327 sicque
1170 2266 1204 2309 ιι
1260 2242 1361 2305 versis
1382 2241 1567 2305 bominibus
1590 2242 1804 2306 diversimode
1832 2242 1987 2305 secundum

455 2342 653 2406 mendaciter
680 2342 794 2405 dixerit
819 2363 889 2406 esse
914 2344 968 2406 Dei
994 2345 1142 2407 nuntium
1167 2364 1203 2408 ac
1259 2359 1353 2403 suum
1374 2340 1610 2423 beneplacitum
1634 2348 1796 2423 operatur,
1812 2360 1871 2403 nec
1893 2358 1988 2421 possu-

455 2441 654 2522 propbetam,
663 2450 758 2522 atque
774 2448 838 2503 tam
854 2442 1098 2506 innumerabilia
1112 2444 1205 2505 dece-
1259 2458 1331 2501 mus
1352 2437 1568 2519 quorumlibet
1589 2457 1722 2520 operum
1750 2438 1822 2520 ejus
1848 2456 1988 2520 exponere

454 2536 538 2619 perit
555 2538 658 2601 millia
676 2538 864 2618 bominum,
882 2548 1005 2603 constet
1025 2540 1112 2622 qnod
1133 2540 1204 2603 nul·
1260 2536 1425 2599 rationem.

453 2634 504 2697 lus
526 2635 566 2698 sit
586 2654 624 2699 ιο
645 2636 795 2699 deterior.
1298 2634 1579 2699 Cnarsrranns.-
1601 2634 1640 2697 Et
1663 2653 1770 2698 nonne
1794 2635 1869 2698 satis
1894 2634 1988 2697 ιιιιιιιι

493 2733 707 2798 Sarracenos
737 2769 778 2781 -
805 2734 954 2809 Quamvis
986 2738 1026 2799 ad
1058 2737 1202 2819 quaedam
1258 2732 1387 2796 lemine
1411 2741 1502 2796 erant
1524 2734 1558 2795 in
1583 2716 1661 2797 urbe
1684 2742 1716 2796 et
1741 2741 1826 2800 terra
1846 2752 1882 2797 ac
1903 2750 1988 2814 regno

454 2848 564 2897 eorum
591 2850 662 2943 qnae
685 2832 847 2943 objecisti,
874 2832 1049 2897 formaliter
1072 2854 1204 2916 respon·
1258 2832 1436 2911 ldalrometi,
1450 2832 1618 2913 exquibus
1631 2832 1734 2914 potuit
1748 2830 1987 2914 generare'lQuid

359 2954 439 2995 ιιι.
454 2930 529 2991 dere
564 2930 705 3012 nequivi,
736 2938 888 3010 attamen,
919 2932 946 2993 si
980 2933 1106 3011 recolis,
1137 2934 1202 2996 dixi
1259 2949 1334 3012 ergo
1350 2948 1481 2993 necesse
1495 2940 1564 2993 erat
1577 2938 1736 2994 utcontra
1755 2931 1856 3013 legem
1875 2938 1906 2993 et
1924 2948 1988 2993 con

452 3028 607 3109 quosdam
633 3028 824 3111 sapientium
855 3030 934 3111 legis
962 3039 1079 3095 nostre
1102 3032 1142 3094 ad
1166 3050 1203 3095 ιι
1220 3027 1242 3091 G
1259 3028 1471 3107 suetudinem,
1493 3037 1604 3091 contra
1623 3028 1823 3091 honestatem
1845 3038 1877 3091 et
1897 3046 1988 3090 exem·

454 3126 588 3190 lorsiten
603 3146 696 3209 posse
711 3130 787 3192 dare
802 3147 965 3210 responsa,
982 3138 1038 3192 aut
1051 3139 1137 3192 certe
1151 3149 1203 3194 me
1259 3127 1450 3210 plaritatem,
1476 3128 1671 3210 propinquas
1693 3135 1727 3190 ιι
1748 3129 1821 3190 aliis
1843 3127 1988 3191 maritatas

453 3223 560 3306 ipsum
581 3233 724 3308 tempore
746 3245 814 3290 sno.
1258 3227 1445 3289 accederett
1474 3226 1628 3308 Denique,
1658 3245 1758 3308 quum
1791 3227 1898 3290 ιιιιιοιι
1924 3235 1987 3288 tuns
2109 3276 2110 3313 ,

494 3323 758 3388 (ιιιιιιτιιιιιιι.-
771 3325 809 3387 Et
823 3325 899 3406 quid
913 3325 1002 3388 dices
1017 3327 1055 3389 ad
1071 3327 1103 3389 id
1118 3328 1202 3409 quod
1258 3324 1359 3387 instar
1374 3324 1453 3387 tauri
1468 3324 1704 3387 lubricissirnus
1725 3323 1833 3405 luerit,
1848 3325 1988 3406 atque(ut

453 3440 540 3484 nunc
560 3422 618 3484 tibi
640 3422 783 3503 objiciet
799 3422 880 3486 Ecce
904 3423 1067 3488 tricesimo
1090 3433 1203 3488 octavo
1259 3423 1395 3504 ipsemet
1414 3421 1519 3485 lassus
1543 3425 1604 3503 est)
1623 3430 1746 3486 tantum
1772 3423 1906 3506 potuerit
1926 3440 1988 3485 cum
2109 3446 2110 3475 ι

454 3519 602 3582 Αιιοιιιιι
618 3521 758 3602 capitulo
777 3521 949 3585 introducit
969 3523 1081 3585 ldabon
1103 3524 1202 3586 Deum
1258 3521 1448 3584 mulieribus
1468 3540 1561 3602 agore
1582 3528 1618 3584 ιιι
1637 3521 1693 3584 alii
1714 3522 1777 3584 viri
1798 3522 1988 3605 quadraginta

454 3615 646 3680 altissimum
672 3619 731 3681 sibi
761 3619 921 3682 dicentem
949 3643 956 3681 ι
983 3619 1006 3682 Ο
1033 3622 1200 3703 propbeta,
1258 3621 1298 3682 ad
1327 3620 1448 3683 coitum
1475 3619 1574 3683 lortes
1601 3644 1608 3681 ι
1634 3621 1720 3683 unde
1745 3621 1889 3684 credetur
1914 3619 1988 3700 quod

455 3714 606 3778 mulieres
630 3735 741 3780 omnes
762 3717 879 3798 quibus
897 3717 1045 3782 donanda
1062 3720 1200 3799 dederis,
1259 3718 1342 3780 istud
1361 3717 1457 3780 luerit
1475 3717 1536 3780 sibi
1558 3718 1734 3781 revelatum
1757 3739 1777 3781 a
1800 3719 1873 3801 lieo,
1887 3727 1918 3782 et
1934 3735 1988 3779 non

454 3830 566 3875 omncs
588 3821 648 3877 ture
673 3815 781 3877 manui
801 3835 858 3896 per
876 3816 1071 3898 emptionem
1096 3817 1203 3880 subdi·
1258 3816 1343 3897 quod
1366 3815 1544 3898 nequitiose
1563 3835 1600 3878 ac
1619 3815 1792 3880 libidinose
1817 3813 1989 3880 confinxerit

454 3918 513 3989 tas,
536 3919 567 3973 et
586 3913 691 3976 amitae
710 3921 770 3975 tuas
790 3922 1028 3995 materteraequo
1047 3914 1204 3978 liliorum·
1259 3913 1366 3977 istudt
1381 3913 1445 3977 Nec
1466 3912 1553 3976 enim
1568 3931 1624 3995 per
1638 3913 1793 3977 miracula
1811 3915 1872 3978 hoc
1892 3913 1989 3996 pmba

454 4028 517 4092 que
532 4009 630 4090 lilias,
645 4029 757 4074 omnes
773 4011 849 4074 item
864 4011 963 4075 bonas
978 4013 1130 4076 mulieres
1144 4014 1202 4078 tibi
1258 4011 1316 4090 vit,
1332 4031 1392 4074 nec
1416 4031 1473 4094 per
1496 4012 1686 4094 Scripturas,
1703 4029 1808 4093 neque
1832 4031 1889 4094 per
1908 4010 1989 4073 ratio

455 4109 553 4190 gratis
577 4110 786 4173 succumbere
815 4109 990 4192 cupientes,
1017 4112 1121 4176 licitas
1146 4114 1202 4176 tibi
1259 4129 1333 4172 nem
1351 4133 1358 4171 :
1375 4109 1440 4173 imo
1454 4109 1621 4193 scripturis
1635 4109 1710 4172 nori
1725 4128 1763 4173 ac
1774 4110 1890 4173 veteris
1903 4111 1989 4172 Testa·

455 4207 629 4270 constituo·
622 4208 767 4290 ,hooqm
782 4207 839 4270 tibi
855 4209 914 4272 soli
928 4211 1202 4291 permiscendas
1218 4216 1244 4278 Ι)
1260 4208 1359 4271 menti
1379 4208 1464 4271 istud
1482 4209 1615 4272 omnino
1636 4209 1857 4287 contrariatur,
1873 4205 1987 4271 ctomni

455 4313 518 4368 ιιι
534 4324 672 4384 remove,
689 4307 760 4370 illas
775 4307 925 4389 adjunge,
940 4327 999 4418 pro
1015 4309 1106 4372 libitu
1126 4319 1201 4388 tuo,
1259 4306 1373 4371 rationi
1388 4317 1555 4390 repugnat,
1570 4306 1698 4390 legique
1711 4308 1860 4388 naturali,
1874 4325 1931 4390 qua
1946 4305 1989 4384 ju·
2004 4341 2061 4384 m„
2065 4335 2084 4373 ιι

456 4420 515 4464 ιιι
536 4421 594 4484 pro
614 4404 703 4485 prius
723 4404 869 4486 abjectis,
885 4405 948 4468 nisi
968 4406 1117 4470 dilexeris
1136 4428 1202 4490 cas,
1259 4406 1372 4468 bemur
1394 4404 1500 4468 lacere
1523 4406 1676 4488 proximis
1699 4414 1795 4515 prout
1817 4406 1908 4469 nobis
1927 4400 2085 4509 ιιιιιιξιιζ

455 4499 658 4562 molesteris:
676 4500 739 4564 illac
761 4521 897 4583 namque
922 4511 977 4567 tuo
996 4513 1070 4568 voto
1092 4524 1203 4586 parere
1260 4504 1428 4585 cupimus;
1448 4503 1512 4566 luit
1533 4522 1660 4584 quoque
1685 4503 1826 4585 speciem
1850 4504 1922 4567 mali
1942 4473 2025 4564 ba
1998 4463 2060 4570 ιι.ιιι

456 4598 583 4660 debent.
599 4599 677 4672 Quid
697 4599 755 4662 tibi
776 4600 901 4662 videtur
925 4601 965 4664 de
990 4602 1049 4665 ista
1074 4622 1205 4667 conces·
1260 4602 1349 4679 bens,
1375 4601 1719 4682 scandalizativumque
1743 4601 1938 4684 pusillorum,
1957 4617 1987 4661 ac

456 4693 567 4759 sionei
1259 4720 1355 4764 causa
1368 4699 1602 4762 incertitudinis
1621 4700 1719 4781 prolis
1739 4709 1772 4763 et
1792 4699 1988 4764 exheredato

496 4794 708 4858 Sannacnuus.
724 4829 764 4842 -
778 4797 872 4875 Deus,
888 4797 942 4878 qui
958 4799 1045 4862 omni
1061 4800 1130 4881 lege
1152 4821 1204 4864 su·
1258 4799 1319 4862 nis.
1350 4798 1513 4877 Praeterea,
1538 4798 1566 4860 si
1594 4798 1703 4862 omnia
1730 4798 1791 4862 rite
1817 4806 1985 4881 pensentur,

455 4893 562 4975 perior
584 4901 644 4972 est,
659 4893 844 4974 dispensare
864 4904 967 4977 potest
988 4897 1021 4958 in
1041 4897 1204 4979 legibusa
1258 4900 1358 4964 oritur
1382 4898 1521 4962 violenta
1545 4897 1685 4979 suspicio
1709 4898 1796 4979 quod
1823 4916 1889 4962 non
1913 4914 1988 4960 amor

455 5010 488 5054 se
503 4991 597 5070 datis,
613 4999 645 5053 et
659 4991 714 5053 nni
729 5011 794 5073 prae
813 4994 912 5056 altero
931 4993 1096 5077 privilegia
1115 4999 1200 5060 dare.
1258 4997 1393 5075 virtutis,
1401 4998 1456 5060 sed
1472 4998 1561 5060 luror
1574 4995 1729 5074 libidinis,
1738 4996 1916 5061 incitaverit
1927 5013 1988 5058 cum

495 5089 712 5153 Cnnrsrmuus.
733 5123 773 5138 -
798 5090 859 5153 Cur
882 5100 973 5173 putas
998 5095 1202 5177 privilegium
1258 5097 1296 5158 ad
1323 5095 1572 5177 contingendum
1598 5095 1683 5176 qnod
1712 5094 1774 5158 tale
1802 5095 1987 5178 privilegium
2107 5120 2108 5159 ι

454 5187 532 5250 illud
545 5188 757 5268 cognoscendi
773 5191 1024 5272 consanguineas
1039 5201 1070 5255 ιι
1085 5194 1202 5258 allines
1258 5195 1318 5258 sibi
1339 5203 1423 5257 esset
1444 5193 1605 5258 collatum.
1622 5193 1894 5267 Quemadmodum
1915 5211 1989 5256 nana

453 5287 652 5368 aliorumque
676 5288 840 5370 conjuges,
866 5297 959 5372 atque
983 5310 1200 5375 quascumque
1257 5313 1319 5377 qne
1339 5295 1405 5375 jam
1426 5302 1543 5356 tactum
1562 5302 1622 5373 est,
1642 5295 1681 5356 ad
1701 5294 1884 5358 coeundum
1905 5293 1989 5355 instar
