4309 6250
465 489 525 556 m
610 505 761 555 DIALOGUS
780 503 1010 553 utstmsnottts
1031 501 1122 550 turult
1143 500 1350 549 cflalsrtattmt
1371 501 1409 547 ΕΤ
1428 500 1643 551 armatarum
1665 520 1707 532 -
1726 502 1796 549 ΛΒΤ.
1819 502 1859 549 XV

466 679 545 755 Quid
560 697 636 761 ergo
650 676 848 760 impossibile
862 674 920 739 tibi
935 674 1071 753 videtur,
1088 672 1115 735 si
1131 671 1213 735 divi·
1226 672 1250 733 A
1266 670 1306 734 da
1320 678 1368 733 ast
1382 670 1440 733 ista
1459 669 1612 749 doctrina,
1629 670 1683 734 sed
1704 668 1986 753 incomprebensibi-

465 798 579 842 narum
594 778 869 858 increatarumque
883 792 1090 856 personarum
1105 790 1212 835 essen·
1267 769 1307 831 lis
1329 769 1430 832 valde.
1909 850 1915 859 .

465 879 511 941 tia
525 896 588 940 una
602 877 644 939 sit
658 877 811 939 numerot
827 872 935 954 Neque
949 872 1036 935 enim
1055 869 1213 933 universi·
1306 866 1522 933 Gunrsrrsnus.
1556 904 1597 915 -
1628 866 1697 932 Non
1733 866 1846 931 recolis
1876 866 1987 949 qualiter

466 981 514 1038 tas
538 981 688 1038 creaturae
712 972 952 1055 perfectionem,
973 968 1209 1051 proprietatem,
1266 965 1438 1045 Avicanna,
1455 966 1535 1048 legis
1559 974 1620 1030 tue
1644 966 1862 1049 philosophus,
1881 966 1921 1028 ait
1939 964 1987 1046 pri·

465 1070 939 1154 excellentiam,simplicitatem
955 1066 1211 1147 identitatemque
1266 1084 1351 1128 mam
1375 1066 1617 1147 intelligentiam
1639 1066 1816 1148 producere
1840 1064 1985 1127 secundun

464 1168 619 1232 Creatoris
638 1168 732 1250 plene
750 1172 988 1247 repraesentare,
1004 1161 1120 1224 imitari
1143 1180 1213 1242 par·
1267 1164 1519 1245 intelligentiam,
1541 1172 1572 1227 et
1597 1165 1732 1247 primam
1757 1164 1893 1226 animam
1916 1162 1986 1225 nobi·

464 1267 638 1349 tioipareve
660 1272 773 1347 potest.
795 1264 928 1344 Insuper
949 1260 1014 1323 dixi
1039 1260 1109 1337 tibi,
1125 1260 1210 1340 quod
1266 1262 1342 1341 lem,
1355 1263 1491 1345 primum
1508 1281 1633 1345 quoque
1647 1262 1783 1326 mobilel
1795 1261 1888 1343 Cujus
1901 1269 1984 1323 umen

463 1375 528 1429 tres
546 1384 689 1448 persone
709 1384 765 1447 per
783 1362 1053 1445 comparationem
1071 1362 1112 1423 ad
1133 1359 1211 1422 rela-
1266 1361 1380 1443 positio
1403 1380 1467 1423 non
1488 1369 1537 1423 est
1557 1380 1641 1423 vera.

463 1453 567 1528 tiones
585 1463 741 1526 distincte
761 1471 846 1541 snat,
862 1462 917 1524 sed
939 1461 1043 1542 quoad
1065 1478 1135 1521 esso
1157 1458 1211 1520 ab
1306 1460 1517 1522 Sanasoanus.
1533 1494 1573 1506 —
1586 1459 1723 1522 Advorte
1739 1476 1803 1539 quo
1817 1458 1922 1521 tendis.

464 1563 604 1626 solutum
628 1580 665 1624 ae
690 1559 908 1639 substantiale,
932 1565 965 1621 et
988 1565 1142 1638 qnantum
1171 1557 1210 1618 ad
1305 1558 1522 1621 Gunrsrrmus.
1546 1593 1588 1605 -
1610 1557 1696 1620 liano
1721 1556 1800 1619 lidei
1826 1563 1929 1619 nostro
1949 1573 1985 1615 ss·

464 1659 687 1723 subsistentem
706 1658 878 1741 essentiam
893 1675 949 1719 seu
964 1662 1121 1731 naturam,
1137 1661 1211 1717 sunt
1266 1656 1418 1737 pientiam
1443 1657 1582 1719 bumana
1606 1655 1764 1718 subtilitas
1788 1673 1852 1717 non
1873 1652 1982 1729 invenlt,

464 1778 575 1822 unum.
592 1757 698 1838 Porro,
714 1755 799 1838 quod
818 1754 985 1818 admiraris
1005 1752 1142 1835 qualiter
1163 1772 1212 1815 es·
1265 1774 1325 1817 neo
1350 1754 1430 1817 ratio
1450 1754 1567 1835 reperit
1585 1753 1747 1833 naturalia,
1768 1772 1829 1816 neo
1847 1750 1930 1814 llum
1948 1768 1986 1812 ss·

463 1856 566 1919 sentia
579 1854 680 1918 Patris
694 1854 793 1936 possit
806 1871 876 1916 esse
889 1852 922 1914 in
937 1851 1029 1930 Filio,
1046 1851 1091 1913 sic
1107 1850 1211 1913 decla·
1227 1848 1250 1913 B
1265 1852 1385 1934 pientia
1398 1852 1459 1916 ista
1472 1853 1512 1915 de
1526 1859 1629 1931 terra3
1646 1853 1700 1914 sed
1716 1851 1842 1915 ooelitus
1859 1858 1904 1913 est
1919 1848 1986 1911 inlu-

464 1964 551 2018 ratur
576 1977 584 2016 z
609 1952 708 2015 Filius
731 1950 785 2014 llei
809 1960 859 2014 est
876 1950 974 2013 Patris
994 1949 1100 2031 imago
1120 1957 1210 2011 natu·
1265 1970 1310 2031 se,
1331 1950 1484 2013 divinitus
1508 1950 1657 2029 revelata,
1678 1950 1816 2031 desuper
1840 1968 1893 2032 per
1913 1947 1984 2029 signs

461 2054 548 2130 ralis,
579 2051 675 2134 plena
707 2058 801 2131 atque
829 2049 962 2112 omnino
995 2047 1148 2130 perlecta,
1178 2057 1210 2111 et
1264 2058 1296 2112 et
1314 2049 1458 2131 prodigia
1476 2056 1571 2130 atque
1590 2048 1744 2112 miracula
1764 2046 1985 2111 innumerabilia

461 2152 600 2215 Verbum
615 2150 686 2231 ejus
701 2157 865 2226 aeternum,
881 2166 919 2210 ac
934 2145 1096 2229 sapientie
1110 2146 1208 2208 Patris
1264 2148 1320 2211 soli
1340 2148 1549 2229 omnipotenti
1569 2148 1632 2211 Deo
1655 2146 1831 2229 possibilis,
1856 2146 1984 2229 copiosis

460 2249 639 2313 immanens
658 2256 690 2311 et
715 2246 873 2328 completa
896 2246 1069 2327 expressio.
1086 2244 1120 2307 ln
1143 2262 1207 2325 quo
1263 2248 1342 2309 sime
1364 2266 1401 2309 ac
1423 2246 1599 2309 certissime
1620 2246 1821 2309 confirmata.

460 2349 550 2426 Filio,
558 2346 713 2429 quidquid
727 2345 826 2408 Patris
840 2352 889 2408 est
904 2343 998 2427 plene
1013 2342 1205 2426 resplendet,
1303 2346 1516 2409 Ssaaaoarrus.
1542 2380 1582 2391 -
1606 2344 1713 2427 Longe
1740 2344 1835 2407 distat
1857 2352 1889 2407 et
1909 2343 1984 2405 veha-

460 2457 492 2511 ct
515 2454 580 2511 tota
603 2445 702 2508 Patris
725 2443 880 2526 perlectio
903 2450 1148 2525 representatur
1169 2461 1206 2505 ac
1262 2452 1386 2507 menter
1409 2443 1570 2507 discordat
1593 2442 1633 2507 ab
1658 2443 1707 2506 bis
1732 2443 1877 2507 Alcoreni
1902 2440 1982 2505 nostri

459 2547 546 2610 lucet
572 2568 579 2606 :
606 2563 680 2606 nam
706 2550 738 2605 et
762 2543 795 2605 in
820 2541 974 2604 creaturis
997 2541 1136 2604 essentia
1164 2540 1208 2603 rei
1262 2543 1417 2607 doctrina.

458 2643 638 2729 intellectae,
655 2642 689 2703 in
710 2641 809 2705 verbo
828 2640 958 2703 mentali
982 2640 1090 2721 aliquo
1114 2641 1208 2702 modo
1302 2642 1517 2705 Gunrsrrauus.
1538 2678 1578 2687 -
1598 2640 1736 2722 ld·quod
1756 2639 1984 2725 superexcellan-

460 2743 581 2806 relucet
595 2749 627 2803 ct
641 2739 841 2817 continetur,
859 2758 908 2803 res
923 2756 1050 2819 quoque
1064 2738 1097 2799 in
1118 2746 1208 2799 natu·
1262 2740 1386 2804 tissimo
1420 2741 1484 2804 lleo
1514 2739 1792 2822 gloriosissimum,
1825 2738 1984 2803 decentissi-
2096 2816 2097 2829 χ

460 2840 519 2905 reli
533 2860 590 2902 sua
603 2838 785 2920 resplendet
799 2836 949 2919 imagine.
966 2836 1082 2916 Sioque
1101 2855 1208 2899 essen·
1261 2859 1349 2903 mum
1371 2838 1774 2921 convenientissimumque
1788 2839 1934 2917 consistit,
1947 2836 1984 2897 ri-

460 2939 503 3002 tie
528 2938 627 3001 Patris
646 2955 722 3000 vere
740 2934 991 2999 substantialiter
1015 2934 1149 2998 babetur
1174 2935 1207 2996 in
1261 2938 1376 3001 delicet
1410 2936 1726 3019 consubstantialem,
1757 2938 1937 3021 coequalem
1960 2941 1984 2995 et

460 3036 549 3117 Filio,
575 3056 635 3099 nec
663 3034 895 3118 multiplicatur
922 3052 1026 3116 neque
1055 3032 1244 3096 dividiturC
1263 3046 1455 3101 coeternum
1475 3036 1535 3099 sibi
1557 3036 1673 3099 Filium
1697 3038 1858 3119 genuisse,
1874 3037 1985 3100 scelera·

460 3137 494 3198 in
516 3136 672 3218 personis.
1262 3137 1405 3200 tissimus
1420 3144 1515 3218 atque
1529 3135 1734 3218 turpissimus
1755 3136 1865 3201 Mallon
1883 3154 1931 3198 ore
1947 3154 1985 3195 se·

501 3236 715 3298 Saansoartos.
736 3269 777 3279 -
795 3231 901 3307 Qualis
920 3240 968 3294 est
985 3233 1145 3295 emanatio
1163 3231 1208 3296 di·
1263 3236 1428 3317 orilcgoet
1442 3235 1628 3318 blasphemo
1646 3235 1849 3317 presumpsit
1865 3251 1984 3297 asserere
2095 3295 2096 3308 ,

460 3333 536 3396 trina
549 3333 589 3395 ad
604 3331 699 3410 intra,
715 3329 877 3412 generatio
892 3328 947 3390 illa
961 3331 1102 3392 aeternat
1262 3343 1355 3416 turpe
1383 3341 1415 3396 et
1440 3332 1669 3397 inconveniens
1692 3333 1757 3397 Deo
1781 3352 1860 3398 esse.
1884 3331 1984 3414 Nempe

501 3432 716 3495 Guarsrrsuus.
731 3428 881 3490 -Plane
895 3446 960 3490 non
979 3427 1127 3508 carnalis,
1144 3448 1209 3491 ma·
1262 3431 1449 3495 duodecimo
1464 3430 1611 3494 Alcoraai
1627 3430 1767 3513 capitulo
1781 3432 1877 3495 dixit:
1889 3432 1985 3496 Omnes

461 3529 582 3592 terialis
616 3536 671 3590 aut
702 3525 887 3608 corporalis,
918 3545 1020 3606 neque
1052 3546 1090 3589 ex
1122 3546 1209 3592 com·
1261 3531 1404 3594 dicentes
1432 3529 1603 3610 Christum,
1633 3529 1735 3593 Merite
1763 3530 1877 3612 lilium,
1903 3531 1984 3594 baum

461 3627 613 3690 mixtione
641 3644 714 3688 cum
747 3624 879 3702 lamina,
908 3623 990 3686 siout
1018 3625 1208 3688 rudissimus
1262 3649 1343 3706 esse,
1360 3629 1529 3692 mendaces
1550 3635 1582 3690 et
1600 3628 1757 3692 increduli
1782 3638 1856 3693 sunt
1877 3627 1983 3710 reperti,

462 3735 492 3790 et
514 3723 774 3807 imperitissimus
794 3723 906 3785 blabon
927 3722 1129 3804 imaginatur,
1153 3724 1208 3787 sed
1262 3747 1360 3811 quum
1374 3728 1517 3790 Christus
1532 3727 1601 3808 ipse
1615 3727 1731 3790 dixerit
1747 3751 1754 3788 :
1772 3727 1843 3792 Filii
1856 3726 1950 3806 lsrael,
1960 3725 1985 3787 in

461 3821 947 3904 intellectualis,simplicissima
961 3830 993 3884 et
1008 3822 1209 3904 superpuris-
1262 3827 1362 3890 Deum
1396 3845 1502 3892 meum
1531 3833 1562 3888 et
1591 3833 1731 3888 vestrum
1761 3827 1887 3889 credita.
1913 3825 1986 3888 Circa
2094 3835 2095 3911 ᾗ

461 3923 543 3985 sima
560 3945 567 3984 :
583 3920 734 4003 quoniam
749 3919 832 3982 Deus
850 3918 1054 3982 fecunditatis
1073 3927 1105 3981 et
1123 3939 1209 3982 com·
1262 3925 1347 4007 quod
1362 3925 1446 4004 dico,
1461 3924 1546 4007 quod
1561 3923 1702 3986 Christus
1717 3924 1751 3986 in
1767 3926 1882 3988 unitate
1898 3941 1987 4006 perso

461 4018 724 4083 munioebilitetis
743 4017 917 4093 immense,
934 4036 968 4079 se
990 4017 1095 4098 ipsum
1120 4025 1210 4080 aeter-
1263 4043 1311 4086 11ae
1325 4023 1407 4086 [teus
1422 4032 1454 4085 et
1467 4023 1563 4086 homo
1579 4022 1744 4102 exsistens,
1761 4024 1858 4087 Deum
1879 4023 1986 4086 univer.

460 4118 585 4196 naliter,
622 4115 861 4192 invariabiliter,
893 4113 1078 4195 plenissime
1114 4123 1208 4197 atquc
1262 4139 1369 4184 sorum
1403 4120 1530 4183 vocavit
1564 4121 1663 4183 Deum
1697 4141 1801 4199 suum,
1832 4121 1985 4185 secundum

460 4216 636 4280 clarissime
669 4213 820 4276 intuendo
847 4232 884 4275 ec
912 4212 1129 4295 intelligendo,
1159 4216 1207 4277 sui
1224 4215 1347 4301 uquod
1369 4219 1438 4302 ipse
1464 4227 1512 4282 est
1537 4218 1644 4282 bomo.
1666 4218 1784 4282 Eodem
1805 4218 1935 4302 capitulo
1950 4217 1987 4279 lo

459 4315 560 4398 ipsius
576 4321 765 4395 conceptum
781 4331 817 4373 ao
832 4311 965 4374 verbum
981 4312 1064 4374 intra
1083 4331 1116 4374 se
1136 4332 1208 4395 pro·
1261 4318 1369 4401 quitur
1389 4341 1395 4380 :
1417 4317 1564 4399 Quisquis
1582 4311 1647 4380 Deo
1667 4317 1788 4380 socium
1809 4327 1862 4381 aut
1879 4316 1987 4401 partici-

459 4413 522 4475 lert
546 4420 578 4475 et
600 4411 715 4494 gignit,
742 4411 826 4491 quod
852 4417 901 4474 est
923 4411 1074 4472 naturalis
1103 4411 1207 4494 imago
1261 4435 1335 4498 pem
1358 4415 1509 4499 posuerit,
1532 4414 1638 4502 igpem
1657 4415 1787 4479 intrabit
1805 4425 1984 4500 perpetuum.

460 4511 521 4591 sui,
537 4509 687 4591 splendor
701 4508 820 4590 gloriae,
836 4508 956 4570 candor
969 4507 1050 4570 lueis
1068 4517 1204 4587 eternae,
1261 4514 1308 4576 Ad
1331 4515 1415 4596 quod
1446 4513 1530 4590 dico,
1555 4512 1640 4595 quod
1667 4513 1766 4577 Filius
1790 4515 1842 4578 Dei
1867 4517 1987 4578 nonest

460 4609 625 4671 character
659 4615 797 4689 paternae
836 4604 1030 4668 substantie.
1068 4607 1206 4670 Verbum
1261 4611 1388 4694 pmprie
1408 4594 1568 4694 particeps
1587 4612 1698 4690 Patris,
1715 4613 1788 4694 quia
1808 4632 1869 4677 non
1887 4610 1986 4692 accipit

459 4707 579 4788 quippe
598 4713 647 4767 est
665 4703 822 4768 emanatio
842 4702 1033 4766 intellectus.
1049 4704 1140 4766 Pater
1154 4724 1207 4768 ve·
1261 4719 1382 4791 partem
1403 4719 1457 4772 eut
1480 4710 1706 4792 incomplotsm
1732 4711 1985 4794 participationem

460 4824 496 4868 ro
514 4811 546 4867 et
567 4803 705 4867 Verbum
725 4801 915 4864 seinvicem
934 4801 1105 4882 diligendo,
1124 4803 1206 4867 intra
1261 4809 1397 4887 deitatis,
1424 4809 1478 4871 sed
1506 4827 1634 4872 omnem
1662 4809 1890 4890 plenitudinem
1915 4808 1983 4889 ejus,

459 4923 494 4968 se
514 4903 636 4986 spirant
657 4918 796 4963 amorem
818 4900 1021 4978 immensum,
1038 4909 1203 4983 eternum,
1260 4907 1408 4970 similiter
1430 4907 1566 4988 Spiritus
1590 4907 1735 4970 Sanctus.
1754 4906 1818 4971 Nec
1841 4905 1984 4970 tamenin
2091 4967 2092 4974 ,

459 5003 694 5086 plenissimum,
715 4999 770 5080 qui
796 4997 930 5080 Spiritus
955 4997 1089 5061 Sanctus
1113 5019 1206 5064 voca·
1260 5013 1346 5068 unm
1360 5006 1532 5069 solitudine
1552 5006 1700 5088 ponimus
1715 5007 1824 5086 Deum,
1840 5013 1874 5070 nt
1893 5022 1986 5087 supcr-

457 5111 520 5164 tur.
546 5103 643 5162 Amor
665 5113 803 5178 namque
831 5103 880 5157 est
909 5097 1070 5160 emanatio
1094 5099 1206 5160 volun·
1260 5103 1445 5168 dulcissimo
1471 5104 1632 5168 consortio
1656 5113 1762 5166 careat
1786 5105 1855 5168 Filii
1878 5103 1922 5166 sui
1944 5121 1986 5164 su·

458 5198 542 5261 tatis.
1261 5203 1476 5284 percarissimi
1503 5223 1540 5266 ac
1576 5202 1834 5267 condilectissimi
1868 5199 1986 5284 Spiritus

389 5371 394 5380 .
499 5297 713 5363 samsones.
728 5330 769 5341 —
784 5294 865 5357 Satis
880 5292 1006 5356 subtilis
1025 5302 1057 5356 et
1074 5295 1206 5378 prolun-
1261 5301 1379 5365 Sancti.
1396 5301 1623 5366 'tertiodecimo
1645 5319 1773 5384 quoque
1791 5299 1929 5366 Alcorani
1949 5295 1988 5360 al·
