4309 6250
409 486 450 551 att
642 502 683 550 na
705 502 869 551 cromnam
890 502 928 547 nr
948 499 1098 547 nanninus
1119 500 1146 544 s.
1170 500 1199 544 r.
1223 499 1340 557 narn,
1362 500 1451 547 uranu
1472 501 1506 547 u.
1529 520 1570 532 -
1589 503 1660 551 aar.
1683 505 1726 551 xx

408 674 607 753 dulcissima,
627 673 803 757 prasertim
827 672 902 754 quia
926 674 975 753 (ut
999 691 1096 754 supra
1119 690 1157 733 ex
1172 671 1198 733 A
1214 671 1355 752 poribus,
1363 680 1395 735 et
1409 691 1518 736 eorum
1532 673 1780 755 discipule,imo
1793 683 1825 738 et
1834 675 1964 739 Christi.

260 791 394 847 crunon
409 772 543 855 epistola
562 773 632 855 ejus
654 773 693 836 ad
713 772 743 834 S.
765 770 921 853 ignatium
940 778 988 832 est
1009 769 1157 847 relatum)
1213 769 1423 833 conformiter
1437 790 1495 851 per
1508 772 1539 834 S.
1556 773 1718 851 Theclam,
1733 774 1869 854 apostoli
1884 774 1968 836 Pau-

409 871 478 954 ipsa
487 870 582 953 bieria
597 869 738 951 piissima
752 868 880 948 scripsit
892 866 1025 949 lgnatio,
1033 886 1066 929 se
1081 884 1159 927 ven·
1213 866 1235 928 li
1258 868 1462 949 discipulam,
1485 870 1587 931 multa
1608 869 1760 933 Dominus
1783 870 1847 953 egit
1866 871 1967 934 mira-

407 977 511 1031 turam
525 970 565 1031 ad
580 968 685 1049 ipsum
707 974 739 1029 et
757 967 797 1030 ad
816 965 1003 1027 exsistentes
1023 981 1097 1026 eum
1118 980 1156 1025 eo
1212 964 1295 1043 cula,
1312 984 1382 1046 que
1404 967 1511 1029 omnia
1532 965 1565 1028 in
1580 968 1683 1030 Aurea
1703 976 1812 1049 patant
1825 969 1966 1050 legenda

406 1086 445 1128 ex
466 1065 643 1148 gentilitate
664 1081 845 1141 conversos,
863 1081 920 1145 pro
939 1059 1157 1124 confirmatio
1212 1062 1410 1126 Sanctorum.

406 1183 458 1243 ne,
480 1162 697 1226 consolatione
719 1169 751 1224 ct
769 1160 980 1223 instructione
999 1158 1153 1239 ipsorum.

445 1262 618 1341 Postrem0,
641 1262 682 1323 de
704 1260 763 1323 ista
788 1258 920 1321 materia
940 1256 1052 1320 scribit
1074 1256 1155 1318 Tho

405 1381 474 1424 mas
489 1361 521 1422 in
538 1359 629 1423 tertia
643 1366 732 1441 parte
744 1358 881 1420 Summae
896 1353 1154 1437 suae,qutestione
1412 1334 1655 1402 ARTICULUS
1678 1338 1754 1402 XX·

269 1479 340 1570 :naa
363 1477 390 1521 ao
405 1459 559 1523 vicesima
584 1457 719 1539 septima
744 1478 751 1518 ε
777 1454 845 1518 Non
871 1462 920 1516 est
942 1452 1153 1515 dubitandum
1210 1481 1302 1547 Quod
1316 1482 1352 1540 in
1371 1482 1467 1541 donis
1486 1484 1670 1543 intellectus
1680 1491 1711 1543 ec
1727 1484 1963 1559 consiliiproe·

257 1544 268 1583 ³
298 1570 303 1582 ¹
404 1557 483 1639 quin
516 1556 612 1637 Vis8⁰
646 1555 737 1617 bem
769 1552 927 1633 θῦθθΡθΓΪῑ
962 1549 1154 1613 θῖῧθῙῙθΠῙθΓ
1247 1570 1451 1629 stantt'sst'ma
1466 1572 1687 1646 virpoMaria
1704 1580 1774 1647 post
1789 1573 1961 1633 Christum

404 1657 524 1719 donum
553 1653 729 1736 sapientiae,
756 1651 955 1733 gratiamque
984 1648 1150 1728 virtutum,
1243 1658 1485 1733 perfectissimo
1499 1660 1579 1735 fuit.

404 1763 436 1817 ct
461 1754 555 1816 etiam
580 1751 714 1834 gratiam
740 1749 925 1833 prophetie.
951 1747 1020 1811 Non
1044 1756 1151 1809 tamen

404 1853 451 1915 sie
480 1872 517 1915 ea
545 1850 682 1932 accepit,
712 1858 747 1911 ut
776 1848 907 1910 haberet
935 1866 1010 1908 usus
1039 1846 1189 1913 harumB
1283 1846 1355 1906 UIS
1369 1846 1482 1921 adsuit
1497 1847 1533 1905 in
1547 1848 1682 1907 consitio
1695 1850 1843 1918 Domini,
1857 1858 1888 1908 et
1907 1852 1958 1907 vi·
1989 1879 2044 1922 12,
2058 1894 2113 1929 m,
2151 1914 2153 1919 .

403 1958 435 2014 et
456 1950 610 2013 similium
629 1948 803 2031 gratiarum
829 1946 912 2007 sicut
933 1944 1043 2007 habuit
1064 1943 1152 2005 Chri·
1292 1944 1958 2027 ditetaudivitsermonemcjusASaptem
1975 1943 2015 1985 ¹⁸·

404 2047 546 2125 stus‚sed
562 2048 738 2109 secundum
751 2045 836 2126 quod
852 2042 1062 2107 conveniebat
1076 2060 1152 2103 con·
1205 2040 1289 2101 dona
1310 2039 1443 2121 Spiritus
1465 2040 1570 2103 Sancti
1596 2050 1671 2103 sunt
1692 2041 1821 2104 habitus
1845 2062 1961 2125 super-

402 2145 513 2209 ditioni
528 2144 639 2226 ipsius.
651 2144 767 2207 Habuit
781 2142 866 2205 enim
881 2159 974 2203 usum
990 2139 1151 2221 sapientiae
1206 2138 1377 2217 naturales,
1403 2138 1512 2218 creati,
1534 2138 1645 2217 inlusi,
1672 2139 1811 2219 formati,
1832 2142 1961 2205 caritati

403 2242 436 2304 in
462 2242 719 2324 contemplando,
746 2259 809 2304 non
838 2248 944 2302 autem
967 2239 1006 2300 ad
1035 2238 1152 2300 docen-
1206 2234 1459 2316 inseparabiliter
1485 2236 1600 2317 juncti,
1631 2238 1799 2301 reddentes
1831 2239 1962 2303 intelle-

402 2341 490 2417 dum‚
507 2359 545 2404 co
565 2342 650 2422 quod
673 2340 732 2402 hoc
754 2356 818 2401 non
841 2337 1041 2419 competebat
1061 2335 1150 2398 sexui
1206 2334 1342 2397 ctualem
1371 2342 1549 2397 creaturam
1580 2345 1725 2417 prompte
1753 2337 1907 2400 mobilem
1937 2358 1960 2401 a

256 2454 386 2507 trimam.
402 2438 561 2519 muliebri,
586 2438 761 2501 secundnm
786 2435 864 2497 illud
888 2432 1031 2515 Apostoli
1059 2431 1151 2492 :llu-
1206 2431 1324 2513 Spiritu
1339 2432 1567 2497 Sancto.Porro
1582 2434 1763 2497 intellectus
1778 2436 1958 2499 secundum

403 2536 473 2599 lieri
502 2538 617 2600 docere
646 2554 710 2599 non
738 2533 897 2616 permitto.
927 2529 1150 2593 lliraculorum
1206 2530 1290 2610 quod
1325 2532 1456 2612 donum,
1487 2538 1536 2595 est
1569 2532 1792 2614 hujuscemodi
1826 2534 1958 2598 habitus

401 2652 528 2715 quoquc
543 2652 618 2695 usus
633 2652 689 2696 seu
704 2639 793 2695 actus
808 2631 836 2694 ei
857 2648 922 2693 non
937 2627 1148 2709 competebat,
1205 2636 1345 2691 mentem
1359 2627 1534 2708 illustrans,
1551 2648 1717 2712 perquem
1731 2649 1769 2694 ea
1789 2650 1860 2713 quat
1873 2632 1956 2695 fidei

401 2733 478 2794 dum
499 2731 578 2794 vixit
599 2730 652 2794 hic
677 2753 684 2792 :
707 2730 783 2813 quia
804 2737 880 2791 tnnc
901 2727 1054 2810 temporis
1075 2745 1150 2788 con·
1205 2734 1290 2804 sunt,
1316 2726 1422 2809 aliquo
1445 2729 1540 2791 modo
1568 2728 1806 2811 perspiciuntur
1832 2749 1871 2793 ac
1897 2750 1958 2813 ρο-

400 2829 559 2891 lirmanda
580 2836 648 2891 erat
668 2827 812 2891 doctrina
830 2825 944 2889 Christi
964 2823 1148 2902 miraculis;
1204 2832 1381 2903 netrantur,
1401 2845 1458 2907 ρον
1479 2826 1539 2889 hoc
1561 2827 1645 2908 quod
1666 2828 1806 2891 rationes
1826 2848 1882 2891 seu
1904 2849 1956 2892 ar-

399 2936 431 2990 et
445 2926 516 2991 ideo
531 2926 591 2990 soli
613 2925 736 2989 Christo
756 2932 787 2987 et
806 2924 876 3005 ejus
898 2922 1076 3004 discipulis,
1093 2921 1149 3002 qui
1204 2931 1355 3003 gumenta
1384 2925 1615 2988 credendorum
1649 2944 1687 2988 ac
1721 2925 1800 2989 lidei
1835 2945 1956 3009 cogno-

399 3033 490 3088 erant
510 3024 611 3106 bajuli
626 3022 779 3088 doctrine
794 3021 921 3102 Christi,
938 3020 1148 3084 conveniebat
1165 3020 1187 3081 C
1205 3030 1348 3084 scuntur.
1382 3021 1484 3096 Quum
1519 3022 1617 3103 igitur
1649 3022 1881 3105 benignissima
1914 3045 1954 3089 ac

400 3124 553 3189 miracula
575 3123 692 3188 iacere.
709 3123 780 3187 Haec
802 3122 951 3186 Thomas.
1204 3119 1440 3202 sapientissima
1462 3121 1551 3204 virgo
1570 3121 1664 3185 llaria
1684 3121 1832 3187 habuerit
1851 3122 1954 3188 iidem

440 3223 536 3304 Cujus
552 3224 650 3286 verba
670 3222 791 3284 incerta
813 3228 897 3300 sunt,
914 3228 946 3283 et
961 3218 1068 3284 iorsan
1088 3239 1148 3283 nec
1204 3238 1277 3281 cnm
1292 3220 1467 3283 rationibus
1482 3221 1713 3285 credendorum
1726 3229 1759 3284 et
1772 3222 1954 3303 purificata

398 3339 484 3384 vera.
511 3321 578 3383 Jam
603 3319 688 3382 enim
712 3327 875 3382 ostensum
901 3326 960 3398 cst,
986 3318 1069 3398 quod
1099 3337 1147 3380 sa·
1203 3317 1318 3380 mentis
1337 3318 1559 3400 intelligentia,
1581 3319 1614 3380 in
1633 3320 1733 3401 gradu
1752 3321 1837 3384 inter
1855 3341 1952 3402 puros

398 3419 576 3481 cratissima
606 3418 696 3498 virgo
727 3417 822 3479 Maria
854 3415 972 3478 multos
1006 3416 1144 3479 edocuit.
1203 3412 1340 3476 viatores
1368 3432 1528 3497 supremo,
1554 3423 1678 3478 constat
1705 3418 1791 3497 quod
1816 3436 1854 3480 aa
1880 3437 1952 3499 quac

397 3516 461 3580 Nec
484 3517 578 3580 talem
600 3515 756 3600 privatam
778 3514 1055 3593 doctrinationem,
1075 3533 1146 3594 quae
1202 3510 1281 3574 lidei
1309 3521 1394 3592 sunt,
1424 3513 1611 3594 clarissime,
1640 3523 1796 3596 quantum
1824 3517 1950 3580 victrici

396 3616 492 3679 etiam
512 3625 600 3678 actus
621 3623 668 3677 est
687 3613 851 3695 sapientiae
870 3631 941 3694 quaa
960 3621 1007 3676 est
1025 3614 1144 3676 donum
1202 3611 1302 3672 menti
1330 3611 1392 3673 luit
1423 3612 1586 3694 possibile,
1618 3615 1807 3694 penetravit,
1836 3616 1951 3678 verita-

394 3714 503 3795 gratiae
527 3712 624 3795 gratis
653 3713 744 3792 datae,
770 3710 931 3793 probibuit
958 3711 1145 3773 mulieribus
1201 3716 1312 3790 tcsqne
1327 3709 1404 3772 fidei
1420 3729 1478 3791 per
1497 3711 1588 3792 signa
1607 3711 1797 3791 certissima,
1814 3712 1878 3776 imo
1891 3732 1951 3795 ρον

395 3811 509 3873 Paulus
533 3835 539 3873 :
566 3829 749 3893 quanquam
774 3809 833 3871 etsi
856 3827 926 3870 eam
950 3807 1013 3868 illis
1038 3807 1146 3888 probi·
1201 3808 1428 3889 experientiam
1450 3809 1623 3890 copiosam,
1644 3811 1785 3893 agnovit,
1806 3820 1947 3894 utputa:

394 3907 599 3988 buisset,non
615 3917 721 3972 tamen
736 3904 1143 3988 superexcellentissimam
1200 3905 1357 3987 virginem
1379 3907 1577 3989 concepisse,
1597 3909 1697 3970 Βουννι
1717 3908 1881 3974 hominem
1902 3910 1951 3974 ia-

394 4005 450 4068 Dei
465 4007 593 4069 Matrem
608 4005 777 4069 cecidisset
790 4001 959 4084 probibitio
974 4001 1040 4082 illa,
1054 4002 1145 4084 quip
1200 4011 1285 4066 ctum
1307 4023 1389 4083 essa,
1406 4023 1513 4086 regern
1535 4005 1679 4068 Messinm
1695 4007 1832 4086 venisse,
1850 4009 1950 4070 licum

395 4122 435 4186 pe
451 4122 656 4185 superquam
670 4101 785 4164 Paulus
803 4100 1059 4182 jurisdictionem
1078 4118 1143 4163 non
1199 4100 1232 4162 in
1247 4102 1393 4183 personis
1414 4102 1589 4165 consistere
1609 4105 1741 4182 trinum,
1757 4105 1791 4167 in
1813 4105 1951 4169 essentia

393 4201 516 4280 habuit,
541 4209 574 4264 et
596 4221 665 4284 quae
693 4209 742 4263 est
769 4217 864 4282 super
891 4217 1014 4276 omnes,
1041 4197 1182 4280 magisl)
1199 4217 1310 4277 unum,
1323 4199 1439 4261 Filium
1454 4200 1509 4262 Dei
1525 4200 1559 4262 in
1574 4201 1694 4265 unitata
1713 4221 1857 4285 personas
1877 4222 1949 4268 esse

393 4319 489 4382 quarn
517 4301 661 4364 omniurn
690 4317 763 4361 una.
791 4331 831 4342 -
855 4296 1027 4374 Postremo,
1057 4298 1142 4377 qnod
1199 4297 1297 4358 Deum
1312 4316 1349 4360 ac
1364 4297 1539 4361 hominem.
1556 4299 1694 4380 Agnovit
1711 4300 1832 4383 optima
1850 4300 1949 4384 Virgo

394 4397 506 4460 asserit
536 4397 683 4475 Thomas,
714 4393 788 4458 solis
817 4392 982 4474 discipulis
1016 4393 1140 4475 Christi,
1198 4395 1375 4459 clarissime
1400 4395 1479 4459 lidei
1503 4407 1700 4478 argumenta,
1730 4398 1865 4479 qualiter
1889 4419 1949 4482 per

393 4495 509 4576 bajulis
524 4494 595 4576 ejus
609 4493 774 4572 doctrinan,
787 4491 974 4556 convenisse
989 4492 1143 4555 miracula
1198 4493 1376 4575 Scripturas
1403 4494 1520 4558 veteris
1541 4495 1746 4577 Testamenti,
1767 4516 1825 4580 per
1845 4498 1948 4562 Juda-

393 4593 510 4672 lacere,
527 4611 591 4657 non
606 4599 738 4675 apparet
754 4614 761 4654 z
777 4589 927 4673 quoniam
943 4609 1000 4671 per
1013 4590 1142 4653 hieriam
1197 4609 1288 4654 orum
1313 4591 1445 4654 linalem
1474 4592 1725 4672 derelictionem,
1751 4614 1809 4677 per
1835 4596 1946 4659 divina

391 4691 575 4772 ldagdalenc
588 4691 670 4754 Deus
686 4689 784 4753 multa
805 4688 883 4752 iecit
902 4687 1141 4771 prodigiaque
1197 4689 1351 4752 miracula
1372 4691 1431 4754 soli
1453 4691 1516 4754 lieo
1538 4691 1716 4773 possibilia,
1739 4712 1797 4775 per
1815 4695 1946 4758 eviden-

391 4797 423 4853 et
438 4789 535 4854 sterili
555 4789 753 4872 principissa
772 4788 1001 4853 fecunditatem
1020 4789 1141 4852 orando
1197 4788 1274 4850 tiam
1299 4789 1481 4852 divinorum
1506 4789 1746 4869 charismatum,
1771 4811 1829 4873 ρον
1856 4813 1948 4857 reve-

390 4889 539 4970 obtinuit,
565 4898 600 4953 ut
627 4897 713 4974 patet
739 4890 771 4952 in
801 4887 872 4970 ejus
900 4886 1066 4968 Legenda3
1093 4907 1141 4950 se
1196 4875 1330 4950 lotiones
1346 4905 1499 4967 supernas
1513 4895 1545 4948 et
1563 4887 1779 4969 apparitiones
1797 4891 1945 4955 coelestes

390 4988 508 5066 cundo,
524 4988 673 5069 quoniam
689 5005 777 5050 soror
792 4985 862 5067 ejus
876 4984 911 5046 B.
923 4985 1043 5046 Martha
1058 4984 1141 5047 inter
1196 5003 1233 5048 ac
1254 4984 1326 5046 aliis
1346 4984 1450 5048 modis
1472 4983 1656 5066 probentur.

390 5093 495 5148 cetera
509 5093 670 5149 mortuum
685 5084 861 5162 suscitavit,
877 5085 1047 5146 draconem
1068 5083 1140 5146 hor·
1235 5083 1329 5146 Porro
1350 5083 1519 5146 consilium
1540 5091 1576 5146 ut
1594 5093 1644 5146 ost
1663 5086 1794 5166 donum,
1816 5097 1945 5152 nonest

389 5186 524 5247 rendum
553 5182 750 5265 compescuit
778 5189 810 5244 et
837 5181 947 5262 ligavit
979 5182 1138 5262 mortique
1194 5189 1283 5244 actus
1311 5180 1498 5261 prudentia,
1524 5182 1580 5244 sed
1609 5183 1735 5246 habitus
1762 5205 1820 5269 par
1845 5205 1943 5268 quem

388 5281 529 5346 tradidit.
550 5281 587 5345 Et
611 5281 679 5345 iste
702 5280 925 5363 Apostolorum
948 5287 1038 5342 erant
1058 5287 1137 5342 tcm-
1194 5297 1285 5342 mens
1299 5278 1447 5361 dirigitur
1465 5279 1617 5363 aSpiritu
1631 5281 1747 5347 Sancto
1759 5285 1800 5347 ad
1815 5284 1944 5349 intuen-
