4309 6250
447 468 507 535 126
673 486 898 535 ιιιιιιιιιιιτιιιι
917 488 955 534 ιιι
975 486 1125 535 nicomas
1145 488 1172 532 n.
1196 489 1225 532 v.
1248 488 1365 546 ιιιιιιιι,
1388 489 1477 536 aman
1497 490 1542 536 ιιι.
1564 508 1605 519 -
1625 488 1696 535 aar.
1717 488 1759 535 xv

447 656 630 720 meminerit
652 657 802 721 defuisse.
826 656 962 738 Etenim,
988 658 1116 739 quando
1140 657 1199 718 mi·
1214 659 1239 720 Α
1254 656 1437 739 praedicatio
1467 678 1524 741 per
1558 677 1697 721 causam.
1728 657 1845 736 Tertio,
1873 653 2005 720 devotio

446 755 545 817 sereri
573 775 638 819 uon
667 756 784 838 poterit
811 756 907 819 blaten
935 755 1197 837 omnipotentiaal
1253 756 1453 836 describitur,
1477 757 1561 837 quod
1587 756 1630 818 sit
1652 756 1798 836 quaedam
1822 752 2005 817 teneritudo

444 854 571 933 quando
593 853 736 916 misereri
762 872 827 916 non
853 854 931 917 velit
953 853 1049 915 blater
1073 853 1198 915 miseri·
1252 854 1369 933 cordis,
1386 874 1449 935 qua
1463 854 1534 935 quis
1549 873 1587 915 ex
1601 862 1758 934 conceptu
1773 861 1867 933 atque
1881 849 2005 913 affectu

444 951 578 1014 cardiaci
593 952 627 1012 ln
642 951 789 1013 manibus
804 951 906 1030 tuis,c
921 951 1115 1030 beatissima,
1124 958 1197 1012 sunt
1252 950 1327 1013 boni
1349 951 1486 1014 faciliter
1507 951 1541 1013 in
1565 950 1678 1013 fletum
1704 949 1875 1012 resolvitur
1890 972 1897 1009 :
1913 947 2004 1028 quod

442 1066 554 1111 omnes
569 1048 710 1111 thesauri
726 1048 966 1112 miserationum
981 1048 1036 1110 Dei
1053 1047 1193 1129 repositi.
1251 1057 1300 1109 est
1313 1048 1486 1130 descriptio
1502 1056 1533 1110 et
1551 1047 1734 1129 predicatio
1755 1066 1814 1129 per
1833 1046 2001 1108 effectum.

442 1147 531 1209 Absit
545 1164 620 1228 ergo
635 1154 670 1208 ut
685 1155 790 1209 cesset
803 1166 917 1208 manus
939 1154 993 1208 tua
1012 1165 1031 1207 a
1049 1164 1193 1208 munere.
1291 1147 1444 1227 Denique,
1461 1166 1560 1227 quum
1576 1146 1704 1208 devotio
1725 1146 1767 1208 sit
1786 1143 2005 1227 promptitudo

482 1244 562 1307 Hinc
577 1262 705 1325 quoque
724 1244 805 1307 dixit
823 1243 992 1306 Auselmus
1011 1266 1018 1304 ι
1036 1243 1196 1307 Ofemina
1251 1252 1283 1306 et
1301 1241 1408 1307 fervor
1429 1252 1581 1325 actusque
1603 1241 1789 1321 voluntatis,
1811 1250 1931 1304 certum
1953 1249 2005 1303 est

441 1341 632 1405 mirabiliter
657 1342 828 1424 singularis
853 1350 885 1404 et
908 1341 1114 1422 singulariter
1136 1342 1195 1402 mi·
1250 1342 1334 1422 quod
1349 1338 2003 1425 crpraeviaapprehensione,meditatione

441 1440 564 1517 rabilis,
581 1458 748 1523 perquam
769 1440 915 1503 homines
935 1440 1111 1517 salvantur,
1127 1439 1195 1501 ani·
1251 1460 1307 1503 seu
1343 1441 1612 1522 contemplatione
1647 1439 1852 1502 intellectiva
1879 1438 2005 1501 oriatur

441 1557 501 1601 maa
524 1538 564 1600 de
588 1537 773 1620 purgatorio
796 1536 984 1615 liberantur,
1011 1537 1117 1617 augeli
1143 1537 1195 1599 lae
1250 1540 1420 1620 potentiae3
1443 1538 1658 1602 immediatius
1673 1546 1779 1600 tamen
1799 1556 1838 1599 ex
1857 1536 2001 1615 caritate,

441 1636 629 1699 tificanturl
647 1635 670 1697 0
692 1635 814 1699 femina
835 1636 930 1717 plena
950 1644 982 1697 et
1004 1634 1195 1716 superplena
1250 1656 1321 1717 quaa
1335 1635 1439 1698 efficit
1453 1644 1593 1699 mentem
1608 1636 1647 1698 ad
1670 1643 1759 1697 actus
1776 1634 1878 1695 divini
1893 1634 2004 1696 cultus

440 1734 553 1815 gratia,
579 1734 619 1796 de
641 1733 734 1813 cujus
763 1732 972 1815 plenitudinis
1000 1733 1194 1795 abundantia
1250 1743 1428 1816 promptam
1440 1743 1472 1796 et
1482 1733 1869 1816 expeditam.ltaque,'quo
1883 1731 2005 1794 felicis·

442 1850 586 1915 respersa
610 1832 773 1894 reviviscit
797 1832 902 1894 omnis
921 1839 1065 1893 creatura
1085 1832 1232 1895 huma-B
1251 1832 1332 1895 sima
1346 1840 1379 1895 et
1391 1830 1651 1913 incomparabilis
1665 1831 1756 1913 virgo
1775 1829 1871 1892 Maria
1889 1828 1950 1892 luit
1967 1829 2003 1891 in

441 1937 503 1992 nat
530 1929 553 1994 0
576 1929 671 2011 Virgo
695 1928 876 2008 benedicta,
902 1948 960 2011 per
982 1929 1075 2010 cujus
1100 1929 1195 1991 bene-
1251 1930 1362 1993 divino
1381 1948 1489 1992 amore
1509 1928 1694 2008 ferventior,
1711 1936 1744 1991 et
1761 1928 1795 1990 in
1816 1927 2003 1991 divinorum

441 2028 614 2092 dictionem
643 2027 848 2091 benedicitur
873 2045 937 2089 nou
962 2027 1065 2089 solum
1090 2027 1195 2089 omnis
1250 2027 1519 2108 contemplatione
1534 2027 1733 2109 profundior,
1751 2046 1790 2090 eo
1806 2026 1917 2107 utique
1932 2036 2004 2089 erat

443 2134 587 2189 creatura
614 2145 634 2187 a
661 2126 819 2203 Creatore,
849 2126 905 2187 sed
939 2125 1035 2187 etiam
1067 2124 1195 2187 Creator
1249 2126 1404 2203 devotior,
1435 2126 1495 2188 boc
1523 2132 1572 2187 est
1599 2125 1778 2207 promptior
1805 2131 1837 2186 et
1864 2123 2005 2187 alacrior

442 2242 461 2285 a
489 2222 662 2285 creaturis!
693 2222 747 2285 llis
775 2230 930 2285 consonat
961 2222 1094 2283 verbum
1121 2222 1194 2284 Ber·
1249 2225 1288 2286 ad
1308 2242 1435 2286 omnem
1456 2231 1562 2287 actum
1586 2224 1691 2285 cultus
1715 2222 1829 2301 divini,
1850 2224 1889 2285 ad
1907 2241 2004 2285 oran·

443 2320 545 2397 nardi,
561 2319 698 2382 dicentis
715 2318 763 2383 :0
785 2319 891 2398 llaria,
910 2319 942 2380 in
962 2328 992 2382 te
1012 2319 1126 2381 merito
1147 2338 1194 2381 re·
1250 2323 1337 2401 dum,
1351 2322 1552 2403 psallendum
1567 2329 1597 2383 et
1612 2321 1807 2383 laudandum
1823 2340 1916 2383 suum
1933 2320 2004 2383 Cre

444 2418 586 2501 spiciunt
612 2418 697 2481 oculi
721 2417 826 2481 omnis
854 2426 1017 2497 creatura,
1041 2418 1194 2498 quoniam
1250 2427 1368 2482 ctorem
1398 2439 1435 2482 ac
1463 2419 1667 2482 Salvatorem.
1693 2418 1800 2498 Porro,
1826 2436 1923 2498 quam
1953 2438 2005 2480 ar-

443 2516 476 2577 iu
499 2524 541 2595 te,
557 2534 595 2578 ex
610 2524 640 2577 te
655 2525 687 2578 et
701 2534 758 2597 per
780 2523 810 2577 te
830 2514 969 2596 benigna
988 2534 1101 2577 manus
1123 2515 1195 2577 0m-
1249 2516 1435 2580 deotissima
1450 2526 1482 2579 et
1503 2516 1795 2598 incomparabiliter
1816 2515 1942 2578 stabilis
1964 2536 2003 2578 ac

444 2614 620 2696 nipotentis
648 2614 805 2694 quidquid
833 2622 996 2676 creaverat
1017 2611 1191 2675 'recreavit
1250 2615 1391 2696 perlecta
1418 2615 1525 2677 fuerat
1551 2616 1585 2678 iu
1614 2615 1745 2677 caritate
1775 2614 1886 2677 diviua
1910 2623 1944 2677 et
1968 2616 2002 2676 in

442 2710 477 2773 ln
497 2718 527 2774 te
546 2711 651 2793 angeli
678 2712 832 2786 laetitiam,
857 2710 933 2791 justi
959 2711 1104 2792 gratiam,
1121 2730 1196 2793 pec·
1250 2714 1406 2795 sapientia
1440 2714 1582 2791 salutari,
1620 2714 1653 2774 in
1693 2712 1914 2795 superioribus
1953 2720 2124 2785 estam

443 2818 566 2872 catores
582 2809 832 2871 misericordiam
852 2808 1066 2871 invenerunt:
1086 2809 1194 2889 sicque
1249 2820 1423 2874 ostensum.
1440 2812 1527 2874 Unde
1548 2810 1764 2873 certissimum
1786 2818 1835 2872 est
1853 2810 1938 2891 quod
1954 2811 2005 2872 di·
2018 2816 2055 2843 '¹¹·

445 2904 596 2969 omnibus
610 2905 871 2987 generationibus
886 2906 1019 2986 gratiam
1040 2905 1192 2987 genuisti,
1249 2909 1323 2971 vina
1346 2918 1377 2971 et
1401 2909 1592 2971 electissima
1615 2908 1706 2989 virgo
1730 2907 1826 2969 ldaria
1850 2906 1913 2970 fuit
1936 2926 2004 2988 prae

444 3004 521 3065 dum
546 3003 689 3066 omnium
715 3004 895 3066 Creatorem
920 3003 977 3067 toti
1003 3004 1119 3067 saeculo
1140 3005 1230 3086 pec
1249 3007 1399 3071 omuibus
1420 3007 1545 3069 Sanctis
1570 3005 1778 3069 ineffabiliter
1801 3014 1949 3088 prompta
1970 3014 2006 3068 et

443 3102 571 3185 peristi.
1249 3106 1371 3171 fervida
1386 3107 1424 3170 ad
1446 3114 1613 3188 praetactos
1627 3113 1716 3168 actus
1731 3104 1869 3186 divinos,
1886 3123 1924 3168 ac
1939 3112 2006 3167 sta-

1249 3204 1406 3268 bilissima
1441 3205 1474 3266 in
1502 3204 1632 3283 eisdem,
1661 3203 1844 3285 jugiterque
1877 3203 2005 3266 intenta

1250 3303 1446 3367 orationibus
1474 3321 1605 3384 prorsus
1639 3300 1833 3383 purissimis,
1862 3301 2005 3365 devotis-

646 3367 894 3432 ARTICULUS
916 3367 991 3430 XV·
1250 3401 1341 3462 simis
1365 3399 1420 3464 Dei
1446 3399 1624 3481 preconiis,
1645 3398 1778 3480 psalmis
1801 3406 1833 3462 et
1858 3399 2002 3480 hymnis,

443 3517 492 3577 De
520 3515 679 3592 religione
706 3523 736 3573 et
760 3516 927 3574 devotione
956 3514 1196 3590 benignissima:
1251 3517 1287 3560 uc
1316 3497 1625 3560 reverentialissimaa
1648 3495 1825 3560 adorationi
1849 3496 2006 3579 Omnipo-

646 3605 849 3675 ac,sublimis
863 3604 992 3664 Mariae.
1251 3596 1359 3659 tentis.
1385 3595 1423 3657 Et
1450 3593 1596 3676 quamvis
1624 3594 1786 3656 interdum
1813 3593 1847 3656 in
1867 3596 2006 3658 exterio-

1252 3694 1341 3756 ribus
1365 3701 1529 3774 occupata‚
1555 3699 1611 3754 aut
1639 3711 1714 3754 cum
1741 3691 1929 3755 hominibus
1957 3694 2005 3756 lo-

297 3820 429 3870 maniae.
508 3791 697 3852 SALLAM
706 3791 771 3850 Deo
786 3809 853 3848 meo
869 3789 1029 3868 quamdiu
1044 3807 1126 3847 sum.
1143 3787 1197 3850 ue
1251 3811 1365 3874 quens,
1381 3812 1399 3853 a
1413 3791 1515 3854 vocali
1538 3790 1680 3853 oratione
1694 3797 1726 3853 et
1748 3789 1931 3855 laudatione
1946 3792 2004 3856 Dei

522 3887 598 3970 ligio
627 3905 683 3948 seu
712 3886 816 3965 latria,
843 3894 893 3947 est
919 3885 1021 3947 virtus
1053 3885 1194 3964 moralis,
1252 3888 1399 3968 cessavit,
1415 3888 1456 3950 ab
1469 3886 1591 3949 intimis
1607 3896 1713 3949 tamen
1733 3894 1766 3948 et
1783 3887 2004 3951 devotissimis

444 4004 581 4070 parsque
609 3984 753 4065 justitiae,
779 3983 900 4046 cultum
928 3989 960 4045 et
981 3981 1196 4045 caerimoniam
1251 3986 1443 4049 mentalibus
1471 3985 1666 4049 orationibus
1694 3993 1727 4047 et
1769 3985 1919 4048 laudibus
1946 3987 2004 4049 [lei

444 4084 586 4148 offerens
609 4083 685 4145 Deo.
707 4081 804 4162 Cujus
829 4080 955 4143 virtutis
981 4087 1070 4142 actus
1093 4088 1194 4142 suut:
1251 4103 1316 4147 nou
1340 4083 1472 4160 destitit,
1498 4083 1767 4163 quemadmodum
1795 4102 1898 4146 neca
1927 4102 2006 4147 con-

444 4201 545 4260 orare,
574 4181 718 4256 adorare,
749 4179 879 4240 laudare
907 4176 1116 4255 Altissimuffl,
1143 4196 1197 4240 vo·
1212 4177 1237 4239 Ι)
1251 4179 1523 4264 templatiouibus,
1538 4180 1798 4244 meditationibus
1819 4179 2004 4245 affectioni·

444 4299 518 4342 vere
546 4286 578 4341 et
605 4276 802 4339 sacrificium
831 4276 859 4338 ei
895 4274 1024 4354 offerre,
1055 4276 1196 4338 decimas
1250 4282 1373 4362 busque
1401 4278 1520 4340 divinis
1547 4298 1555 4338 ε
1580 4278 1700 4360 quippe
1727 4297 1797 4360 qum
1820 4287 1917 4342 tantm
1940 4278 2005 4343 fuit

444 4386 538 4458 atque
554 4375 711 4458 primitias
734 4373 857 4437 solvere
872 4373 942 4454 ejus
965 4373 1132 4436 ministris.
1148 4374 1197 4436 ln·
1250 4376 1467 4461 perfectionis,
1497 4383 1593 4438 tantae
1619 4376 1841 4458 plenitudinis,
1872 4385 2003 4460 tamque

445 4475 543 4537 terior
561 4491 689 4555 quoque
711 4480 743 4535 et
763 4471 890 4534 elicitus
913 4479 1002 4533 actus
1021 4471 1133 4549 latriae,
1149 4481 1198 4536 est
1249 4475 1384 4539 assiduae
1399 4474 1620 4536 illustrationis
1642 4482 1674 4536 et
1694 4471 1962 4539 inflammationis
1983 4496 2005 4538 a

444 4572 661 4654 promptitudo
694 4570 868 4632 voluntatis
897 4569 937 4631 ad
965 4588 1003 4631 ea
1035 4588 1107 4649 quae
1140 4570 1194 4632 Dei
1250 4574 1371 4656 Spiritu
1400 4573 1526 4651 Sancto,
1556 4573 1640 4652 quod
1676 4590 1734 4653 per
1768 4573 1926 4636 exteriora
1961 4573 2003 4636 ab

445 4677 520 4732 sunt
536 4693 543 4730 :
560 4687 630 4750 quae
645 4666 861 4749 promptitudo
876 4665 1049 4730 voluntatis
1064 4676 1196 4730 vocatur
1250 4670 1455 4734 interioribus
1476 4687 1541 4731 nou
1563 4668 1806 4751 impediebatur.

445 4767 582 4830 devotio.
601 4766 731 4829 Devotio
746 4783 872 4848 quoque
887 4765 1047 4828 interdum
1063 4774 1196 4828 vocatur
1290 4768 1453 4847 Praeterea,
1468 4767 1618 4849 quoniam
1632 4766 1722 4847 juxta
1742 4767 1930 4849 prehabita,
1946 4771 2003 4833 de·

444 4865 552 4928 fervor
566 4864 658 4928 bonae
672 4864 847 4926 voluntatis
862 4863 901 4927 ad
917 4863 1087 4926 colendum
1103 4864 1196 4926 Altis·
1249 4865 1336 4929 votio
1360 4884 1399 4927 ex
1423 4863 1677 4927 consideratione
1701 4871 1733 4926 et
1757 4865 1899 4929 caritatis
1920 4865 2003 4931 affe·

444 4963 586 5026 simum:
607 4961 693 5043 quod
716 4961 850 5024 reditio
871 4962 967 5024 idem.
991 4961 1046 5024 Vel
1067 4963 1194 5025 devotio
1249 4966 1355 5027 ctione
1380 4971 1516 5044 emanat,
1537 4962 1610 5025 ideo
1633 4983 1671 5025 ea
1692 4982 1829 5044 quorum
1853 4965 2002 5029 conside·

442 5061 622 5143 appellatur
642 5058 826 5139 hujusmodi
852 5059 971 5138 fervor,
987 5061 1062 5142 quia
1084 5079 1122 5122 ex
1143 5080 1195 5123 ca·
1249 5063 1328 5124 ratio
1343 5068 1444 5124 exstat
1457 5060 1609 5140 divinior,
1625 5069 1657 5124 et
1670 5080 1740 5142 quae
1755 5081 1793 5125 ex
1808 5081 1866 5124 sua
1885 5072 2002 5127 natura

443 5157 546 5222 ritatis
575 5157 700 5221 fervore
729 5157 872 5238 procedit
899 5158 1027 5220 devotio
1056 5159 1193 5241 inspira·
1248 5160 1351 5241 magis
1378 5159 1493 5222 idonea
1518 5167 1593 5222 sunt
1620 5159 1785 5224 caritatem
1808 5163 1999 5243 accendere,

443 5257 510 5322 tiva
528 5279 535 5320 ι
552 5257 662 5338 sieque
678 5252 851 5337 descriptio
866 5255 921 5316 illa
934 5255 1126 5337 devotionis,
1142 5264 1192 5319 est
1249 5265 1360 5338 utpote
1387 5256 1530 5337 meliora,
1556 5256 1711 5337 majorem
1739 5267 1876 5339 possunt
1901 5259 2004 5324 devo-
