4309 6250
247 524 286 570 nu
307 523 516 572 nucromram
537 525 631 572 sunau
653 523 820 570 rourrrrars
843 523 880 568 er
900 521 1069 569 cumanus
1091 520 1232 580 concurr,
1254 523 1343 570 aram
1364 524 1396 570 n.
1421 542 1461 554 -
1481 525 1551 569 aar.
1576 524 1612 569 ιι,
1647 505 1704 568 591

152 693 261 756 Petrus
277 694 482 777 sequentibus
497 693 646 758 Ecclesiae
661 691 839 774 pastoribus
853 691 942 773 ιιι-Α
996 692 1168 772 Postremo,
1192 692 1223 756 S.
1249 692 1427 756 Bernardus
1450 693 1482 755 in
1506 692 1642 776 epistola
1666 693 1705 756 ad

153 811 188 854 re
216 794 345 856 mandat
374 801 409 856 ιιι
440 793 576 875 quisque
604 811 677 855 eum
706 790 761 872 qui
792 809 900 853 secum
957 789 1134 870 Eugenium
1160 814 1168 852 ι
1195 790 1358 854 Terribilis
1385 792 1518 873 (inquit)
1546 800 1595 854 est
1619 791 1709 854 locus

153 898 201 952 est
221 909 350 972 gregem
370 891 425 954 Dei
446 889 675 974 gubernatione
700 887 835 952 sollicita
855 895 903 950 tu·
957 887 1016 950 iste
1044 889 1076 950 in
1100 907 1164 971 quo
1193 889 1314 970 positus
1339 909 1395 968 es;
1421 890 1511 953 locus
1539 899 1588 952 est
1611 889 1707 969 Petri,

153 997 255 1052 eatur.
957 986 1046 1049 locus
1061 987 1216 1069 principis
1234 988 1468 1069 Apostolorum,
1486 988 1536 1050 cui
1561 988 1711 1067 commis·

193 1086 237 1148 Ex
263 1086 311 1149 bis
336 1087 395 1150 rite
421 1087 559 1168 pensatis
584 1085 803 1166 subtiliterque
832 1103 902 1166 per·
957 1104 991 1147 sa
1019 1093 1067 1148 est
1095 1085 1165 1168 ipsa
1193 1084 1347 1166 Ecclesia,
1374 1095 1409 1148 ut
1437 1106 1495 1151 suo
1524 1086 1707 1168 magisterio

152 1184 282 1266 spartis,
321 1185 495 1248 clarissime
532 1184 621 1266 sequi
657 1183 782 1246 videtur
816 1182 900 1264 quod
956 1183 1063 1246 omnia
1089 1184 1261 1247 collocaret
1285 1193 1421 1248 terrena.
1442 1186 1502 1273 Sed
1525 1193 1558 1249 et
1576 1204 1708 1248 venera-

151 1303 296 1346 summus
320 1283 472 1362 Pontifex,
495 1284 526 1346 id
551 1291 599 1346 est
623 1282 716 1363 Papa,
733 1301 790 1363 per
813 1279 901 1362 prius
957 1281 1029 1344 bilis
1045 1291 1135 1364 pater
1154 1282 1304 1346 dominus
1318 1281 1430 1364 Guig0,
1445 1282 1522 1346 elim
1537 1283 1623 1348 Prior
1642 1302 1708 1346 ma-

151 1402 209 1444 scu
234 1382 335 1464 magis
364 1382 546 1444 immediate
575 1390 606 1444 et
630 1381 748 1444 directe
774 1397 902 1461 compa·
955 1379 1034 1463 joris
1048 1381 1210 1457 Certusiae,
1227 1380 1260 1442 in
1276 1380 1411 1463 epistola
1430 1383 1470 1444 ad
1484 1381 1708 1445 Innocentium

151 1488 240 1542 ratur
253 1481 292 1542 ad
315 1488 412 1543 totam
434 1499 471 1542 ac
493 1479 704 1543 universalem
725 1477 900 1541 Ecclesiam
957 1477 1084 1560 Papam,
1110 1499 1129 1541 a
1152 1498 1216 1560 quo
1240 1489 1432 1561 praeceptum
1446 1480 1546 1562 'pium
1572 1480 1706 1561 accepit,

150 1578 319 1642 collective
334 1587 525 1661 susceptam,
541 1597 636 1660 quam
656 1578 694 1640 ad
716 1595 901 1658 quamcum-
957 1575 1002 1639 sic
1026 1576 1189 1658 loquitur:
1206 1578 1253 1640 Ad
1274 1585 1369 1640 tantae
1384 1577 1551 1657 (videlicet
1571 1578 1708 1661 papalis)

149 1697 213 1759 que
242 1677 464 1760 particularem
493 1677 679 1739 Ecclesiam.
709 1677 786 1752 lmo,
816 1675 900 1756 quod
957 1677 1082 1760 pondus
1095 1676 1290 1740 auctoritatis
1305 1695 1346 1739 ne
1361 1675 1477 1739 mutire
1488 1676 1618 1759 quidem
1634 1697 1710 1760 prae

149 1777 189 1838 ad
216 1775 356 1858 aliquam
382 1775 606 1858 particularem
630 1774 805 1838 Ecclesiam
832 1793 902 1854 spe·
958 1773 1164 1858 sumpsimus,
1182 1794 1223 1837 ne
1237 1794 1336 1857 quum
1351 1774 1379 1836 ei
1395 1793 1458 1838 ncn
1474 1775 1642 1839 obedimus
1657 1776 1710 1838 cui

150 1874 275 1936 cialiter
304 1881 516 1957 comparatur,
548 1873 694 1950 refertur,
724 1872 899 1951 ordinatur,
920 1873 1041 1938 Btotus
1061 1873 1253 1936 commissus
1271 1881 1320 1936 est
1342 1873 1493 1952 mundus,
1510 1893 1583 1937 eum
1605 1873 1709 1936 offen·

150 1992 209 2034 seu
225 1973 376 2050 intuetur,
387 1980 435 2036 est
449 1973 536 2034 velut
551 1991 608 2054 per
622 1971 780 2050 accidens,
791 1979 902 2052 utputa
958 1974 1106 2036 deremus
1120 1991 1139 2033 a
1153 1990 1216 2054 quo
1237 1971 1341 2035 factus
1362 1979 1412 2034 cst
1426 1973 1575 2035 mundus.
1592 1971 1657 2035 Hoc
1677 1981 1709 2036 et

151 2069 579 2151 quoniamomnibussimul
596 2072 716 2146 adesse,
733 2069 902 2151 praesidere
958 2071 990 2136 S.
1019 2072 1197 2134 Bernardus
1225 2073 1264 2134 ad
1292 2071 1471 2152 Eugenium
1500 2070 1616 2153 Papam
1645 2071 1708 2134 fre

151 2189 189 2231 ac
216 2169 382 2250 providere
406 2187 463 2250 per
491 2189 524 2231 se
550 2168 654 2251 ipsum
680 2187 743 2230 non
770 2175 900 2249 potest:
959 2177 1094 2250 quanter
1115 2177 1257 2250 testatur,
1281 2170 1351 2233 Tibi
1372 2169 1549 2252 (inquiens)
1570 2172 1708 2234 mundus

153 2268 221 2331 imo
250 2266 305 2329 alii
335 2267 485 2348 presules
513 2275 544 2330 ει
573 2266 692 2349 praelati
723 2267 755 2328 iu
781 2275 902 2348 partem
959 2277 1008 2331 ast
1022 2268 1238 2346 creditus,tibi
1251 2269 1441 2332 universitas
1456 2276 1505 2331 est
1520 2269 1706 2333 commissa:

38 2389 124 2431 nani.
153 2367 392 2446 sollicitudinis,
419 2367 592 2429 secuudum
622 2385 770 2446 canones,
797 2365 902 2429 vocari
959 2376 1053 2448 prout
1067 2368 1100 2428 in
1117 2368 1215 2450 priori
1230 2367 1312 2431 libro
1326 2367 1452 2450 plenius
1468 2367 1638 2430 introduxi.
1722 2338 1828 2440 1:22³*

30 2465 136 2570 :⁶2³3
153 2464 312 2528 feruntur.
329 2465 416 2539 Quod
438 2473 469 2527 et
483 2465 619 2528 Thomas
641 2483 736 2546 super
754 2472 902 2545 quartum

153 2563 389 2626 Sententiarum
419 2563 570 2641 insinuat,
601 2571 635 2626 ιιι
663 2562 746 2625 infra
774 2563 904 2626 eviden-
1128 2638 1130 2642 ι

153 2664 218 2726 tius
242 2663 411 2726 elucescet.
427 2662 527 2725 Aliter
551 2680 676 2744 quoque
702 2661 811 2724 Petrus
837 2681 900 2725 non
1172 2649 1418 2714 ARTICULUS
1442 2649 1486 2713 Il·

152 2762 269 2824 fuisset
288 2761 401 2870 plenu}
426 2759 543 2870 (ΜΨ
565 2760 715 2823 Vlfflllus·
732 2759 828 2841 culus
848 2779 904 2843 ΟΡ·
958 2791 1006 2849 De
1020 2790 1257 2848 auctoritatcet
1268 2790 1484 2864 praesidentia
1495 2791 1616 2849 sumini
1626 2792 1709 2852 Pon·

153 2859 294 2941 positum
317 2867 413 2922 sentit
426 2859 459 2920 B.
476 2858 621 2940 Cyrrllus,
637 2859 774 2921 dicendo
791 2882 799 2920 ι
816 2858 903 2921 Cbri-
999 2879 1099 2956 ἡμεῖς
1110 2897 1208 2954 ,uper
1218 2887 1317 2938 togam
1328 2880 1504 2938 Ecclesiam
1516 2881 1709 2939 simulsum.

151 2968 222 3020 stus
251 2957 341 3020 Petro
369 2965 400 3020 et
427 2956 507 3019 nulli
537 2957 590 3019 alii
619 2958 703 3039 quod
734 2977 827 3020 suum
856 2966 903 3020 est
994 2977 1151 3043 prumea
1164 2969 1478 3027 dictissummorum
1494 2969 1705 3045 Pontificum.

151 3057 286 3141 plenum
308 3056 406 3119 dedit.
921 3066 942 3129 G

193 3157 289 3220 Porro
311 3157 378 3219 baec
399 3155 506 3218 omnia
527 3175 565 3218 ex
586 3155 691 3218 verbis
707 3156 846 3219 Anselmi
870 3156 902 3218 in
962 3153 1289 3352 OUEMADMODUM
1317 3154 1349 3215 iu
1380 3156 1522 3217 secunda
1545 3156 1706 3237 secundae,

149 3255 289 3337 epistola
303 3255 342 3317 de
352 3254 571 3317 incarnatione
583 3254 677 3317 Verbi
690 3254 806 3317 certius
821 3274 903 3319 com·
1044 3252 1216 3333 quaestione
1240 3252 1419 3333 undecima,
1441 3262 1568 3316 sanctus
1594 3255 1709 3318 [lector
1735 3272 1804 3313 aar
1826 3270 1854 3313 ιι

148 3354 338 3435 probantur.
356 3352 407 3415 Sic
429 3353 549 3415 etenim
573 3352 684 3415 scribit
705 3351 829 3416 Urbano
849 3354 903 3415 Pa·
960 3358 1103 3427 testatur,
1120 3357 1230 3411 contra
1251 3350 1471 3413 auctoritatem
1493 3351 1609 3413 summi
1630 3351 1710 3414 Pon·
1723 3337 1769 3377 ³⁸⁸·

148 3472 200 3533 pae
226 3474 233 3512 ι
256 3450 391 3514 Domino
415 3460 446 3513 et
469 3450 550 3513 Patri
573 3450 729 3514 universae
754 3450 902 3514 Ecclesiae
958 3448 1058 3510 tificis
1083 3448 1190 3510 nullus
1215 3447 1384 3511 Doctorum
1410 3456 1592 3512 sanctorum
1617 3469 1708 3513 suam

147 3551 183 3611 in
216 3558 299 3611 terra
328 3548 571 3631 peregrinantis,
603 3567 727 3611 summo
755 3547 902 3611 Pontifici
959 3547 1122 3629 praesumit
1135 3544 1302 3609 defensare
1316 3546 1518 3610 senteutiam.
1535 3546 1654 3629 Nempe
1669 3548 1708 3610 ad

146 3648 290 3711 Urbano.
317 3646 470 3720 Quoniam
495 3647 603 3710 divina
629 3646 827 3729 providentia
851 3667 904 3709 ve·
959 3644 1048 3707 illurn
1079 3644 1217 3726 pertinet
1250 3643 1439 3709 certificatio
1473 3645 1708 3709 dubitationum

147 3754 251 3808 stram
280 3745 375 3826 elegit
404 3744 620 3825 sanctitatem,
650 3744 702 3807 cui
738 3744 837 3807 fidem
872 3754 903 3807 ει
959 3743 1222 3807 concamentium
1235 3742 1347 3821 fidem,
1363 3752 1396 3805 et
1410 3744 1640 3825 praecipuarum
1655 3745 1709 3807 de·

147 3845 253 3907 vitam
269 3842 474 3905 christianam
497 3842 735 3905 custodiendam
751 3851 782 3904 et
796 3842 903 3905 Eccle-
959 3842 1141 3905 terminatio
1165 3841 1394 3904 difficultatum
1419 3842 1452 3903 in
1478 3862 1525 3905 ea.
1543 3842 1610 3905 Non
1632 3863 1708 3925 ergo

147 3944 234 4006 siam
250 3960 339 4004 suam
354 3942 524 4022 regendam
540 3940 762 4019 committeret,
779 3942 818 4003 ad
833 3942 903 4003 nul·
959 3941 1047 4023 parri
1071 3941 1240 4022 pendenda
1260 3958 1298 4001 ea
1322 3959 1392 4021 quae
1410 3941 1512 4002 sancti
1533 3960 1570 4003 ac
1590 3943 1706 4004 summi

146 4042 220 4103 lum
235 4040 334 4102 alium
351 4040 467 4102 rectius
488 4038 632 4117 refertur,
650 4039 675 4101 si
695 4040 773 4120 quid
793 4048 903 4103 contra
958 4039 1129 4101 Pontifices
1144 4037 1344 4101 concorditer
1358 4038 1606 4102 adstruuntmea
1622 4040 1707 4103 enim

145 4138 341 4203 catholicam
356 4138 452 4199 fidem
468 4138 501 4199 in
512 4136 654 4200 Ecclesia
668 4136 821 4217 oritur,ut
834 4138 902 4219 ejus
959 4138 1107 4201 vanitatis
1137 4136 1268 4217 affectu,
1295 4138 1351 4199 sed
1380 4136 1523 4199 veritatis
1551 4138 1631 4217 zelo,
1657 4140 1706 4201 sui

144 4236 338 4301 auctoritate
360 4235 547 4315 corrigatur,
564 4254 623 4297 nec
650 4234 706 4296 ulli
727 4234 781 4296 alii
803 4236 902 4297 tutius
920 4242 943 4303 l)
959 4236 1166 4301 eminentiam
1187 4234 1349 4317 pontificii
1371 4244 1446 4297 suut
1465 4235 1611 4317 professi.

143 4336 341 4413 ostenditur,
367 4334 394 4395 si
420 4333 497 4415 quid
521 4341 631 4395 contra
659 4352 797 4396 errorem
827 4333 903 4395 seri·
998 4337 1105 4417 ltaque
1119 4333 1302 4397 Bonifacius
1318 4333 1382 4396 Vlll
1396 4334 1429 4395 in
1445 4334 1605 4418 principio
1627 4337 1706 4399 sexti

143 4435 249 4512 bitur,
267 4442 301 4494 ut
315 4433 385 4514 ejus
401 4432 569 4513 prudentia
584 4430 792 4509 examinetur,
806 4451 901 4513 quam
958 4434 1168 4497 Decretalium
1183 4432 1410 4516 prcoemialiter
1424 4433 1707 4498 ait:Sacrosanctae

144 4534 187 4597 ad
211 4550 269 4595 vos
284 4550 443 4593 summum
466 4529 654 4593 Pontificem
672 4554 678 4591 :
696 4540 899 4613 quapropter,
958 4533 1106 4595 Romanae
1127 4530 1278 4593 Ecclesia
1291 4534 1400 4611 (quam
1424 4531 1707 4614 imperscrutabilis

146 4643 184 4696 ut
200 4631 285 4694 nulli
299 4630 428 4711 dignius
443 4648 584 4712 possum,
597 4630 640 4691 ita
655 4629 735 4691 nulli
752 4629 902 4693 libentius
958 4630 1073 4694 diviuae
1088 4629 1297 4711 providentiae
1318 4629 1450 4692 altitudo
1464 4631 1624 4693 universis
1644 4632 1708 4693 dis-

146 4736 344 4815 praesentem
359 4728 525 4810 epistolam
541 4746 635 4808 quarn
654 4736 763 4791 vestrae
778 4728 903 4793 destino
958 4729 1116 4811 positione
1145 4728 1399 4791 incommutabili
1435 4729 1573 4810 praetulit
1598 4730 1707 4793 Eccle-

146 4827 329 4913 sapientiae,
355 4836 512 4908 quatenus
536 4826 562 4887 si
587 4826 663 4907 quid
687 4826 719 4889 in
745 4846 782 4889 ea
806 4828 904 4890 carri·
959 4828 1026 4905 siis,
1049 4836 1081 4890 ει
1104 4828 1200 4891 totius
1228 4827 1315 4890 orbis
1342 4827 1538 4909 precipuum
1561 4828 1706 4891 obtinere

144 4926 294 5011 gendum
316 4934 375 5004 est,
391 4934 496 4989 vestra
517 4944 651 4987 censura
672 4926 855 5007 castigetur,
872 4934 903 4988 ει
958 4927 1058 4991 voluit
1072 4926 1308 5008 magistratum)
1324 4925 1471 5007 regimini
1488 4927 1702 5007 presidentes,

144 5026 240 5110 quod
266 5024 407 5107 regulam
431 5024 573 5087 veritatis
598 5031 694 5101 tenet,
722 5034 826 5087 vestra
849 5044 904 5087 au·
958 5026 1044 5089 curis
1080 5024 1289 5089 sollicitamur
1316 5024 1489 5103 continuis,
1518 5032 1551 5087 ει
1578 5026 1706 5087 assidua

145 5124 299 5190 ctoritate
321 5122 495 5186 roboretur.
511 5122 556 5185 Ex
570 5123 619 5185 bis
642 5122 746 5185 verbis
761 5125 902 5187 Anselmi
958 5124 1162 5187 meditatione
1180 5141 1340 5203 urgemur,
1358 5130 1392 5184 ut
1405 5123 1494 5203 juxta
1507 5124 1634 5185 creditae
1649 5144 1706 5187 nc·

144 5223 291 5309 plurima
315 5222 387 5286 elici
413 5230 544 5305 queunt,
560 5241 630 5304 quae
654 5221 737 5285 infra
759 5223 903 5287 fortassis
958 5221 1007 5287 bis
1034 5220 1282 5303 dispensationis
1315 5221 1474 5300 officium,
1505 5221 1704 5285 subditorum

147 5332 337 5405 tangentur.
959 5322 1134 5385 commodis
1160 5320 1227 5403 jugi
1257 5324 1426 5402 (quantum
1454 5320 1546 5384 uobis
1574 5341 1612 5384 er
1640 5322 1704 5385 alto
