4309 6250
402 525 463 590 260
737 540 857 589 comm
876 539 1046 587 amaron!
1065 537 1238 597 sanonum,
1259 539 1347 587 uranu
1368 541 1388 587 1.
1411 557 1452 571 -
1470 540 1542 587 aar.
1564 540 1610 587 xn

403 711 521 775 riosius
548 710 659 793 nilque
684 708 809 774 beatius
838 717 949 774 exstat.
974 709 1076 784 Quum
1101 728 1150 772 er-
1163 709 1190 773 Α
1204 709 1244 772 be
1270 717 1300 774 te
1326 709 1488 792 paulisper
1510 729 1529 772 u
1554 728 1650 774 sensu
1675 710 1810 791 carnali,
1836 716 1868 773 at
1896 725 1956 791 pro

403 828 443 892 go
472 809 635 873 beatitudo
659 808 715 871 Dei
740 808 782 871 sit
805 807 946 890 perlecta
969 827 1006 871 ae
1040 807 1150 870 inlini·
1206 826 1298 889 posse
1311 808 1477 872 considera
1495 808 1573 889 quid
1594 810 1700 891 potius
1719 811 1758 873 ad
1781 808 1958 892 plenitudi-

404 916 445 985 ta,
463 907 605 970 caritatis
619 925 821 989 nequaquam
842 914 929 970 curet
942 905 1078 968 deliciis.
1096 905 1151 967 Est
1204 924 1278 968 nem
1300 906 1505 971 beatitudinis
1524 906 1580 972 Dei
1600 908 1768 989 pertineat,
1784 905 1863 988 quid
1884 903 1957 967 dul-

402 1025 478 1089 ergo
503 1005 537 1068 in
558 1006 622 1070 beo
642 1024 767 1068 summe
787 1004 937 1087 diligens,
957 1023 1081 1066 summe
1102 1004 1150 1067 di·
1204 1005 1274 1067 cius
1287 1003 1524 1086 jucundiusque
1538 1006 1702 1084 consistat,
1718 1024 1838 1088 ponere
1854 1004 1955 1066 Deum

402 1105 516 1184 lectus,
534 1111 628 1185 atque
649 1103 775 1185 utrique
798 1102 984 1183 plenissime
1010 1101 1149 1165 condile
1204 1101 1319 1180 solum,
1350 1103 1470 1182 ubsque
1497 1101 1577 1166 Pilio
1608 1111 1639 1165 et
1667 1103 1788 1186 Spiritu
1822 1102 1954 1179 Sancto,

402 1209 472 1264 otus
499 1225 506 1262 ι
533 1201 577 1263 ita
600 1201 685 1282 quod
709 1201 793 1263 inter
818 1200 877 1262 has
902 1208 966 1262 tres
995 1199 1148 1263 Personas
1204 1197 1314 1280 sicque
1341 1217 1415 1262 eum
1444 1200 1477 1261 in
1506 1219 1540 1262 se
1572 1199 1644 1282 ipso
1672 1201 1738 1263 suis
1765 1205 1955 1265 contentum

403 1309 452 1362 est
480 1298 800 1382 superardentissima
832 1297 1038 1379 perfectaque
1070 1298 1148 1361 cari·
1203 1297 1336 1375 divitiis,
1353 1315 1393 1359 un
1407 1297 1441 1359 in
1456 1297 1576 1361 unitate
1595 1298 1713 1361 divina
1735 1297 1883 1361 essentiae
1899 1315 1957 1378 po-

402 1405 461 1478 tas,
477 1397 592 1460 intima
605 1397 692 1475 unio,
710 1395 1039 1477 superjuoundissima
1053 1395 1149 1457 intui·
1204 1415 1279 1459 nore
1294 1403 1358 1458 tres
1372 1396 1525 1460 Personas
1540 1397 1727 1478 coequales,
1744 1395 1957 1460 consubstan-

402 1493 807 1576 tio,superdeliciosissima
821 1492 1149 1575 iruitio,complacen-
1204 1492 1295 1555 tiules
1328 1501 1360 1555 et
1392 1501 1564 1557 coaternus
1596 1516 1602 1554 :
1634 1511 1769 1576 quarum
1803 1493 1956 1575 quaelibet

402 1594 447 1657 tiu
469 1611 596 1675 qnoque
621 1592 809 1656 dulcissima
833 1598 865 1653 et
891 1591 1058 1654 immensa.
1082 1592 1149 1666 Quo
1204 1591 1299 1654 alium
1320 1609 1393 1653 cum
1412 1590 1542 1654 infinita
1562 1591 1763 1672 jucunditate
1782 1591 1954 1675 adspiciat,

401 1692 488 1755 enim
516 1711 550 1755 se
579 1691 719 1754 invicem
747 1689 909 1753 ardentius
938 1690 1086 1772 diligunt,
1112 1709 1149 1754 eo
1204 1707 1278 1752 oum
1294 1688 1424 1751 caritate
1439 1689 1597 1750 immensa
1611 1708 1648 1752 ac
1670 1689 1957 1772 superardentissi-

402 1810 435 1853 se
463 1798 574 1853 mutuo
603 1788 779 1871 jucundius
806 1789 983 1869 intuentur,
1012 1788 1150 1851 delectu-
1205 1806 1256 1848 ma
1270 1787 1402 1868 diligat,
1418 1805 1488 1867 quae
1503 1805 1577 1849 eum
1592 1787 1798 1851 interminata
1812 1788 1957 1870 compla-

401 1888 499 1952 bilius
527 1887 735 1971 spiritualiter
762 1887 1009 1969 amplectuntur,
1032 1887 1149 1970 glorio
1167 1887 1310 1953 Boeotia
1331 1893 1441 1948 mutuo
1466 1885 1527 1947 sibi
1549 1885 1780 1968 complaceant,
1797 1894 1893 1968 atque
1920 1905 1956 1949 se

401 1988 531 2070 siusque
560 2006 594 2050 se
627 1986 769 2050 invicem
802 1984 994 2049 eternaliter
1025 1984 1150 2066 perfru-
1205 1984 1344 2047 invicem
1373 1983 1641 2065 superpurissime
1665 1992 1696 2047 et
1724 1984 1958 2066 superdelicio-

400 2094 507 2149 untur.
1205 2081 1330 2144 sissima
1345 2081 1571 2163 perfruantur;
1587 2081 1670 2143 inter
1683 2100 1763 2162 quas
1778 2082 1821 2144 sit
1833 2089 1956 2144 caterua

441 2184 613 2264 Postremo,
649 2182 863 2246 communiter
899 2182 1027 2262 dieitur,
1062 2183 1148 2263 quod
1204 2197 1241 2240 ae
1261 2177 1660 2260 superconvcnientissima
1688 2178 1777 2258 unio,
1793 2177 1890 2260 plenu
1916 2198 1955 2242 aa

401 2281 523 2345 nullius
537 2280 612 2344 boni
627 2280 786 2362 possessio
803 2280 946 2361 jucunda
967 2288 1016 2342 est
1029 2281 1149 2362 absque
1204 2275 1357 2339 naturalis
1377 2276 1570 2340 communio.
1587 2277 1726 2351 Quarum
1746 2277 1791 2340 sic
1812 2286 1860 2339 est
1883 2296 1958 2360 per-

401 2379 563 2443 consortio
580 2400 587 2440 :
607 2396 671 2459 quo
694 2378 779 2456 dato,
808 2378 917 2460 negari
943 2397 1007 2442 non
1033 2379 1149 2460 poterit
1205 2374 1323 2437 sonulis
1348 2373 1522 2454 distinctio,
1548 2381 1583 2436 ut
1607 2373 1709 2437 nihilo
1733 2375 1841 2436 minus
1865 2384 1957 2438 tunm

400 2478 480 2559 quin
503 2476 645 2560 perlecta
668 2476 724 2539 Dei
752 2477 916 2540 beatitudo
940 2495 1148 2558 personarum
1204 2472 1246 2534 sit
1262 2472 1411 2534 intereas
1430 2471 1592 2552 identitas,
1609 2480 1696 2534 tanta
1717 2472 1955 2555 propinquitas,

400 2577 506 2657 exigat
528 2575 714 2653 trinitatem,
737 2575 788 2637 vel
813 2575 926 2638 saltem
950 2574 1146 2637 dualitatem.
1204 2579 1361 2633 uteorum
1377 2570 1496 2633 situnu
1517 2571 1667 2647 essentia,
1684 2589 1748 2633 una
1767 2589 1872 2652 mens,
1888 2591 1957 2634 una

400 2675 461 2737 Sed
475 2681 661 2756 praetactum
680 2691 849 2736 commune
864 2672 998 2735 verbum
1018 2674 1148 2754 quidam
1203 2667 1361 2748 voluntas,
1378 2668 1517 2731 indivisa
1535 2675 1676 2750 potestas
1695 2669 1872 2750 eademque
1887 2689 1958 2732 ma-

399 2772 644 2855 intelligendum
672 2769 839 2834 affirmant
865 2771 904 2833 de
932 2771 983 2835 his
1011 2791 1148 2854 quorum
1201 2767 1300 2848 jestus
1317 2790 1324 2828 ε
1341 2766 1461 2831 idcirco
1480 2765 1564 2830 inter
1585 2785 1639 2830 eas
1660 2765 1820 2831 dissensio
1839 2769 1958 2850 nequit

399 2871 543 2953 operatio
564 2870 599 2932 in
619 2889 653 2933 se
671 2869 752 2951 ipsis
775 2868 964 2950 imperfecta
986 2877 1035 2933 est
1054 2878 1149 2951 atque
1202 2864 1290 2928 oriri.
1307 2865 1393 2927 Inter
1410 2864 1468 2927 bus
1487 2864 1739 2948 supergloriosus
1758 2883 1795 2928 ac
1819 2866 1959 2930 adoran-

399 2969 439 3032 ud
463 2967 551 3031 aliud
575 2968 750 3031 ordinatur.
766 2966 887 3042 Quibus
911 2967 1041 3048 objicio,
1062 2968 1147 3048 quod
1203 2963 1258 3024 dus
1283 2962 1434 3026 Personas
1458 2969 1507 3025 est
1530 2961 1635 3026 omnis
1660 2961 1741 3025 ratio
1769 2971 1888 3027 sanctu
1917 2983 1958 3028 uc

399 3067 483 3131 siout
511 3065 736 3150 imperfectum
760 3065 938 3131 naturalem
966 3065 1148 3131 inclinatio-
1167 3061 1336 3127 Gsincerae
1359 3059 1553 3142 dilectionis,
1569 3060 1722 3124 videlicet
1741 3060 1830 3124 clara
1849 3061 1960 3126 inoes-

398 3184 474 3229 nem
498 3165 629 3228 sortitur
651 3163 691 3227 ad
716 3163 749 3226 id
777 3182 841 3244 quo
866 3164 1075 3247 perficiatur3
1101 3165 1148 3228 sic
1204 3159 1377 3242 sabilisque
1411 3160 1552 3240 intuitio,
1587 3158 1701 3224 intima
1734 3160 1824 3239 unio,
1858 3160 1960 3241 plena

399 3264 479 3345 (imo
493 3270 526 3325 ot
539 3262 641 3326 multo
655 3261 741 3344 plus)
756 3262 789 3325 id
803 3263 889 3344 quod
908 3263 1096 3326 naturaliter
1111 3282 1148 3328 uc
1204 3258 1399 3323 communio.

398 3361 538 3426 totaliter
554 3360 676 3424 bouum
695 3367 754 3440 est,
770 3360 855 3441 quod
877 3360 1093 3424 essentialiter
1111 3380 1148 3424 ac
1243 3358 1386 3439 lienique
1399 3357 1553 3441 quidquid
1572 3357 1717 3423 absolute
1732 3359 1772 3422 de
1791 3359 1854 3423 Deo
1875 3358 1961 3423 dici·

399 3476 716 3523 snmmeamorosnm
731 3460 883 3539 estquod
898 3458 1150 3522 substantialiter
1205 3464 1266 3535 tur,
1282 3457 1343 3520 boc
1365 3455 1467 3519 tribus
1486 3456 1632 3519 Personis
1657 3474 1828 3521 commune
1846 3466 1908 3538 est,
1925 3465 1961 3521 et

399 3556 697 3640 splendidissimum
712 3563 808 3637 atque
825 3555 1020 3621 immensum
1039 3558 1148 3621 lumen
1205 3555 1272 3619 solu
1294 3552 1446 3617 relatione
1467 3554 1709 3636 distinguuntur
1733 3554 1773 3617 ab
1798 3554 1958 3620 invicem.

399 3663 458 3735 est,
481 3654 670 3732 naturalem,
693 3654 759 3718 imo
782 3655 1148 3736 supernaturalissimum
1204 3652 1302 3734 Cujus
1329 3652 1438 3734 utique
1467 3652 1758 3734 superdignissimae
1788 3653 1961 3717 Trinitatis

400 3754 642 3819 inclinationem
656 3754 753 3817 habet
766 3762 803 3817 ut
816 3773 850 3817 se
865 3755 959 3837 plene
974 3754 1147 3835 dillundat,
1205 3751 1348 3834 perlecta
1367 3750 1521 3833 cognitio,
1537 3768 1602 3813 non
1622 3752 1726 3814 solum
1745 3769 1874 3815 omnem
1897 3752 1962 3815 bu-

400 3862 436 3915 ut
459 3852 521 3915 sibi
545 3852 606 3916 soli
630 3851 677 3915 nil
701 3851 863 3934 singulare
888 3861 1039 3935 reservet,
1055 3860 1091 3915 ut
1115 3871 1150 3916 se
1205 3868 1344 3930 manum,
1367 3865 1478 3911 verum
1502 3848 1597 3913 etiam
1621 3866 1750 3913 omnem
1773 3850 1960 3933 angelicam

400 3958 502 4014 totum
516 3949 631 4014 eliluat
644 3949 786 4033 itemque
805 3951 1029 4014 communicet.
1046 3950 1149 4025 Quum
1205 3948 1444 4029 supergreditur
1457 3953 1597 4010 mentem
1612 3946 1646 4009 in
1661 3946 1837 4010 inlinitum.

400 4047 498 4131 igitur
521 4048 604 4111 Deus
628 4047 670 4110 sit
692 4047 889 4129 naturaliter,
913 4048 1053 4113 totaliter
1076 4046 1151 4112 inii·
1244 4046 1306 4109 llas
1320 4046 1449 4109 demum
1463 4045 1603 4111 rationes
1618 4046 1657 4108 ad
1672 4064 1805 4110 summas
1820 4045 1962 4111 Trinita-

401 4147 531 4228 niteque
565 4145 679 4227 bonus,
715 4164 840 4209 summe
873 4153 906 4209 et
939 4147 1151 4211 essentialiter
1205 4144 1246 4207 tis
1260 4144 1481 4227 probationem
1504 4143 1614 4207 induxi
1635 4152 1785 4227 tanquam
1804 4144 1962 4227 probabi-

401 4262 578 4323 amorosus,
607 4244 982 4327 supersplendidissimus
1009 4264 1147 4328 quoque,
1166 4242 1264 4321 illes,
1290 4261 1354 4307 non
1383 4240 1474 4325 quasi
1503 4242 1782 4325 demonstrativas,
1806 4261 1847 4307 ne
1870 4244 1961 4308 aesti-

400 4341 564 4405 etlumen
588 4340 1005 4424 superexuberantissimum
1030 4363 1067 4406 ac
1092 4344 1150 4406 im·
1205 4350 1294 4405 ment
1323 4340 1488 4404 sarraceni
1521 4341 1606 4422 quod
1636 4349 1767 4426 propter
1795 4343 1960 4406 humanas

401 4458 565 4517 mensum3
581 4438 853 4503 naturalissimum
878 4439 939 4503 sibi
961 4448 1010 4503 est
1030 4460 1064 4503 se
1084 4442 1150 4523 ple-
1205 4439 1495 4522 argumentationes
1519 4440 1686 4503 credamus
1713 4440 1889 4504 trinitatem
1917 4441 1959 4504 in

402 4557 443 4601 ne
458 4536 707 4601 communicare.
723 4538 844 4601 bivine
861 4546 985 4620 ergoet
1001 4539 1149 4604 increatae
1205 4540 1280 4617 Deo,
1296 4546 1327 4601 et
1346 4545 1381 4600 ut
1399 4538 1598 4619 perpendant
1621 4539 1707 4619 quod
1730 4539 1959 4605 sacratissimas
1978 4584 1987 4592 -

400 4635 608 4700 beatitudinis
636 4634 801 4717 plenitudo
828 4637 1025 4700 consortium
1052 4638 1150 4721 exigit
1204 4636 1283 4700 fidei
1307 4644 1423 4701 nostre
1449 4637 1489 4699 de
1512 4635 1653 4700 trinitate
1682 4656 1889 4719 personarum
1916 4638 1958 4702 in

401 4742 602 4813 ammarum,
644 4734 1016 4816 supersanctissimarum
1053 4745 1150 4819 atque
1205 4736 1279 4817 Deo,
1295 4735 1433 4800 rationes
1448 4735 1607 4799 naturales
1622 4735 1755 4819 pulchre
1775 4747 1960 4803 consonant

400 4832 571 4918 equalium
591 4832 800 4897 Personarum
817 4857 825 4896 ε
841 4852 906 4898 non
928 4834 968 4898 ob
990 4854 1080 4898 suam
1102 4836 1150 4898 in·
1205 4844 1237 4899 et
1263 4835 1420 4898 alludunt.
1451 4835 1676 4898 Verumtamen
1709 4844 1821 4899 contra
1850 4835 1958 4901 iidem

401 4932 587 5016 digentium,
603 4932 659 4995 sed
677 4931 719 4995 oh
741 4931 1013 4997 interminabilem
1034 4934 1150 4998 exube-
1189 4934 1367 4999 'altissima
1388 4933 1549 4997 Trinitatis
1571 4933 1672 4996 multa
1691 4933 1789 5015 objici
1808 4944 1956 5017 possent,

400 5031 549 5110 rautiam,
575 5029 804 5094 iocunditatem
833 5038 865 5093 et
892 5031 1149 5097 munilicentiam
1205 5040 1237 5099 et
1255 5032 1392 5117 plurima
1410 5032 1475 5096 dici
1493 5040 1625 5115 possent
1642 5033 1682 5096 de
1706 5051 1755 5113 ea,
1772 5053 1844 5117 quar
1862 5034 1898 5098 in
1916 5034 1959 5098 li-

402 5148 492 5195 auam
521 5127 906 5211 superopulentissimam,
936 5137 969 5193 et
997 5130 1149 5213 quoniam
1205 5131 1270 5197 bris
1295 5131 1540 5196 christianorum
1565 5129 1731 5195 doctorum
1756 5131 1877 5196 diliuse
1906 5134 1959 5197 in-

401 5229 482 5293 uibil
497 5226 716 5291 deliciositatis
731 5226 761 5290 ei
776 5234 881 5309 potest
893 5228 1015 5292 deesse.
1205 5232 1425 5308 traducuntur,
1452 5229 1620 5293 solvuntur
1646 5238 1678 5293 et
1705 5230 1919 5313 explanantur
1946 5258 1955 5299 ε

439 5328 573 5405 luteres,
588 5322 645 5407 qui
660 5324 726 5387 huc
742 5323 823 5406 legis
837 5332 893 5389 aut
907 5325 1011 5407 audis,
1029 5326 1149 5391 abstra-
1203 5348 1275 5411 quas
1289 5328 1342 5392 hic
1361 5326 1509 5392 brevitati
1531 5328 1661 5393 studens
1680 5336 1877 5410 pertranseo.
