4309 6250
449 495 510 562 dll
550 515 590 562 nc
611 515 820 562 aucrommra
841 515 936 562 suurn
957 514 1123 561 romrrrcrs
1145 513 1182 558 ar
1202 512 1373 560 cananeus
1393 512 1533 570 conorari,
1556 512 1643 558 arana
1663 512 1707 559 ru.
1731 529 1770 538 -
1792 509 1861 554 aar.
1883 507 1917 554 m

451 694 633 749 sanctorum
649 687 773 748 Patrum
796 687 932 750 decreta.
949 686 1037 749 Unde
1057 683 1196 747 adhunc
1213 682 1428 746 AEcclesiam
1452 701 1548 764 quam
1571 683 1610 744 ad
1635 698 1870 763 quamcumque
1892 678 1985 755 Ecclc

452 805 580 850 sensum
600 805 717 866 negare
738 785 911 848 Romanam
933 784 1198 848 Ecclesiamcsse
1253 780 1333 843 siam
1347 780 1623 863 particularem.Si
1634 780 1722 842 enim
1735 779 1853 843 dicitur
1866 797 1985 859 praessa

451 893 546 966 caput
574 885 716 948 omnium
744 883 968 961 Ecclesiarum,
1000 891 1048 946 θεῖ
1075 881 1200 944 baereti-
1253 880 1426 943 universali
1450 879 1599 943 Ecclesia
1622 879 1774 961 quoniam
1798 886 1908 960 praeest
1932 875 1985 940 cui·

451 1003 537 1061 cum,
568 984 649 1046 sieut
677 1003 792 1064 negare
821 1002 981 1046 summum
1009 981 1198 1046 Pontificem
1254 997 1390 1060 cumque
1418 977 1569 1041 Ecclesiae
1597 977 1793 1060 particulari,
1818 985 1892 1039 tunc
1918 976 1984 1037 ratio

450 1103 520 1148 csso
542 1091 636 1165 caput
651 1081 801 1146 Ecclesiae
819 1107 825 1144 :
844 1083 909 1145 imo
930 1081 1012 1164 Papa
1033 1090 1082 1144 cst
1102 1087 1199 1162 caput
1254 1095 1311 1139 cur
1324 1077 1407 1157 Papa
1421 1077 1540 1139 dicitur
1554 1096 1689 1158 praesse
1708 1075 1880 1138 universali
1893 1073 1984 1137 Eccle

449 1191 481 1246 et
495 1182 637 1266 pontifex
652 1201 794 1244 summus
809 1181 999 1244 universalis
1014 1179 1175 1243 Ecclesiae.
1253 1175 1320 1254 siaa,
1347 1184 1431 1238 esset
1454 1175 1627 1240 auctoritas
1649 1195 1687 1238 ac
1717 1173 1916 1257 praesidentia
1938 1193 1984 1234 sua

491 1280 648 1361 Amplius,
665 1280 750 1344 idem
772 1280 886 1342 asserit
906 1280 1040 1342 doctor:
1058 1278 1198 1340 Romana
1254 1292 1351 1354 super
1383 1292 1618 1356 quamcumque
1645 1272 1867 1356 particularem
1892 1272 1984 1334 Ecclc

450 1379 593 1442 Ecclesia
618 1379 813 1460 premissam
840 1378 952 1458 capitis
977 1377 1197 1439 auctoritatem
1254 1373 1334 1434 siam
1362 1396 1369 1433 ε
1396 1391 1473 1455 ergo
1501 1392 1558 1456 per
1585 1374 1674 1455 prins
1702 1380 1932 1454 compararetur
1950 1371 1982 1432 ad

449 1487 482 1540 θῖ
510 1477 781 1559 praeeminentiam
809 1476 932 1539 obtinet
959 1494 1023 1538 non
1053 1483 1116 1537 tam
1142 1475 1200 1535 bn-
1254 1490 1490 1552 quamcumque
1517 1491 1575 1534 seu
1602 1471 1742 1553 aliquam
1778 1470 1982 1552 particularem

450 1595 544 1639 mana
562 1575 732 1637 traditione
757 1593 851 1655 quam
877 1574 996 1653 divina,
1014 1581 1046 1635 θῖ
1066 1572 1126 1635 boc
1151 1592 1200 1634 ra-
1255 1569 1430 1632 Ecclesiam
1454 1589 1550 1652 qnam
1574 1571 1614 1632 ad
1635 1570 1861 1649 universalem,
1885 1570 1983 1650 magis-

450 1674 536 1736 tione
556 1673 638 1736 Petri
660 1672 793 1754 apostoli
817 1671 929 1734 vicarii
949 1671 1075 1750 Christi,
1093 1678 1125 1733 et
1146 1690 1200 1732 cu·
1255 1688 1316 1749 que
1350 1669 1478 1750 proprie
1505 1669 1665 1732 diceretur
1694 1669 1863 1750 episcopus
1891 1667 1982 1747 cujus·

448 1771 582 1854 juslibct
606 1772 654 1834 sui
685 1771 821 1852 legitimi
851 1769 1056 1848 successoris,
1083 1770 1137 1850 qui
1162 1789 1200 1831 cx
1256 1785 1393 1848 cumque
1422 1787 1479 1830 seu
1504 1768 1642 1849 alicujus
1670 1767 1871 1849 particularis
1891 1765 1982 1828 Eccle

449 1871 564 1935 Christi
581 1870 793 1946 institutione,
811 1869 870 1932 sub
889 1888 926 1932 co
946 1876 1096 1948 tanquam
1111 1868 1200 1950 prin·
1218 1863 1241 1924 Β
1256 1864 1311 1926 siae
1325 1884 1422 1946 quam
1437 1865 1588 1928 Ecclesiae
1602 1865 1803 1942 universalis,
1819 1866 1903 1947 juxta
1916 1861 1982 1926 illud

449 1969 543 2051 cipali
569 1969 684 2050 capite,
701 1976 765 2030 tam
790 1968 938 2031 Romanae
957 1987 1051 2049 quam
1074 1966 1201 2029 univer·
1256 1962 1437 2047 Philosophi
1460 1964 1617 2047 :Propter
1640 1965 1725 2046 quod
1755 1965 1982 2045 unumquodque

450 2068 526 2130 salis
550 2065 700 2129 Ecclesiae
729 2074 824 2148 caput
848 2064 944 2127 luisse
974 2064 1025 2127 vel
1054 2084 1124 2126 csse
1152 2065 1200 2126 di·
1256 2061 1330 2140 tale,
1355 2071 1388 2124 et
1418 2062 1496 2125 illud
1527 2063 1640 2144 magis.
1666 2064 1769 2125 Causa
1789 2081 1911 2144 quoque
1937 2079 1983 2122 seu

450 2165 626 2248 gnoscitur.
1258 2160 1337 2221 ratio
1365 2160 1514 2242 alicuine,
1539 2161 1676 2223 naturali
1701 2161 1814 2224 ordine
1842 2161 1922 2242 prior
1944 2166 1985 2221 est

489 2265 606 2326 lterum
621 2261 666 2325 ait
681 2262 714 2324 in
729 2261 812 2324 libro
828 2269 976 2343 praetacto
994 2260 1080 2324 :Non
1095 2261 1197 2323 solum
1256 2257 1312 2322 illo
1334 2260 1426 2341 cujus
1448 2269 1496 2322 est
1517 2279 1612 2322 causa
1633 2279 1690 2322 seu
1710 2260 1802 2322 ratio.
1817 2260 1892 2339 lmo,
1906 2259 1929 2320 si
1948 2259 1984 2319 ita

449 2362 600 2443 qnaelibet
615 2359 819 2442 congregatio
830 2359 1120 2422 ecclesiasticorum
1135 2379 1199 2421 una
1256 2367 1350 2435 esset,
1377 2357 1460 2440 Papa
1486 2359 1525 2421 ad
1551 2358 1656 2420 minus
1681 2377 1737 2439 pcr
1764 2357 1851 2441 prins
1875 2377 1984 2438 compa·

450 2459 582 2543 speciali
612 2459 732 2522 unitate
761 2466 808 2520 est
830 2459 946 2537 [‚imo
976 2458 1200 2521 ecclesiasticae
1257 2464 1379 2518 raretur
1402 2457 1441 2518 ad
1466 2456 1641 2519 Romanam
1667 2456 1754 2518 illam
1780 2457 1983 2538 particularem

450 2557 712 2639 congregationes
737 2555 855 2618 habent
875 2556 1043 2638 quamdam
1069 2575 1200 2637 genera·
1257 2553 1432 2616 Ecclesiam
1446 2573 1542 2636 qnam
1558 2555 1597 2617 ad
1620 2554 1842 2618 universalem.
1859 2555 1982 2634 Insuper,

449 2657 512 2719 lem
528 2654 733 2732 unitatem,in
748 2661 901 2735 quantum
917 2658 1002 2732 sunt]
1019 2673 1082 2716 una
1095 2654 1200 2716 Eccle
1257 2652 1448 2715 universalis
1469 2651 1611 2715 Ecclesia
1631 2653 1761 2715 divisim
1783 2663 1916 2735 accepta,
1930 2671 1982 2714 non

450 2754 497 2816 sia
523 2753 582 2816 sub
606 2771 670 2816 uno
695 2752 811 2834 capite,
828 2751 952 2814 scilicet
969 2752 1062 2833 Papa,
1080 2751 1131 2813 cui
1151 2752 1199 2812 in·
1256 2759 1304 2815 est
1317 2751 1378 2812 nisi
1395 2751 1471 2832 ipsae
1486 2751 1692 2832 particulares
1707 2750 1856 2814 Ecclesia
1868 2750 1983 2814 seorsim

451 2851 575 2916 cumbit
589 2871 665 2913 cura
679 2850 829 2913 Ecclesia
844 2849 1002 2930 generalis
1020 2873 1026 2912 :
1044 2849 1116 2913 ideo
1130 2849 1199 2930 ipse
1256 2869 1312 2912 sen
1342 2849 1540 2930 conjunctim
1566 2859 1699 2932 sumpta
1720 2875 1728 2912 :
1749 2851 1777 2912 si
1801 2851 1894 2932 igitur
1915 2850 1984 2931 Papa

451 2958 500 3013 θεῖ
523 2948 713 3011 universalis
739 2948 949 3030 dispensator,
976 2955 1126 3027 tanquam
1150 2967 1201 3008 su·
1256 2968 1320 3011 non
1350 2957 1462 3029 praeest
1490 2949 1662 3012 universali
1690 2949 1840 3012 Ecclesia
1866 2948 1921 3010 nisi
1943 2949 1984 3008 di·

451 3067 595 3132 premum
613 3047 790 3109 membrum
807 3045 969 3124 Ecclesia,
985 3045 1128 3107 omnium
1149 3065 1200 3127 ge·
1216 3043 1238 3106 C
1256 3048 1363 3126 visim,
1394 3054 1469 3109 tunc
1499 3067 1555 3129 per
1583 3047 1672 3130 prius
1700 3055 1927 3131 compararetur
1947 3045 1983 3106 ad

451 3148 600 3210 neraliter
627 3146 919 3208 ecclesiasticorum
944 3143 1112 3223 bonorum,
1138 3146 1202 3226 spi·
1257 3146 1464 3228 particulares
1477 3146 1647 3223 Ecclesias,
1665 3166 1721 3209 seu
1736 3146 1775 3209 ad
1791 3146 1919 3227 aliquam
1936 3143 1984 3205 ali-

451 3246 614 3310 ritualium
636 3264 673 3307 ac
697 3243 931 3325 temporalium.
1255 3264 1375 3325 quasve
1399 3263 1518 3324 earum,
1535 3263 1630 3326 quam
1651 3244 1690 3307 ad
1715 3244 1918 3308 universalem
1934 3242 1984 3303 Ec-

493 3343 604 3406 Omnia
620 3343 687 3405 hacc
703 3342 800 3404 verba
815 3350 889 3403 sunt
903 3340 1025 3423 praelati
1040 3341 1199 3404 doctoris:
1256 3342 1397 3404 alesiam.
1415 3343 1503 3405 l'nde
1517 3341 1543 3403 si
1566 3362 1623 3423 per
1643 3342 1732 3423 prius
1746 3349 1935 3424 comparetur
1948 3340 1982 3401 ad

452 3462 490 3505 ex
513 3440 629 3523 quibus
653 3460 690 3502 ca
713 3459 783 3521 quae
806 3439 846 3501 de
872 3440 1122 3519 praeeminentia,
1147 3459 1202 3521 po
1257 3439 1469 3503 universalem
1484 3439 1672 3518 Ecclesiam,
1685 3449 1811 3523 oportet
1823 3440 1901 3522 quod
1914 3458 1984 3502 com-

453 3547 565 3603 testate
581 3558 617 3601 ac
639 3537 840 3619 presidentia
860 3536 981 3599 domini
996 3537 1087 3619 Papae
1106 3556 1203 3618 super
1258 3547 1386 3619 paretur
1400 3538 1439 3600 ad
1455 3556 1525 3600 eam
1541 3537 1719 3601 formaliter
1732 3549 1898 3621 sumptam,
1912 3538 1983 3599 ride

454 3646 551 3702 totam
576 3646 608 3699 et
636 3634 849 3697 universalem
874 3634 1050 3697 Ecclesiam
1075 3636 1200 3717 scripsi,
1258 3637 1332 3699 lieet
1344 3638 1377 3698 in
1392 3645 1546 3718 quantum
1561 3645 1610 3698 est
1623 3636 1826 3715 universalis,
1841 3637 1917 3719 quod
1930 3654 1982 3698 non

454 3736 619 3800 evidenter
633 3734 817 3816 probantur.
834 3732 948 3810 Primo,
965 3734 1116 3814 quoniam
1132 3736 1203 3796 uni·
1258 3742 1308 3798 θεῖ
1328 3734 1389 3796 nisi
1412 3734 1610 3815 conjunctim
1631 3744 1774 3817 accepta.

454 3833 587 3897 versalis
615 3830 757 3894 Ecclesia
786 3830 871 3893 aliud
903 3850 1032 3911 prorsus
1062 3850 1127 3893 non
1155 3841 1204 3895 est
1298 3833 1459 3909 praterea,
1475 3832 1539 3894 nisi
1557 3832 1639 3915 Papa
1658 3842 1809 3914 praeesset
1826 3834 1880 3897 toti
1892 3832 1984 3895 Eccle

455 3951 551 4014 quam
567 3950 629 3993 una
644 3929 748 3992 totalis
763 3928 905 3991 Ecclesia
920 3948 957 3991 cx
973 3930 1122 3992 omnibus
1137 3950 1203 4011 par·
1258 3931 1312 3993 siae
1328 3930 1497 3993 universali
1515 3930 1713 4011 conjunctim
1727 3932 1925 3995 consideratae
1937 3949 1982 3992 sen

455 4026 808 4093 ticularibusEcclesiis
824 4028 1201 4109 congregata,integrata‚
1258 4029 1375 4111 pariter
1402 4036 1548 4109 sumpta,
1577 4048 1689 4091 verum
1716 4048 1782 4092 non
1810 4040 1888 4093 esset
1914 4030 1983 4111 quod

456 4135 616 4205 constans,
642 4126 787 4202 collecta,
815 4124 897 4187 sicut
921 4144 958 4187 cx
982 4126 1090 4187 verbis
1113 4126 1203 4189 Bedae
1258 4126 1391 4189 adstruit
1404 4128 1515 4189 doctor
1535 4126 1695 4208 praelatus,
1712 4128 1848 4191 dicendo
1865 4152 1872 4191 z
1887 4128 1984 4190 Omnes

455 4236 486 4291 et
501 4226 619 4289 Alberti
635 4225 666 4287 in
683 4224 822 4287 secundo
842 4223 1010 4285 tractatulo
1030 4232 1077 4285 est
1100 4234 1204 4287 osten·
1219 4222 1243 4285 D
1259 4224 1483 4287 ecclesiasticas
1498 4226 1760 4307 congregationes
1772 4227 1986 4307 babentqmm·

456 4345 536 4388 sum.
549 4324 636 4386 Unde
651 4330 763 4404 quarto
777 4321 941 4383 Moralium
956 4322 1001 4383 ait
1014 4322 1200 4403 Gregorius:
1258 4324 1330 4384 dam
1346 4322 1525 4403 generalem
1541 4322 1748 4399 unitatem,in
1764 4334 1911 4404 quantum
1925 4330 1985 4383 sant

454 4421 666 4502 Multiplicatae
691 4418 838 4481 fidelium
861 4418 1012 4480 Ecclesiae
1037 4438 1132 4481 unam
1154 4440 1204 4482 ca·
1259 4440 1322 4482 una
1334 4420 1477 4484 Ecclesia
1492 4420 1552 4482 sub
1567 4439 1631 4483 uno
1645 4422 1761 4503 capita,
1773 4422 1894 4485 scilicet
1906 4422 1984 4503 Papa.

455 4520 606 4583 tholicam
622 4520 666 4599 (id
683 4526 731 4579 est
752 4516 981 4593 universalem)
995 4516 1153 4580 efficiunt.
1171 4518 1202 4579 Si
1258 4516 1345 4579 lianc
1359 4518 1479 4599 quippe
1500 4517 1692 4598 generalem‘
1701 4518 1855 4581 unitatem
1876 4518 1930 4580 sub
1942 4517 1986 4578 Pa-

455 4638 532 4682 vero
554 4618 688 4693 dicatur,
706 4615 789 4677 sicut
803 4633 889 4677 nnnc
910 4615 1039 4695 quidam
1063 4634 1205 4678 commu·
1258 4635 1299 4698 pa
1314 4636 1371 4677 seu
1386 4635 1443 4697 per
1456 4615 1726 4697 comparationem
1741 4625 1774 4680 et
1788 4617 1985 4680 mdnctioncm

455 4718 539 4779 niter
552 4712 766 4794 dicunt,quod
782 4712 863 4793 Papa
879 4730 935 4793 pro
951 4719 1037 4776 tanto
1052 4714 1205 4777 asseritur
1258 4714 1297 4776 ad
1326 4714 1445 4796 ipsum,
1471 4732 1536 4776 non
1558 4712 1678 4776 babent
1700 4714 1762 4776 nisi
1790 4715 1824 4776 in
1850 4724 1985 4797 quantum

454 4812 628 4878 universali
645 4830 780 4894 praesse
796 4809 955 4885 Ecclesias,
973 4810 1124 4891 quoniam
1138 4813 1203 4875 cui·
1258 4812 1456 4893 conjunctim
1480 4832 1536 4875 seu
1560 4810 1654 4873 simul
1679 4811 1730 4875 vel
1759 4814 1922 4877 collective
1945 4831 1988 4873 su·

454 4932 592 4995 cumque
616 4909 798 4993 particulari
822 4908 970 4972 Ecclesiae
995 4918 1130 4991 praecst3
1150 4931 1204 4973 vc·
1258 4920 1388 4974 muntur
1412 4933 1420 4971 ι
1444 4909 1574 4972 divisim
1602 4929 1741 4991 namque
1768 4921 1914 4994 accepta,
1939 4912 1988 4971 bu·

454 5034 525 5077 rum
554 5028 618 5073 non
647 5017 730 5071 esset
763 5008 847 5088 quod
877 5007 985 5069 Petrus
1020 5008 1109 5088 prius
1142 5008 1203 5071 luit
1256 5008 1434 5089 juscemodi
1462 5008 1642 5089 generalem
1671 5010 1827 5073 unitatem
1855 5030 1914 5074 non
1944 5009 1988 5070 ba-

453 5114 622 5193 episcopus
643 5106 831 5169 universalis
854 5105 1002 5168 Ecclesiae
1026 5125 1120 5187 qnam
1146 5106 1203 5168 ali·
1256 5105 1333 5168 bent
1355 5107 1414 5168 sub
1437 5106 1530 5187 Papa,
1546 5126 1606 5169 nec
1628 5127 1692 5169 una
1713 5108 1773 5171 sub
1794 5109 1863 5191 ipso
1881 5113 1987 5171 exstant

453 5211 545 5291 cujus
560 5205 710 5270 Ecclesiae
726 5204 938 5285 particulariS,
955 5203 1039 5284 quod
1055 5204 1131 5265 item
1148 5205 1202 5267 Pa·
1256 5205 1410 5268 Ecclesia,
1438 5205 1524 5268 Unde
1548 5206 1595 5268 sic
1618 5206 1708 5287 argui
1734 5216 1839 5288 potest
1864 5232 1871 5269 :
1894 5204 1985 5269 Omni-

452 5328 494 5393 pa
512 5326 569 5388 per
590 5304 678 5388 prius
704 5310 904 5384 comparatur
922 5302 960 5363 ad
983 5301 1198 5365 universalem
1256 5303 1315 5366 bus
1334 5302 1559 5367 ecclesiasticis
1579 5304 1877 5385 congregationibus
1892 5301 1983 5386 prasi-
