4309 6250
463 534 525 600 ate
797 543 1295 609 comsramreruuuunourr1‚
1317 545 1405 592 urana
1426 545 1447 592 1.
1471 563 1512 576 -
1533 545 1604 592 aar.
1626 545 1672 592 111

466 721 621 805 sapientia
647 721 747 785 Patris
775 729 833 800 est,
860 720 922 785 froc
949 719 984 782 in
1012 718 1128 796 Verbo,
1155 735 1211 780 seu
1227 716 1253 778 A
1267 714 1441 779 milationis
1465 714 1692 798 proprietatem
1715 711 1920 796 progreditur.
1933 709 1994 772 Por

465 821 557 900 uilio,
572 829 723 902 tanquam
743 820 775 883 in
799 817 930 901 speculo
951 826 1046 898 atque
1071 814 1212 897 imagine
1267 831 1302 876 ro
1317 812 1491 877 voluntatis
1511 813 1665 894 perfectio
1680 820 1730 876 est
1743 819 1778 874 ut
1792 810 1897 873 tendat
1909 810 1938 871 in
1950 827 1994 872 vo

467 919 562 1001 plene
598 917 790 1002 resplendet.
819 916 944 979 Idcirco
975 915 1128 991 Verbum,
1157 930 1214 975 seu
1267 909 1371 988 litum,
1388 919 1420 973 et
1440 910 1567 972 uniatur
1588 918 1693 974 amate
1716 929 1754 972 ac
1779 907 1946 990 requiescat
1967 907 1992 968 iu
2104 906 2105 990 l

323 1035 451 1088 nauata
467 1016 652 1099 unigenitus
678 1016 779 1079 Filius
807 1015 874 1092 Dei,
904 1021 1036 1077 vocatur
1063 1010 1215 1094 splendor
1267 1027 1316 1072 eo.
1339 1009 1441 1082 Quum
1464 1026 1541 1090 ergo
1570 1007 1706 1090 Spiritus
1732 1007 1866 1070 Sanctus
1888 1024 1923 1068 ex
1943 1023 1993 1066 una
2104 1007 2105 1090 ι

320 1097 452 1154 ⁸⁰¹³·'¹¹·²⁸·
467 1114 588 1197 gloriae,
603 1114 708 1197 imago
722 1122 754 1176 et
768 1113 935 1195 speculum
949 1111 1006 1174 Dei
1020 1109 1131 1172 Patris.
1268 1105 1366 1168 Patris
1385 1125 1422 1170 ac
1443 1105 1514 1169 lilii
1534 1105 1697 1170 voluntate
1720 1104 1865 1187 spiretur,
1881 1121 1938 1166 non
1956 1121 1993 1165 se
2104 1159 2105 1182 ,

507 1211 601 1275 Porro
615 1211 754 1275 Verbum
772 1211 835 1274 boc
857 1209 1038 1272 necessario
1058 1214 1107 1269 cst
1125 1211 1215 1270 aeter
1268 1205 1407 1266 cundum
1436 1204 1663 1287 pmprietatem
1698 1201 1924 1279 similitudinis,
1949 1201 1992 1262 sed
2104 1215 2105 1264 3

349 1321 358 1337 ·
467 1329 544 1372 num
561 1333 569 1371 :
584 1309 657 1391 quia
675 1309 806 1371 divinus
825 1306 1019 1385 intellectus,
1036 1305 1215 1368 incommu-
1268 1302 1444 1364 secundum
1465 1303 1621 1365 rationem
1641 1301 1812 1365 tendentia
1832 1307 1864 1363 et
1881 1298 1993 1362 inclina·
2104 1339 2105 1358 ι

465 1407 572 1471 tabilis
591 1414 650 1488 est,
666 1425 793 1489 semper
810 1405 846 1468 in
865 1412 950 1483 actu,
967 1423 1065 1486 seque
1083 1414 1214 1470 aetama-
1268 1400 1363 1463 tionis
1382 1400 1416 1462 iu
1439 1400 1575 1463 alterum
1598 1399 1738 1464 effluens
1759 1418 1797 1462 ac
1818 1397 1992 1482 procedens3
2104 1405 2105 1450 ι

466 1505 538 1569 liter
560 1505 688 1568 intuens
712 1523 750 1568 ac
773 1504 896 1567 dicens.
916 1503 972 1566 Est
999 1521 1127 1584 quoque
1151 1505 1213 1569 hoe
1268 1497 1388 1562 idcireo
1412 1515 1476 1562 non
1501 1497 1602 1577 filius,
1629 1498 1685 1562 sed
1710 1515 1801 1561 amor
1825 1505 1857 1560 et
1879 1495 1993 1578 Spiritus
2104 1503 2105 1572 ζ

465 1604 604 1667 Verbum
622 1601 893 1666 consubstantiale
912 1601 1136 1682 coaequaleque
1159 1602 1213 1665 Pa·
1266 1595 1327 1658 rite
1342 1603 1484 1659 vocatur.

465 1700 505 1765 tri
523 1724 530 1764 ι
546 1702 622 1782 quia
646 1721 666 1764 a
692 1701 792 1763 Patris
822 1699 999 1762 substantia
1030 1699 1213 1764 immediate
1306 1692 1479 1774 Postremo,
1508 1693 1656 1775 quamvis
1687 1692 1723 1757 in
1751 1690 1841 1754 nulla
1871 1697 1993 1754 ereatura

463 1799 662 1882 producitur,
687 1817 753 1862 non
780 1817 839 1880 per
865 1805 973 1862 actum
1002 1797 1086 1860 inter
1113 1797 1213 1862 Patris
1267 1790 1447 1855 inveniatur
1461 1792 1652 1856 beatissima
1667 1790 1828 1854 Trinitatis
1843 1787 1992 1852 similitudo
2104 1795 2105 1862 l

463 1897 673 1960 substantiam
687 1904 720 1959 et
733 1895 839 1978 ipsum
850 1895 989 1958 Verbum
1004 1895 1210 1959 mediantem.
1226 1894 1250 1957 B
1266 1889 1418 1971 perfecta,
1432 1890 1533 1954 nihilo
1548 1890 1655 1953 minus
1670 1890 1703 1952 in
1718 1888 1806 1954 omni
1822 1895 1892 1952 ente
1905 1895 1992 1949 creato

462 1995 502 2057 Εῖ
514 1993 669 2076 quidquid
684 1993 782 2056 Patris
797 2001 856 2073 est,
873 1991 1028 2074 quidquid
1043 1992 1213 2073 perfectio-
1267 1988 1423 2068 reperitur
1447 1988 1553 2069 aliqua
1574 1989 1645 2069 ejus
1671 1986 1992 2068 representatum
2104 1999 2105 2052 ἕ

461 2092 514 2154 nis
533 2092 566 2155 in
591 2092 681 2154 Patre
701 2099 761 2172 est,
777 2091 837 2154 hoo
859 2097 962 2153 totum
983 2089 1018 2151 in
1039 2089 1119 2154 Filio
1144 2099 1213 2154 tan-
1267 2084 1376 2148 sertim
1394 2085 1428 2148 in
1448 2085 1593 2150 rationali
1613 2092 1645 2149 et
1663 2083 1871 2148 intellectuali
1891 2090 1992 2146 creatu

461 2209 558 2271 quam
587 2190 622 2252 in
649 2188 787 2252 naturali
816 2187 963 2271 splendet
991 2187 1143 2270 imagine,
1168 2190 1212 2252 ita
1266 2203 1310 2245 ra.
1333 2183 1419 2246 Unde
1444 2185 1477 2247 in
1501 2184 1609 2247 anima
1634 2182 1781 2246 rationali
1805 2190 1888 2264 sunt,
1906 2199 1991 2260 mens,

461 2289 545 2369 quod
560 2295 626 2352 tota
645 2287 770 2350 deitatis
791 2285 956 2368 plenitude
976 2286 1158 2349 continetur
1176 2285 1210 2349 in
1266 2280 1387 2362 notitia,
1413 2300 1524 2345 amor:
1551 2281 1665 2346 notitia
1689 2287 1796 2344 autem
1824 2278 1993 2362 procedite
2104 2277 2105 2366 l

460 2383 541 2447 llilio
557 2406 565 2446 t
582 2404 656 2447 nam
677 2383 768 2446 Pater
788 2401 846 2466 per
863 2382 1102 2464 generationem
1125 2401 1211 2446 eom·
1265 2387 1383 2457 mente,
1400 2398 1489 2443 amor
1503 2398 1579 2443 vero
1593 2380 1633 2442 ab
1648 2387 1792 2460 utraque.
1809 2377 1886 2442 ltem
1899 2375 1930 2439 in
1942 2394 1993 2440 om·
2104 2375 2105 2406 r

460 2481 603 2544 municat
615 2481 696 2544 Vilio
711 2489 808 2544 totam
828 2498 919 2542 suam
938 2479 1121 2542 essentiam.
1138 2479 1210 2543 Pro·
1265 2477 1298 2539 ni
1314 2485 1458 2540 creatura
1473 2487 1557 2558 sunt,
1574 2496 1656 2558 esse,
1671 2495 1766 2560 posse
1780 2483 1814 2539 et
1834 2494 1934 2558 agere,
1948 2492 1993 2536 seu

348 2601 432 2647 rme.
460 2588 532 2661 pter
544 2580 629 2660 quod
644 2580 744 2642 Filius
759 2579 900 2661 loquitur
914 2577 1086 2640 Patri2llea
1101 2579 1209 2642 omnia
1264 2576 1415 2654 essentia,
1431 2575 1573 2659 petentia
1593 2583 1626 2639 et
1642 2575 1785 2657 operatio
1803 2597 1811 2636 ε
1829 2583 1993 2654 certumque

312 2667 444 2770 {14¹2}ss
460 2684 514 2739 tua
528 2686 613 2757 sunt,
629 2685 661 2739 et
676 2686 729 2740 tua
743 2695 814 2739 mea
833 2683 922 2755 sunt3
939 2695 1112 2757 rursusque
1130 2699 1136 2738 :
1154 2677 1208 2739 Pa·
1264 2680 1312 2734 est
1330 2674 1416 2756 quod
1435 2692 1529 2755 posse
1549 2672 1632 2736 fluat
1648 2673 1690 2735 ab
1710 2691 1792 2750 esse,
1810 2681 1842 2735 et
1860 2690 1946 2754 agere
1962 2669 1993 2731 ab

395 2759 402 2780 ’
459 2783 508 2838 ter
521 2794 612 2837 meus
627 2776 711 2856 quod
726 2775 814 2837 dedit
828 2774 920 2852 mibi,
938 2774 1042 2854 majus
1057 2773 1207 2837 omnibus
1264 2779 1406 2853 utroque.
1423 2771 1458 2834 ln
1473 2773 1560 2836 omni
1579 2772 1675 2835 etiam
1690 2780 1835 2835 ereatura
1855 2779 1935 2849 sunt,
1950 2787 1994 2830 ua-

458 2882 518 2955 est,
539 2882 651 2956 utputa
675 2872 785 2936 divina
806 2873 956 2935 essentia.
979 2873 1066 2934 Unde
1089 2871 1207 2936 ibidem
1263 2878 1343 2948 tura,
1371 2871 1493 2952 species
1517 2879 1549 2933 et
1572 2871 1670 2948 ordo;
1697 2871 1774 2932 item
1800 2873 1887 2950 quod
1908 2877 1948 2928 est
1968 2873 1994 2928 et

338 2993 398 3040 rosa.
409 2997 443 3040 ac.
458 2990 530 3036 mox
552 2971 660 3035 subdit
676 2994 683 3033 :
699 2971 766 3054 Ego
791 2979 823 3034 et
843 2970 935 3033 Pater
956 2989 1056 3033 unum
1080 2990 1202 3035 sumus.
1263 2989 1325 3049 quo
1340 2979 1398 3040 est,
1413 2977 1445 3032 et
1458 2968 1623 3033 amborum
1643 2967 1810 3032 connexio·
1828 2968 1952 3044 Rursus,
1966 2965 1993 3026 in

497 3069 660 3150 Praeterea,
691 3070 775 3134 sicut
802 3069 884 3132 Deus
912 3068 1003 3131 Pater
1036 3088 1070 3132 se
1099 3068 1242 3152 ipsumC
1263 3067 1358 3130 rebus
1386 3066 1500 3131 creatis
1529 3068 1674 3149 quadam
1708 3063 1992 3130 communicantia

457 3167 598 3249 perfecte
626 3167 788 3248 intelligit,
815 3167 858 3228 ita
882 3185 1008 3248 quoque
1037 3185 1071 3229 se
1099 3167 1205 3249 ipsum
1262 3173 1374 3227 natura
1398 3166 1558 3247 generice,
1579 3174 1615 3227 ut
1638 3166 1745 3243 homo,
1763 3166 1814 3228 leo
1839 3173 1871 3227 et
1894 3182 1992 3244 equus,

457 3265 599 3346 perfecte
613 3265 683 3328 vult
696 3273 728 3327 et
742 3264 858 3346 diligit.
867 3263 959 3326 Pater
971 3282 1048 3346 ergo
1063 3273 1095 3327 et
1108 3265 1205 3328 Filius
1261 3263 1294 3325 in
1309 3262 1439 3326 animali
1453 3287 1461 3342 ;
1477 3263 1621 3346 quaedam
1638 3282 1712 3327 vero
1727 3262 1761 3325 in
1780 3271 1893 3326 natura
1907 3260 1994 3343 speci-

457 3382 491 3425 se
516 3363 656 3426 invicem
682 3361 935 3443 contemplantes
960 3381 997 3424 ac
1020 3361 1203 3444 diligentes,
1260 3360 1335 3441 fica,
1349 3369 1384 3423 ut
1397 3361 1460 3423 duo
1475 3361 1614 3425 bominis
1630 3359 1805 3424 individua.
1819 3360 1888 3423 Non
1902 3368 1993 3422 summ

456 3478 494 3522 er
509 3460 682 3539 voluntate,
700 3479 770 3541 quae
785 3459 819 3520 in
834 3460 881 3521 eis
896 3459 1051 3522 ambobus
1066 3468 1115 3522 est
1130 3480 1203 3540 una,
1261 3458 1468 3521 inveniuntur
1492 3459 1526 3521 in
1546 3458 1700 3523 creaturis
1725 3458 1818 3540 plura
1846 3456 1994 3540 supposita

455 3576 597 3621 amorem
610 3559 782 3640 quemdam
797 3557 986 3638 producunt,
999 3558 1054 3639 qui
1068 3557 1205 3639 Spiritus
1261 3556 1295 3619 in
1318 3556 1434 3639 quibus
1458 3556 1500 3619 sit
1525 3576 1588 3619 una
1611 3574 1745 3620 numero
1770 3556 1928 3633 essentia;
1947 3553 1994 3615 sed

455 3655 589 3718 Sanctus
617 3663 770 3733 vocatur3
801 3662 911 3735 estque
945 3654 1044 3717 Patris
1073 3662 1106 3717 εῖ
1132 3656 1204 3718 Filii
1260 3654 1321 3718 hoc
1336 3654 1370 3717 in
1385 3654 1530 3719 Creatore
1545 3662 1593 3716 est
1607 3653 1784 3737 proprium,
1798 3672 1818 3715 a
1832 3653 1922 3734 cujus
1934 3670 1995 3734 per

455 3752 662 3815 dulcissimus
695 3771 807 3832 nexus,
838 3752 1205 3833 superjacundissimum
1260 3751 1344 3817 fecta
1367 3751 1542 3816 imitatione
1567 3750 1663 3814 distat
1685 3758 1718 3815 et
1740 3750 1852 3814 delicit
1880 3748 1996 3812 infinite

455 3851 602 3913 osculum
633 3858 666 3913 et
698 3859 835 3914 aeternus
868 3849 1063 3930 complexus,
1093 3859 1205 3933 estque
1260 3850 1365 3911 omnis
1380 3858 1486 3913 creata
1501 3849 1654 3912 essentia.

455 3948 549 4012 tertia
572 3948 606 4011 in
631 3947 896 4030 superbenedicta
919 3946 1072 4011 Trinitate
1098 3948 1206 4011 Perso-
1299 3948 1344 4011 Ex
1367 3947 1551 4030 praehabitis
1577 3946 1748 4011 innotescit
1770 3964 1867 4029 quam
1891 3946 1996 4008 irrere

455 4066 497 4109 na
514 4071 521 4109 :
539 4048 594 4127 qui
614 4046 750 4129 Spiritus
770 4046 916 4125 Sanctus,
932 4053 981 4110 est
994 4065 1089 4108 verus
1109 4047 1203 4125 Deus,
1261 4054 1377 4125 renter,
1393 4046 1540 4128 imperite
1559 4064 1596 4108 ac
1617 4045 1748 4125 ruditer,
1765 4052 1831 4107 tam
1851 4044 1997 4107 blabomet

455 4154 605 4222 aeternus,
634 4144 822 4222 immensus,
848 4142 1000 4226 quoniam
1028 4163 1117 4208 amor
1144 4144 1204 4208 istc
1260 4163 1355 4225 quam
1381 4144 1451 4225 ejus
1473 4163 1627 4226 sequaces
1652 4144 1691 4206 de
1715 4144 1778 4207 Dec
1800 4143 1897 4205 locuti
1920 4148 1993 4217 sunt,

456 4244 646 4306 minorasse
660 4260 725 4305 non
741 4249 845 4322 potest
858 4260 954 4323 quam
970 4242 1012 4305 sit
1025 4243 1204 4307 amabilitas
1220 4250 1244 4312 [ι
1260 4241 1394 4305 dicendo
1418 4264 1425 4303 :
1448 4242 1529 4303 Deus
1559 4260 1689 4305 uxorem
1713 4258 1779 4304 non
1801 4240 1924 4321 babuit,
1945 4256 1995 4300 nec

455 4350 488 4403 et
501 4338 735 4422 complacentia
748 4338 848 4401 Patris
862 4358 900 4401 ac
914 4339 997 4402 uitii.
1260 4338 1366 4401 filium
1379 4363 1386 4402 ι
1398 4338 1488 4421 quasi
1504 4338 1664 4421 quispiam
1679 4337 1927 4401 Christianorum
1940 4346 1995 4398 tam

495 4438 639 4520 Insuper,
655 4437 793 4499 Verbum
814 4436 868 4499 Dei
884 4437 983 4499 Patris
1002 4446 1088 4501 recte
1107 4439 1204 4502 Filius
1260 4437 1380 4499 delirus
1395 4446 1426 4500 et
1441 4437 1574 4500 stolidus
1588 4437 1639 4517 sit,
1652 4445 1688 4499 ut
1702 4436 1862 4499 carnalem
1877 4436 1995 4515 ueoge

454 4535 525 4617 ejus
536 4534 760 4615 vocatur,quia
774 4553 832 4616 per
843 4534 1063 4598 similitudinis
1074 4537 1204 4599 modum
1260 4536 1457 4599 nerationem
1473 4535 1634 4598 attribuat.

454 4632 716 4717 producitur.Est
729 4632 816 4693 enim
830 4633 989 4697 emanatio
1004 4633 1201 4697 intellectus:

455 4730 610 4815 perfectio
625 4748 699 4794 vero
714 4729 907 4809 intellectus,
924 4730 958 4792 in
977 4731 1204 4795 assimilatione
1459 4742 1704 4807 ARTIGULUS
1726 4743 1804 4807 ΧΠ,

456 4829 502 4892 rei
527 4827 697 4892 intellectae
720 4827 760 4889 ad
787 4826 1019 4908 intelligentem
1044 4829 1201 4893 censistit.

454 4929 557 5003 Quum
578 4945 654 5008 ergo
675 4927 715 4988 de
737 4926 860 4988 ratione
880 4924 944 4987 filii
969 4926 1012 4988 sit
1032 4935 1066 4988 ut
1092 4946 1205 4990 secun-

455 5029 532 5089 dum
554 5025 692 5088 formam
718 5022 937 5086 similitudinis
962 5043 1000 5086 ex
1028 5026 1204 5089 substantia

454 5123 637 5207 generantis
669 5129 806 5211 emanet,
836 5122 950 5185 merito
978 5122 1117 5186 Verbum
1150 5124 1204 5187 Dei
1325 5122 1472 5201 ONlTAS,
1489 5121 1822 5186 communicabilitatis
1844 5123 1933 5205 origo
1954 5127 1994 5183 est

455 5221 555 5298 Patris
570 5220 754 5302 unigenitus
767 5218 866 5281 Filius
880 5218 951 5299 ejus
966 5228 1108 5299 vocatur,
1126 5240 1204 5303 quo-
1333 5229 1365 5284 et
1378 5219 1561 5283 diffusionis
1576 5220 1784 5302 principium3
1796 5220 1942 5284 similiter
1955 5236 1995 5281 ca·

455 5320 543 5382 niam
564 5338 602 5381 ea
623 5317 722 5379 Patris
742 5315 908 5380 intellectu
929 5319 1104 5383 secundum
1126 5319 1204 5382 assi·
1261 5319 1348 5399 ritas,
1364 5318 1503 5400 itemque
1528 5317 1714 5386 liberalitas.
1730 5318 1832 5393 Quum
1850 5337 1928 5401 ergo
1947 5313 1993 5379 Dei

1302 4875 1459 4935 Rationes
1465 4874 1649 4948 probabiles
1663 4876 1750 4952 quod
1765 4876 1800 4933 in
1811 4876 1877 4935 Deo
1888 4894 1957 4933 cum

1259 4964 1388 5023 unitate
1402 4964 1548 5021 esseutiae
1562 4963 1606 5021 sit
1625 4964 1763 5022 trinitas
1773 4980 1994 5038 personarum.
