4309 6250
469 472 529 539 428
788 498 906 547 nonunt
926 498 1093 545 Pnfflbtxtt
1114 494 1284 555 nanctum,
1305 498 1393 545 Llllllll
1414 498 1456 544 tv.
1477 516 1519 529 ···
1537 500 1608 547 ΛΒΤ.
1630 500 1687 547 1lll

469 652 528 729 est.
544 668 619 731 lude
634 669 808 752 depositus,
826 670 857 732 iu
873 690 999 734 carcere
1014 670 1141 732 clausus
1155 676 1214 747 est,
1230 671 1254 731 Α
1270 688 1429 752 campum,
1447 678 1482 731 ut
1496 670 1604 734 aleris
1619 691 1655 733 ac
1671 670 1784 734 avibus
1798 672 1985 734 devoraretur.

471 766 504 830 in
526 786 589 849 qno
610 767 750 830 Christus
772 768 801 832 ei
825 767 981 850 apparuit.
998 766 1138 829 Tandem
1163 767 1217 828 de-
1270 768 1382 850 rlngeli
1410 788 1486 832 vero
1514 768 1590 832 illud
1620 771 1847 833 custodierunt.
1874 770 1943 832 Nam
1965 779 1988 831 et

471 865 617 946 collatus,
640 874 735 948 caput
760 866 897 949 propriis
928 865 1075 928 manibus
1101 865 1213 945 erexit,
1270 867 1338 930 avis
1358 867 1503 930 voracior
1521 869 1648 947 ceteris,
1664 869 1743 931 alias
1757 888 1833 930 aves
1851 888 1885 930 ac
1899 868 1988 950 lupum

471 972 565 1046 atque
584 965 722 1047 perduc
747 963 899 1027 milliaria
918 981 1019 1044 usque
1043 964 1083 1026 ad
1108 963 1214 1027 locum
1269 965 1404 1027 asancti
1423 966 1566 1047 corporis
1584 966 1690 1049 abegit
1708 974 1865 1030 contactu.
1880 966 1990 1040 Quoco

471 1065 504 1127 in
530 1083 593 1147 quo
622 1063 763 1145 sepultus
792 1070 841 1126 est
868 1062 950 1126 tulit.
977 1063 1065 1124 Tunc
1095 1061 1214 1123 ibidem
1269 1064 1370 1145 guito,
1386 1064 1541 1126 Decianus
1556 1064 1645 1145 qnasi
1660 1083 1770 1127 amens
1785 1062 1990 1141 ellectus,ccr-

470 1164 503 1226 in
529 1181 601 1226 aere
627 1162 836 1225 audiebantur
859 1160 1004 1224 melodiae
1027 1160 1214 1242 augelorum
1269 1162 1471 1244 pus,ingenti
1488 1182 1563 1226 saxo
1577 1163 1606 1225 ei
1623 1162 1806 1243 alligato‚in
1821 1162 1895 1224 mari
1909 1164 1990 1243 mergi

468 1262 673 1325 dulcissimae.
698 1261 755 1323 llic
780 1260 978 1323 beatissimus
1005 1266 1133 1340 martyr,
1160 1258 1215 1321 do·
1270 1260 1431 1343 praecepit.
1448 1260 1508 1323 Sed
1523 1262 1683 1324 revelante
1702 1261 1733 1324 S.
1750 1261 1991 1338 Vincentiqasr-

468 1368 537 1423 ctcr
562 1368 593 1421 et
617 1360 742 1440 praesul,
764 1357 1031 1441 profundissimos
1055 1357 1155 1420 edidit
1178 1357 1214 1420 li·
1269 1358 1393 1420 delibus
1407 1366 1455 1421 est
1473 1359 1638 1421 inventum
1658 1378 1696 1421 ac
1714 1359 1822 1423 debita
1840 1358 1990 1422 veneratio

468 1450 542 1523 bros
560 1460 599 1521 de
619 1477 743 1520 summa
761 1456 923 1533 Trinitate,
940 1457 979 1519 de
999 1475 1061 1518 una
1081 1476 1118 1518 ac
1140 1456 1215 1517 sim·
1269 1475 1310 1518 ne
1331 1456 1503 1539 sepultum.

468 1557 542 1639 plici
566 1557 697 1636 Deitate,
724 1557 763 1619 de
788 1554 931 1637 angelica
961 1554 1148 1632 hierarchia,
1174 1555 1214 1616 dc
1308 1555 1390 1617 Ecce
1418 1573 1512 1636 quam
1541 1555 1698 1618 horrenda
1726 1556 1882 1638 supplicia
1906 1555 1990 1617 sancti

468 1655 600 1738 mystica
620 1654 789 1735 theologia,
805 1654 938 1734 aliisque
959 1652 1096 1716 diversis
1117 1661 1214 1715 mate·
1236 1648 1246 1661 '
1269 1662 1421 1737 martyres
1449 1673 1507 1736 pro
1531 1654 1644 1716 Christi
1672 1653 1738 1718 lide
1762 1655 1898 1737 perpessi
1920 1662 1990 1732 suunt,
2107 1699 2108 1702 ,

468 1753 534 1817 riis.
1269 1772 1333 1816 nou
1358 1752 1391 1813 bi
1416 1760 1551 1830 tantum,
1567 1753 1622 1815 sed
1647 1752 1741 1835 plane
1766 1752 1992 1814 innumerabiles

455 1885 460 1895 .
507 1854 651 1933 lnsuper,
668 1852 698 1915 S.
714 1852 900 1914 Laurentius
921 1870 940 1913 a
959 1850 1053 1913 llccio
1077 1850 1214 1932 impera·
1232 1847 1255 1908 B
1271 1852 1372 1913 valde.
1399 1852 1461 1913 llos
1492 1852 1611 1913 etenim
1642 1870 1761 1932 paucos
1789 1852 1876 1933 quasi
1904 1862 1993 1913 atem·

466 1958 535 2014 tore
559 1950 665 2014 Roma
689 1958 800 2032 captus
828 1957 886 2029 est,
911 1948 1132 2030 scorpionibus
1156 1968 1214 2016 aaa,
1269 1950 1314 2032 pli
1337 1950 1438 2032 gratia
1463 1950 1621 2012 introduxi
1647 1949 1685 2011 ad
1710 1950 1939 2032 intelligendum
1958 1949 1992 2010 de

467 2070 533 2128 sus,
548 2049 685 2111 lustibns
700 2048 883 2111 verberatus
894 2070 901 2123 3
912 2048 982 2128 ejus
997 2064 1123 2127 qnoque
1139 2048 1215 2109 latc-
1270 2048 1351 2110 aliis.

467 2148 554 2212 ribus
569 2148 715 2209 ardentes
731 2146 855 2208 laminae
871 2145 1123 2227 applicabantur.
1142 2145 1215 2207 Post
1309 2147 1472 2223 Praeterea,
1484 2146 1568 2227 quod
1583 2164 1694 2208 revera
1709 2144 1885 2208 mirabilius
1897 2152 1991 2221 exstat,

467 2247 535 2311 hacc
561 2245 731 2327 plumbatis
756 2264 926 2327 percussus
950 2252 998 2307 est
1021 2252 1052 2305 et
1076 2243 1215 2324 scorpio
1269 2264 1334 2308 uon
1354 2245 1414 2307 viri
1435 2246 1607 2321 dumtaxat,
1624 2244 1679 2306 sed
1700 2252 1730 2306 et
1749 2244 1923 2306 tenerrima
1941 2243 1994 2303 vir-

469 2346 563 2409 nibus
587 2346 691 2407 denuo
715 2364 826 2407 caesus.
848 2343 1007 2407 Postremo
1034 2362 1129 2424 super
1152 2342 1215 2405 ler-
1269 2344 1371 2425 gines‚
1385 2342 1606 2405 illustrissimae
1620 2340 1994 2407 adulescentutaaoaui-

471 2460 556 2505 ream
575 2448 693 2505 cratem
714 2458 838 2503 morose
857 2446 990 2515 assatus,
1008 2437 1157 2519 migravit
1175 2438 1214 2499 ad
1270 2461 1347 2505 nora
1369 2441 1526 2524 praetactis
1548 2448 1621 2502 sunt
1643 2459 1744 2520 passae
1766 2448 1924 2503 tormenta.

468 2540 648 2604 Dominum.
666 2537 738 2601 Post
758 2556 875 2619 paucos
896 2537 963 2599 dies
985 2536 1098 2597 Decius
1117 2554 1135 2597 a
1154 2537 1216 2599 daa—
1310 2539 1474 2621 Siquidem
1496 2537 1737 2620 praeclarissima
1758 2558 1795 2601 ac
1816 2538 1995 2601 divinissima

469 2657 562 2701 mone
578 2645 732 2718 arreptus,
745 2635 961 2697 indesinenter
976 2633 1125 2696 clamavit
1139 2658 1146 2697 :
1158 2635 1215 2696 ul'd-
1270 2638 1360 2719 virgo
1374 2636 1660 2714 Catharina‚Costis
1676 2635 1760 2717 regis
1776 2636 1876 2715 lilia,a
1889 2636 1996 2698 llaxen·
2109 2629 2110 2670 Ὗ

466 2736 539 2819 juro
554 2744 596 2813 te,
612 2754 631 2799 o
645 2733 804 2813 Laurenti,
821 2753 840 2795 a
858 2732 1023 2795 tormentis
1044 2731 1093 2794 his
1114 2732 1215 2793 modi·
1269 2736 1314 2799 tio
1339 2737 1529 2817 imperatore
1553 2735 1690 2812 detenta,
1708 2753 1747 2797 eo
1770 2734 1907 2818 jubente,
1922 2752 1995 2795 scor-

468 2854 542 2897 cnm
571 2852 672 2895 cessa.
702 2832 817 2912 sicque
850 2831 1002 2893 ululando
1037 2830 1214 2892 miserrime
1270 2835 1418 2916 piouibus
1433 2841 1689 2914 caesaest,atque
1705 2833 1737 2895 in
1753 2833 1994 2896 obscurissimum

468 2932 557 2996 obiit.
574 2934 640 3006 Quo
657 2931 734 3009 vise,
753 2950 829 2993 uxor
844 2930 915 3011 ejus
930 2948 966 2991 ac
989 2928 1059 2991 lilia
1073 2929 1112 2990 ad
1127 2928 1216 2990 Chri·
1270 2951 1430 2995 carcerem
1452 2940 1549 2995 trusa.
1564 2930 1730 3012 Quumque
1751 2931 1932 3013 imperatore
1949 2929 1996 2990 ab
2109 2916 2110 2958 ³

469 3040 553 3093 stum
575 3048 737 3093 conversat
759 3037 843 3091 snut.
1229 3030 1251 3093 G
1270 3040 1370 3110 sente,
1383 3048 1462 3092 uxor
1476 3029 1576 3110 ipsius
1597 3047 1670 3090 cum
1686 3028 1856 3111 Porphyrio
1874 3028 1995 3089 militum

508 3129 661 3210 Denique,
671 3126 825 3190 Decianus
840 3145 956 3209 praeses
971 3126 1213 3188 S.Vincentinm
1271 3130 1415 3212 principe
1434 3128 1592 3191 visitasset
1610 3135 1703 3189 nocte
1725 3127 1933 3190 beatissimam
1950 3127 1997 3188 Ca·

468 3230 500 3291 in
516 3228 651 3310 equuleo
667 3227 743 3289 lecit
762 3225 900 3304 extendi,
918 3224 1133 3306 membrisque
1148 3243 1215 3286 om·
1270 3229 1437 3306 tbariuam,
1463 3226 1542 3289 vidit
1568 3245 1728 3288 carcerem
1757 3225 1996 3307 splendidissima

468 3329 562 3392 nibus
586 3325 745 3406 dissipari.
767 3324 832 3398 Quo
854 3323 951 3398 lacto,
974 3323 1054 3385 dixit
1077 3323 1214 3385 liaciano
1270 3328 1341 3391 luce
1363 3325 1529 3408 repletum,
1545 3333 1578 3387 ct
1600 3324 1730 3405 angelos
1752 3325 1859 3406 plagas
1875 3322 1997 3385 Cathari-
2110 3395 2111 3412 ἵ

468 3425 679 3489 Vincentius:
697 3423 824 3486 llocest
842 3423 925 3502 quod
947 3439 1072 3501 semper
1093 3421 1212 3502 optavi.
1270 3425 1319 3487 naa
1338 3424 1470 3506 virginis
1494 3431 1719 3503 perungentes.
1736 3422 1824 3484 'lunc
1847 3419 1996 3484 Catharina
2110 3420 2111 3440 .

468 3527 556 3587 'lunc
586 3521 723 3586 ministri
752 3520 894 3602 praesidis
923 3517 1042 3582 lerreos
1072 3519 1215 3600 pectines
1271 3522 1470 3604 imperatoris
1494 3519 1665 3601 conjugem
1690 3528 1785 3602 atque
1808 3519 1997 3601 Porphyrium

468 3622 621 3705 usquead
641 3620 790 3682 interiora
805 3626 963 3682 costarum
978 3616 1137 3679 vincentii
1157 3617 1216 3679 im·
1270 3641 1343 3684 eum
1360 3620 1514 3682 militibus
1528 3618 1676 3682 ducentis
1690 3619 1856 3682 convertit.
1871 3618 1997 3680 Christus

469 3722 635 3800 miserunt,
652 3720 695 3782 ita
719 3718 803 3800 qnod
828 3717 949 3779 viscera
975 3715 1144 3796 patuerunt
1168 3715 1216 3777 iu·
1270 3739 1396 3802 quoque
1424 3737 1496 3780 cum
1531 3716 1734 3779 multitudine
1767 3717 1944 3798 augelorum
1969 3715 1996 3775 in

468 3829 569 3899 terna,
587 3818 778 3900 sanguisque
793 3815 863 3896 ejus
883 3813 1024 3895 undique
1042 3813 1212 3876 emanavit.
1271 3837 1397 3880 carcere
1419 3817 1566 3898 apparuit
1580 3815 1757 3878 Catharinae
1773 3839 1780 3877 ε
1798 3818 1944 3897 Agnosce,
1959 3812 1998 3873 iu-

469 3920 541 3984 Post
559 3920 625 3981 baec
645 3936 741 3998 super
760 3914 943 3978 craticulam
963 3921 1011 3976 est
1031 3921 1165 3992 assatus,
1182 3912 1214 3974 iu
1270 3916 1395 3996 quiens,
1412 3933 1430 3977 o
1453 3913 1533 3991 lilia,
1550 3913 1730 3976 Creatorem
1754 3922 1854 3990 tuum,
1871 3931 1925 3994 pro
1945 3927 1998 3992 quo

468 4027 591 4081 tautum
606 4016 689 4098 quod
706 4015 776 4095 ejus
791 4013 913 4075 viscera
929 4012 1145 4075 elabebantur.
1158 4013 1215 4073 tte
1271 4013 1462 4077 laboriosnm
1485 4011 1611 4074 subiisti
1633 4010 1833 4074 conflictum.
1849 4011 1938 4074 Porro
1959 4027 1998 4070 re

469 4118 542 4181 iude
559 4117 591 4180 in
608 4114 803 4178 teterrimum
819 4129 978 4174 carcerem
998 4118 1212 4186 estretrusnS‚
1270 4131 1381 4174 versus
1409 4110 1594 4186 Maxentius,
1620 4128 1719 4192 quum
1747 4109 1941 4172 catharinam
1965 4106 1998 4168 ad
2110 4128 2111 4135 ¹

468 4217 555 4298 ligno
576 4212 702 4289 aldana,
718 4220 750 4274 et
774 4227 870 4290 super
892 4217 989 4272 testas
1014 4208 1215 4270 acutissimas
1231 4207 1256 4268 D
1271 4210 1481 4273 idololatriam
1497 4209 1650 4274 inclinare
1665 4225 1729 4271 non
1749 4217 1866 4290 posset,
1880 4216 2000 4288 quatuor
2110 4230 2111 4233 ¹

469 4315 652 4378 reclinatus.
681 4311 770 4371 Tunc
798 4308 940 4370 Christus
968 4326 1129 4369 carcerem
1158 4307 1216 4367 im·
1271 4318 1354 4372 rotas
1377 4307 1472 4370 serris
1501 4306 1613 4370 ferreis
1637 4325 1673 4369 ac
1698 4305 1798 4370 clavis
1825 4303 1999 4369 acutissimis

469 4429 579 4474 menso
604 4407 771 4492 spl'endore
795 4405 940 4485 replevit,
963 4413 1057 4466 testas
1083 4404 1217 4466 mutauit
1272 4409 1511 4490 circumseptas,
1541 4425 1675 4488 quarum
1702 4407 1774 4468 due
1801 4424 1864 4468 nno
1888 4405 1998 4475 ordine,

470 4511 503 4572 in
519 4509 615 4570 llorcs
633 4505 857 4581 dulcissimos;
873 4503 1142 4583 advenientesque
1161 4523 1217 4564 au·
1272 4506 1341 4569 aliae
1354 4507 1424 4568 duae
1440 4505 1600 4568 contrario
1613 4504 1726 4567 ordine
1741 4501 2000 4579 volverentur,s1e

469 4608 545 4691 geli,
562 4605 763 4668 vincentium
786 4603 949 4666 solverunt
970 4621 988 4662 a
1012 4602 1099 4683 liguo
1123 4609 1216 4682 atque
1273 4605 1298 4667 ri
1312 4604 1417 4686 jussit,
1433 4611 1468 4665 ut
1489 4603 1645 4665 intereas
1664 4601 1830 4664 Catharina
1849 4601 2001 4683 projicere
2110 4594 2111 4649 ἶ

469 4704 655 4770 dulcissimo
681 4701 867 4765 refovebant
892 4700 1015 4778 solatio,
1043 4720 1116 4763 cum
1147 4701 1217 4782 ipso
1273 4712 1334 4764 tur.
1347 4702 1407 4764 Sed
1423 4701 1513 4784 virgo
1527 4699 1730 4764 sanctissima
1743 4699 1901 4762 Christum
1914 4697 2002 4762 oravit

469 4804 708 4871 deambulantes
732 4821 768 4864 ac
790 4803 889 4864 Deum
912 4801 1087 4864 laudantes.
1103 4801 1218 4874 Quum·
1272 4811 1309 4864 ut
1330 4809 1413 4864 rotas
1432 4800 1504 4863 illas
1522 4801 1720 4875 destrueret3
1738 4818 1873 4880 moxque
1886 4796 2002 4880 angelus

469 4925 532 4988 que
555 4903 662 4967 odoris
684 4901 824 4964 suavitas
845 4908 877 4962 et
899 4899 1048 4980 angelicae
1073 4898 1218 4961 melodia
1273 4909 1360 4963 tanto
1383 4899 1504 4981 impetu
1523 4918 1577 4962 eas
1595 4899 1759 4977 destruxit,
1774 4899 1860 4978 quod
1885 4905 2003 4980 quatuor

469 5004 605 5068 dulcedo
620 5000 746 5082 lougius
762 4998 981 5074 funderentur,
999 4997 1143 5060 videntes
1163 5017 1218 5059 cu-
1274 4998 1373 5061 millia
1387 4997 1555 5079 gentilium
1571 4996 1742 5059 interemit.
1759 4996 1848 5059 'lunc
1865 4994 2003 5059 decollata

471 5105 578 5168 stodes
592 5099 730 5164 carceris
744 5115 814 5178 qnae
830 5095 952 5158 liabent
967 5095 998 5157 in
1019 5115 1067 5173 eo,
1087 5115 1219 5158 conver·
1274 5105 1323 5160 est
1345 5096 1435 5178 virgo
1463 5096 1565 5173 beata,
1592 5103 1624 5157 et
1647 5095 1687 5158 de
1712 5095 1783 5176 ejus
1806 5114 1935 5177 corpore
1956 5107 2002 5174 pro

472 5205 499 5268 si
515 5209 599 5266 sunt.
610 5201 698 5262 Tune
710 5196 896 5259 Vincentius
912 5196 1039 5258 tradidit
1053 5196 1216 5277 spiritum;
1274 5195 1428 5276 sangnine
1447 5194 1495 5257 lac
1514 5193 1664 5270 manavit.
1680 5193 1794 5274 Angeli
1812 5212 1935 5276 quoque
1947 5207 2004 5254 cor·

473 5303 606 5388 ejusque
627 5316 742 5381 corpus
763 5295 857 5377 jussit
875 5279 1032 5358 llaciauus
1052 5293 1164 5376 jactari
1185 5295 1218 5357 in
1276 5313 1336 5377 pus
1354 5293 1426 5374 ejus
1445 5300 1659 5373 sumpserunt,
1675 5299 1770 5373 atque
1789 5291 1824 5354 in
1844 5300 1946 5357 monte
1965 5287 2003 5350 Si·
