4309 6250
452 480 513 545 334
765 498 885 547 comae
906 499 1076 549 Pthi'lftlss
1095 501 1268 559 lanceari,
1285 501 1372 547 ΗΜ
1393 501 1427 548 fl.
1451 520 1490 531 -
1511 501 1580 549 Aur.
1604 499 1692 549 mli

450 671 542 730 mavi
554 670 569 731 l
592 671 652 733 Eia
675 671 826 748 deinceps
848 673 998 732 omnibus
1020 675 1065 733 ed
1087 673 1202 748 Joseph
1217 673 1242 735 Α
1258 679 1403 753 strosque
1438 669 1618 753 manipulos
1647 670 1780 734 adorare
1809 667 2001 750 manipulum

448 771 673 846 pergentibus,
690 771 886 845 parentibus
904 771 974 829 suis
993 773 1033 830 ab
1054 790 1089 830 eo
1109 771 1203 830 eone
1258 789 1375 832 meum.
1402 769 1644 851 Responderunt
1672 766 1787 831 fratres
1814 791 1820 828 :
1847 766 2000 848 Numquid

453 866 546 944 rittee
559 867 726 941 susceptis,
741 867 851 945 eisque
869 885 968 944 super
988 870 1091 927 sedem
1109 887 1203 928 suem
1258 887 1312 930 rex
1340 875 1447 931 noster
1464 867 1549 945 eris,
1575 875 1630 930 aut
1658 866 1870 949 subjiciemur
1891 863 2001 928 ditioni

452 959 620 1033 mactatis,
635 983 743 1023 menes
756 983 867 1026 coram
880 984 916 1025 eo
930 965 1071 1025 humiles
1085 985 1117 1024 se
1132 968 1203 1025 red·
1257 968 1341 1029 tnaet
1356 965 1449 1028 Aliud
1470 984 1598 1047 quoque
1621 963 1704 1028 vidit
1727 965 1900 1043 somnium,
1921 964 2000 1045 quod

451 1061 579 1121 debant.
598 1063 666 1129 Quo
689 1063 790 1138 sacto,
807 1071 939 1138 patrem
962 1083 1059 1124 suum
1081 1067 1203 1141 affatus
1257 1083 1388 1127 narrans
1402 1063 1565 1140 fratribus,
1576 1062 1758 1126 dixit2Vidi
1774 1083 1832 1146 par
1846 1061 2000 1126 somnium

450 1166 497 1217 est
521 1177 533 1216 .·
557 1159 711 1235 Opater,
735 1161 802 1220 boec
825 1168 871 1219 est
892 1161 1061 1237 preteriti
1083 1161 1204 1220 somnii
1257 1161 1346 1242 quasi
1366 1161 1466 1224 solem
1489 1168 1520 1224 et
1544 1160 1652 1224 lunam
1673 1168 1705 1223 et
1726 1161 1835 1224 stellas
1855 1159 2000 1222 undecim

452 1257 611 1333 ceposftio
626 1277 714 1318 vera.
1256 1260 1387 1322 adorere
1403 1259 1659 1323 me.lnvidebant
1673 1277 1749 1341 ergo
1763 1258 1794 1322 ei
1809 1257 1923 1322 fratres
1939 1257 1999 1336 sui;
2013 1289 2119 1346 anm,

492 1352 564 1417 Hoc
583 1373 621 1418 ex
645 1354 777 1438 praefato
802 1355 948 1418 Alcorani
974 1355 1095 1439 sumpsi
1116 1355 1202 1439 capi·
1257 1366 1433 1441 patervero
1450 1377 1516 1421 rem
1527 1356 2072 1432 tacitusconsiderabatQutuu-¹¹·st
2118 1391 2119 1402 κ

451 1451 530 1515 tulo.
557 1453 654 1516 ldulta
676 1462 784 1516 tamen
809 1454 906 1518 verba
934 1455 971 1517 ad
1002 1455 1200 1538 propositum
1257 1475 1319 1538 que
1347 1457 1461 1520 fratres
1490 1455 1560 1539 ejus
1588 1456 1622 1519 in
1651 1456 1823 1539 pascendis
1855 1455 2001 1538 gregibus

450 1569 516 1614 non
530 1551 724 1634 pertinentia
738 1552 904 1616 brevitatis
915 1553 1015 1635 gratia
1031 1552 1200 1632 transilivi,
1257 1564 1456 1619 morarentur
1484 1555 1517 1618 in
1546 1554 1686 1634 Sicbem,
1712 1554 1792 1617 dixit
1819 1563 1910 1637 pater
1936 1553 2001 1633 ejus

452 1652 508 1714 sed
533 1669 663 1714 sonsum
688 1670 889 1733 nequaquam
914 1653 1054 1735 corrupi.
1080 1653 1202 1716 Idcirco
1257 1656 1295 1718 ad
1324 1674 1397 1718 eurn
1428 1677 1435 1716 :
1466 1655 1589 1717 Fratres
1617 1654 1663 1717 tui
1696 1661 1833 1736 pascunt
1864 1671 1941 1717 oves
1970 1652 2001 1714 in

451 1767 578 1833 quoqne
605 1758 670 1812 tam
704 1750 826 1832 prolixe
853 1750 913 1813 ista
941 1752 1200 1831 commemoravi,
1258 1752 1427 1829 sichimis,
1455 1753 1539 1830 veni,
1570 1751 1693 1814 mittam
1722 1759 1753 1815 te
1781 1751 1822 1815 ad
1847 1769 1914 1815 eos.
1940 1749 2001 1824 Quo
2118 1777 2119 1828 j

451 1857 486 1912 ut
500 1847 651 1911 omnibus
666 1848 726 1912 ista
740 1849 921 1930 legentibus
942 1869 979 1913 ac
998 1849 1201 1913 audientibus
1219 1851 1242 1914 B
1258 1852 1481 1934 respondente,
1506 1851 1619 1914 Praesto
1645 1869 1728 1930 snm,
1753 1851 1798 1914 ait
1820 1875 1827 1912 :
1852 1851 1948 1930 Vade,
1972 1859 2001 1912 et

452 1948 630 2011 innotescat
650 1966 745 2029 qnam
768 1948 921 2036 mendpse
946 1967 983 2010 ac
1007 1948 1121 2011 vitiose
1143 1948 1203 2010 lfa-
1258 1950 1330 2012 vide
1355 1950 1380 2012 si
1403 1957 1517 2013 cuncta
1541 1967 1693 2032 prospera
1712 1949 1778 2012 sint
1796 1968 1872 2031 erga
1892 1948 2002 2012 fratres
2118 1977 2119 2038 3

451 2045 517 2108 hon
536 2045 654 2108 referat
673 2045 743 2108 ista.
765 2046 854 2109 Unde
877 2046 943 2128 jam
969 2055 1203 2128 consequenter
1256 2058 1327 2112 tuos
1343 2057 1374 2111 et
1388 2067 1515 2131 pecora,
1532 2056 1564 2110 et
1585 2047 1732 2111 renuntia
1747 2046 1826 2109 mihi
1842 2047 1920 2129 quid
1935 2067 2002 2128 aga·

452 2142 588 2206 referam
603 2144 749 2208 eamdem
771 2144 936 2208 historiam
958 2153 1053 2227 prout
1071 2145 1104 2207 in
1120 2145 1202 2208 Seri·
1256 2157 1317 2212 tur.
1333 2147 1472 2210 Perrexit
1492 2165 1579 2228 ergo,
1601 2154 1633 2209 et
1652 2145 1777 2208 invenit
1797 2144 1913 2209 iratres
1933 2163 2001 2208 suos
2014 2157 2119 2214 aare}

452 2251 544 2324 ptura
562 2242 703 2305 veritatis
722 2263 741 2306 a
761 2242 946 2306 beatissimo
963 2243 1067 2325 Moyse
1092 2243 1125 2306 ia
1144 2243 1203 2307 Ge·
1254 2249 1288 2310 in
1302 2247 1448 2311 Dethain.
1465 2245 1522 2321 Qui
1545 2264 1644 2326 quum
1665 2244 1822 2308 vidissent
1840 2264 1916 2308 eum
1936 2263 2002 2327 pro-
2118 2243 2119 2330 l

451 2341 521 2404 nesi
549 2352 598 2404 est
627 2342 798 2425 descripta.
828 2341 918 2405 Certe
954 2350 1000 2405 tot
1034 2341 1201 2404 mendacia
1255 2345 1318 2423 cul,
1343 2345 1562 2428 cogitaverunt
1584 2344 1767 2409 interficere
1787 2365 1875 2424 eum,
1899 2345 2002 2408 dicen·
2118 2359 2119 2422 g

450 2439 483 2502 in
505 2440 565 2504 isto
588 2441 726 2523 capitulo
751 2448 826 2503 sunt
850 2448 1010 2519 contenta,
1031 2450 1067 2504 nt
1087 2461 1124 2504 ea
1143 2461 1201 2503 nu·
1256 2451 1302 2506 tes
1325 2444 1430 2508 :Ecce
1455 2443 1629 2508 somniator
1653 2444 1762 2522 venit3
1783 2444 1903 2525 venite,
1924 2443 2001 2508 ecci-

450 2559 573 2603 merare
594 2549 695 2603 exstet
717 2539 864 2604 difficile.
885 2540 924 2602 Et
948 2540 1009 2603 ista
1033 2540 1201 2603 mendacia
1256 2541 1368 2605 damus
1395 2561 1481 2622 eum,
1504 2543 1711 2625 dicemusque
1735 2567 1742 2604 ι
1766 2542 1842 2606 Fere
1866 2541 2002 2625 pessima
2118 2575 2119 2644 f

449 2639 557 2702 dixisti
578 2639 637 2702 tibi
656 2640 752 2703 abeo
772 2641 922 2719 revelata,
939 2638 1126 2721 impiissime
1142 2639 1202 2702 lfa-
1256 2641 1420 2705 devoravit
1434 2661 1519 2705 eum.
1536 2642 1574 2704 Et
1588 2649 1665 2704 tunc
1686 2642 1850 2725 apparebit
1863 2641 1943 2724 quid
1959 2639 2001 2702 illi

450 2738 526 2816 hon,
552 2738 643 2821 quasi
668 2739 750 2801 Deus
775 2758 869 2802 verus
895 2747 928 2801 et
951 2737 1068 2801 veritas
1092 2746 1139 2802 tot
1162 2737 1202 2800 sit
1255 2739 1380 2822 prosint
1401 2742 1526 2804 somnia
1549 2760 1616 2803 sna.
1635 2739 1775 2802 Audiens
1800 2740 1860 2804 hoe
1882 2740 2000 2817 liuben,

450 2836 692 2901 mendaciorum
716 2845 865 2902 assertor.
885 2837 930 2900 Ex
952 2836 1059 2900 verbis
1085 2837 1147 2900 tuis
1171 2844 1201 2900 te
1256 2837 1416 2901 nitebatur
1444 2838 1579 2902 liberare
1607 2857 1681 2901 enm
1708 2839 1748 2900 de
1777 2838 1928 2901 manibus
1955 2855 2002 2900 ee

452 2937 598 3017 reprobo,
629 2936 811 3018 prodigiose
845 2937 981 3019 signifer
1014 2936 1199 3000 falsitatum.
1257 2956 1338 3017 rum,
1354 2937 1465 3000 dicens
1482 2961 1489 2999 :
1507 2935 1575 3000 Non
1591 2935 1800 3000 effundamus
1817 2937 2000 3019 sanguinem

451 3034 540 3116 Saepe
567 3034 687 3116 quippe
715 3034 762 3097 ais
790 3034 823 3097 in
848 3035 1004 3098 Alcorane
1030 3059 1037 3097 ε
1064 3034 1139 3110 Quis
1164 3054 1202 3098 eo
1218 3034 1240 3097 C
1256 3036 1337 3117 ejus,
1354 3037 1409 3099 sed
1425 3036 1573 3131 projicite
1588 3055 1662 3100 eum
1682 3035 1716 3097 in
1736 3035 1909 3098 cisternam
1925 3036 2001 3099 hanc

451 3134 591 3198 deterior
619 3134 673 3216 qui
701 3134 766 3197 Deo
794 3134 931 3218 imponit
963 3135 1140 3215 mendacia,
1171 3142 1203 3198 et
1256 3144 1406 3200 veterem.
1433 3136 1606 3200 Confestim
1632 3155 1708 3219 ergo
1734 3143 1768 3199 ut
1794 3136 1943 3220 pervenit
1965 3134 2000 3197 ad

451 3232 635 3313 ignorantes
650 3233 877 3317 simplicesque
893 3233 1201 3315 seducithuiserge
1255 3233 1368 3297 fratres
1394 3254 1479 3313 suos,
1502 3236 1703 3298 nudaverunt
1726 3252 1812 3313 eum,
1835 3234 2001 3297 miserunt·

451 3339 482 3393 te
497 3331 599 3414 pejor,
610 3332 666 3413 qni
681 3352 746 3396 non
761 3333 863 3397 solum
879 3353 937 3416 per
950 3342 1051 3396 tetum
1065 3332 1200 3395 Alcoran
1255 3332 1362 3415 quein
1383 3333 1554 3396 cisternam
1575 3341 1716 3397 veterem
1735 3351 1806 3414 quaa
1824 3350 1890 3395 nen
1911 3332 2000 3394 habe

450 3438 583 3511 textum,
600 3432 656 3493 sed
680 3431 714 3492 in
739 3431 806 3493 sole
826 3449 953 3511 quoque
976 3430 1115 3513 capitulo
1140 3430 1201 3493 isto
1255 3431 1309 3494 bat
1332 3450 1457 3513 aquam.
1485 3432 1523 3494 Et
1552 3432 1698 3495 sedentes
1726 3440 1761 3494 ut
1788 3431 1998 3505 comederent,

450 3536 539 3616 tanta
559 3529 624 3592 Dee
649 3528 788 3611 imponis
809 3529 987 3606 mendacia,
1005 3537 1131 3612 tamque
1154 3530 1202 3591 in·
1254 3529 1403 3593 viderunt
1415 3530 1590 3593 ismaelitas
1606 3530 1743 3593 viatores
1762 3529 1872 3593 venire
1897 3530 1936 3592 de
1949 3526 2002 3591 ua-

450 3626 662 3690 numerabilia
676 3626 845 3690 hominnm
861 3626 964 3689 millia
979 3626 1156 3709 decepistit
1255 3630 1337 3711 laad,
1353 3639 1385 3693 et
1399 3630 1538 3694 camelos
1553 3648 1663 3693 eorum
1683 3638 1846 3712 portantes
1864 3636 2001 3693 aromata

490 3724 602 3806 Quare,
625 3743 644 3788 o
669 3724 835 3788 Sarraceni
860 3725 980 3804 dilecti,
1004 3725 1102 3788 libros
1126 3725 1200 3789 novi
1255 3728 1288 3790 in
1313 3729 1493 3811 AEgyptum.
1520 3728 1602 3791 Dixit
1630 3746 1706 3811 ergo
1730 3728 1825 3791 Judas
1852 3727 2000 3791 fratribus

449 3843 487 3887 ac
506 3824 625 3888 veteris
644 3824 837 3886 Testamenti
863 3841 928 3886 non
953 3823 1070 3905 legitis,
1088 3831 1123 3886 ut
1143 3822 1202 3886 fal·
1255 3828 1321 3890 suis
1349 3826 1461 3890 :Ecce
1488 3827 1654 3890 ismaelitae
1679 3834 1865 3905 transeunt3
1893 3826 2000 3889 melius

450 3923 557 3986 sitates
587 3921 735 3984 alcorani
766 3922 1004 4003 deprehendere
1037 3930 1130 4003 atque
1162 3922 1201 3984 ed
1255 3934 1355 3989 estut
1375 3925 1999 4005 vendatureis,etmanusnestrsenon

449 4021 592 4085 veritatis
603 4021 748 4084 notitiam
762 4020 892 4084 valeatis
906 4020 1201 4103 pertingeretNune
1254 4024 1448 4107 polluantur.
1475 4022 1682 4086 Extrahentes
1711 4040 1787 4104 ergo
1814 4022 1932 4105 Joseph
1962 4021 1997 4083 de

449 4138 525 4202 ergo
554 4119 717 4202 sapienter
744 4138 781 4182 ae
817 4119 869 4200 pie
904 4119 1058 4181 advertite
1093 4139 1202 4183 veram
1256 4124 1404 4203 cisterna,
1431 4122 1644 4185 vendiderunt
1669 4140 1742 4183 enm
1764 4120 1935 4184 ismaelitis
1958 4120 2000 4181 vi·

449 4226 609 4301 praetactae
630 4218 770 4281 historie
792 4218 1025 4281 recitationem.
1216 4222 1335 4305 Dginti
1365 4220 1534 4303 argenteis.
1566 4220 1718 4283 Tulorunt
1750 4225 1858 4281 antem
1892 4218 2000 4282 fratres
2013 4230 2107 4279 namt

1257 4321 1396 4385 tunicam
1424 4319 1552 4402 Joseph,
1586 4327 1618 4382 et
1650 4317 1816 4381 intinctam
1851 4318 2001 4401 sanguine

1255 4420 1341 4484 hoedi
1363 4418 1521 4483 miserunt
1539 4417 1620 4501 patri
1641 4436 1709 4497 suo,
1725 4416 1870 4481 dieentes
1891 4440 1898 4479 ε
1920 4416 2000 4480 lianc

616 4493 863 4558 ARTICULUS
885 4493 1031 4558 XXXII·
1257 4519 1456 4597 invenimus3
1471 4518 1540 4582 vide
1555 4538 1597 4580 an
1612 4516 1723 4581 tunica
1737 4515 1799 4579 filii
1817 4517 1862 4580 tui
1878 4517 1932 4580 sit.
1948 4514 2001 4590 Oui

504 4636 632 4698 Fidelis
647 4654 686 4694 ac
701 4654 803 4694 vem·
817 4636 971 4695 narratio
981 4643 1149 4711 proegacm,
1257 4619 1301 4681 ait
1317 4642 1324 4680 z
1341 4617 1461 4680 'lnniea
1482 4615 1543 4679 filii
1563 4616 1625 4679 mei
1647 4624 1705 4695 est,
1724 4616 1825 4679 bestia
1844 4613 2002 4680 devorarit

652 4726 821 4800 deloseplr
840 4725 998 4785 historice.
1257 4716 1384 4799 Joseph.
1408 4716 1585 4798 scissisque
1609 4716 1751 4779 vestibus
1777 4714 1853 4794 suis,
1878 4716 2001 4779 indutus

1257 4824 1306 4879 est
1320 4814 1437 4895 cilicio,
1454 4814 1567 4895 lugens
1581 4814 1688 4877 filium
1704 4833 1797 4876 suum
1815 4814 1917 4878 multe
1931 4824 2003 4877 tem-

512 4914 651 4981 norrun
669 4914 702 4976 in
717 4913 831 4977 Genesi
850 4936 857 4974 :
1257 4933 1345 4998 pore.
1362 4913 1565 4995 congregatis
1580 4922 1687 4976 autem
1703 4913 1827 4975 cunctis
1842 4912 1922 4977 filiis
1936 4913 2001 4995 ejus

302 5036 437 5091 (semna,
566 5013 688 5077 Accidit
707 5020 743 5074 ut
761 5012 866 5073 visum
885 5009 1046 5073 somnium
1069 5009 1202 5075 referret
1258 5023 1291 5076 nt
1315 5013 1453 5075 lenirent
1476 5012 1619 5076 dolerem
1640 5012 1722 5094 ejus,
1738 5011 1840 5075 noluit
1865 5011 2003 5076 consela-

301 5105 323 5155 ⁵·
337 5104 385 5145 Μ·
451 5115 567 5198 Joseph
595 5111 747 5175 fratribus
776 5110 854 5188 suis,
881 5108 992 5172 dicens
1017 5132 1024 5170 :
1050 5109 1200 5174 Putabam
1256 5114 1375 5176 tionem
1399 5111 1556 5194 accipere,
1577 5113 1631 5175 sed
1655 5112 1700 5173 ait
1721 5134 1728 5171 ι
1746 5110 1943 5174 Descendam
1965 5109 2000 5171 ad

450 5214 601 5296 colligere
621 5229 681 5275 nos
700 5208 882 5292 manipulos
902 5208 936 5269 in
955 5227 1043 5289 agro,
1059 5218 1091 5271 et
1109 5210 1200 5292 quasi
1256 5210 1360 5274 filium
1383 5230 1490 5274 meum
1512 5210 1625 5293 lugens
1646 5211 1680 5274 in
1700 5207 1875 5274 infernum.
1892 5210 1931 5273 Et
1950 5208 2000 5271 illo

450 5330 642 5396 consurgere
657 5309 856 5393 manipulum
871 5326 979 5369 meum
994 5314 1026 5369 et
1039 5315 1133 5391 stare,
1146 5328 1200 5372 ve·
1256 5318 1478 5394 perseverante
1497 5310 1531 5372 in
1550 5309 1642 5394 fletu,
1657 5309 1834 5373 bfadianitae
1854 5308 2000 5375 vendide
