4309 6250
265 514 305 561 na
326 514 533 562 xumommrs
555 516 650 562 snum
670 515 836 564 rorsrxrrors
857 514 894 561 m
915 515 1084 563 samnius
1105 515 1245 574 sonunt,
1266 517 1356 564 arana
1376 517 1420 565 ru.
1442 535 1482 547 -
1503 517 1573 566 aar,
1597 517 1616 562 v
1654 497 1716 563 619

206 685 360 767 Denique,
377 687 522 768 quamvis
541 689 581 751 ad
605 688 804 769 probandum
828 689 913 770 quod
929 689 954 752 Α
970 690 1057 752 velut
1072 709 1172 752 unum
1192 710 1308 774 corpus
1329 691 1510 773 mysticum,
1526 688 1619 770 cujus
1634 688 1717 770 Papa

165 785 351 848 dictumest
371 785 411 850 da
433 788 620 850 auctoritate
639 795 671 850 et
690 787 913 869 jurisdictione
968 797 1016 851 est
1037 797 1193 870 caputet
1213 789 1267 852 alii
1290 798 1366 852 sunt
1386 790 1539 853 membra.

166 883 257 964 Papae
279 903 375 966 super
394 885 542 966 generale
564 886 737 948 concilium
759 895 912 967 quantum
1008 887 1053 948 Ex
1067 887 1117 949 his
1131 889 1269 950 doctoris
1290 888 1395 951 verbis
1414 888 1461 950 sic
1482 887 1571 968 argui
1587 893 1714 967 potest:

165 983 206 1045 ad
222 982 339 1064 aliqua,
357 983 482 1046 valeant
500 984 608 1047 omnia
625 1003 696 1066 que
718 995 780 1047 tam
804 986 836 1046 in
853 987 913 1048 isto
969 985 1069 1067 Caput
1082 986 1206 1068 corpori
1223 1005 1281 1050 suo
1296 987 1391 1050 habet
1409 986 1557 1066 influere,
1574 985 1717 1066 illudque

165 1080 334 1144 tractatulo
349 1075 443 1162 quani
459 1081 491 1144 in
514 1083 638 1146 duobus
659 1083 819 1166 prioribus
840 1093 914 1146 sunt
970 1083 1077 1166 aliquo
1098 1086 1190 1148 modo
1212 1085 1361 1167 dirigam,
1378 1085 1590 1166 convenitque
1612 1083 1716 1147 eidem

164 1179 295 1243 inducte
309 1181 348 1242 ad
361 1181 644 1244 demonstrandum
665 1182 750 1263 quod
770 1201 913 1244 summus
969 1182 1129 1266 praecipue
1148 1201 1246 1264 quum
1266 1184 1429 1266 spirituale
1452 1192 1549 1267 caput
1570 1189 1716 1265 respectu

164 1279 309 1342 Pontifex
334 1280 441 1361 praesit
465 1281 636 1343 universali
662 1281 823 1361 Ecclesiae,
850 1291 913 1346 tam
970 1281 1094 1362 mystici
1118 1267 1261 1364 corpoiis
1286 1282 1380 1345 habet
1401 1283 1469 1345 haec
1493 1300 1598 1363 agere,
1614 1281 1716 1356 Quum

163 1378 364 1459 conjunctim
384 1397 477 1459 quam
499 1379 628 1442 divisim
652 1389 810 1462 acceptae3
828 1400 913 1444 nunc
968 1397 1044 1460 ergo
1065 1380 1148 1462 Papa
1168 1381 1209 1442 sit
1229 1389 1324 1462 caput
1347 1381 1506 1462 generalis
1528 1379 1669 1458 concilii,
1686 1387 1718 1441 et

164 1483 271 1538 tamen
287 1477 393 1558 aliqua
407 1479 533 1556 addam,
550 1477 715 1560 primoque
736 1479 813 1542 illud
829 1481 912 1560 quod
970 1478 1064 1540 ceteri
1091 1478 1156 1540 sint
1180 1478 1323 1541 membra
1347 1479 1460 1560 capitis
1487 1478 1594 1560 hujus,
1621 1478 1718 1540 habet

164 1575 198 1636 in
222 1575 303 1638 libro
325 1576 363 1638 de
385 1575 608 1638 Ecclesiastica
630 1585 783 1659 potestate
805 1578 912 1640 Petrus
968 1575 1015 1638 eis
1039 1575 1263 1658 aliquomodo
1288 1575 1425 1640 influere
1445 1586 1477 1640 et
1501 1595 1636 1660 praeesse
1661 1595 1717 1638 seu

164 1674 204 1734 de
226 1673 346 1736 dlliaco
365 1673 496 1750 inducit,
514 1674 649 1737 dicendo
666 1699 672 1736 :
690 1675 774 1738 Multi
796 1684 828 1738 et
849 1694 914 1738 ma·
969 1673 1154 1754 precipere,
1170 1692 1287 1755 eosque
1309 1692 1366 1737 suo
1389 1676 1482 1738 modo
1506 1674 1652 1755 dirigere.
1668 1673 1718 1735 ln-

163 1771 218 1852 gni
235 1770 355 1853 praelati
371 1780 465 1853 atque
484 1771 630 1835 doctores
649 1773 785 1836 dicunt:
803 1774 914 1837 Roma·
970 1791 1076 1853 super,
1093 1772 1119 1832 si
1143 1771 1289 1853 generale
1311 1772 1483 1835 concilium
1509 1791 1567 1854 per
1591 1791 1718 1854 compa-

164 1889 205 1931 na
235 1869 388 1948 Ecclesia,
415 1870 497 1932 sicut
522 1871 643 1934 ratione
671 1871 835 1934 Pontificis
864 1873 911 1935 sni
928 1871 951 1934 Β
971 1870 1125 1933 rationem
1149 1871 1188 1932 ad
1208 1871 1322 1952 Papam
1347 1878 1395 1933 cst
1414 1871 1612 1953 particularis
1633 1889 1718 1951 qure-

164 1968 282 2030 summi
307 1969 448 2031 omnium
475 1968 689 2032 Ecclesiarum
718 1979 813 2052 capnt
839 1971 914 2033 dici·
969 1969 1041 2030 dam
1065 1968 1218 2046 Ecclesia,
1234 1969 1361 2031 videtur
1379 1969 1464 2050 quod
1484 1968 1566 2051 Papa
1588 1968 1628 2030 sit
1646 1969 1717 2050 ejus

164 2077 228 2142 tur,
245 2069 290 2129 sic
305 2067 480 2130 secundum
502 2067 637 2149 aliquos,
654 2069 716 2131 dici
739 2077 841 2150 potest
864 2089 914 2133 ca·
970 2066 1129 2149 praelatus,
1156 2067 1329 2149 presertim
1355 2086 1454 2147 quum
1479 2067 1622 2130 omnium
1648 2086 1718 2149 par-

164 2175 222 2248 put
244 2165 401 2247 generalis
423 2165 562 2242 concilii,
581 2166 645 2230 imo
667 2176 698 2230 et
723 2168 914 2230 universalis
970 2165 1150 2227 ticularium
1173 2164 1387 2228 Ecclesiarum
1409 2165 1556 2246 praelatus
1579 2164 1714 2227 dicatur.

163 2264 327 2343 Ecclesia,
344 2283 414 2344 quae
433 2283 470 2326 cx
496 2264 644 2328 omnibus
669 2265 914 2347 particularibus
970 2262 1112 2325 Ecclesia
1135 2281 1273 2344 namque
1299 2283 1356 2345 per
1379 2263 1649 2345 comparationem
1678 2264 1717 2326 ad

163 2362 319 2426 Ecclesiis
340 2363 526 2444 integratur.
544 2364 671 2442 Verum,
688 2365 838 2446 quoniam
861 2365 915 2427 Pe·
970 2381 1062 2424 suum
1077 2361 1415 2443 praelatum,unitatem
1431 2371 1462 2424 et
1476 2362 1717 2444 preclaritatem

164 2471 234 2526 trus
254 2463 313 2524 iste
333 2462 394 2524 hoc
414 2461 492 2525 dicit
511 2463 673 2526 recitative
699 2463 799 2544 magis
818 2483 914 2544 quam
969 2460 1123 2522 sortitur:
1141 2459 1379 2541 praelatusvero
1395 2461 1720 2542 praelationemjuris·

163 2559 331 2638 assertive,
348 2560 548 2642 pensandum
563 2561 639 2641 quid
655 2562 831 2624 secundum
848 2581 915 2643 pro
969 2557 1207 2638 dictionemque
1227 2557 1366 2639 aliquam
1386 2557 1481 2620 habet
1500 2577 1598 2639 super
1611 2557 1718 2621 Eccle-

163 2657 267 2739 priam
288 2665 408 2718 asserat
430 2665 581 2720 mentem.
597 2657 705 2739 ltaque
727 2657 858 2740 prefato
877 2658 915 2720 li·
970 2656 1048 2718 siam
1065 2675 1165 2718 suam.
1183 2657 1314 2736 Rursus,
1332 2657 1415 2718 sicut
1428 2655 1577 2737 generale
1592 2655 1721 2719 concili-

163 2755 223 2818 bro
252 2753 394 2817 affirmat
424 2777 432 2815 :
459 2754 619 2817 Romanus
647 2755 789 2818 Pontifex
818 2763 914 2838 caput
970 2774 1023 2816 um
1041 2773 1098 2836 per
1111 2755 1381 2836 comparationem
1396 2755 1435 2816 ad
1451 2754 1565 2836 Papam
1589 2763 1720 2818 vocatur

163 2862 214 2915 est
237 2851 370 2933 triplicis
395 2851 556 2915 Ecclesiae.
574 2852 678 2916 Primo
700 2863 730 2916 at
755 2853 914 2936 principa·
971 2853 1172 2936 particularis
1201 2852 1353 2929 Ecclesia,
1381 2852 1427 2915 sic
1456 2860 1488 2914 et
1515 2853 1718 2934 particularis

163 2952 248 3030 liter,
265 2949 416 3013 Ecclesia
434 2950 636 3028 universalis,
654 2960 801 3033 respectu
821 2953 913 3032 cujus
970 2971 1045 3034 grex
1074 2959 1106 3012 et
1134 2950 1324 3032 particulare
1356 2951 1515 3032 quoddam
1549 2951 1632 3015 ovile
1660 2971 1718 3033 per

162 3051 282 3113 dicitur
296 3068 439 3111 summus
460 3049 613 3131 pontifex.
631 3050 777 3114 Secundo
796 3059 842 3113 est
864 3055 951 3118 ca-t}
971 3049 1240 3132 comparationem
1267 3049 1305 3110 ad
1331 3049 1445 3131 Papam
1471 3069 1541 3111 esse
1565 3049 1715 3112 videtur:

163 3158 221 3232 put
244 3150 390 3213 Romanae
412 3149 560 3212 Ecclesiae
582 3150 793 3231 particularis,
811 3171 915 3233 respe-
970 3168 1033 3232 quo
1048 3150 1133 3227 dato,
1154 3157 1284 3230 apparet
1303 3148 1387 3230 quod
1407 3149 1489 3231 Papa
1508 3150 1548 3211 sit
1570 3150 1716 3231 praelatus

163 3258 218 3311 ctu
234 3248 327 3330 cujus
342 3247 458 3310 dicitur
478 3247 620 3329 pontifex
640 3248 812 3316 Romanus.
830 3249 867 3311 Et
882 3250 913 3311 in
971 3258 1003 3311 ct
1018 3256 1126 3331 pastor
1141 3247 1251 3328 ipsius,
1266 3246 1439 3327 presertim
1455 3266 1552 3328 quum
1569 3248 1717 3329 generale

162 3355 300 3426 utroque
312 3345 509 3427 episcopatu,
527 3353 589 3407 tam
614 3346 803 3409 universalis
819 3365 913 3428 quam
972 3346 1144 3410 concilium
1169 3346 1264 3408 etiam
1289 3346 1392 3426 quoad
1423 3366 1456 3408 se
1481 3353 1592 3424 totum,
1619 3347 1719 3429 possit

163 3445 314 3508 Romanas
324 3442 810 3525 Ecclesiae,sncccditPetro,qui
828 3445 914 3526 prius
971 3464 1041 3507 esse
1063 3445 1096 3506 in
1119 3444 1244 3506 mortali
1267 3452 1398 3526 peccato
1420 3464 1476 3506 seu
1498 3452 1585 3507 extra
1606 3445 1719 3507 carita·

161 3542 277 3605 habuit
298 3542 436 3623 primum
452 3541 669 3623 episcopatum
690 3560 786 3623 quam
803 3562 916 3605 secun·
971 3552 1034 3607 tem
1063 3552 1095 3605 et
1122 3542 1267 3624 gratiam,
1291 3542 1400 3623 sicque
1429 3542 1550 3624 indiget
1577 3542 1716 3624 prelato,

162 3641 253 3703 dum.
283 3640 389 3702 l'ertio
417 3647 466 3701 cst
494 3648 590 3720 caput
623 3639 780 3720 generalis
810 3640 916 3702 conci·
971 3643 1052 3705 sicut
1072 3650 1104 3703 et
1125 3640 1187 3703 alia
1207 3642 1327 3722 quaevis
1351 3642 1720 3723 congregatio-Atta-

161 3738 211 3815 lii,
237 3738 324 3817 quod
356 3737 568 3800 universalem
599 3737 775 3800 Ecclesiam
801 3757 917 3819 rcprae-
972 3760 1056 3819 men,
1083 3740 1243 3821 quomodo
1270 3739 1360 3822 Papae
1388 3740 1558 3802 conveniat
1583 3741 1719 3803 concilio

162 3843 279 3910 sentat,
298 3844 401 3897 umen
423 3842 570 3917 respectu
589 3834 678 3917 Papia
702 3844 750 3897 est
771 3836 914 3917 quadam
972 3839 1140 3920 presidere
1164 3838 1447 3918 auctoritatemque
1471 3838 1559 3915 dave,
1585 3846 1617 3900 et
1641 3857 1718 3919 quo-

163 3932 371 4016 particularis
386 3932 542 4010 Ecclesia,
560 3952 688 3995 sumens
708 3933 860 3995 unitatem
876 3934 915 3995 ab
972 3938 1066 4000 modo
1082 3936 1277 4018 praeinducta
1291 3936 1356 3997 sint
1370 3936 1588 4018 intelligenda,
1596 3938 1629 3999 in
1644 3957 1719 4018 prae
1742 3961 1780 4003 m.
1792 3959 1807 4010 r.
1821 3965 1863 4004 ιιι.

162 4030 353 4095 auctoritate
375 4032 490 4093 summi
512 4030 676 4094 Pontificis
699 4033 730 4093 in
753 4051 790 4095 eo
810 4041 916 4095 actua·
970 4035 1090 4097 habitis
1104 4035 1270 4114 opusculis
1284 4033 1466 4114 aliqualiter
1480 4042 1528 4097 est
1541 4043 1716 4113 ostensum,
1733 4029 1803 4067 ω’·
1840 4056 1845 4065 ·

164 4130 238 4193 liter
263 4130 314 4191 vel
341 4129 519 4191 virtualiter
543 4130 754 4210 praesidentis,
777 4139 810 4191 ut
831 4138 916 4212 patet
971 4142 1003 4195 et
1031 4133 1114 4195 infra
1142 4131 1293 4194 diffusius
1321 4132 1516 4211 ostendetur,
1542 4134 1596 4195 ubi
1625 4143 1657 4197 et
1681 4154 1719 4196 ea

37 4240 137 4313 'neem
163 4249 203 4291 ex
219 4227 360 4309 capitulo
374 4230 592 4305 Siyntficarti,
604 4228 643 4290 de
657 4228 831 4306 Electione‚
844 4248 915 4291 cum
932 4234 956 4295 l)
971 4252 1041 4313 quae
1055 4231 1141 4293 dicta
1155 4237 1230 4291 sunt
1244 4250 1340 4304 nunc,
1358 4231 1558 4311 exquisitius,
1571 4242 1719 4313 praestan·

32 4300 148 4407 ',',b',{'¹'¹'⁶'
165 4328 234 4390 suis
256 4326 502 4389 concordantiis.
519 4326 605 4388 Hanc
633 4326 788 4407 triplicem
814 4327 917 4390 Eccle-
972 4340 1001 4393 te
1025 4330 1171 4407 Domino,
1195 4328 1422 4411 probabuntur.
1439 4330 1608 4411 llucusque
1632 4333 1717 4393 enim

165 4427 249 4487 siam
275 4432 398 4487 constat
422 4444 492 4487 esse
521 4424 636 4505 triplex
664 4444 780 4507 corpus
809 4426 917 4507 mysti-
971 4428 1130 4511 precipue
1146 4448 1183 4489 ex
1198 4426 1293 4489 dictis
1308 4426 1390 4489 Petri
1406 4428 1445 4489 de
1464 4428 1585 4491 dlliaco
1600 4430 1718 4512 scripta

165 4544 254 4602 cum,
271 4522 363 4604 cujus
388 4521 471 4605 Papa
494 4530 541 4585 est
565 4532 661 4604 caput
684 4522 913 4586 immediatum,
971 4546 1042 4589 mea
1063 4525 1255 4588 confirmare
1277 4526 1438 4607 proposui.

164 4624 285 4686 lterum
306 4622 349 4684 ait
366 4644 372 4683 :
389 4622 482 4703 Papa,
507 4622 557 4684 vel
584 4641 659 4684 suus
685 4622 820 4685 vicarius
847 4622 915 4705 ipso
1011 4626 1247 4703 Verumtamen,
1263 4625 1302 4686 ad
1322 4624 1520 4706 probandum
1543 4626 1718 4709 principale

164 4722 309 4797 absente,
327 4718 359 4781 in
374 4720 514 4801 generali
530 4720 667 4783 concilio
682 4720 849 4803 presidere
864 4723 917 4783 de·
970 4724 1129 4786 intentum
1144 4723 1242 4803 hujus
1257 4723 1394 4802 articuli,
1410 4724 1492 4787 addo
1508 4727 1591 4805 quod
1606 4726 1638 4787 in
1654 4728 1720 4809 epi-

165 4821 268 4900 beret,
286 4818 346 4880 nisi
370 4818 538 4880 manifesta
557 4836 653 4881 causa
672 4828 703 4881 et
725 4818 757 4880 in
776 4818 847 4899 jure
870 4820 916 4882 di·
971 4822 1051 4885 stola
1065 4820 1286 4885 Universitatis
1302 4822 1487 4884 Parisiensis
1502 4823 1598 4885 missa
1618 4824 1719 4906 lmpe-

165 4918 243 4981 vino
268 4916 399 4981 fundata
422 4916 618 4979 obsisteret:
641 4917 718 4979 alias
744 4935 808 4979 non
833 4926 916 4979 esset
971 4920 1065 4983 ratori
1083 4927 1225 5001 tempore
1240 4919 1491 4982 constantiensis
1513 4922 1655 5000 concilii,
1672 4923 1719 4985 in-

165 5017 374 5099 congregatio
398 5036 460 5078 una
484 5035 543 5079 nec
568 5017 723 5093 ordinata,
746 5016 806 5077 nisi
833 5027 917 5081 esset
971 5027 1019 5081 ter
1044 5027 1149 5080 cetera
1175 5017 1220 5079 sic
1245 5017 1359 5098 legitur
1382 5041 1389 5080 :
1412 5018 1480 5079 lam
1507 5028 1630 5082 nostros
1655 5039 1718 5102 pra

165 5134 268 5180 unum
288 5122 384 5195 caput
403 5114 640 5197 principaleque
660 5114 850 5178 membrum.
868 5115 916 5177 ln·
971 5116 1087 5199 gaudio
1101 5116 1295 5178 exsultantes
1314 5115 1438 5178 animos
1459 5117 1504 5178 rei
1527 5118 1651 5179 novitas
1672 5139 1720 5181 re-

164 5232 266 5295 super
282 5237 289 5275 :
306 5211 494 5289 Concilium,
511 5212 624 5293 inquit,
641 5222 795 5295 presente
821 5215 913 5296 Papa,
972 5214 1062 5277 torsit
1087 5214 1120 5275 in
1145 5213 1317 5289 tristitiam,
1345 5230 1442 5294 quum
1472 5215 1633 5277 dominum
1664 5237 1720 5281 ne

165 5329 271 5393 aquo
296 5312 401 5391 ipsum
425 5310 596 5375 concilium
622 5319 768 5375 vocatum
791 5320 849 5391 est,
867 5322 915 5377 est
972 5321 1072 5375 strum
1099 5331 1259 5374 summum
1283 5311 1471 5375 Pontificem
1497 5332 1530 5375 se
1556 5313 1720 5397 inopinate
