4309 6250
327 482 477 531 rutenus
499 485 732 533 nlsrumlottls
753 486 845 533 INTER
865 486 1072 534 numeruntur
1094 488 1131 533 ΕΤ
1151 486 1365 535 8ΑΙι1ιΔΕΕΝῐιΙ.
1387 506 1429 524 *-
1448 487 1518 534 ultr.
1540 488 1582 535 XV
1667 470 1728 535 483

174 653 442 733 communicetur,
458 655 523 719 ime
549 656 633 719 etin
652 656 753 719 tribus
777 656 922 739 personis
937 658 962 721 A
979 659 1234 721 communicetur
1251 678 1396 740 personae
1417 660 1579 741 producta
1595 682 1602 721 :
1618 666 1650 721 et
1671 658 1725 738 ita,

174 758 342 831 permanet
356 772 438 829 una3
455 760 486 815 ει
500 754 647 836 quamvis
663 755 771 818 divina
786 755 925 818 essentia
977 755 1126 836 quamvis
1140 756 1316 819 secundum
1337 757 1423 837 quod
1443 764 1491 819 est
1505 756 1540 818 in
1553 756 1655 833 Patre,
1671 754 1729 818 ali-

174 855 208 910 ut
228 848 405 912 subsistens
426 850 585 915 diceretur
599 852 922 932 incommunicabilia,
978 872 1042 934 quo
1057 854 1151 917 modo
1166 853 1437 935 praeintelligatur,
1459 862 1565 917 ιειιιειι
1580 862 1616 916 ut
1630 860 1679 915 est
1693 852 1727 915 in

174 953 280 1009 ιειιιειι
295 946 328 1008 in
343 958 498 1028 quantum
513 958 626 1013 natura
645 958 677 1013 et
696 950 798 1013 forme
817 958 924 1031 posset
978 950 1071 1029 Filio,
1088 970 1163 1013 cum
1182 951 1251 1033 ipso
1272 951 1358 1013 idern
1379 950 1543 1014 asseritur.

173 1045 452 1109 communicabilis
467 1048 530 1110 dici
549 1072 555 1109 :
574 1048 817 1130 comprehendit
830 1048 924 1130 quip
1019 1050 1072 1129 ut)
1094 1049 1140 1111 Ad
1161 1048 1311 1111 ultimum
1332 1050 1555 1132 respondetur,
1576 1049 1661 1130 quod
1682 1049 1729 1111 di-

173 1160 214 1223 pe
229 1140 262 1204 in
277 1162 312 1205 se
326 1161 453 1207 omnem
474 1144 716 1226 perfectionem,
732 1154 796 1208 tem
816 1164 924 1227 perso-
980 1145 1062 1209 vinae
1085 1165 1230 1229 personae
1249 1146 1282 1209 in
1302 1148 1441 1210 essentie
1460 1148 1545 1211 idem
1570 1154 1655 1226 sunt,
1672 1147 1728 1210 sed

174 1260 224 1304 nse
251 1259 349 1323 quam
376 1250 508 1321 natura,
535 1250 600 1306 tem
628 1243 798 1326 singularis
827 1262 922 1325 quem
980 1243 1187 1308 relationibus
1211 1245 1472 1326 distinguuntur,
1488 1264 1548 1308 nec
1567 1244 1630 1308 illa
1649 1244 1729 1309 rela-

174 1339 377 1403 universalis.
979 1342 1083 1406 tiones
1097 1342 1218 1425 aliquid
1233 1342 1318 1407 reale
1333 1344 1550 1427 superaddunt
1563 1343 1726 1406 essentiae:

215 1438 252 1521 (l)
274 1438 321 1501 Ad
340 1439 436 1502 aliam
455 1439 539 1519 dice,
559 1440 645 1522 quod
664 1441 705 1503 ab
723 1440 923 1503 emanatione
979 1441 1044 1506 imo
1068 1442 1244 1507 fundantur
1267 1443 1300 1506 in
1325 1463 1362 1507 ee
1388 1444 1472 1507 sicut
1495 1442 1664 1507 relativum
1693 1442 1728 1507 in

174 1536 285 1600 divina
298 1538 338 1601 ad
353 1537 437 1601 intre
450 1538 683 1603 excludendum
703 1547 749 1601 est
769 1540 924 1621 quidquid
979 1541 1136 1620 absoluto,
1156 1551 1188 1605 et
1212 1551 1287 1605 sunt
1306 1542 1390 1606 idem
1416 1560 1489 1605 curn
1513 1561 1561 1605 ea.
1583 1541 1729 1605 Essentie

174 1634 427 1717 imperfectionis
442 1646 489 1700 est
504 1637 537 1699 in
552 1637 751 1700 emanatione
767 1645 924 1701 creatura-
979 1658 1118 1722 namque
1132 1640 1241 1703 divina
1260 1640 1292 1703 in
1313 1660 1347 1704 se
1367 1641 1436 1723 ipsa
1455 1640 1583 1704 infinite
1602 1640 1729 1703 univer-

174 1754 245 1796 rum
261 1754 280 1797 a
294 1734 370 1814 Dec,
387 1736 455 1799 sive
470 1736 566 1799 unius
581 1736 621 1799 ab
636 1736 696 1799 ulia
713 1759 720 1797 ι
738 1736 809 1801 ideo
828 1756 925 1818 genc-
980 1738 1150 1821 saliterque
1169 1738 1322 1821 perfecta,
1338 1738 1482 1802 omnium
1501 1739 1534 1800 in
1555 1757 1589 1800 se
1609 1757 1726 1817 rerum,

174 1832 256 1895 ratio
279 1832 352 1896 Filii
376 1854 394 1896 e
418 1836 519 1913 Patre,
542 1843 574 1897 et
596 1834 757 1916 processio
786 1834 961 1917 SpiritusB
980 1835 1122 1899 omnium
1147 1856 1301 1917 generum
1323 1856 1360 1900 ac
1380 1837 1561 1919 specierum
1579 1835 1730 1918 perfecti-

174 1931 283 1995 Sencti
303 1932 343 1995 eb
365 1941 509 2015 utroque,
526 1952 589 1997 non
610 1941 658 1995 est
676 1932 736 1995 uisi
759 1933 926 2016 perfectis·
979 1954 1056 1999 ones
1087 1954 1159 1999 cum
1185 1936 1342 1999 immense
1364 1936 1527 2017 opulentia
1552 1944 1583 1998 et
1608 1935 1730 1998 incom-

175 2030 270 2109 sima,
288 2031 504 2095 ectuelissima
528 2050 565 2094 ac
590 2030 830 2115 simplicissime
855 2051 926 2114 pro
980 2033 1188 2115 prehensibili
1209 2033 1415 2116 simplicitate
1434 2033 1677 2115 complectitur;
1698 2041 1730 2095 et

174 2127 424 2210 fluxio,diffusio
439 2148 494 2191 seu
510 2130 667 2192 emanatio
680 2138 770 2192 actus
784 2130 824 2192 ab
839 2139 923 2211 ectu,
979 2134 1064 2215 quod
1081 2132 1113 2194 in
1130 2133 1224 2195 rebus
1239 2134 1354 2195 creatis
1368 2132 1408 2195 fit
1422 2152 1480 2214 per
1494 2133 1596 2215 plura,
1613 2132 1646 2194 in
1665 2132 1729 2194 lieo

174 2227 259 2290 lucis
287 2247 306 2290 a
335 2227 417 2307 lucc,
444 2226 578 2310 perfecti
607 2247 625 2291 e
652 2226 807 2309 perfecto,
836 2229 924 2292 omni
979 2250 1036 2313 per
1052 2250 1151 2293 unum
1166 2230 1442 2313 simplicissimum
1462 2238 1597 2293 constat.
1614 2229 1729 2310 Sicquc

174 2326 362 2409 indigentie,
378 2326 636 2408 independentia,
649 2326 925 2408 impotentialitete
980 2329 1013 2391 iu
1028 2328 1137 2391 divina
1151 2328 1289 2391 essentia
1308 2328 1490 2392 continetur
1508 2336 1573 2389 tam
1592 2327 1625 2390 id
1643 2326 1729 2408 quod

174 2432 206 2487 et
230 2424 475 2507 imperfectione
495 2444 624 2506 prorsus
643 2425 781 2489 exclusa.
803 2425 925 2491 ldcirco
979 2436 1027 2490 cst
1041 2427 1122 2490 ratio
1136 2426 1362 2505 distinctionis,
1380 2445 1475 2508 quam
1491 2426 1522 2487 id
1537 2426 1622 2508 quod
1644 2443 1730 2488 com-

174 2542 241 2587 non
266 2532 316 2587 est
339 2542 449 2587 verum
474 2525 559 2606 quod
583 2524 680 2587 Filius
708 2533 762 2587 aut
790 2525 926 2607 Spiritus
979 2525 1143 2589 munionis
1164 2533 1197 2587 ει
1216 2524 1448 2588 convenientiae
1467 2532 1563 2606 atque
1582 2524 1729 2587 identita-

174 2621 312 2684 Sanctus
332 2620 393 2684 sibi
413 2620 475 2704 ipsi
501 2622 615 2700 relicti,
637 2622 717 2686 nibil
741 2631 849 2687 essent
872 2632 925 2686 eut
979 2623 1020 2686 tis
1036 2631 1084 2687 cst
1099 2623 1180 2686 ratio
1197 2646 1204 2685 ι
1221 2624 1305 2686 sicut
1318 2632 1350 2687 et
1368 2622 1432 2685 alia
1451 2622 1646 2686 conveniunt
1665 2621 1730 2685 [lec

174 2718 354 2783 deficerent
379 2743 386 2783 :
409 2720 505 2783 hebet
528 2720 614 2783 enim
640 2728 772 2803 uterque
795 2741 813 2785 e
836 2722 924 2785 Patre
978 2722 1258 2804 rationejustitira,
1274 2721 1472 2785 alienatione
1491 2720 1728 2801 misericordie,

174 2818 322 2881 eamdem
338 2818 509 2881 essentiam
525 2818 673 2901 idemque
688 2838 758 2883 esse
777 2838 873 2901 quem
893 2829 926 2882 et
978 2821 1042 2885 alie
1065 2821 1188 2885 ratione
1212 2820 1387 2901 sapientia,
1410 2818 1474 2881 elia
1497 2818 1619 2881 ratione
1637 2819 1731 2882 intel·

173 2917 261 2999 quod
276 2916 372 2979 habet
385 2916 485 2980 Pater.
502 2952 542 2963 -
556 2918 594 2979 Et
608 2938 666 3001 per
680 2918 740 2983 boc
755 2926 924 2999 sequentes
979 2920 1091 2998 lectus,
1113 2919 1177 2981 alia
1201 2918 1324 2981 ratione
1348 2917 1540 2995 voluntatis;
1564 2926 1595 2979 ει
1621 2926 1729 2979 tamen

173 3015 375 3097 objectiones
399 3015 574 3079 solvuntur.
597 3018 633 3099 (ιι)
655 3016 779 3079 Etenim
810 3017 843 3079 in
868 3017 923 3079 teli
941 3018 963 3081 G
978 3018 1085 3082 omnia
1100 3018 1161 3080 ista
1175 3017 1209 3080 iu
1228 3016 1292 3102 lieo
1311 3024 1386 3079 sunt
1406 3034 1505 3077 unum
1525 3024 1556 3077 et
1575 3016 1660 3078 idem
1682 3034 1730 3077 re-

175 3114 391 3194 emauatione,
413 3135 476 3179 non
497 3134 568 3180 esse
587 3135 786 3199 nequaquem
807 3137 924 3200 praece-
979 3118 1083 3196 aliter,
1099 3124 1130 3179 ει
1145 3116 1213 3180 sola
1227 3116 1350 3179 ratione
1365 3114 1517 3178 distincta
1533 3137 1540 3176 :
1557 3133 1628 3197 quae
1648 3113 1728 3178 ratic

174 3214 318 3277 ditasse.
336 3215 371 3296 (a)
388 3215 452 3279 llcc
472 3215 569 3278 etiam
584 3216 678 3279 modo
691 3216 809 3279 hebere
828 3217 923 3280 allec
979 3217 1223 3279 fundamentum
1246 3215 1342 3278 habet
1361 3214 1394 3276 in
1414 3233 1458 3292 rc,
1480 3213 1633 3295 quoniam
1657 3231 1728 3276 esse

174 3313 268 3376 Patre
290 3313 441 3376 deitatem
464 3322 496 3377 ει
515 3333 585 3377 εεεε
607 3313 765 3394 divinum,
787 3334 851 3378 non
876 3323 924 3378 est
979 3315 1125 3378 divinum
1139 3334 1177 3377 ex
1196 3333 1253 3376 sua
1272 3311 1497 3396 superinfinita
1516 3310 1725 3394 plenitudine,

173 3411 311 3474 minoris
333 3411 539 3494 perfectionis
557 3421 611 3475 aut
631 3412 804 3476 nobilitatis
827 3434 923 3496 quem
978 3411 1144 3493 opulentia
1162 3418 1195 3474 et
1213 3409 1383 3473 omnifaria
1403 3407 1613 3490 perfectione,
1629 3406 1729 3469 veris-

173 3529 246 3572 eam
270 3509 388 3572 babere
412 3528 431 3572 a
455 3529 510 3589 se;
531 3514 636 3590 alquc',
659 3519 693 3574 ιιι
717 3511 838 3574 dictum
862 3521 922 3591 est,
979 3510 1059 3572 sime
1074 3508 1232 3572 satisfecit
1245 3507 1404 3572 universis
1419 3506 1537 3570 talibus
1553 3505 1638 3569 veris
1652 3523 1728 3569 con-

173 3607 323 3690 quamvis
348 3607 454 3688 eliqua
481 3608 659 3690 proprietas
686 3617 741 3672 eut
768 3608 923 3692 perfectio
979 3607 1225 3671 siderationibns
1254 3613 1348 3686 atque
1376 3603 1585 3687 conceptibus
1610 3603 1726 3666 nostris

173 3707 353 3770 secundum
378 3708 547 3788 quemdem
571 3707 702 3770 modum
726 3707 768 3770 sit
795 3709 923 3791 proprie
978 3707 1018 3769 de
1039 3706 1122 3788 ipso.

171 3803 229 3865 uni
249 3821 406 3885 personae,
424 3813 529 3866 lernen
553 3813 708 3886 quantum
727 3805 766 3868 ad
786 3806 818 3868 id
837 3807 922 3889 quod
1018 3805 1089 3868 llaec
1105 3812 1263 3884 suntque
1277 3801 1508 3884 objectionibus
1524 3800 1585 3864 tuis
1599 3817 1726 3882 respon·

172 3901 427 3966 substantialiter
448 3911 506 3984 est,
523 3903 675 3966 convenit
695 3903 779 3966 aliis.
978 3903 1082 3965 denda
1103 3909 1286 3965 occurrunt.

212 4001 268 4083 (lc)
297 4000 344 4062 bd
377 4000 470 4063 aliam
505 4001 724 4084 respondetur,
753 4004 838 4084 quod
872 4023 922 4068 ras
1017 4001 1232 4065 sineremus.
1251 4035 1292 4045 -
1311 3998 1427 4080 Stupcr
1450 3998 1484 4061 in
1507 3998 1559 4060 bis
1584 4017 1636 4061 me
1660 4014 1725 4060 non

169 4118 332 4182 generans
346 4107 378 4162 et
397 4120 447 4162 res
465 4101 574 4182 genita
592 4120 657 4164 non
676 4111 751 4164 sunt
770 4122 833 4164 una
852 4121 923 4184 per·
977 4099 1181 4163 mediocriter
1193 4097 1424 4179 apprehendit;
1440 4114 1500 4160 nec
1515 4114 1628 4178 cepere
1643 4114 1725 4178 queo

169 4217 264 4277 sune,
285 4217 345 4262 nec
368 4218 430 4262 una
448 4199 637 4282 praedicatur
658 4200 697 4262 de
715 4199 778 4264 alia
795 4225 801 4262 :
819 4201 922 4266 nihilo
937 4203 962 4266 ll
976 4198 1113 4281 qualiter
1138 4217 1203 4260 una
1230 4195 1365 4277 simplex
1394 4193 1532 4258 essentia
1558 4194 1656 4257 Petris
1686 4192 1727 4258 sit

168 4297 281 4360 minus
306 4315 356 4360 res
380 4297 485 4379 genita
509 4305 614 4380 potest
637 4297 671 4360 in
692 4317 726 4362 se
750 4299 867 4363 babere
891 4310 923 4366 ct
977 4317 1051 4362 vere
1065 4297 1099 4360 in
1114 4296 1191 4361 Filio
1205 4303 1238 4359 ct
1251 4295 1370 4376 Spiritu
1391 4293 1517 4375 Sancto,
1533 4311 1571 4357 ac
1589 4293 1727 4375 qualiter

168 4395 339 4461 continere
366 4404 398 4458 et
426 4415 483 4478 per
509 4395 747 4478 generationem
775 4399 921 4481 accipere
976 4397 1010 4460 in
1035 4393 1215 4459 invariabili
1233 4393 1297 4459 Deo
1317 4393 1358 4454 sit
1377 4392 1416 4455 ed
1442 4391 1525 4454 intra
1548 4390 1722 4473 processio,

167 4493 345 4560 essentiam
360 4513 416 4557 seu
431 4503 576 4558 naturam
591 4497 784 4577 generantis,
801 4499 852 4560 cui
874 4517 921 4563 se-
976 4504 1030 4560 eut
1044 4496 1204 4578 quomodo
1217 4501 1281 4556 tres
1295 4509 1439 4574 personae
1453 4490 1518 4553 sint
1531 4509 1631 4554 unum
1651 4490 1726 4554 sub·

168 4596 315 4659 cundum
331 4611 365 4656 se
380 4611 443 4656 non
459 4593 612 4677 competit
626 4612 695 4657 csse
709 4595 850 4675 genitam
867 4607 921 4660 aut
976 4595 1103 4658 sistens.

166 4692 373 4774 productam,
394 4697 488 4771 etque
511 4690 552 4753 cb
571 4709 661 4753 suam
683 4692 920 4774 simplicitatem
1015 4691 1233 4756 duursrmrrus.
1252 4722 1294 4736 -
1316 4687 1380 4752 Νεε
1405 4706 1464 4770 ego
1487 4688 1556 4750 bac
1581 4705 1725 4770 compre·

167 4798 220 4852 εει
234 4808 287 4852 res
302 4788 358 4851 ille
372 4807 442 4870 quae
456 4797 505 4852 est
517 4789 627 4870 genite
641 4797 696 4852 eut
709 4791 874 4873 producta.
974 4793 1116 4856 bendere
1131 4789 1301 4868 va1003sad
1312 4807 1382 4869 quae
1397 4786 1575 4868 intelligere
1589 4805 1721 4868 nequeo,

209 4889 252 4971 (ll
255 4908 265 4970 l
281 4887 447 4970 Quumque
467 4887 628 4970 objicitur,
645 4891 728 4971 quod
748 4890 858 4954 divina
872 4911 921 4954 es·
976 4892 1082 4955 credo.
1098 4890 1136 4951 Et
1150 4897 1257 4952 temen
1271 4886 1454 4968 aliqualiter
1466 4885 1558 4967 cepio
1572 4885 1650 4964 ista;
1666 4886 1722 4948 sed

165 4987 275 5052 sentia
290 4988 466 5050 secundum
481 4987 675 5069 prioritatem
691 4989 823 5070 originis
843 5011 922 5073 prae-
975 5009 1066 5052 mens
1082 4997 1134 5052 tna
1149 4985 1318 5052 contrariis
1331 4985 1446 5048 horum
1461 4984 1614 5047 doctrinis
1634 5003 1723 5046 essu·

165 5086 296 5150 exsistit
320 5103 463 5168 persona
486 5087 660 5168 productae,
683 5107 759 5169 ergo
784 5107 848 5152 non
874 5097 921 5151 est
975 5101 1026 5154 eta
1053 5087 1231 5151 difficulter
1257 5093 1361 5168 potest
1388 5085 1428 5146 ad
1456 5083 1516 5146 ista
1543 5100 1719 5163 assurgere.

165 5186 258 5249 idem
278 5203 353 5248 cum
373 5184 448 5262 illa;
473 5185 657 5264 dicendum,
683 5187 767 5268 quod
792 5207 849 5270 per
868 5207 922 5270 ge-
975 5189 1086 5252 Nonne
1110 5185 1319 5268 quarumdam
1345 5190 1559 5245 creaturarum
1583 5180 1722 5243 essentie

165 5283 372 5350 necationem
410 5294 464 5347 aut
482 5285 727 5376 ‘emanationem
760 5287 799 5348 ad
837 5287 920 5350 intra
976 5295 1024 5351 cst
1044 5305 1107 5348 une
1129 5302 1258 5367 genere,
1272 5281 1482 5364 quarumdam
1506 5298 1570 5342 nna
1594 5278 1722 5362 special
