4309 6250
411 511 451 559 D!
470 511 634 558 albamara
656 513 693 558 ut·
713 512 863 560 caunites
884 513 912 559 Β.
936 513 964 558 V.
989 513 1105 572 tinum,
1127 512 1216 559 ttattu
1237 512 1258 559 1.
1280 531 1321 542 ·-
1340 512 1410 559 aar.
1433 511 1486 558 x1v
1684 488 1724 552 33

169 680 239 743 filia
274 679 368 762 regis,
399 679 510 762 regina
538 680 672 762 potenti,
703 681 958 764 temporaliterd
975 679 1128 764 appellari
1158 681 1292 762 cupiunt
1319 677 1490 743 Christiani
1519 685 1552 742 et
1573 697 1631 760 ρον
1653 697 1725 759 gra-

169 777 356 860 praesidente
377 799 414 842 ac
436 777 534 842 divite
557 788 750 843 nasceretur.
768 779 830 843 Cur
843 798 919 862 ergo
974 778 1051 842 tiam
1073 778 1189 842 Christi
1211 777 1339 841 salvari.

169 893 207 937 ex
222 875 328 956 puella
342 875 433 939 fabro
448 875 639 957 desponsata
653 878 754 941 voluit
767 877 877 959 gignit
1012 875 1115 939 Tertia
1131 885 1299 954 causaest,
1316 874 1469 956 quoniam
1490 873 1613 956 primns
1635 872 1723 935 Chri-

209 973 247 1036 Et
271 975 538 1056 respondendum,
553 975 638 1056 quod
664 975 825 1056 Sapientia
850 975 916 1052 uei,
972 973 1011 1035 sti
1039 975 1194 1036 adventus
1223 972 1286 1036 fuit
1312 971 1541 1055 prenuntiatus
1569 971 1603 1032 in
1632 970 1720 1034 omni

170 1069 308 1133 Verbum
328 1079 492 1149 catomum,
509 1073 695 1154 Unigenitus
715 1072 825 1150 Patris,
843 1091 920 1135 cuu-
971 1079 1157 1154 paupertate
1185 1080 1217 1134 et
1252 1071 1431 1133 humilitate
1464 1068 1602 1147 futurus,
1631 1068 1720 1149 juxta

171 1177 222 1232 cta
244 1169 404 1250 sapienter
426 1169 600 1251 disponens
629 1189 666 1232 ac
695 1169 918 1233 decentissime
972 1167 1050 1230 illud
1065 1169 1221 1232 Zachariae
1239 1193 1245 1229 :
1262 1169 1344 1231 Ecce
1358 1168 1422 1230 Rex
1437 1175 1511 1230 tuus
1532 1165 1641 1229 veniet
1662 1164 1719 1228 tibi
1734 1179 1867 1233 aaran.

17 1283 75 1338 sap¹
83 1285 154 1330 nn.
169 1266 302 1346 faciens,
310 1277 403 1349 atque
419 1267 452 1328 in
468 1285 613 1347 numero,
624 1268 763 1348 pendere
778 1287 815 1331 ac
830 1287 919 1332 men·
969 1266 1074 1348 justus
1091 1275 1123 1330 et
1144 1267 1303 1344 salvator3
1320 1266 1389 1348 ipse
1410 1284 1542 1347 pauper,
1558 1272 1591 1327 et
1611 1281 1722 1327 ascen·

169 1385 243 1428 sura
271 1365 467 1429 constituens
497 1365 657 1445 universa,
684 1367 732 1428 sic
755 1366 851 1448 elegit
879 1386 917 1430 ax
971 1365 1049 1427 daus
1075 1384 1171 1446 super
1195 1365 1329 1428 asinam.
1350 1398 1390 1409 -
1414 1363 1539 1442 Quarta,
1556 1381 1597 1424 ne
1621 1361 1720 1424 Filius

169 1462 383 1526 illustrissima
397 1462 486 1526 nasci
501 1463 748 1544 adolescentula,
762 1471 916 1528 uttamen
970 1462 1025 1524 Ilei
1059 1462 1223 1526 videretur
1256 1461 1449 1524 mundanam
1477 1459 1719 1543 prosperitatem

169 1561 303 1643 proximi
329 1570 360 1625 et
384 1561 553 1644 propinqui
577 1571 724 1642 parentes
745 1562 830 1624 illius
852 1582 916 1626 non
970 1560 1168 1639 beatificare,
1183 1569 1215 1624 et
1233 1579 1365 1644 magnos
1389 1560 1497 1623 saculi
1522 1559 1620 1640 hujus
1644 1577 1721 1641 pau-

169 1667 276 1722 essent
290 1659 481 1722 excellenter
495 1667 651 1742 potentes,
669 1659 843 1742 locupletas
863 1669 918 1723 ant
971 1659 1100 1741 peribus
1123 1659 1364 1741 humilibusque
1389 1657 1549 1739 preferre.
1571 1656 1652 1720 llinc
1675 1655 1720 1720 ait

170 1756 294 1821 nobiles
329 1759 504 1821 secundum
540 1759 772 1840 reputationem
806 1758 917 1822 huma·
970 1758 1139 1839 Apostolus
1166 1781 1173 1819 :
1201 1758 1311 1821 Videte
1341 1756 1541 1820 vocationem
1567 1763 1716 1834 vestram,
1734 1774 1862 1822 {contra

170 1875 256 1934 nam,
273 1875 329 1919 seu
343 1855 432 1938 juxta
454 1857 560 1919 saeculi
583 1856 680 1938 hujus
702 1875 842 1919 cursum.
859 1857 917 1922 Cu·
933 1854 956 1916 B
971 1854 1096 1933 fratres,
1116 1857 1192 1939 quia
1216 1874 1281 1918 non
1305 1855 1397 1918 multi
1422 1855 1583 1936 sapientes
1607 1873 1720 1918 sacun-

168 1955 221 2036 jus
237 1954 281 2017 rei
296 1973 398 2018 causac
413 1955 615 2019 rationabiles
631 1955 917 2036 assignantur.Pri-
970 1955 1046 2018 dum
1076 1973 1217 2033 carnem,
1246 1973 1311 2017 non
1339 1953 1432 2015 multi
1467 1960 1624 2034 potentes,
1654 1969 1719 2016 non

170 2060 299 2132 maest,
320 2073 360 2116 ne
385 2053 597 2136 promulgatio
620 2053 813 2135 evangelice
837 2052 917 2136 legis
971 2052 1063 2115 multi
1084 2052 1209 2116 nobiles
1228 2059 1303 2113 sunt
1326 2050 1411 2113 inter
1435 2069 1503 2114 vos.
1520 2049 1598 2113 Hinc
1622 2068 1720 2130 super

169 2158 277 2232 posset
308 2149 447 2214 adscribi
482 2149 641 2232 potestati,
673 2150 829 2213 nobilitati
863 2159 918 2214 aut
971 2151 1087 2214 Lucam
1102 2151 1145 2214 ait
1159 2150 1346 2214 Ambrosius
1357 2150 1456 2229 (circa
1471 2148 1719 2230 illud:hngelus
1734 2165 1817 2216 caea
1833 2169 1866 2210 ro.

169 2247 339 2330 opulentia
363 2247 530 2311 Genitricis
548 2247 674 2328 Christi,
695 2257 749 2310 aut
769 2258 918 2330 cognato-
971 2249 1009 2312 ad
1030 2257 1173 2332 pastores
1188 2248 1246 2327 ait)
1262 2272 1270 2310 :
1286 2248 1355 2312 Non
1370 2247 1547 2329 gymnasia,
1563 2265 1628 2310 non
1649 2245 1720 2308 rhe-

169 2366 239 2409 mm
254 2355 286 2409 et
299 2345 550 2430 propinquorum
565 2346 677 2428 ipsius.
689 2346 806 2410 Eadem
822 2367 916 2410 causa
972 2355 1054 2410 tores
1075 2348 1249 2430 cliguntur,
1270 2346 1324 2410 sed
1347 2345 1528 2428 simplicem
1550 2345 1633 2407 Deus
1653 2344 1721 2426 ple-

168 2445 270 2508 noluit
283 2444 316 2507 in
330 2443 504 2508 Jerusalem
525 2445 604 2507 urbe
627 2445 793 2527 metropoli
812 2445 913 2528 gigni,
970 2444 1043 2509 bem
1059 2445 1242 2526 assumpsit,
1258 2463 1329 2526 quaa
1350 2444 1458 2507 audita
1478 2443 1644 2525 phalerare
1665 2461 1720 2505 ne-

169 2541 271 2605 sedin
286 2541 437 2606 Nazareth
460 2543 586 2606 modico
600 2542 753 2624 oppidulo
775 2543 914 2624 concipi,
971 2544 1076 2608 scivit.
1102 2543 1290 2621 -Quinta,
1321 2550 1355 2604 ut
1383 2541 1496 2604 merito
1525 2540 1720 2622 paupertatis

170 2647 262 2722 atque
285 2640 317 2702 in
340 2638 524 2703 Bethlehem
550 2639 677 2703 civitate
703 2659 800 2722 parva
820 2660 917 2723 gene·
971 2641 1223 2724 humilitatisque
1237 2639 1353 2703 Christi
1368 2638 1577 2722 spiritualiter
1590 2657 1647 2720 per
1665 2638 1722 2701 do-

169 2738 242 2800 rari.
269 2737 348 2802 llinc
371 2757 498 2821 quoque
527 2739 651 2818 idiotas,
677 2738 832 2820 plebeios,
858 2740 916 2802 im·
971 2741 1133 2823 nagratie
1147 2740 1391 2823 locupletemur,
1408 2736 1645 2800 claternaliter
1663 2755 1722 2818 per

169 2845 313 2917 poenes
337 2844 369 2900 et
392 2854 548 2918 pauperes
567 2836 664 2918 elegit
688 2837 914 2919 constituitque
971 2840 1054 2902 dona
1075 2839 1183 2921 gloriae
1207 2837 1411 2902 felicitamur.
1430 2835 1515 2899 Unde
1538 2835 1578 2898 de
1598 2834 1720 2898 Christo

167 2933 338 3016 apostolos,
369 2953 409 2998 na
437 2933 526 2998 omni
553 2935 706 2997 miraculo
739 2935 915 2999 mirabilior
971 2937 1015 3000 ait
1033 2937 1203 3020 Apostolus
1220 2937 1374 3017 :Propter
1394 2952 1453 2996 nos
1474 2952 1594 3015 egenus
1615 2932 1720 2994 factus
1739 2945 1865 2998 urana

168 3033 334 3097 conversio
347 3032 458 3097 mundi
473 3033 512 3095 ad
527 3033 748 3096 arduissimam
765 3033 867 3115 legem
883 3041 915 3097 et
933 3034 956 3099 C
971 3043 1030 3113 cst,
1046 3043 1081 3097 ut
1095 3035 1181 3096 illius
1196 3033 1305 3114 inopia
1319 3050 1378 3096 nos
1392 3031 1508 3094 divites
1524 3049 1677 3093 essemus.
1733 3010 1754 3051 ⁰·

167 3132 521 3216 incomprehensibilem
536 3130 634 3195 fidem
649 3132 850 3211 catholicam,
865 3134 916 3195 ad·

167 3231 358 3295 scriberetur
383 3230 555 3313 sapientie,
582 3230 780 3313 eloquentie,
807 3251 915 3295 versu-
1160 3253 1407 3318 ARTIGULUS
1432 3251 1524 3315 xlv·

166 3330 229 3409 tie,
250 3329 399 3412 potentian
422 3338 478 3393 aut
500 3328 646 3410 dignitati
671 3330 914 3412 predicatomm

167 3428 245 3509 legis
266 3446 303 3490 ac
326 3426 402 3491 fidei
425 3426 625 3505 christianae3
642 3426 746 3489 sedin
765 3427 914 3491 omnibus

166 3532 391 3607 agnosceretur
409 3531 539 3607 operata
563 3524 730 3603 Divinitas,
754 3545 826 3607 quas
849 3544 914 3589 non

165 3642 223 3705 per
246 3622 366 3704 aliquid
388 3622 623 3703 praedictorum,
646 3623 701 3685 sed
728 3642 785 3704 per
810 3623 912 3704 signa,

166 3721 320 3806 prodigia,
330 3721 484 3784 miracula
499 3740 535 3783 ac
552 3720 640 3783 varia
655 3720 791 3802 Spiritus
807 3721 913 3784 Sancti
1032 3723 1094 3783 AR
1104 3722 1243 3783 VULUS
1256 3728 1356 3779 natata
1369 3728 1414 3778 eat
1430 3720 1533 3786 nobis,
1547 3719 1641 3795 fitius
1659 3718 1718 3776 da·
1730 3736 1828 3788 tarsa.

168 3819 368 3897 charismata,
395 3837 460 3882 non
489 3817 591 3882 solum
619 3818 735 3901 vulgus
760 3818 912 3900 ignobile,
1045 3828 1098 3879 tus
1112 3828 1159 3879 cst
1173 3818 1287 3885 nobis,·
1299 3826 1330 3876 et
1346 3818 1515 3876 vacabitur
1527 3816 1718 3878 Admirabi-

167 3918 222 3981 aad
237 3918 443 4000 philosophos
457 3935 584 3999 quoque
605 3924 638 3979 ct
656 3924 807 3997 emtores,
825 3936 914 3999 reges
968 3920 1022 3988 lia,
1037 3917 1268 3985 Conciliariua,
1283 3918 1381 3984 Deus,
1401 3916 1524 3984 Fortis,
1542 3916 1647 3975 Pater
1663 3915 1719 3990 su·

168 4024 198 4079 et
226 4014 400 4097 principes,
426 4014 553 4077 Scribas
581 4015 826 4095 sacerdotesque
854 4016 916 4079 ldo-
969 4016 1041 4075 tari
1074 4015 1198 4083 saculi,
1232 4014 1395 4088 Princeps
1424 4012 1529 4088 pacis.
1563 4009 1636 4073 llaec
1669 4019 1719 4074 est

167 4113 260 4177 amere
279 4112 370 4196 legis,
386 4112 449 4194 legi
465 4132 504 4176 ac
525 4111 604 4175 fidei
626 4112 741 4175 Christi
764 4112 911 4195 subjecit.
968 4130 1094 4175 summa
1117 4109 1281 4193 sapientiae
1306 4108 1498 4187 christiane,
1524 4107 1592 4170 haec
1616 4108 1719 4191 pleni-

207 4211 353 4275 Secuuda
366 4210 462 4292 hujus
477 4210 523 4273 rei
539 4210 619 4273 ratio
634 4210 824 4291 assignatur,
837 4230 915 4293 quo-
929 4208 953 4270 l)
968 4210 1043 4274 tudo
1078 4208 1265 4290 theologice
1299 4206 1442 4269 veritatis
1477 4229 1485 4267 :
1520 4206 1605 4287 quod
1635 4206 1717 4269 Deus

167 4308 254 4373 niam
287 4307 385 4372 vitius
419 4308 473 4371 Dei
504 4308 669 4372 descendit
696 4308 730 4369 in
759 4310 914 4373 mundum
967 4316 1104 4372 eternus
1119 4315 1149 4369 et
1165 4325 1259 4370 verus
1275 4304 1322 4368 sic
1337 4324 1411 4367 vere
1429 4324 1513 4367 unus
1532 4311 1564 4367 et
1582 4303 1719 4386 simplex

167 4408 264 4488 hunc,
281 4416 436 4489 quatenus
461 4407 559 4471 verbo
583 4414 615 4469 et
639 4406 785 4489 exemplo
809 4414 916 4471 osten·
968 4404 1071 4469 estin
1095 4403 1222 4468 deitatis
1246 4402 1395 4482 essentia,
1420 4410 1456 4465 ut
1479 4401 1581 4466 nihilo
1609 4401 1717 4464 minua

167 4508 255 4571 deret
288 4506 438 4569 universa
470 4504 581 4569 mundi
616 4504 714 4586 hujus
743 4505 913 4588 magnalia,
968 4522 1043 4567 vere
1067 4503 1170 4565 trinus
1194 4501 1235 4564 sit
1259 4501 1293 4563 in
1316 4500 1483 4582 personis3
1509 4508 1605 4582 atque
1632 4499 1717 4581 quod

167 4604 378 4683 nobilitatem,
398 4612 598 4687 potestatem,
620 4604 760 4682 divitias,
782 4604 914 4667 delicias
968 4601 1154 4685 Unigenitus
1168 4600 1224 4663 Ilei
1239 4599 1349 4677 Patris,
1366 4597 1447 4661 Patri
1462 4598 1622 4661 adorando
1642 4615 1718 4660 con·

166 4712 198 4767 et
223 4705 370 4783 honores,
386 4701 544 4765 desiderio
568 4699 694 4779 futurae,
715 4700 853 4765 coelastis
877 4721 913 4765 ac
969 4697 1196 4777 substantialis,
1213 4697 1381 4779 coequalis
1396 4704 1428 4759 et
1442 4704 1628 4776 enatemus,
1642 4710 1717 4757 vere

167 4800 366 4884 sempitemae
381 4799 545 4863 felicitatis
561 4818 630 4862 csse
645 4800 734 4881 parvi
746 4802 915 4883 pendenda
968 4798 1071 4862 factus
1093 4805 1141 4861 est
1161 4796 1269 4874 homo,
1285 4795 1478 4857 assumendo
1499 4802 1644 4856 naturam
1659 4792 1718 4855 hu·

166 4919 204 4964 ac
219 4899 428 4981 relinquenda
444 4922 450 4959 :
468 4906 597 4981 propter
615 4898 700 4979 quod
722 4898 756 4960 in
777 4898 915 4961 maxima
968 4915 1096 4960 menam
1109 4914 1148 4959 ex
1162 4894 1350 4957 intemerata
1364 4892 1634 4972 serenissimaque
1654 4891 1718 4954 lla·

166 5006 363 5082 paupertate,
379 4997 559 5061 humilitate
574 4998 817 5079 abjectioneque
837 4998 916 5060 vixit
969 4994 1026 5074 ria,
1034 4994 1095 5058 hoc
1110 5001 1211 5057 estex
1224 4991 1403 5074 purissimis
1418 4990 1490 5071 ejus
1504 4988 1717 5070 sanguinibus

167 5098 200 5159 in
225 5096 341 5160 seculo
365 5097 446 5173 isto;
469 5104 563 5177 atque
591 5096 625 5158 in
654 5095 802 5159 omnibus
829 5097 914 5177 quod
968 5092 1136 5158 formando
1160 5090 1223 5153 sibi
1246 5109 1361 5171 corpus
1385 5089 1573 5164 humanum,
1595 5103 1660 5149 non
1684 5085 1716 5148 vi

167 5196 255 5259 carni
271 5194 437 5258 molestius
452 5202 500 5257 est
514 5193 621 5276 elegit,
638 5201 673 5255 ut
687 5194 792 5276 ipsum
814 5193 848 5255 in
871 5202 916 5257 ta-
968 5189 1139 5254 formativa
1154 5186 1253 5265 virili,
1268 5187 1419 5266 humana,
1436 5184 1492 5248 sed
1513 5184 1630 5247 virtute
1650 5202 1718 5248 om-

167 5293 251 5357 libus
281 5291 459 5357 efficaciter
485 5292 648 5355 imitentur
674 5292 730 5373 qui
759 5292 916 5356 veraciter
969 5286 1324 5372 nipotenti,divina,cui
1339 5284 1492 5366 competit
1505 5300 1717 5364 agere,quum

292 5426 324 5477 T.
343 5427 384 5477 36.
1578 5416 1593 5470 3

969 3386 1061 3453 Quod
1080 3385 1265 3443 beatissima
1286 3392 1316 3442 ct
1334 3381 1630 3441 admirabilissima
1650 3382 1720 3439 vir·

1005 3492 1046 3551 go
1060 3474 1174 3534 Maria
1193 3474 1361 3531 verissime
1374 3472 1465 3547 sacta
1480 3471 1523 3529 sit
1538 3478 1568 3529 et
1582 3470 1719 3528 exsistat

1010 3564 1167 3623 Genitra'a
1181 3563 1254 3620 veri
1267 3563 1339 3622 Dei.
