4309 6250
504 508 624 557 corrms
644 509 814 558 rrarrnrrrr
833 508 1005 566 annonari,
1028 507 1117 556 nram
1139 509 1158 554 r.
1182 527 1221 538 —
1242 508 1312 556 tar.
1335 509 1356 554 v
1646 491 1706 557 eta

153 677 281 741 vivente
305 687 336 740 et
361 679 553 760 praedicante
577 678 760 743 beatissimo
780 680 901 742 Ioanne
915 682 940 741 Α
955 687 1004 742 tra
1031 679 1226 743 Christianos
1256 678 1446 760 conscripsit
1474 685 1616 756 testatur,
1639 678 1707 760 qni-

152 777 296 858 apostolo
320 796 357 839 ac
382 777 589 858 evangelista,
615 796 731 840 novam
755 777 900 840 heresim
954 777 1027 839 dam
1042 778 1174 841 deorum
1190 777 1285 839 etiam
1306 777 1451 859 quiedam
1467 777 1602 839 bonade
1619 776 1707 838 Chri-

153 873 356 950 indnxernnt,
389 883 568 936 asserentes
602 874 708 937 lesum
743 875 900 937 Christum
955 883 1004 937 sto
1032 875 1130 938 locuti
1161 883 1245 952 sunt,
1276 883 1385 956 utpote
1413 875 1497 956 quod
1533 873 1629 936 luerit
1656 873 1708 936 vir

153 989 221 1033 esse
241 971 405 1034 hominem
428 991 555 1054 purum,
571 990 636 1036 non
659 973 756 1034 Deum
776 991 899 1035 verum.
956 971 1082 1051 sapiens
1098 979 1191 1052 atque
1208 971 1387 1051 piissimns3
1403 979 1435 1033 et
1450 969 1633 1051 specialiter
1647 970 1707 1032 dea

152 1066 251 1140 Quam
276 1069 423 1130 baeresim
449 1077 559 1150 postea
587 1077 820 1132 renovaverunt
844 1068 903 1130 ini·
955 1069 1100 1149 quaedam
1122 1068 1282 1130 Christum
1304 1067 1396 1130 valde
1418 1068 1568 1130 laudavit.
1588 1068 1640 1130 Sic
1664 1075 1708 1128 ta-

153 1165 256 1228 micns
270 1166 326 1227 llei
341 1164 502 1229 Nestorius
516 1175 549 1229 et
562 1166 725 1229 Photinus.
737 1166 902 1247 Quumque
956 1183 1029 1226 men
1054 1165 1099 1226 dii
1124 1184 1160 1228 ac
1184 1165 1251 1227 deae
1275 1165 1443 1247 gentilium
1463 1165 1622 1228 Christum
1643 1165 1708 1229 col·

153 1263 235 1326 Deus
254 1263 403 1326 baresim
422 1263 515 1326 istam
540 1283 597 1347 per
616 1281 713 1326 sacrae
732 1264 902 1344 Scriptura
957 1263 1176 1342 laudaverunt,
1193 1262 1277 1343 quod
1299 1263 1370 1342 ejus
1391 1261 1567 1345 discipulos
1581 1281 1707 1326 omnes·

152 1360 332 1423 doctrinam
352 1369 386 1424 et
404 1361 650 1424 innumerabilia
671 1361 822 1443 praeelara
844 1361 903 1423 mi·
956 1379 1019 1440 qne
1046 1359 1241 1422 Christianos
1271 1359 1543 1441 vituperaverunt,
1570 1360 1707 1424 dicende

153 1457 262 1520 racrda
283 1458 324 1520 ab
338 1457 482 1521 Ecclesia
504 1479 562 1539 pro
583 1467 672 1540 parte
693 1459 829 1521 maxima
850 1477 903 1520 ex·
956 1459 1042 1538 qnod
1057 1458 1206 1540 discipuli
1223 1457 1338 1520 Christi
1354 1458 1531 1521 docuerunt
1546 1457 1706 1522 Christum

153 1556 329 1637 stirpasset,
364 1557 452 1618 venit
484 1557 639 1620 lllahomet
673 1566 705 1618 et
740 1557 904 1620 renovavit
957 1575 1027 1618 esse
1062 1555 1261 1638 unigenitum
1290 1556 1343 1618 Dei
1374 1555 1500 1634 Filium,
1532 1575 1706 1638 verumque

153 1654 311 1735 eamdem,
341 1653 510 1717 affirmans
539 1655 699 1718 Christum
733 1673 797 1718 non
832 1673 903 1717 esse
957 1655 1057 1717 Deum
1084 1678 1091 1716 ε
1117 1655 1201 1736 qnod
1227 1655 1361 1735 ipsemet
1390 1654 1532 1740 Christus
1563 1673 1626 1718 non
1652 1656 1707 1718 do·

153 1753 213 1812 nisi
250 1752 413 1814 hominem
446 1771 572 1834 purum.
604 1753 744 1816 Fuerunt
776 1771 903 1834 qnoque
958 1752 1035 1832 cuit,
1058 1753 1123 1814 imo
1145 1752 1253 1814 doceri
1276 1752 1447 1833 prohibuit.
1465 1752 1503 1815 Et
1524 1772 1599 1816 ecoe
1620 1754 1706 1816 hune

153 1850 207 1912 alii
223 1849 453 1930 haeresiarchae,
466 1851 614 1914 videlicet
628 1851 720 1913 hrins
735 1859 828 1932 atque
844 1850 940 1913 En-B
958 1867 1084 1930 quoqne
1099 1867 1238 1912 errorem
1255 1850 1410 1912 blahomet
1432 1851 1607 1928 renovavit,
1625 1851 1707 1914 sicut

153 1947 292 2024 nomios,
322 1947 377 2028 qni
407 1947 566 2028 dixerunt,
596 1967 670 2010 cum
698 1947 903 2029 simplicitate
957 1965 996 2010 ex
1010 1948 1103 2010 dictis
1119 1948 1152 2008 in
1168 1949 1309 2010 secundo
1324 1947 1457 2010 articulo
1473 1947 1654 2012 innotescit.

152 2045 269 2107 divina
292 2045 439 2107 essentiae
459 2045 652 2126 Deitatisqne
676 2047 795 2108 unitate
813 2046 904 2108 trini·
997 2046 1161 2124 Praeterea,
1200 2045 1281 2106 ultra
1317 2053 1362 2108 tot
1396 2044 1562 2124 falsitates,
1599 2047 1707 2109 omnia

151 2151 250 2204 tatem
267 2161 474 2224 personarum
493 2143 605 2206 inDeo
619 2154 702 2205 stare
718 2161 781 2206 non
798 2163 900 2225 posse.
958 2143 1150 2224 evangelicae
1179 2143 1256 2224 legis
1285 2151 1483 2206 sacramenta
1516 2145 1645 2224 abjecit,
1676 2153 1707 2207 et

151 2241 226 2303 ldeo
254 2250 453 2322 negaverunt
481 2241 579 2302 Deum
609 2260 678 2303 csse
714 2241 833 2302 trinum
870 2241 902 2303 in
959 2241 1062 2303 varias
1083 2240 1325 2322 superstitiones
1347 2241 1482 2320 induxit,
1500 2243 1707 2323 impiissimas

152 2339 311 2420 personis.
328 2338 367 2399 Et
380 2339 511 2400 haeresis
527 2339 587 2400 ista
600 2358 665 2420 pree
679 2339 794 2401 ceteris
808 2339 904 2402 haere
959 2339 1044 2420 leges
1067 2339 1220 2414 condens,
1247 2347 1340 2421 atque
1367 2339 1526 2402 l'enereos
1552 2341 1631 2403 ritus
1660 2340 1708 2402 in·

151 2437 242 2498 sibus
257 2437 291 2498 in
307 2436 447 2499 Ecclesia
461 2436 562 2517 magis
576 2436 742 2518 prevaluit
755 2445 786 2498 et
800 2456 904 2500 excre-
958 2439 1090 2514 ducens,
1108 2437 1379 2518 concupiscentiis
1395 2438 1538 2500 relaxans
1553 2439 1704 2502 habenas.

150 2536 206 2596 vit.
223 2535 391 2615 Quumque
405 2542 437 2596 et
451 2535 533 2596 hanc
555 2535 637 2596 Deus
656 2534 857 2617 omnipotens
872 2544 904 2597 et
959 2536 1002 2598 De
1022 2535 1140 2616 qnibns
1162 2535 1311 2598 omnibns
1334 2534 1418 2597 inira
1439 2535 1572 2599 dicetur.

150 2644 290 2696 aeternua
314 2651 371 2713 per
395 2632 523 2694 inlinita
547 2633 703 2694 miracula
730 2633 905 2714 Scriptura-
997 2634 1158 2696 Postremo
1177 2633 1307 2696 luerunt
1331 2633 1469 2696 haeretici
1496 2635 1549 2715 qui
1575 2634 1709 2697 beatitu-

152 2749 289 2812 rumqne
317 2730 509 2794 documenta
536 2731 785 2807 exterminasset,
816 2732 905 2794 venit
958 2733 1066 2792 dinem
1092 2731 1231 2794 hominis
1257 2739 1328 2812 post
1352 2734 1434 2795 bane
1456 2732 1564 2810 vitam,
1583 2732 1615 2794 in
1640 2751 1708 2795 ear·

151 2829 266 2891 llabon
291 2847 449 2891 renovans
470 2847 554 2905 eam,
578 2827 743 2890 adstruens
766 2847 822 2891 eos
849 2829 904 2909 qui
959 2829 1085 2891 natibus
1099 2829 1362 2892 delectationibus
1383 2837 1438 2891 ant
1457 2829 1573 2910 partim
1589 2839 1642 2892 aut
1663 2839 1709 2892 to-

152 2927 253 2988 [lenm
269 2927 388 2988 trinum
405 2925 437 2988 in
454 2926 598 3008 personis
613 2925 765 3003 latentur,
773 2928 904 2989 adorare
960 2927 1065 2989 taliter
1080 2935 1267 3006 statuerunt,
1278 2926 1390 2988 saltem
1407 2945 1463 3008 per
1478 2936 1603 3008 tempus
1619 2927 1708 2990 mille

153 3031 216 3083 tres
243 3022 334 3083 Deos.
356 3021 496 3082 Fuerunt
519 3023 647 3082 demum
672 3022 781 3083 etalii
806 3022 940 3092 here-C
960 3044 1127 3088 annorum.
1155 3025 1292 3098 Quorum
1321 3043 1460 3088 errorem
1491 3027 1709 3107 turpissimum

152 3120 299 3197 siarchae,
330 3107 441 3201 utputa
471 3119 609 3182 hlarcion
645 3128 677 3181 et
703 3119 902 3197 llanicbaens,
960 3123 1126 3187 renovavit
1154 3123 1205 3185 hie
1233 3123 1355 3201 blabon,
1387 3142 1532 3186 asserens
1561 3123 1709 3186 virtuosis

151 3220 299 3280 dicentes
314 3217 471 3279 Christum
493 3236 559 3279 nen
579 3236 650 3280 esse
671 3218 826 3281 veraciter
848 3237 904 3299 pro
959 3222 1110 3286 fidelibus
1139 3223 1305 3303 praemium
1336 3230 1407 3303 post
1435 3222 1517 3284 hanc
1547 3222 1645 3283 vitam
1675 3223 1708 3285 in

151 3316 267 3377 mundi
282 3316 385 3377 salute
407 3334 536 3396 passum
555 3324 586 3376 et
606 3315 808 3377 cmcilixum.
825 3316 905 3390 Quo
960 3322 1107 3400 paradiso
1128 3320 1269 3382 terrestri
1291 3319 1442 3397 conferri,
1458 3320 1489 3381 in
1510 3318 1708 3400 amplexibus

152 3433 223 3475 rum
238 3411 414 3475 salsissima
429 3412 566 3493 pertidia
576 3412 717 3495 undiquc
727 3413 902 3490 eliminata,
960 3418 1244 3498 pulcherrimarum
1273 3436 1405 3480 uxorum
1433 3426 1464 3479 et
1493 3418 1709 3479 innumerabi-

151 3512 244 3573 venit
271 3511 421 3593 princeps
448 3510 547 3574 totins
574 3510 692 3572 erroris
719 3510 842 3592 Mahon,
873 3520 906 3574 et
960 3514 1038 3576 linm
1063 3514 1254 3597 puellarum,
1281 3514 1312 3575 in
1342 3514 1536 3575 abundantia
1565 3513 1708 3576 rivorum

151 3609 242 3670 illam
274 3608 441 3671 renovavit
468 3608 649 3690 perfidiam,
679 3609 791 3671 dicens
818 3608 905 3671 Chri·
959 3612 1039 3689 vini3
1056 3612 1147 3674 laetis
1171 3620 1202 3673 et
1227 3612 1343 3689 mellis,
1360 3630 1528 3675 aureorum
1553 3612 1707 3674 lectorum

151 3716 237 3769 stum
263 3726 282 3768 a
306 3706 421 3769 Judaeis
444 3723 508 3770 non
536 3724 606 3768 esse
633 3706 787 3784 occisum,
811 3714 905 3790 prout
959 3729 997 3772 ac
1020 3709 1155 3772 vestium
1177 3709 1362 3771 sericarum.

151 3806 239 3867 inira
268 3804 398 3887 plenius
427 3801 593 3865 referetur.
610 3802 748 3867 Fuerunt
775 3805 906 3886 insuper
999 3808 1074 3869 Tam
1095 3806 1321 3870 abominabilia
1342 3824 1470 3888 quoque
1488 3805 1596 3869 docuit
1620 3824 1709 3867 men·

150 3904 205 3965 alii
221 3901 453 3981 haeresiarchas,
469 3900 612 3963 dieentes
626 3902 903 3965 circumcisionem
959 3905 1051 3967 dacia
1064 3904 1104 3967 de
1120 3903 1245 3966 entibus
1262 3904 1415 3981 universi,
1432 3904 1517 3966 etde
1532 3902 1709 3965 exsistenti·

150 4002 280 4083 aliaque
304 3999 431 4082 legalia,
458 4008 536 4081 puta
557 4000 700 4062 llosaieae
724 4000 803 4081 legis
828 4019 906 4082 prar-
960 4003 1019 4066 bns
1034 4021 1130 4083 supra
1145 4002 1259 4065 coelum
1275 4020 1311 4064 ac
1326 4000 1409 4064 inira
1423 4009 1653 4082 terram,atque
1668 4001 1707 4063 de

151 4109 248 4183 cepta
268 4097 508 4176 cerimonialia,
524 4096 618 4159 simul
639 4115 713 4159 oum
734 4098 905 4179 Evangelio
961 4100 1184 4163 interlectione
1213 4100 1357 4162 ornninm
1383 4098 1646 4162 intellectualium
1670 4116 1707 4163 nc

150 4216 224 4261 esse
261 4196 428 4259 servanda.
458 4194 597 4269 Quorum
632 4214 731 4277 quum
759 4196 905 4259 haeresim
921 4198 946 4261 b
961 4198 1163 4262 rationalium
1178 4207 1393 4261 creaturarum
1415 4206 1488 4260 ante
1508 4196 1592 4259 diem
1608 4204 1709 4259 extre-

150 4296 237 4359 bens
251 4294 410 4377 gloriosus
431 4292 641 4373 eliminasset,
656 4294 746 4356 venit
762 4292 906 4357 omnium
961 4294 1004 4358 mi
1022 4295 1148 4376 judicii,
1166 4294 1251 4375 quod
1271 4294 1378 4358 nullus
1400 4292 1506 4372 homo,
1524 4292 1584 4355 nisi
1599 4294 1709 4357 diabo-

151 4394 308 4475 mngister
341 4410 485 4454 errorum
518 4391 643 4469 blahon,
678 4391 906 4474 renovavitque
960 4394 1023 4457 lico
1039 4392 1154 4475 spiritu
1169 4392 1300 4456 omnino
1315 4393 1467 4474 repletus,
1480 4400 1589 4475 posset
1601 4390 1709 4473 hujus·

151 4500 279 4572 partem
301 4489 391 4551 illam
415 4513 422 4550 ε
445 4488 521 4572 qnia
544 4493 594 4569 (ut
616 4509 654 4552 ex
677 4490 834 4553 hlccrano
858 4497 907 4553 est
961 4492 1046 4556 modi
1067 4490 1234 4554 mendacia
1254 4491 1387 4571 lingere.
1405 4492 1477 4565 Quae
1497 4490 1617 4568 omnia,
1629 4509 1710 4573 prae·

50 4614 136 4660 utrm
150 4589 341 4669 allegatum)
362 4587 497 4649 asseruit
518 4587 557 4649 ad
580 4586 812 4668 perlectionem
836 4608 906 4671 per·
960 4600 1062 4653 stante
1074 4590 1194 4672 Spiritu
1206 4589 1468 4669 Sancto,inierius
1480 4588 1708 4671 probabuntur.

150 4688 269 4765 tinere,
283 4685 476 4748 Testamenti
498 4693 531 4747 et
550 4684 715 4767 Evangelii
737 4688 905 4770 praeceptis

150 4786 276 4867 pariter
288 4784 428 4847 obedire.
441 4784 522 4847 Ecce
536 4791 615 4866 quot
629 4784 785 4847 haeretieae
800 4786 905 4867 pravi·
1180 4786 1424 4853 ARTICULUS
1450 4786 1491 4851 V.

148 4892 233 4947 mes
249 4884 283 4945 in
299 4901 363 4945 ⁰¹¹⁰
376 4881 437 4945 h⁰⁰
457 4881 587 4946 h⁰mi¹¹⁰
602 4880 732 4945 suerunt
750 4884 903 4947 mum·
999 4923 1046 4981 De
1060 4923 1153 4980 modo
1165 4920 1364 4995 procedendi
1377 4920 1413 4978 in
1429 4921 1489 4979 isto
1510 4926 1666 4981 tractatu.

190 4980 339 5061 Denique
367 4998 431 5042 non
455 4980 558 5043 solum
582 4978 786 5062 praelatorum
807 4982 905 5045 haere·

148 5176 320 5239 renovavit
343 5175 497 5237 insanias.
522 5176 793 5249 Quemadmodum
818 5179 904 5241 enim
1044 5196 1107 5259 que
1132 5176 1300 5258 gentilium
1326 5177 1460 5238 haereses
1490 5195 1526 5238 ao
1556 5176 1707 5258 perlidias

147 5273 348 5357 Porphyrius
361 5273 570 5355 philosophus
583 5274 617 5335 in
632 5273 723 5337 libris
736 5292 817 5355 quos
832 5296 905 5340 eon·
958 5278 1006 5340 lla
1028 5284 1113 5339 omet
1136 5274 1309 5351 renovavit,
1333 5273 1577 5335 innumerabilia
1598 5282 1708 5336 contra

147 5080 302 5155 ticorurn,
319 5078 376 5139 sed
395 5078 564 5158 gentilium
583 5095 711 5158 quoqne
731 5080 904 5142 multorum
962 5078 1174 5338 QUONlAhl
1190 5078 1295 5159 itaque
1312 5086 1357 5141 tot
1371 5077 1650 5141 haeresiarcharum
1667 5084 1709 5140 at-
