4309 6250
418 498 458 564 20
664 515 704 563 DE
725 515 889 564 uiduitate
908 515 946 562 ΕΤ
966 514 1116 562 clunibus
1137 513 1166 560 B·
1189 515 1219 559 V.
1241 513 1359 576 IAM,
1381 514 1470 562 Lim
1491 516 1513 562 l.
1535 535 1577 546 -
1596 516 1668 564 Ant.
1691 517 1727 564 lll

418 703 471 764 ne,
487 691 576 748 motu
597 691 629 748 et
648 685 857 768 occupatione
876 683 1024 766 repulsis.
1039 682 1165 746 Etenim
1180 683 1206 746 Α
1220 683 1396 764 grantibus,
1413 702 1537 748 morum
1558 685 1715 767 probitate
1736 683 1868 764 fulcitis,
1892 703 1969 748 con·

419 783 560 865 cognitio
576 801 632 865 per
646 783 906 847 assimilationem
928 782 1100 863 quamdam
1121 779 1167 844 ei·
1220 782 1379 864 templari,
1395 783 1517 846 laudari
1533 803 1570 846 ac
1585 785 1745 864 honorari,
1757 785 1878 865 justum
1894 803 1969 847 con-

418 880 537 944 iicitur.
561 880 704 944 Laudans
726 899 853 962 quoque
880 888 912 944 et
932 878 1164 962 contemplans,
1220 881 1400 962 decensque
1412 885 1581 944 censeturl
1597 883 1822 946 Verumtamen
1838 902 1856 944 a
1875 882 1968 945 laude

419 978 546 1042 laudato
567 998 603 1041 ac
624 979 837 1061 contemplato
852 978 958 1060 aliquo
980 979 1075 1041 medo
1091 995 1165 1040 con·
1220 986 1253 1040 et
1281 978 1368 1040 cultu
1398 979 1494 1059 illius,
1526 980 1683 1042 immundi
1712 988 1744 1043 et
1778 980 1868 1062 impii
1903 999 1967 1042 non

417 1077 573 1160 jungitur.
589 1077 778 1159 Gonjunctio
797 1085 902 1140 antem
923 1077 1054 1141 omnino
1073 1075 1166 1138 dissi·
1206 1073 1385 1155 desistant,
1401 1077 1552 1156 quoniam
1574 1078 1643 1140 laus
1664 1087 1696 1140 et
1717 1079 1821 1140 cultus
1840 1078 1967 1141 illorum

418 1175 542 1238 milium
577 1175 807 1239 inconveniens
840 1193 909 1238 esse
941 1174 1125 1257 agnoscitur
1155 1196 1162 1234 :
1220 1172 1351 1236 exhibiti
1375 1173 1613 1256 benignissime
1642 1175 1773 1257 Virgini,
1799 1176 1838 1238 ad
1868 1175 1968 1257 impe-

417 1275 644 1357 propterquod
665 1273 820 1338 intereos
838 1273 893 1355 qui
909 1273 1075 1350 uniuntur,
1093 1290 1165 1354 pro-
1220 1271 1364 1333 trandam
1379 1271 1629 1335 misericordiam
1651 1273 1722 1354 ejus
1743 1274 1851 1354 aliquo
1872 1274 1966 1337 modo

415 1373 593 1454 portionem
615 1391 685 1436 esse
707 1380 841 1454 oportet.
1219 1368 1403 1450 disponunt.
1419 1369 1689 1442 Quemadmodum
1705 1372 1791 1434 enim
1811 1372 1967 1454 supermi-

456 1471 502 1532 l'u
530 1489 605 1553 ergo
633 1471 688 1552 qui
717 1490 775 1553 per
802 1469 1103 1552 contemplationem
1132 1477 1164 1530 et
1219 1466 1714 1531 sericordissimuslleusnullum
1726 1469 1966 1551 bonum‚quam·

415 1569 542 1632 landem
576 1567 753 1651 purissime
789 1568 923 1650 Virgini,
954 1567 1163 1630 sanctissimae
1218 1563 1267 1626 vis
1292 1573 1378 1627 extra
1402 1566 1565 1628 caritatem
1593 1565 1724 1646 lactum,
1750 1567 1866 1630 deserit
1888 1568 1965 1630 irre

415 1666 578 1746 Genitrici,
594 1667 800 1730 divinissimae
814 1665 1009 1747 Imperatrici
1025 1673 1055 1728 te
1070 1665 1164 1727 unire
1218 1670 1429 1742 muneratum3
1440 1663 1485 1725 sic
1496 1663 1661 1727 deiiormis
1672 1665 1813 1742 Domina,
1822 1665 1965 1746 piissima

414 1765 588 1845 desideras,
604 1763 824 1846 approximare
847 1763 985 1841 conaris,
1002 1763 1162 1825 adhaerere
1218 1760 1309 1842 virgo
1337 1761 1431 1823 hlaria
1455 1761 1579 1823 nullum
1603 1761 1790 1844 obsequium
1822 1763 1882 1825 sibi
1909 1763 1965 1825 im-

415 1862 592 1943 coutendiS,
609 1870 696 1924 tuam
718 1860 856 1944 purifica
877 1868 1030 1940 mentem,
1053 1880 1163 1923 cama·
1180 1855 1203 1916 B
1218 1877 1353 1939 pensum
1375 1859 1525 1941 relinquit
1544 1859 1797 1941 imprasmiatum.

413 1960 534 2024 litatem
559 1947 705 2039 abhorre,
721 1959 850 2041 puritati
876 1958 1077 2038 castitatique
1099 1966 1165 2021 stu-

412 2059 473 2138 de;
499 2076 606 2122 coram
631 2065 727 2120 tantae
750 2057 898 2138 puritatis
924 2055 1019 2119 ldatre
1043 2076 1081 2119 ac
1105 2057 1165 2119 Do-

412 2155 499 2219 mina
513 2156 666 2219 erubesce
687 2173 841 2236 apparere
856 2161 962 2216 mente
985 2152 1161 2215 immunda.
1418 2148 1662 2214 ARTICULUS
1691 2150 1751 2214 III.

412 2253 548 2328 Quodsi
573 2253 715 2317 nondum
740 2251 904 2333 purificati
927 2270 961 2314 es
982 2250 1100 2331 cordis,
1123 2250 1163 2312 de

413 2359 467 2414 tua
482 2350 667 2414 carnalitate
682 2350 842 2432 poenitens
863 2350 1050 2431 ingemisce,
1067 2357 1162 2429 atque
1217 2298 1320 2364 Quam
1341 2299 1552 2373 f⁰⁷m²d⁰²⁰⁸⁶
1579 2318 1617 2357 ‘²⁶
1643 2308 1841 2368 reverenter,
1866 2319 1965 2378 Vnam

636 2448 643 2461 ,
692 2449 698 2462 ,
805 2448 811 2460 ,
1000 2448 1006 2460 ,
1058 2447 1064 2460 ,
1122 2447 1129 2458 ‚
1254 2405 1398 2446 amorosa
1413 2396 1509 2464 atque
1521 2388 1679 2446 hilariter
1689 2390 1733 2446 ad
1746 2391 1964 2463 contemplan-

413 2469 471 2532 pro
486 2450 718 2512 emendatroms
732 2457 845 2530 gratra,
857 2467 915 2530 pro
930 2455 1084 2510 eastitatis
1099 2467 1163 2510 vrr·
1254 2474 1347 2543 dum,
1373 2476 1579 2534 laudandum
1608 2495 1645 2534 ac
1673 2477 1892 2535 invocandum
1914 2496 1965 2536 sa·

412 2546 657 2628 tute,lleginam
672 2546 849 2609 clementiae
865 2545 1047 2609 cordialiter
1060 2564 1097 2607 ae
1111 2546 1162 2626 ju·
1253 2563 1473 2621 &passimam
1496 2564 1660 2639 pimenem
1684 2566 1829 2624 Mariam
1856 2566 1964 2625 ἅψεα.

412 2645 495 2727 giler
515 2645 697 2727 deprecare.
721 2643 753 2706 Si
772 2645 915 2708 nondum
938 2642 1003 2707 tide
1025 2643 1161 2707 formata
1254 2671 1326 2710 mus
1340 2669 1466 2727 semper
1474 2655 1659 2727 procedere.

412 2742 633 2825 spiritualique
655 2741 786 2806 carihte
805 2761 876 2805 eam
898 2740 1035 2822 accedis,
1052 2749 1161 2824 utpote

411 2841 444 2903 in
468 2840 594 2905 mortali
619 2839 698 2904 vitio
720 2841 851 2921 jecens3
879 2840 989 2902 saltem
1018 2839 1085 2901 tide
1114 2839 1162 2900 iu·
1213 2836 1290 3000 IN
1300 2839 1391 2898 omni
1403 2840 1515 2899 animo
1537 2849 1592 2900 tuo
1612 2844 1725 2900 accede
1744 2845 1790 2901 ad
1811 2844 1915 2913 illam,
1932 2854 1962 2905 et
1976 2871 2049 2916 sech.
2072 2887 2101 2924 vr,

411 2937 508 3001 iormi
529 2956 567 3000 ac
582 2937 718 3000 naturali
741 2956 860 3015 amore,
877 2956 950 3000 cum
966 2936 1161 3000 emendatio·
1267 2939 1304 2996 t'rt
1324 2938 1415 2996 omni
1435 2939 1558 2997 virtute
1582 2948 1639 2998 tua
1659 2958 1813 3000 conserva
1834 2943 1905 3001 vias
1923 2945 1963 3001 il·
1975 2936 2050 2977 ²⁷⁴⁹·

412 3037 463 3099 nis
477 3037 641 3119 proposito
662 3044 694 3099 et
714 3036 921 3118 turpitudinis
943 3035 1026 3113 odie,
1042 3034 1195 3098 accedeG
1215 3035 1303 3102 lius;
1316 3043 1347 3093 et
1365 3036 1534 3094 continens
1554 3037 1675 3112 factus,
1691 3056 1732 3096 ne
1752 3040 1963 3119 derelinquas

411 3142 443 3198 et
458 3135 572 3198 invoca
590 3154 671 3198 eam.
688 3134 786 3196 Tanta
806 3142 855 3196 est
876 3152 1013 3215 namque
1034 3134 1160 3197 bonitas
1214 3152 1284 3192 eam
1309 3153 1320 3192 .·
1344 3134 1491 3192 invenies
1518 3136 1605 3194 enim
1631 3138 1775 3214 requiem
1802 3140 1838 3196 in
1861 3158 1910 3208 ea,
1932 3148 1963 3199 et

412 3231 483 3314 ejus
498 3252 534 3295 ac
554 3232 688 3313 puritas,
704 3240 769 3294 tam
789 3230 1053 3294 inestimabiliter
1067 3250 1161 3312 gran-
1213 3239 1421 3292 concertetur
1440 3232 1502 3290 tibi
1522 3234 1557 3290 in
1580 3234 1830 3296 oblectationem.
1849 3235 1880 3297 Si
1893 3236 1963 3297 rita

412 3332 461 3394 dis
483 3338 531 3393 est
551 3329 702 3393 honestas
723 3329 794 3410 ejus
815 3347 852 3392 ac
875 3329 1026 3409 probitas,
1044 3337 1079 3391 ut
1102 3330 1161 3391 im·
1215 3328 1395 3391 intueamur
1418 3334 1542 3391 nostras
1565 3328 1834 3412 defectuositates,
1860 3333 1963 3415 impu-

411 3429 522 3492 mnndi
536 3446 662 3510 quoque
677 3435 709 3490 et
722 3426 829 3490 vitiosi
851 3427 1066 3490 accendantur
1084 3427 1161 3509 ipsi·
1215 3426 1323 3489 ritates
1346 3433 1378 3487 et
1404 3426 1492 3503 vitia,
1519 3425 1721 3490 excellentias
1745 3446 1871 3510 quoqne
1895 3431 1964 3492 Vir-

412 3547 450 3590 us
484 3546 603 3591 amore.
634 3525 767 3608 insuper
800 3533 866 3587 tam
901 3523 1077 3588 ineffabilis
1112 3535 1160 3588 est
1215 3524 1299 3606 ginis
1315 3523 1460 3605 gloriosae
1475 3524 1508 3586 in
1523 3524 1609 3587 omni
1625 3524 1964 3608 dignitate,sanctitate

412 3627 514 3709 pietas
542 3644 579 3688 ac
614 3624 843 3704 misericordia,
872 3622 1038 3685 humilitas
1065 3631 1161 3705 atque
1216 3631 1248 3685 et
1271 3622 1392 3704 gloria;
1418 3640 1482 3685 non
1511 3622 1579 3685 sine
1604 3622 1727 3705 ingenti
1752 3625 1879 3704 rubore,
1906 3627 1964 3690 bu-

412 3723 553 3806 dignatio
583 3721 848 3786 benedictissimae
877 3720 1026 3803 Virginis,
1052 3730 1088 3784 ut
1114 3722 1162 3785 in·
1215 3719 1361 3801 militate,
1388 3720 1565 3783 reverentia
1593 3740 1629 3783 ac
1654 3740 1771 3803 pavore
1796 3724 1835 3786 ad
1863 3724 1965 3806 ipsius

413 3829 580 3887 vocantem
602 3829 634 3884 et
657 3820 838 3883 laudantem
859 3838 905 3898 se,
929 3820 1162 3902 quantumlibet
1216 3820 1354 3898 laudem,
1376 3819 1497 3882 cultum
1523 3827 1555 3881 et
1580 3819 1813 3884 invocationem
1837 3842 1966 3904 progre-

414 3919 577 3983 sordidum
596 3925 629 3980 et
647 3918 802 3999 iniquum,
824 3934 889 3980 non
908 3918 1036 3999 penitus
1054 3937 1163 3999 asper·
1217 3918 1353 3995 dicmur,
1374 3926 1638 3999 recognoscentes
1663 3927 1803 3982 nostram
1829 3920 1966 4003 indigni-

414 4026 508 4080 netur
521 4023 576 4079 aut
589 4016 724 4095 deserat,
742 4014 914 4079 dummodo
933 4016 971 4078 de
987 4035 1044 4078 sua
1057 4015 1163 4078 doleat
1216 4024 1325 4095 tatem,
1354 4023 1448 4095 atque
1477 4034 1550 4077 cum
1580 4016 1675 4078 tantis
1703 4016 1901 4081 ioeditatibus
1934 4027 1966 4082 et

413 4114 566 4193 ioeditate,
583 4112 837 4176 emendationem
851 4130 1044 4195 proponens,
1061 4121 1093 4176 et
1112 4133 1163 4175 su·
1218 4113 1357 4195 peccatis
1378 4130 1484 4176 coram
1511 4113 1597 4175 illius
1621 4115 1789 4195 praesentia
1813 4134 1965 4198 apparere

414 4232 521 4295 pernas
549 4211 675 4295 pietatis
704 4210 855 4274 auxilium
884 4230 941 4293 per
975 4210 1076 4293 ipsam
1105 4211 1163 4273 mi·
1178 4213 1203 4275 D
1217 4212 1451 4275 erubescentes.
1464 4211 1568 4288 Porro,
1581 4211 1608 4272 si
1624 4212 1812 4276 beatissima
1826 4214 1965 4296 Virginis

414 4310 695 4375 sericordissimam
720 4310 904 4373 advocatam
926 4310 1096 4392 impetrare
1117 4310 1164 4373 ei·
1218 4308 1501 4372 viscerosissimam
1521 4308 1683 4390 pietatem,
1700 4319 1874 4373 maternam
1896 4312 1966 4375 dul·

415 4408 575 4491 flagitans.
1217 4407 1374 4487 cedinem,
1391 4405 1672 4469 clementissimam
1695 4409 1857 4471 caritatem
1880 4418 1965 4473 recte

455 4508 578 4569 Interea
591 4506 824 4587 perpendamus
843 4506 1111 4587 quemadmodum
1126 4506 1164 4567 il·
1218 4524 1398 4588 pensemus,
1416 4524 1489 4566 cum
1510 4505 1598 4568 omni
1620 4504 1741 4568 aflectu
1756 4515 1788 4569 et
1809 4507 1965 4571 hilaritate

417 4606 531 4668 lustres
545 4602 756 4685 principissae,
772 4602 890 4685 reginae
905 4623 942 4666 ac
957 4602 1093 4667 dominae
1108 4624 1164 4666 sse
1217 4623 1255 4666 ac
1269 4602 1381 4684 grandi
1396 4602 1514 4664 fiducia
1528 4603 1568 4664 ad
1589 4602 1689 4684 ipsius
1711 4604 1836 4667 laudem
1856 4613 1889 4668 et
1906 4606 1967 4669 im·

417 4703 481 4767 culi
496 4701 604 4783 hujus,
619 4719 684 4764 non
699 4700 761 4763 nisi
782 4701 917 4780 nobiles,
933 4702 1065 4766 decoros
1080 4701 1165 4765 lace-
1218 4700 1428 4783 plorationem
1456 4700 1552 4763 corda
1580 4709 1687 4763 nostra
1719 4702 1899 4784 aperiemus
1934 4711 1966 4766 et

417 4809 528 4880 tosque
543 4816 658 4881 pueros
673 4817 709 4861 ac
732 4798 895 4861 ministros
909 4806 1036 4861 ornatos
1056 4817 1163 4862 coram
1217 4818 1283 4863 ora.

418 4918 452 4963 se
467 4906 550 4961 stare
564 4914 601 4959 ac
616 4896 678 4958 sibi
693 4896 813 4959 servire
828 4896 1011 4978 permittant
1025 4920 1031 4957 :
1044 4905 1164 4977 quanto
1257 4896 1389 4973 Idcirco,
1418 4904 1453 4958 nt
1480 4894 1628 4959 omnibus
1656 4896 1759 4959 modis
1787 4896 1838 4960 his
1863 4898 1965 4982 ipsam

417 4997 517 5080 mags
545 4994 697 5077 Reginam
726 4994 811 5072 coeli,
842 4994 1008 5057 Dominam
1037 4996 1165 5075 angelo-
1217 4996 1383 5057 laudemus
1407 5013 1444 5057 ac
1468 4994 1686 5075 deprecemur,
1708 4995 1867 5076 sapienter
1892 5015 1967 5061 con·

416 5117 499 5176 rum,
515 5096 643 5157 Matrem
664 5093 818 5155 ditissimi
842 5101 874 5155 et
894 5092 1038 5156 omnium
1061 5094 1165 5157 Domi·
1219 5094 1395 5156 sideremus
1410 5092 1592 5155 universam
1614 5091 1809 5156 felicissimus
1824 5093 1965 5158 Dominae

416 5214 490 5259 nam
518 5193 718 5269 saeculorum,
743 5209 807 5255 nou
835 5190 898 5253 nisi
922 5210 941 5253 a
966 5191 1106 5271 mundis,
1134 5199 1165 5255 et
1218 5200 1333 5256 nostrae
1355 5190 1583 5254 sublimitatem
1603 5190 1636 5252 in
1660 5190 1747 5254 omni
1766 5193 1962 5272 auctoritate,

416 5312 473 5383 per
492 5292 624 5357 virtutes
644 5308 718 5354 vere
740 5288 911 5368 nobilibus,
935 5289 1079 5353 castitate
1099 5288 1163 5353 ira·
1218 5290 1371 5372 potentia,
1394 5288 1572 5369 sanctitate,
1587 5288 1719 5369 justitia,
1742 5289 1965 5371 spiritualitate
