4309 6250
423 519 463 566 D!
484 519 706 566 elonitarum
726 519 874 567 Lauomtls
896 521 924 567 Β.
947 521 976 564 V.
1000 519 1118 578 hanla,
1140 519 1229 566 attan
1249 521 1270 567 1.
1293 539 1334 550 ·-
1353 521 1423 566 aar.
1445 521 1486 567 XV
1690 503 1730 568 35

179 683 318 749 Creatori
335 705 391 768 pro
405 705 520 770 posse;
536 695 568 752 et
588 707 652 770 qno
666 688 803 753 Creatori
826 687 927 751 excel·
942 690 967 752 A
982 706 1069 751 exse
1085 696 1158 752 nato
1173 689 1444 772 propinquissima
1464 697 1523 769 est,
1538 689 1582 752 ita
1602 707 1729 770 quoqne

180 781 298 844 lentius
331 784 560 864 conformatur,
590 805 628 850 co
662 785 847 850 deiformior
880 786 928 850 di·
982 786 1086 849 eidem
1105 795 1206 849 exstat
1227 787 1401 851 simillima.
1422 787 1524 862 Quum
1547 788 1644 868 igitur
1664 805 1729 850 non
1751 815 1876 868 cmg

179 878 336 961 gniorque
351 880 503 945 efficitur.
520 882 622 956 Quum
645 901 720 965 ergo
743 882 928 946 beatissima
983 885 1022 946 ad
1048 903 1230 947 mensuram
1259 885 1350 947 datos
1374 885 1414 946 sit
1437 885 1572 967 Spiritus
1596 881 1777 948 Sanctus²⁴¹

180 976 270 1058 virgo
284 977 379 1042 ldaria
394 980 541 1043 cumdem
561 980 753 1062 conceperit,
770 979 928 1062 pepererit
983 989 1015 1042 et
1028 982 1134 1044 omnis
1147 981 1250 1063 gratia
1264 981 1335 1064 ejus
1354 982 1434 1045 Filio
1449 983 1600 1064 Virginis,
1618 1001 1731 1044 secun-

179 1082 211 1137 el
226 1075 487 1140 indefectibiliter
501 1078 616 1140 habeat
632 1079 747 1140 lilium
763 1097 858 1159 quem
873 1078 929 1141 Pa·
983 1079 1058 1140 dum
1074 1079 1246 1142 humanam
1262 1087 1407 1142 naturam
1422 1079 1544 1160 ipsius3
1560 1079 1732 1142 innotescit

179 1181 228 1236 ter
241 1181 389 1254 eternus,
406 1182 530 1238 constat
550 1176 635 1257 quod
657 1177 686 1238 ei
710 1185 929 1257 comparente·
983 1176 1068 1256 quod
1093 1175 1284 1258 plenitudini
1313 1195 1350 1238 ac
1379 1195 1437 1240 suo
1461 1177 1554 1239 modo
1578 1175 1731 1239 infinitati

180 1270 221 1333 lis
235 1272 365 1335 exsistat
383 1281 477 1355 atque
499 1273 670 1336 simillima.
692 1273 812 1356 Nempe
833 1293 927 1356 quem
983 1273 1093 1354 gratiae
1124 1282 1218 1354 atque
1247 1273 1379 1336 internae
1408 1273 1571 1336 munditie
1603 1272 1730 1354 Christi,

182 1368 236 1432 ille
266 1369 377 1451 genuit
407 1371 446 1434 ab
473 1379 592 1435 aterno
620 1372 689 1434 sine
718 1379 830 1450 matre,
860 1371 929 1454 ipsa
984 1371 1162 1453 pretiositas
1190 1372 1373 1454 puritasque
1401 1371 1502 1434 lfarire
1524 1371 1732 1435 sanctissimae

181 1465 303 1549 optima
331 1468 426 1551 Virgo
453 1469 563 1552 genuit
586 1468 618 1532 in
643 1477 785 1551 ternpore
809 1468 929 1551 absque
985 1487 1049 1550 prae
1085 1470 1208 1532 cunctis
1245 1469 1524 1533 vehementissime
1561 1470 1734 1552 appropin-

182 1573 283 1646 patre,
300 1564 332 1629 id
354 1575 413 1646 est,
431 1568 497 1632 viro
518 1569 557 1630 ad
579 1567 651 1649 ejus
671 1567 929 1631 fecundaticnem
984 1576 1069 1648 quet.

183 1680 247 1725 non
263 1673 483 1728 concurrente.
501 1666 634 1747 Oquam
657 1664 931 1749 incomprehensi-
1024 1664 1179 1746 Amplius,
1194 1665 1278 1727 sicut
1291 1665 1335 1727 ait
1349 1664 1569 1748 Philosophus,
1586 1666 1733 1746 diis,ma-

182 1760 257 1824 bilis
272 1771 319 1825 est
333 1762 472 1844 dignitas
493 1773 525 1828 et
545 1763 734 1828 excellentia
749 1763 820 1842 ista,
838 1763 929 1826 illum
985 1763 1090 1846 gistris
1111 1771 1205 1844 atque
1228 1764 1414 1846 parentibus
1434 1783 1498 1827 non
1518 1773 1621 1846 potest
1644 1765 1733 1828 reddi

181 1859 298 1924 habere
333 1860 448 1924 Filium
484 1881 578 1945 quem
615 1870 679 1926 tola
712 1862 966 1928 indesinenterB
985 1862 1180 1943 aequivalens
1197 1863 1448 1945 :aqualegeac
1464 1863 1733 1945 regulaquamvis

181 1959 292 2022 adorat
306 1958 486 2024 sublimitas
508 1961 725 2042 angelicorum
745 1960 927 2042 spirituum,
986 1959 1041 2023 ille
1060 1960 1238 2042 excipietur
1257 1960 1311 2042 qui
1334 1961 1493 2043 propriam
1513 1962 1654 2025 condidit
1674 1962 1735 2023 lla-

181 2057 349 2138 omnisque
374 2058 491 2122 civium
516 2060 672 2122 exercitus
697 2078 928 2142 supernorum;
987 2067 1079 2139 trem,
1095 2058 1146 2120 cui
1160 2059 1262 2122 multo
1275 2059 1347 2141 plus
1363 2059 1499 2122 contulit
1518 2079 1613 2142 quam
1636 2060 1675 2122 ab
1696 2079 1734 2122 ea

182 2172 277 2236 quem
291 2155 396 2238 polus,
413 2157 506 2220 tellus
521 2166 700 2240 pontusque
715 2165 928 2237 contremunt,
987 2157 1148 2239 suscepit3
1171 2157 1274 2220 nihilo
1297 2157 1404 2220 minus
1428 2166 1551 2220 certum
1576 2166 1625 2220 est
1649 2159 1734 2240 quod

182 2272 219 2315 ec
255 2253 325 2334 ipse
359 2255 493 2318 numina
524 2255 790 2338 perhorrescunt3
821 2273 840 2317 a
867 2275 930 2337 quo
986 2261 1110 2316 tantum
1137 2254 1272 2317 contulit
1300 2273 1338 2317 ac
1366 2255 1512 2318 retribuit
1540 2273 1605 2317 sure
1633 2254 1734 2334 Matri,

182 2359 284 2414 totum
314 2353 499 2416 universum
525 2354 722 2417 incessanter
749 2354 928 2436 dependetl
986 2361 1140 2435 quantum
1169 2352 1224 2415 tali
1249 2353 1409 2434 genitrici,
1436 2361 1499 2415 tam
1528 2352 1733 2432 fidelissimae,

183 2449 308 2513 lntuere
323 2469 380 2532 pro
395 2451 517 2514 viribus
538 2460 657 2534 quanta
678 2451 720 2514 sit
740 2452 932 2534 gloriosissi·
987 2451 1274 2528 affectuosissimae,
1310 2451 1602 2532 obsequiosissime
1640 2461 1736 2534 atque

185 2564 244 2608 mre
269 2546 365 2628 hujus
389 2546 491 2610 Mariae
519 2547 690 2611 auctoritas
719 2555 751 2610 et
779 2555 929 2628 potestas,
986 2550 1174 2612 humillimae
1195 2550 1288 2612 matri
1313 2551 1405 2612 ateli
1426 2570 1464 2613 ac
1485 2559 1572 2614 tanto
1593 2549 1662 2615 filio
1683 2552 1738 2614 dc·

184 2643 374 2707 excellentia
387 2652 419 2708 et
432 2644 579 2726 dignitas,
597 2663 666 2727 quae
681 2653 844 2708 malerest
861 2645 931 2727 ejus
986 2649 1053 2711 cuit
1078 2648 1261 2712 condonari.
1289 2648 1501 2730 Verumque
1529 2668 1620 2712 mens
1642 2655 1738 2731 queat

185 2749 216 2803 et
230 2750 405 2805 maternam
427 2744 522 2806 habet
542 2744 761 2808 auctoritatem
785 2744 817 2806 in
840 2744 930 2807 illum
986 2747 1167 2828 concipere,
1183 2765 1254 2828 quae
1274 2745 1383 2828 lingua
1401 2747 1590 2828 exprimere,
1607 2747 1684 2828 quid
1706 2755 1739 2810 et

184 2859 204 2902 a
217 2859 281 2921 quo
295 2841 400 2904 omnis
415 2841 566 2924 profluxit
581 2842 846 2924 potentie,omnis
860 2860 932 2924 pro-
986 2852 1140 2928 quantum
1154 2844 1296 2906 decuerit
1309 2843 1421 2907 Filium
1441 2844 1592 2908 bonitatis
1613 2863 1649 2907 ac
1671 2863 1738 2907 ma-

186 2939 282 3001 cessit
296 2940 467 3004 auctoritas
481 2949 513 3004 et
527 2941 666 3023 dignitas
687 2940 849 3020 universa,
867 2941 931 3004 imo
985 2943 1110 3025 jestatis
1145 2942 1320 3020 immensae,
1358 2943 1497 3006 caritatis
1535 2963 1573 3006 ac
1607 2942 1738 3005 munifi-

44 3058 79 3102 10.
92 3071 125 3110 ιι,
138 3059 170 3100 rs.
185 3037 278 3118 cujus
294 3039 530 3120 comparatione
545 3047 629 3102 totus
649 3039 787 3101 mundus
802 3048 850 3102 est
864 3047 931 3101 tan-
946 3041 968 3105 C
987 3041 1100 3103 centiae
1132 3039 1266 3103 infinite
1297 3049 1330 3103 et
1360 3041 1737 3123 superabundantissime

184 3154 280 3217 quam
315 3136 421 3219 pulvis
449 3138 595 3220 exiguus,
624 3138 679 3217 qui
707 3138 865 3200 universis
894 3156 930 3201 ac
986 3139 1195 3217 liberalitatis,
1213 3158 1278 3202 sues
1293 3148 1358 3201 tam
1376 3139 1736 3203 dilectissimaeetamo-

185 3234 320 3316 singulis
336 3234 464 3317 penitus
478 3235 603 3299 infinite
619 3244 652 3299 et
666 3254 796 3317 prorsus
811 3236 932 3299 incom-
987 3237 1157 3301 rosissimaa
1176 3238 1252 3299 dare
1276 3244 1309 3301 et
1333 3238 1507 3318 rependere
1529 3237 1641 3300 ldatril
1658 3256 1736 3320 prae

185 3332 367 3415 parabiliter
382 3333 496 3414 major,
512 3333 697 3417 perfectior,
712 3334 840 3415 dignior
860 3334 932 3397 feli·
987 3335 1095 3397 sertim
1109 3355 1209 3418 quum
1223 3336 1291 3417 ipse
1312 3336 1366 3397 det
1385 3334 1535 3398 omnibus
1549 3334 1732 3415 affluenter,
1749 3365 1880 3418 mma,

185 3431 315 3513 ciorque
339 3441 497 3495 censetur.
525 3432 548 3495 0
575 3450 671 3515 quarn
699 3432 931 3496 inaestimabilis
986 3452 1091 3516 neque
1109 3433 1327 3515 improperet:
1345 3432 1410 3496 imo
1434 3452 1533 3514 quum
1557 3433 1625 3515 ipse
1650 3452 1735 3515 quaa-

184 3538 233 3593 est
256 3529 353 3610 hujus
377 3528 606 3593 honorabilitas
630 3530 746 3610 Matris,
763 3549 858 3613 quem
884 3532 932 3593 in·
986 3538 1034 3593 rat
1058 3531 1259 3594 occasionem
1284 3530 1464 3612 praestandi,
1488 3532 1670 3611 miserendi,
1695 3551 1733 3595 ac

184 3628 408 3708 comparabilis
423 3627 610 3691 excellentia
624 3628 721 3709 hujus
736 3627 930 3692 felicissimae
986 3628 1130 3691 infinitas
1167 3626 1453 3710 indeficientesque
1493 3648 1566 3691 suas
1607 3629 1733 3692 divitias

183 3725 352 3789 Genitricis
366 3733 373 3789 l
986 3724 1244 3789 communicandi
1257 3748 1266 3804 ;
1281 3724 1334 3787 cui
1348 3725 1496 3806 generale
1510 3734 1542 3788 et
1556 3726 1731 3807 proprium,

223 3824 376 3906 Denique,
394 3825 568 3887 secundum
591 3825 813 3908 philosophice
833 3826 931 3889 docu·
985 3824 1172 3887 delectabile
1186 3832 1218 3887 et
1231 3823 1376 3885 innatum
1395 3832 1444 3886 est
1465 3842 1499 3887 se
1520 3823 1624 3905 ipsum
1646 3842 1733 3887 com·

184 3930 301 4003 menta,
319 3942 368 3987 res
383 3922 446 3986 ille
460 3930 534 3985 sunt
548 3923 815 4006 nobilioresque
831 3923 931 4004 maio-
985 3923 1161 4001 manicare,
1191 3920 1385 4002 opulentiam
1419 3940 1508 3984 suam
1542 3922 1732 3985 immensam

183 4021 227 4083 ris
242 4031 273 4085 et
287 4021 409 4085 altioris
430 4028 555 4085 exstent
575 4020 782 4085 fecunditatis
803 4030 835 4085 et
857 4041 930 4085 cau·
984 4021 1124 4103 undiquc
1152 4020 1361 4083 exuberanter
1393 4018 1587 4099 diffundere,
1617 4021 1733 4102 gratia-

183 4119 316 4183 salitatis
333 4142 340 4182 :
357 4117 434 4199 imo,
449 4119 538 4201 juxta
560 4119 799 4201 Philosophum,
816 4140 930 4183 unum·
985 4138 1055 4183 rum
1071 4118 1262 4182 charismata
1284 4117 1452 4201 impertiri,
1470 4117 1652 4199 subvenire,
1667 4139 1734 4183 me·

182 4219 331 4300 quodque
359 4226 435 4281 tunc
465 4217 499 4279 in
535 4236 593 4280 sua
621 4220 728 4301 specie
757 4227 789 4281 et
816 4212 1203 4299 autumnalesque
1223 4235 1261 4279 ac
1280 4215 1400 4298 jugiter
1419 4216 1573 4279 misereri.

182 4316 368 4400 perhibetur
382 4315 572 4399 perfectum,
588 4318 664 4380 dum
679 4326 783 4399 potest
804 4318 865 4381 sihi
886 4318 929 4381 si·
1023 4317 1196 4395 Postremo,
1221 4314 1367 4396 quamvis
1394 4315 1577 4378 maternitas
1606 4315 1662 4379 llei
1685 4336 1735 4381 se·

181 4415 259 4477 mile
283 4432 445 4496 generare.
471 4414 583 4478 Nonne
605 4414 703 4496 igitur
732 4416 929 4479 nobilissima
984 4415 1125 4479 cundum
1140 4434 1174 4477 se
1189 4421 1327 4495 sumpta,
1342 4412 1468 4475 dicatur
1481 4414 1603 4477 donum
1623 4414 1732 4496 gratia

182 4532 219 4577 ac
235 4512 466 4595 perfectissima
481 4514 541 4576 rite
556 4514 716 4592 asseritur,
735 4522 766 4577 et
780 4515 928 4596 quodam·
984 4514 1081 4597 gratis
1105 4514 1196 4592 dato,
1213 4520 1343 4595 propter
1366 4513 1451 4593 quod
1474 4512 1555 4575 bene
1582 4512 1733 4578 disseruit

181 4612 276 4675 modo
300 4611 435 4675 infinite
453 4612 648 4675 excellentiae
672 4632 741 4675 esse
766 4614 928 4677 convinci·
984 4612 1191 4695 Augustinus,
1218 4610 1304 4692 quod
1339 4610 1605 4673 excellentissima
1640 4613 1730 4694 virgo

182 4720 243 4789 tur,
255 4729 325 4793 quae
339 4712 487 4795 concepit
500 4721 531 4775 et
544 4713 656 4795 genuit
669 4712 767 4775 licum
782 4712 925 4792 deorum,
982 4711 1080 4774 Maria
1102 4709 1165 4772 fuit
1186 4709 1312 4772 felicior
1336 4707 1548 4790 concipiendo
1571 4708 1730 4775 Christum

180 4829 310 4893 germen
327 4810 502 4893 majestatis
517 4811 648 4875 omnino
664 4811 840 4891 immensae,
856 4831 927 4894 qnae
984 4808 1155 4891 perfidem
1173 4816 1290 4887 mente,
1306 4825 1401 4888 quam
1424 4807 1634 4888 concipiendo
1655 4828 1730 4872 eum

181 4917 283 4973 mater
297 4918 329 4971 ct
342 4928 438 4973 causa
452 4919 501 4973 est
514 4910 585 4991 ejus
607 4930 625 4973 a
646 4928 709 4992 quo
731 4911 835 4974 omnis
854 4930 927 4974 cau·
983 4907 1191 4990 corporaliter
1206 4914 1336 4983 ventre;
1352 4912 1502 4983 attamen,
1519 4906 1595 4986 quia
1615 4916 1730 4971 mater·

181 5006 301 5087 salitas,
331 5008 424 5089 cujus
458 5007 581 5071 fructus
609 5028 646 5071 ac
673 5009 771 5073 Filius
798 5029 926 5074 omnem
983 5007 1066 5069 nitas
1087 5006 1148 5067 ista
1162 5004 1223 5067 luit
1238 5004 1271 5065 in
1287 5003 1455 5066 benedicta
1476 5010 1507 5065 et
1528 5006 1729 5084 praemanda

181 5104 334 5169 effectum
352 5115 384 5169 et
402 5106 542 5170 fructum
561 5126 599 5170 ac
614 5107 720 5170 filium
741 5110 927 5172 excellentia
982 5105 1077 5169 ldaria
1091 5124 1130 5167 eo
1145 5104 1317 5183 modoque
1332 5101 1451 5179 decuit,
1467 5110 1544 5183 pute
1558 5120 1631 5163 cum
1646 5120 1730 5165 com·

181 5204 370 5287 simpliciter
390 5203 519 5268 infinita
541 5207 759 5270 transcenditl
982 5203 1221 5288 proportionata
1248 5211 1279 5265 et
1302 5200 1569 5282 correspondente
1592 5199 1728 5281 plenitu-

220 5304 363 5386 lnsuper,
380 5302 463 5367 sicut
480 5304 626 5385 virginea
646 5306 743 5367 llater
763 5306 826 5369 Deo
848 5306 927 5372 liilic
983 5304 1058 5367 dine
1079 5302 1230 5366 virtutum
1245 5320 1282 5363 ac
1298 5301 1453 5363 denorum
1473 5298 1581 5380 gratiae
1601 5307 1727 5379 gratum
