4309 6250
265 515 305 564 na
326 516 536 565 iucroiiirirr
557 517 652 563 soiiiu
672 476 840 563 homirius
861 514 899 560 ar
919 513 1089 562 amentiis
1110 517 1250 576 concuti,
1271 517 1360 566 tinen
1380 519 1425 566 iii.
1447 538 1488 549 —
1508 521 1579 568 iar.
1601 521 1621 568 v
1662 499 1722 568 uit

171 686 258 749 solus
273 695 321 750 est
335 688 461 770 pmprie
483 696 515 752 et
536 687 672 750 maxime
696 695 791 768 caput
811 687 919 750 Eccle-
934 685 959 748 h
976 696 1036 768 cat,
1065 690 1123 752 Uni
1154 691 1237 774 plus,
1263 692 1354 756 alteri
1383 693 1491 756 miuus
1522 692 1631 756 datum
1661 701 1720 756 est.

171 785 237 846 sie.
255 785 360 848 Nihilo
384 787 490 849 miuus
514 787 622 850 Petrus
641 795 674 849 et
691 785 824 866 quilibet
849 786 919 867 ejus
974 787 1013 850 Et
1032 788 1087 852 uni
1103 809 1287 872 supremum
1308 792 1450 873 regimen
1471 791 1722 856 ecclesiasticum

170 883 311 947 vicarius
326 884 468 948 Pontifex
488 904 642 964 summus,
659 892 763 966 potest
782 884 846 947 dici
869 903 920 946 ca·
975 887 1117 950 Christus
1135 889 1179 950 ita
1199 890 1370 968 commisit,
1387 891 1497 973 utique
1516 899 1662 974 respectu
1677 899 1723 955 te

171 992 231 1065 put
254 983 414 1062 Ecclesie,
431 983 464 1046 in
489 990 642 1065 quantum
663 982 850 1064 principalis
872 990 920 1044 ost
976 985 1039 1049 tius
1064 988 1254 1050 universalis
1279 988 1440 1069 Ecclesiae,
1467 998 1502 1052 ut
1524 992 1635 1054 doctor
1662 989 1722 1052 iste

169 1082 256 1144 inter
273 1082 445 1159 ministros,
463 1090 526 1144 eta
546 1101 608 1162 quo
629 1089 779 1163 tanquam
800 1081 920 1163 aprin-
975 1084 1158 1168 frequenter
1186 1095 1328 1167 testatur,
1355 1089 1420 1152 imo
1444 1097 1475 1152 et
1502 1090 1724 1153 Bonaventura

170 1180 268 1262 cipali
286 1181 454 1244 hierarcha
468 1189 500 1243 et
514 1179 687 1244 architecto
701 1179 811 1261 aliquo
826 1181 919 1242 modo
975 1203 1071 1266 super
1102 1194 1249 1266 quartum
1282 1188 1516 1250 Sententiarum
1544 1190 1596 1268 (ex
1630 1188 1724 1269 cujus

170 1279 331 1359 dependet
345 1287 429 1342 totus
448 1277 667 1342 ministrorum
684 1277 919 1341 ecclesiasticus
975 1282 1099 1362 Scripto
1126 1283 1194 1346 hec
1222 1293 1347 1365 sumpta
1375 1283 1536 1364 videntur)
1560 1285 1721 1348 disseruit.

170 1378 260 1440 ordo.
279 1378 365 1440 Unde
384 1377 460 1440 licet
483 1377 597 1440 ceteris
611 1377 770 1458 Apostolis
790 1395 921 1458 genera-
1016 1380 1134 1462 ltaquc,
1151 1399 1189 1444 eii
1214 1381 1308 1445 dictis
1333 1383 1365 1445 iii
1391 1383 1451 1446 isto
1471 1403 1508 1446 ac
1532 1383 1724 1465 precedenti

80 1504 93 1530 a
134 1520 140 1530 .
172 1475 245 1538 liter
271 1475 393 1538 dietum
422 1484 481 1553 cst,
507 1474 719 1555 Quecumque
748 1474 921 1556 ligaveritis
976 1479 1118 1542 articulis
1133 1479 1228 1543 facile
1242 1488 1291 1543 est
1303 1483 1437 1562 probare
1452 1483 1536 1563 quod
1552 1481 1585 1543 in
1601 1482 1725 1544 duobus

62 1617 91 1656 ί,
112 1583 124 1654 ,“
172 1593 269 1655 super
290 1582 417 1650 terram,
434 1582 509 1652 etc.;
527 1583 633 1637 tamen
653 1573 728 1654 quia
750 1575 810 1636 hoc
831 1574 921 1636 Petro
978 1577 1230 1657 precedentibus
1245 1578 1357 1660 scripsi
1368 1578 1542 1660 opusculis,
1551 1587 1626 1661 puta
1638 1577 1725 1660 quod
1750 1599 1813 1650 ani.
1828 1606 1870 1646 aa.

55 1709 59 1718 -
172 1672 379 1754 singulariter
406 1672 528 1736 dictum
557 1679 615 1750 est,
644 1671 715 1734 ideo
740 1672 921 1755 specialiter
978 1675 1094 1736 summi
1124 1674 1290 1738 Pontilicis
1319 1677 1360 1738 sit
1384 1685 1481 1739 tetam
1511 1677 1723 1740 universalem
1738 1663 1870 1770 ³³3⁸·

170 1771 291 1833 dicitur
304 1770 411 1834 claves
425 1771 599 1854 accepisse,
613 1779 742 1852 propter
764 1770 922 1852 principa·
976 1773 1151 1836 Ecclesiam
1176 1793 1322 1856 purgare,
1340 1775 1533 1856 illuminare,
1554 1775 1722 1859 perficere,

170 1868 293 1932 litatem
308 1887 404 1950 quani
418 1889 437 1931 a
452 1869 574 1933 Christo
589 1889 653 1953 pre
673 1869 787 1932 ceteris
812 1869 959 1932 immeB
977 1871 1154 1952 gubernare
1173 1880 1205 1934 et
1225 1872 1377 1953 judicare.
1394 1873 1533 1948 Quilibet
1546 1874 1632 1936 euim
1647 1893 1727 1956 pon-

170 1968 256 2030 diate
282 1967 417 2050 accepit.
433 1967 550 2031 lterum
573 1969 617 2031 ait
640 1968 694 2031 hic
718 1969 849 2031 doctor:
866 1969 921 2030 Po
977 1969 1055 2032 tifex
1079 1978 1111 2032 et
1135 1970 1282 2052 prelatus
1305 1971 1491 2053 Ecclesiam,
1513 1992 1641 2055 gregem
1669 1993 1726 2036 seu

171 2074 268 2130 testas
290 2075 324 2129 et
342 2067 513 2129 auctoritas
528 2067 619 2149 Pape
639 2086 702 2130 noii
725 2068 765 2130 ab
780 2066 922 2130 Ecclesia
978 2069 1103 2149 plebem
1133 2068 1194 2131 sibi
1222 2071 1426 2133 commissam
1454 2071 1548 2138 habet
1577 2091 1724 2154 purgare,

171 2185 228 2229 seu
254 2166 455 2243 electoribus,
472 2166 526 2228 sed
550 2186 569 2229 a
592 2165 715 2229 Christo
740 2166 921 2230 immediate
978 2166 1171 2247 illuminare,
1193 2168 1362 2249 perficere,
1383 2169 1527 2250 judicare
1553 2189 1590 2232 ac
1616 2189 1726 2251 regere

169 2266 343 2347 dependet.
367 2266 549 2346 Rursusque
567 2287 574 2325 :
592 2263 785 2327 Universalis
814 2263 922 2326 Eccle-
977 2265 1009 2327 iii
1031 2266 1081 2328 his
1100 2284 1170 2347 que
1190 2267 1405 2347 prelationem
1424 2274 1457 2330 et
1475 2268 1658 2331 cathedram
1676 2289 1728 2331 sii-

170 2363 219 2426 sia
244 2362 295 2426 vel
321 2363 524 2446 congregatio
550 2363 651 2445 ipsam
678 2369 920 2443 representans,
977 2383 1028 2426 am
1057 2363 1253 2446 respiciunt3
1280 2366 1334 2427 sed
1363 2366 1495 2430 domino
1522 2366 1614 2448 Pape
1641 2386 1728 2430 com-

169 2460 370 2544 origiualiter
384 2469 413 2524 et
429 2461 647 2544 principaliter
660 2460 785 2522 habeta
799 2460 922 2524 Christo
978 2463 1075 2525 missa
1090 2471 1139 2525 est
1152 2471 1217 2525 tota
1235 2465 1426 2528 universalis
1445 2464 1587 2528 militans
1607 2469 1730 2549 teiiipo-

168 2562 223 2642 jus
244 2559 381 2640 eligendi
403 2559 461 2622 sihi
482 2567 578 2640 caput
598 2578 653 2621 seu
674 2567 851 2637 rectorem,
868 2579 922 2621 cu·
977 2580 1010 2649 pe
1036 2580 1094 2624 suo
1118 2561 1274 2624 exsistens
1299 2562 1452 2644 Ecclesia,
1468 2571 1503 2626 ut
1529 2564 1727 2645 preinducta

168 2659 223 2739 jus
252 2667 359 2719 tamen
389 2657 503 2738 capitis
532 2665 561 2719 et
591 2657 722 2719 rectoris
750 2658 921 2720 auctoritas
978 2658 1150 2720 declararit.
1178 2659 1278 2722 Simili
1308 2661 1534 2742 comprobatur
1561 2681 1726 2744 processu,

170 2776 229 2818 seu
249 2762 389 2838 potestas
408 2773 471 2818 nori
493 2755 532 2817 ab
552 2754 706 2831 Ecclesia,
724 2755 778 2817 sed
798 2774 817 2817 a
836 2755 922 2818 Chri·
978 2757 1061 2838 quod
1087 2757 1183 2820 totius
1207 2777 1244 2820 ac
1264 2758 1454 2821 universalis
1472 2760 1623 2824 Ecclesie
1645 2761 1727 2843 Papa

170 2863 220 2917 sto
251 2853 433 2916 immediate
461 2854 630 2936 dependet.
659 2853 705 2914 Ex
733 2871 796 2934 quo
824 2855 921 2916 verbo
978 2856 1018 2917 sit
1042 2873 1189 2935 sponsae,
1207 2865 1320 2936 rector,
1342 2867 1528 2939 preceptor,
1545 2858 1724 2936 hierarcha,

171 2951 326 3035 probatur
349 2959 382 3013 et
403 2952 475 3031 hoc,
491 2952 574 3031 quod
601 2950 682 3032 Papa
708 2949 749 3012 sit
773 2959 922 3032 caputet
978 2961 1076 3035 pater,
1095 2970 1211 3032 preses
1233 2961 1264 3014 et
1284 2954 1392 3034 judea.

171 3058 278 3113 rector
297 3047 487 3112 universalis
512 3048 662 3112 Ecclesiae
679 3072 686 3110 :
703 3049 787 3132 quod
811 3049 959 3116 doctorC

171 3150 234 3211 iste
256 3146 429 3228 sepissime
450 3147 574 3210 asserit.

212 3248 374 3309 Postremo
389 3246 435 3307 sic
451 3246 561 3308 scribit
575 3270 581 3307 :
595 3244 737 3309 Christus
748 3246 922 3309 Ecclesiam
1198 3242 1443 3308 ARTIGULUS
1471 3244 1512 3306 V.

171 3365 265 3408 suani
290 3344 428 3407 instituit
452 3344 597 3421 statibus,
620 3344 751 3421 officiis,
773 3345 922 3425 gradibus

234 3444 253 3457 ..
323 3442 329 3455 .
448 3442 454 3455 .
544 3441 591 3454 ..
735 3443 741 3455 .
844 3444 851 3454 .
978 3393 1025 3452 De
1039 3392 1282 3466 cornparatr'oue
1301 3390 1429 3450 domini
1443 3393 1543 3466 Papae
1558 3394 1602 3451 ad
1617 3395 1727 3469 tripli·

172 3464 273 3507 variis
298 3443 495 3506 hierarchice
520 3443 714 3519 distinctam,
730 3452 818 3523 Juxta
843 3443 921 3504 illiid

1017 3500 1084 3538 cent
1104 3479 1281 3540 Ecclesiam
1298 3499 1309 3538 .·
1324 3480 1382 3537 ubi
1395 3481 1672 3560 probenturque
1691 3485 1727 3542 ira

34 3620 50 3659 ,Ι
99 3570 154 3607 ⁸³¹·
171 3542 315 3626 ᾹΡΟΒῐΟΙῙ
335 3540 530 3623 ³U⁰l⁰¹¹ill¹¹⁰
545 3549 689 3603 ¹¹⁰⁸ll¹¹m
705 3540 776 3602 dala
792 3548 839 3603 ⁰⁵¹
853 3559 923 3621 Em·
1016 3570 1125 3642 primo
1137 3570 1220 3627 libro
1236 3568 1361 3627 induet
1369 3570 1409 3627 de
1421 3576 1576 3643 potestate
1585 3580 1617 3631 et
1623 3573 1729 3648 juris-

171 3643 216 3704 tia
233 3640 408 3704 secuudum
431 3658 612 3701 mensuram
635 3638 815 3701 donationis
836 3639 923 3701 Chri·
1018 3659 1162 3716 dictione
1181 3660 1303 3715 summi
1315 3659 1490 3733 Pontificis
1509 3677 1608 3733 super
1621 3662 1729 3736 ipsum

170 3742 222 3803 sti.
240 3740 285 3802 Ex
310 3756 374 3819 quo
399 3738 554 3819 sequitur,
580 3738 664 3819 quod
688 3737 824 3799 varietas
849 3736 924 3800 olli·
1020 3765 1145 3825 quoqtie
1157 3750 1310 3822 perterada
1323 3747 1496 3805 concilium
1510 3758 1669 3824 quantum
1685 3753 1730 3811 ad

170 3840 308 3916 olorum,
329 3836 497 3918 graduum,
514 3842 652 3897 statuum
677 3843 709 3897 et
732 3834 922 3917 dignitatum
1018 3839 1144 3914 aliqua,
1160 3838 1337 3895 secuudum
1355 3836 1536 3911 prefatum
1553 3840 1726 3901 doctorem.

168 3938 203 4000 iii
220 3935 373 4012 Ecclesia,
391 3952 454 3997 uon
474 3943 523 3997 est
542 3933 761 4016 principaliter
783 3954 821 3996 ex
835 3934 923 3996 insti-

168 4031 601 4112 tutioueEoclcsie,neceii
619 4032 851 4113 cujuscumque
867 4052 923 4113 pu·
1016 4031 1162 4114 Nprima
1177 4032 1311 4095 materia
1325 4034 1421 4114 hujus
1436 4040 1588 4096 tractatus
1606 4034 1726 4097 asserui
1741 4062 1783 4101 aa.
1798 4072 1821 4101 ιι.
1929 4053 1932 4058 ’

168 4135 195 4195 ri
211 4131 355 4197 hominis
370 4131 555 4193 auctoritate
571 4130 726 4211 processit
743 4153 749 4191 :
764 4130 848 4193 uude
863 4151 921 4193 nec
1030 4150 1081 4193 mc
1096 4132 1237 4194 medium
1252 4131 1395 4193 veritatis
1411 4151 1538 4194 servare
1553 4132 1636 4195 inter
1649 4133 1727 4195 duas

168 4251 242 4295 eam
262 4229 434 4292 destituere
456 4235 570 4309 potest.
588 4228 751 4290 Premissa
772 4247 848 4291 vero
870 4226 961 4290 νει-Ι)
979 4229 1153 4311 positiones
1168 4229 1265 4291 nimis
1279 4238 1589 4311 extremas,quarum
1604 4250 1668 4292 una
1683 4230 1727 4293 sic

149 4321 151 4325 ’
168 4330 266 4393 rictas
289 4329 327 4389 ad
353 4327 401 4388 sui
421 4326 691 4409 pulchritudinem
716 4326 922 4406 ordinemque
978 4326 1106 4407 prefert
1124 4326 1338 4390 universalem
1354 4327 1531 4391 Ecclesiam
1545 4348 1582 4391 ac
1597 4347 1728 4411 genera-

169 4427 318 4509 requirit,
335 4426 418 4507 quod
444 4426 527 4487 inter
549 4424 749 4487 auctoritates
774 4423 922 4486 Ecclesiae
978 4424 1007 4487 le
1032 4424 1206 4487 concilium
1230 4425 1316 4487 illam
1342 4435 1584 4507 representans,
1602 4447 1728 4491 summo

169 4524 324 4607 regitivas
349 4522 390 4585 sit
414 4521 611 4585 hierarchica
636 4521 866 4599 subordiiiatio,
892 4530 924 4583 ot
978 4522 1135 4599 Pontifici,
1153 4531 1187 4585 ut
1212 4532 1332 4585 asserat
1357 4543 1429 4585 eum
1456 4525 1577 4587 nullam
1600 4546 1728 4608 prorsus

169 4624 257 4706 quod
284 4641 358 4700 una,
382 4620 505 4683 scilicet
528 4619 650 4701 papalis
675 4619 856 4698 auctoritaS,
883 4620 924 4681 sit
979 4630 1179 4705 potestatem,
1206 4622 1461 4703 jurisdictionem
1490 4643 1526 4685 ac
1555 4626 1727 4706 presiden-

171 4740 323 4803 suprema
339 4739 377 4782 eii
391 4718 592 4781 institutione
607 4718 726 4797 divina,
742 4716 830 4798 juxta
845 4717 923 4779 illud
979 4721 1054 4781 tiam
1076 4739 1173 4801 super
1193 4720 1406 4782 universalem
1425 4720 1600 4784 Ecclesiam
1619 4742 1657 4785 ac
1676 4742 1730 4805 ge-

49 4852 155 4891 oasam,
171 4820 303 4885 loannis
335 4843 342 4881 :
372 4818 469 4881 Pasce
498 4836 575 4881 oves
604 4836 701 4879 meas.
734 4816 820 4878 Unde
849 4817 924 4879 licet
979 4818 1086 4881 nerale
1102 4818 1272 4880 concilium
1288 4838 1358 4881 esse
1373 4820 1633 4884 sortitumPorro
1648 4822 1728 4903 posi-

45 4904 62 4941 ⁷·
99 4980 154 5017 w·
171 4919 341 5002 pluraliter
364 4917 450 4980 dicat
475 4916 655 4997 Apostolus,
672 4915 755 4996 quod
780 4914 923 4976 Christus
979 4917 1023 4979 tio
1039 4917 1137 4979 altera
1151 4935 1311 4978 summum
1327 4914 1515 4979 Pontificem
1539 4918 1587 4981 sic
1601 4919 1729 4999 prefert

56 5059 62 5067 -
170 5018 261 5081 dedit
282 5015 462 5098 Apostolos,
489 5023 567 5092 etc.;
594 5021 699 5075 tamen
724 5013 763 5073 ad
789 5012 923 5075 innuen·
979 5014 1153 5077 universali
1177 5014 1325 5077 Ecclesiae
1349 5034 1386 5077 ac
1410 5015 1550 5097 generali
1577 5018 1725 5095 concilio,

83 5140 99 5179 a
117 5138 153 5178 .r.
170 5118 251 5179 dum
275 5114 360 5196 quod
382 5114 503 5177 dictum
526 5120 584 5190 est,
601 5110 754 5193 premisit
772 5133 778 5171 :
795 5109 923 5173 Unicui-
979 5120 1014 5174 ut
1035 5111 1179 5175 affirmet
1198 5113 1314 5193 Papam
1335 5113 1368 5174 iii
1388 5113 1476 5177 nullo
1497 5134 1568 5177 esse
1585 5118 1727 5197 generali

169 5234 235 5297 que
264 5220 409 5276 nostrum
437 5212 509 5274 data
538 5219 585 5272 est
618 5208 719 5292 gratia
747 5209 922 5272 secundum
980 5210 1117 5273 concilio
1143 5209 1333 5291 subjectum.
1358 5210 1442 5273 Inter
1465 5213 1533 5275 hec
1558 5214 1728 5279 mediando

170 5330 357 5377 mensuram
372 5308 552 5374 donationis
567 5308 680 5374 Christi
694 5316 860 5389 ;tauquam
875 5308 921 5371 di·
980 5307 1168 5391 conscripsi,
1185 5307 1269 5390 quod
1285 5307 1367 5389 Papa
1382 5308 1415 5370 iii
1430 5309 1481 5371 his
1495 5329 1565 5391 que
1579 5312 1618 5373 ad
1633 5332 1727 5378 suum
