4309 6250
447 475 507 542 602
547 493 587 542 DE
608 494 815 542 demontrans
836 497 931 544 sulm
951 495 1119 544 romulus
1138 495 1176 542 ET
1196 495 1366 544 emmaus
1387 494 1527 554 boumn,
1549 495 1637 543 usna
1657 497 1690 542 ll.
1713 512 1754 525 -·
1773 497 1845 542 ART.
1867 495 1910 542 xtl
2107 433 2109 577 l

450 667 494 728 ait
512 691 518 730 :
535 665 721 730 Obedientia
736 685 799 730 uno
815 669 909 730 modo
928 667 1052 749 capitur
1070 665 1198 750 proprie
1212 665 1238 728 Α
1252 665 1375 745 Pisana,
1391 675 1423 729 et
1437 665 1491 728 alii
1506 665 1595 746 quasi
1609 666 1780 744 innumeri,
1798 664 1881 728 inter
1894 674 1985 728 cetera

451 773 484 828 et
511 764 702 846 specialiter,
729 773 823 845 prout
847 765 978 847 respicit
1005 774 1197 847 preceptum
1251 782 1321 844 qua
1337 783 1462 827 summo
1477 763 1624 827 Pontifici
1646 772 1720 825 sunt
1740 765 1869 846 propria
1882 773 1985 844 etpre

451 863 648 944 superioris:
670 870 702 926 et
725 863 772 925 sic
797 881 860 927 non
887 871 935 926 est
959 863 1198 926 concedendum
1253 863 1321 945 prie
1335 869 1532 944 competunt,
1547 881 1647 925 unum
1669 871 1718 924 est
1731 880 1930 926 communem
1949 863 1984 925 le

451 963 536 1043 quod
566 961 756 1024 universalis
776 961 919 1024 Ecclesia
947 961 1072 1024 obediat
1095 961 1197 1044 Papa,
1252 981 1324 1045 gem
1345 962 1481 1024 condere
1497 961 1741 1042 generalemque
1756 979 1908 1024 canonem
1922 981 1985 1024 con·

452 1060 503 1123 vel
521 1067 664 1122 teneatur
678 1059 707 1122 ei
722 1059 862 1122 obedire.
881 1060 949 1123 Alio
964 1061 1059 1122 modo
1074 1061 1200 1142 capitur
1253 1059 1395 1138 stituere,
1413 1067 1445 1121 et
1459 1059 1562 1140 legem
1585 1078 1641 1122 seu
1662 1076 1819 1122 canonem
1835 1059 1925 1122 talem
1937 1061 1983 1123 toti

452 1158 632 1221 ohedientia
657 1176 714 1239 pro
743 1157 858 1220 virtute
883 1157 1123 1239 obtemperandi
1147 1158 1200 1220 his
1253 1158 1401 1222 Ecclesia
1415 1157 1648 1239 praligereseu
1664 1157 1984 1238 mandareldeoquip

453 1274 524 1336 qua
558 1257 598 1318 ab
632 1255 693 1318 alio
724 1254 945 1334 consuluntur,
975 1258 1197 1334 admonentur,
1254 1276 1293 1339 pe
1308 1275 1411 1320 canon
1432 1265 1465 1318 et
1484 1256 1536 1318 lex
1555 1256 1588 1318 in
1603 1255 1662 1318 hac
1677 1254 1840 1319 locutione
1860 1275 1984 1319 commu

451 1361 600 1436 optantur
614 1362 668 1416 aut
682 1353 909 1435 pracipiuntur
926 1377 932 1415 :
949 1363 981 1416 et
995 1353 1040 1417 sic
1057 1354 1201 1435 superior
1254 1356 1305 1417 nis
1320 1363 1351 1418 et
1369 1353 1528 1437 generalis
1548 1363 1688 1434 vocatur,
1705 1356 1856 1437 quoniam
1874 1353 1985 1417 univer·

333 1481 346 1510 0
432 1451 1014 1531 .inlerioridioiturobedire,utl)eus
1029 1452 1091 1534 ipsi
1106 1454 1200 1517 Josue
1255 1473 1323 1516 sam
1351 1451 1517 1515 concernit
1544 1452 1720 1515 Ecclesiam
1751 1476 1758 1515 ι
1788 1452 1881 1514 aliter
1911 1452 1984 1513 eninr

335 1563 340 1576 ·
453 1552 486 1614 in
503 1551 578 1614 solis
594 1550 750 1626 statione;
766 1551 858 1614 etsie
880 1551 973 1614 debet
995 1553 1065 1634 capi
1082 1571 1199 1614 nomen
1255 1551 1388 1632 quilibet
1411 1550 1581 1632 episcopus
1608 1551 1769 1613 diceretur
1796 1569 1888 1632 posse
1913 1569 1985 1614 com-

452 1648 686 1726 obedientia,si
702 1648 821 1712 alicubi
836 1648 949 1730 legitur
963 1651 1047 1730 quod
1058 1650 1199 1713 Ecclesia
1257 1669 1386 1714 munem
1401 1650 1539 1712 condere
1558 1650 1673 1730 legem,
1688 1650 1763 1730 quia
1783 1649 1840 1712 toti
1854 1648 1985 1711 Ecclesia
2107 1704 2109 1737 ‚

452 1747 560 1810 obedit
581 1747 632 1810 vel
654 1747 782 1810 obedire
803 1747 898 1810 debet
911 1747 1011 1829 Papa.
1028 1749 1198 1811 —Iterum
1257 1748 1318 1811 sibi
1334 1748 1513 1811 commissa
1527 1747 1828 1830 potestpracipere.
1844 1748 1904 1810 lex
1921 1767 1986 1828 quo
2107 1740 2109 1823 l

452 1845 517 1908 ait:
534 1845 627 1909 Miror
641 1845 725 1926 quod
747 1844 844 1926 aliqui
866 1855 1061 1926 prasumunt
1078 1847 1196 1924 dicere,
1214 1844 1237 1905 B
1256 1866 1319 1928 que
1333 1847 1387 1908 hic
1408 1845 1545 1908 sumitur
1566 1845 1731 1926 potissime
1752 1865 1811 1927 pro
1832 1855 1983 1927 praecepto.
2107 1834 2109 1913 l

451 1944 535 2027 quod
555 1945 636 2024 Papa
656 1944 698 2006 sit
722 1943 824 2024 major
843 1952 874 2006 et
893 1945 1038 2026 superior
1057 1947 1198 2026 generali
1255 1945 1383 2027 Proprie
1408 1963 1545 2025 namque
1573 1963 1631 2025 pro
1655 1952 1813 2025 praeapte
1837 1944 1983 2024 accipitur,

452 2042 587 2106 concilio
602 2049 656 2104 aut
671 2041 841 2104 universali
855 2042 1007 2122 Ecclesia,
1024 2062 1121 2124 quum
1136 2064 1201 2108 om·
1254 2044 1337 2105 utin
1352 2043 1456 2125 prima
1476 2042 1624 2105 secunda
1645 2042 1782 2105 Thomas
1803 2043 1945 2105 declarat.
1959 2043 1983 2103 Si
1993 2057 2078 2108 aaa.
2107 2102 2108 2127 3

453 2161 492 2204 ne
513 2149 612 2204 totum
633 2159 689 2201 sua
709 2148 797 2222 parte
823 2140 865 2202 sit
883 2141 996 2222 majus.
1013 2177 1053 2186 —
1067 2142 1200 2225 Insuper
1255 2140 1352 2221 igitur
1365 2140 1447 2220 Papa
1460 2158 1525 2202 nou
1541 2139 1688 2220 presidet
1702 2139 1758 2202 toti
1773 2139 1984 2217 Ecclesia,nec

453 2248 563 2303 contra
577 2239 746 2319 quemdam
762 2237 915 2316 scribens,
933 2239 979 2301 sic
995 2240 1198 2315 aitttluidam
1255 2238 1310 2300 illa
1332 2246 1457 2300 tenetur
1481 2237 1510 2299 ei
1534 2237 1661 2318 proprie
1682 2237 1824 2318 obedire,
1847 2239 1931 2318 sequi
1949 2238 1985 2298 ri-

452 2333 530 2396 dicit
552 2359 558 2396 :
577 2335 692 2398 Omnes
716 2336 885 2399 Christiani
911 2345 974 2398 tam
995 2337 1198 2417 conjunctim
1254 2338 1346 2399 detur
1366 2337 1450 2417 quod
1468 2337 1571 2417 legem
1592 2344 1625 2399 et
1644 2354 1800 2399 canonem
1822 2336 1984 2417 generalem

452 2449 547 2511 quam
573 2430 737 2513 sigillatim
767 2431 895 2494 obedire
924 2441 1072 2495 tenentur
1095 2435 1195 2516 Papa.
1255 2435 1391 2498 condere
1414 2435 1496 2516 Papa
1524 2453 1588 2497 non
1617 2433 1738 2517 possit3
1764 2443 1796 2496 et
1819 2433 1847 2496 si
1875 2435 1983 2510 condat,

452 2528 566 2593 Contra
581 2530 831 2612 propositionem
846 2531 929 2594 hanc
952 2532 1063 2595 scribit
1077 2532 1131 2613 qui
1147 2554 1199 2595 su·
1254 2534 1397 2596 Ecclesia
1416 2541 1521 2595 amen
1545 2532 1586 2594 ad
1611 2532 1846 2595 observandum
1866 2532 1985 2613 obligata

452 2646 508 2708 pre
521 2652 528 2690 :
542 2627 572 2690 Si
589 2627 643 2690 ille
658 2628 690 2690 in
707 2629 767 2691 hoc
782 2630 865 2710 quod
881 2629 968 2706 dicit,
985 2631 1195 2711 conjunctim,
1254 2651 1319 2694 non
1341 2631 1391 2693 sit.
1408 2631 1495 2706 Quod
1518 2638 1624 2692 autem
1645 2630 1750 2712 legem
1769 2649 1826 2692 seu
1847 2649 1984 2693 canonem

451 2726 587 2789 intendit
601 2726 715 2808 Papam
738 2727 886 2790 extollere
901 2747 995 2809 supra
1010 2729 1195 2811 Ecclesiam,
1254 2731 1350 2792 talem
1365 2729 1501 2790 condere
1516 2727 1598 2808 Papa
1613 2746 1677 2790 nou
1692 2728 1804 2810 possit,
1820 2747 1882 2791 non
1897 2728 1984 2790 solum

451 2832 482 2886 et
504 2824 574 2906 ejus
596 2824 734 2903 (scilicet
747 2826 849 2906 Papa)
871 2825 1039 2907 imperium
1063 2837 1198 2909 potesta·
1254 2837 1302 2891 est
1325 2837 1434 2891 contra
1452 2826 1600 2909 praelatos
1621 2828 1778 2907 doctores,
1796 2827 1851 2890 sed
1871 2827 1985 2907 insuper

450 2923 551 2985 tivum
576 2931 609 2985 et
631 2924 758 3004 proprie
784 2924 1023 3006 praceptivum,
1048 2933 1197 3007 tanquam
1255 2935 1366 2989 contra
1380 2945 1418 2988 ea
1431 2945 1501 3007 qua
1516 2925 1617 2987 sancti
1636 2945 1674 2988 ac
1693 2925 1812 2986 summi
1832 2925 1983 2988 Pontifices

451 3020 636 3103 superioris,
667 3041 736 3084 esse
765 3021 798 3084 iu
826 3041 897 3084 eam
927 3023 1063 3102 (scilicet
1090 3024 1235 3087 EccleC
1254 3024 1439 3105 frequenter
1461 3032 1605 3105 egerunt.
1622 3024 1710 3086 Unde
1734 3032 1766 3086 et
1786 3033 1872 3087 sexto
1889 3025 1984 3086 llecre

450 3121 544 3200 siam)
572 3129 607 3183 ut
635 3119 832 3198 inferiorem,
858 3121 908 3184 cui
934 3122 1086 3204 competit
1109 3123 1198 3235 Papa
1254 3123 1365 3186 talium
1380 3122 1514 3185 hahetur
1527 3122 1566 3185 de
1587 3121 1788 3186 ordinatione
1805 3140 1980 3187 summomm

450 3220 590 3297 obedire,
613 3220 790 3301 periculose
812 3229 961 3282 errat-
982 3220 1096 3283 lterum
1124 3223 1199 3284 scri·
1252 3208 1510 3301 Pontificumqui
1534 3230 1754 3303 preceperunt
1774 3222 1855 3283 lesta
1871 3218 2108 3331 SanctoSfaP¹

453 3318 516 3380 bit:
528 3319 667 3381 Potestas
682 3317 738 3380 illa
753 3318 873 3381 ratione
888 3319 1035 3381 Romana
1049 3318 1198 3383 Ecclesia
1254 3340 1324 3383 rum
1347 3319 1379 3381 in
1405 3319 1575 3382 universali
1598 3319 1742 3381 Ecclesia
1762 3319 1920 3383 celebrari.
1937 3291 2013 3379 Sica

452 3418 562 3479 matris
591 3417 722 3479 aliarum
753 3416 965 3479 Ecclesiarum
1001 3418 1199 3498 particulari·
1253 3416 1348 3479 etiam
1369 3412 1552 3477 Boniiacius
1573 3414 1681 3496 Papa
1672 3415 1813 3477 instituit
1836 3416 1910 3477 lesta
1922 3412 1980 3474 llm

453 3534 517 3591 um,
536 3514 665 3596 respicit
689 3534 785 3597 super
808 3534 841 3576 se
867 3523 1052 3595 potestatem
1073 3516 1198 3578 univer·
1254 3514 1344 3577 nium
1366 3513 1564 3590 Sanctorum,
1585 3522 1616 3575 et
1629 3512 1774 3575 Urbanus
1789 3514 1869 3595 Papa
1882 3513 1979 3575 festum

452 3613 527 3675 salis
542 3612 704 3690 Ecclesia,
721 3612 785 3675 imo
807 3613 981 3675 includitur
1002 3611 1034 3675 in
1058 3633 1095 3675 ea
1116 3614 1199 3676 sicut
1254 3610 1505 3675 SacramentiEt
1518 3611 1602 3674 idem
1618 3610 1745 3691 probari
1759 3619 1860 3693 potest
1874 3612 1909 3673 de
1921 3610 1981 3671 San·

452 3730 524 3792 pars
547 3712 579 3773 in
602 3730 659 3773 suo
682 3720 757 3774 toto.
1254 3720 1376 3773 ctorum
1399 3709 1542 3791 reliquiis
1564 3710 1765 3787 venerandis,
1782 3710 1821 3772 de
1842 3708 1927 3772 certis
1943 3707 1981 3787 je

491 3810 536 3872 Ad
562 3809 670 3872 omnia
694 3810 764 3887 ista,
781 3809 855 3891 quia
880 3808 963 3871 idem
987 3810 1196 3888 pratendunt,
1253 3808 1353 3891 juniis
1387 3807 1605 3887 observandiS,
1634 3808 1674 3870 de
1702 3808 1889 3887 quibusdam
1914 3804 1980 3868 cibis

451 3908 602 3971 videlicet
615 3907 699 3989 quod
715 3908 797 3989 Papa
812 3926 876 3970 non
891 3917 1005 3989 praest
1020 3908 1074 3971 toti
1091 3908 1199 3970 Eccle-
1254 3908 1349 3969 certis
1373 3906 1485 3969 diebus
1511 3905 1659 3983 vitandis,
1682 3906 1722 3967 de
1746 3905 1937 3969 confessione
1956 3911 1979 3963 et

452 4006 506 4068 sia
522 4006 681 4069 collectim
704 4014 852 4086 accepta,
869 4014 916 4067 est
937 4025 1000 4068 una
1022 4007 1197 4087 responsio,
1254 4004 1478 4068 communione
1493 4004 1532 4066 ad
1549 4003 1654 4065 minus
1669 4003 1767 4066 semol
1783 4005 1816 4067 in
1831 4022 1917 4067 anno.
1930 4002 1980 4063 llu-

452 4104 576 4167 scilicet
590 4105 674 4184 quod
691 4123 755 4166 non
771 4105 920 4166 videntur
934 4105 1091 4167 catholice
1106 4124 1199 4186 posse
1253 4104 1392 4185 jusmodi
1414 4110 1520 4164 autem
1544 4110 1775 4184 praceptorum
1797 4104 1892 4165 multa
1913 4100 1950 4163 ita
1966 4118 1981 4160 a

451 4201 577 4265 salvari.
602 4202 688 4276 Quod
715 4202 816 4283 primo
841 4203 992 4283 probatur
1014 4221 1072 4283 per
1091 4204 1198 4265 omnia
1215 4207 1239 4268 l)
1254 4201 1387 4264 summis
1402 4208 1476 4263 sunt
1496 4200 1702 4263 Pantilicibus
1722 4199 1875 4279 instituta,
1889 4209 1918 4263 et
1936 4198 1981 4261 toti

451 4320 520 4383 qua
537 4302 700 4381 hucusque
713 4309 775 4362 tam
791 4300 825 4361 in
841 4300 937 4381 priori
959 4300 1040 4363 libro
1055 4320 1149 4382 quam
1166 4303 1198 4363 in
1254 4299 1403 4363 Ecclesia
1430 4299 1470 4361 ad
1498 4299 1689 4361 servandum
1714 4300 1896 4381 praestituta,
1918 4316 1982 4379 pra

451 4400 511 4463 isto
528 4400 656 4461 inducta
678 4407 752 4460 sunt
772 4418 809 4461 ex
831 4398 921 4460 dictis
944 4407 1126 4461 sanctorum
1146 4401 1201 4463 Pa·
1255 4400 1329 4476 lixa,
1357 4398 1515 4475 mandata,
1543 4398 1628 4479 quod
1652 4416 1716 4460 non
1745 4398 1923 4461 obedientes
1944 4414 1982 4457 re

451 4507 547 4575 trum,
564 4498 792 4560 catholicorum
815 4498 979 4559 doctorum
1002 4516 1038 4559 ac
1061 4518 1201 4562 summo
1255 4498 1354 4561 belles
1369 4504 1540 4560 censentur
1553 4504 1648 4577 atque
1669 4497 1843 4559 mortaliter
1856 4502 1982 4579 peccaut,

452 4615 522 4657 rum
551 4593 754 4674 Pontificum,
782 4596 819 4657 ad
846 4594 1044 4675 probandum
1073 4596 1200 4677 opposi-
1256 4596 1317 4659 nisi
1332 4595 1472 4677 legitime
1486 4604 1686 4658 excusentur.
1704 4594 1821 4675 Sicque
1839 4594 1985 4675 hujusmo

451 4702 649 4774 tum,utputa
664 4692 748 4774 quod
762 4693 844 4774 Papa
858 4692 965 4774 prasit
980 4692 1034 4755 toti
1051 4692 1200 4756 Ecclesia
1255 4696 1288 4758 di
1316 4695 1402 4776 leges
1428 4694 1492 4756 vim
1518 4692 1737 4774 obligatoriam
1763 4694 1939 4769 sortiuntur,
1959 4700 1985 4752 et

453 4792 549 4855 simul
572 4800 717 4873 sumpta,
1255 4795 1351 4874 hujus
1376 4792 1557 4874 oppositum
1583 4791 1790 4873 pertinaciter
1813 4793 1925 4867 dicere,
1947 4790 1986 4851 ri·

494 4878 898 4953 Secundo'demonstratur
923 4889 953 4951 id
980 4890 1098 4971 ipsum,
1113 4890 1199 4971 quia,
1256 4894 1347 4955 detur
1368 4890 1514 4953 haresim
1537 4910 1658 4972 sapere.

452 4998 487 5051 ut
501 4990 646 5052 doctores
669 4987 818 5050 catholici
841 4996 872 5049 et
893 4987 1014 5069 antiqui
1031 4996 1094 5050 tam
1114 4990 1202 5051 theo-
1295 4992 1458 5069 Praterea,
1492 4990 1523 5051 S.
1555 4989 1690 5051 Thomas
1725 5007 1824 5070 super
1856 4997 1984 5070 quartum

452 5088 515 5170 logi
537 5106 633 5169 quam
653 5086 775 5169 jurista
800 5087 1000 5148 concorditer
1017 5086 1138 5166 dicunt,
1157 5088 1202 5149 vi·
1256 5087 1489 5151 Sententiarum
1505 5086 1688 5168 irequenter
1702 5086 1930 5167 testatur,quod
1943 5102 1987 5165 po·

452 5187 567 5249 delicet
588 5185 752 5262 Ostiensis,
769 5183 976 5263 Raimundus,
1000 5184 1199 5263 Guillelmus,
1255 5196 1352 5249 testas
1367 5184 1504 5247 faciendi
1518 5183 1732 5266 indulgentias
1755 5186 1896 5265 sequitur
1906 5180 1986 5265 juris-

452 5284 630 5365 Duraodus,
657 5284 786 5347 Summa
815 5282 1045 5361 confessorum,
1071 5282 1202 5348 Summa
1256 5285 1438 5349 dictionem.
1449 5284 1534 5346 ldem
1549 5281 1713 5345 affirmant
1726 5282 1925 5360 llaimundus,
1935 5280 1985 5343 llu-
