4309 6250
417 491 477 558 220
510 511 630 560 domu
647 516 732 562 vitta
753 503 1011 562 sorausrrrtouuu
1025 514 1132 570 QUIBUS
1153 513 1242 561 uruca
1261 512 1377 561 CULTU!
1396 514 1466 562 vetti
1488 514 1538 560 bel
1558 513 1708 562 senatun.
1721 531 1763 544 -·
1775 513 1844 560 aur.
1858 513 1929 570 vm,
1945 510 1981 559 tx

419 681 885 765 dictionibus,invocationibus
899 684 1167 768 adjurationibus·
1181 686 1205 748 Α

419 800 482 863 que
506 781 657 864 prefatis,
673 786 749 847 dum
774 783 857 846 fiunt
877 783 1068 862 inordinate,
1089 801 1167 864 quo
1431 743 1676 812 ARTICULUS
1699 744 1760 808 IX·

419 880 507 943 niam
522 881 656 964 cupiunt
669 901 707 945 ac
726 883 869 946 nituntur
889 882 1055 946 bominum
1070 882 1168 946 corda
1298 895 1449 962 Qualiter
1463 895 1569 953 uariis
1583 894 1687 953 modis
1701 894 1892 968 superstitio

419 979 518 1041 variis
532 981 810 1062 superstitionibus
825 981 1000 1064 implicare,
1016 988 1111 1061 atque
1127 981 1166 1043 ad
1218 984 1611 1053 commutationemque
1621 984 1793 1061 cujusdam
1805 983 1976 1059 mpistri.

419 1079 618 1143 damnabiles
638 1079 875 1144 incredulitates
896 1079 1058 1143 inducere.

1298 1178 1460 1242 tarsum
1479 1179 1608 1261 quidam
1634 1179 1667 1241 in
1688 1186 1824 1242 tractatu
1849 1198 1910 1243 suo
1936 1181 1978 1242 de

610 1290 855 1356 ARTmULUg
873 1290 965 1354 vm,
1312 1277 1606 1360 Superstitionibus,
1636 1296 1732 1359 mem
1765 1295 1823 1358 pro
1854 1296 1977 1360 magna

1218 1383 1307 1457 parte
1322 1393 1360 1437 ex
1374 1374 1456 1440 libro
1471 1375 1594 1439 domini
1608 1374 1769 1439 Guillelmi
1785 1373 1976 1438 Parisiensis

1219 1473 1258 1536 de
1282 1473 1358 1536 llide
1382 1481 1415 1536 et
1442 1473 1566 1556 legibus
1591 1473 1729 1556 collegit,
1756 1473 1841 1536 inter
1864 1481 1976 1536 cetera

1218 1571 1263 1634 ait
1293 1595 1300 1633 ι
1331 1571 1365 1633 ln
1395 1571 1609 1654 applicatione
1637 1591 1744 1634 rerum
1775 1572 1975 1636 naturalium

488 1672 606 1736 Ulbutt
620 1690 684 1735 non
699 1671 901 1734 mediocriter
915 1671 1111 1734 inducuntur
1125 1673 1164 1734 ad
1219 1670 1257 1732 ad
1280 1669 1417 1733 effectus
1438 1689 1517 1751 quos
1539 1669 1727 1733 naturaliter
1744 1679 1880 1752 possunt
1899 1690 1976 1752 pro

420 1668 697 1867 Ocredendum
716 1778 971 1850 prememoratus
992 1769 1165 1831 benedicti·
1219 1770 1345 1846 ducere,
1363 1788 1426 1832 non
1449 1769 1594 1832 consistit
1615 1769 1798 1851 superstitio
1820 1789 1880 1832 nec
1896 1790 1976 1852 pec-

416 1867 731 1948 onos,invocationes
746 1876 778 1929 et
791 1867 1008 1948 adjurationes
1023 1868 1337 1931 commu-Beatum.
1368 1868 1400 1930 Si
1428 1877 1534 1930 autem
1561 1867 1737 1950 jungantur
1770 1869 1975 1931 characteres

416 1968 500 2030 niter
511 1987 580 2030 esse
592 1965 805 2045 illicitae,imo
817 1967 942 2049 penitus
954 1966 1095 2045 vitiosas,
1104 1967 1165 2030 nisi
1219 1975 1273 2029 aut
1298 1967 1439 2045 nomina,
1466 1967 1517 2028 vel
1546 1985 1596 2029 res
1624 1966 1720 2030 etiam
1747 1975 1889 2044 sacrata,
1918 1977 1976 2029 aut

417 2067 449 2130 in
469 2067 516 2129 eis
534 2066 672 2129 vitentur
686 2066 795 2128 omnia
808 2085 879 2147 quaa
891 2065 957 2148 jam
973 2075 1165 2146 praeostensa
1219 2065 1287 2128 aliae
1308 2084 1357 2128 res
1379 2084 1588 2147 quecumque
1607 2084 1685 2146 quas
1705 2074 1827 2128 certum
1848 2075 1897 2128 est
1917 2087 1976 2128 na-

416 2175 491 2229 sunt
504 2183 574 2228 esse
588 2165 717 2226 vitanda
738 2163 772 2225 in
791 2164 888 2246 ipsis3
904 2173 1010 2226 umen
1032 2172 1165 2227 utuntur
1219 2163 1352 2226 turalem
1368 2163 1549 2226 efficaciam
1565 2182 1629 2226 non
1651 2163 1781 2241 babere,
1798 2183 1857 2226 nec
1873 2165 1975 2226 etiam

417 2264 473 2341 eis,
487 2264 702 2346 impendendo
717 2281 773 2328 seu
789 2262 982 2344 recipiendo,
992 2263 1164 2326 dummodo
1218 2281 1255 2324 ex
1280 2261 1477 2324 institutione
1506 2262 1560 2324 Dei
1591 2261 1658 2324 sive
1686 2262 1848 2343 Ecclesiae,
1874 2264 1914 2326 ad
1942 2263 1974 2325 id

539 1425 643 1490 Quom
664 1422 853 1481 intimos-ati
874 1441 912 1480 ac
933 1421 1045 1481 uitiosi

614 1511 682 1569 sint
697 1511 839 1570 homines
853 1512 962 1570 multi.

414 2364 572 2427 aestiment
600 2382 634 2426 se
662 2370 806 2444 optatum
834 2379 928 2443 posse
956 2361 1091 2444 adipisci
1117 2361 1164 2424 ef·
1216 2361 1455 2442 propterquod
1479 2361 1696 2442 adjunguntur
1721 2381 1778 2423 seu
1802 2380 1975 2423 assumun-

414 2461 545 2539 fectum,
568 2469 624 2524 aut
643 2459 816 2542 temporale
840 2459 992 2540 consequi
1022 2479 1162 2523 commo·
1217 2467 1283 2536 tur;
1301 2458 1557 2540 superstitiosum
1573 2458 1634 2522 orit
1648 2467 1742 2540 atque
1758 2459 1921 2522 illicitum.
1935 2461 1975 2522 Et

413 2561 501 2639 dum,
523 2559 687 2640 acquirere
708 2557 843 2633 lucrum,
861 2556 961 2619 vitare
982 2558 1159 2620 damnum:
1217 2557 1243 2619 si
1265 2555 1400 2620 effectus
1420 2557 1474 2639 qui
1486 2557 1637 2638 queritur
1651 2557 1708 2635 ibi,
1725 2565 1887 2639 sequatur,
1905 2578 1973 2622 non

414 2657 480 2721 imo
504 2658 546 2721 ob
568 2658 625 2720 has
647 2675 759 2718 causas
782 2655 877 2718 etiam
903 2655 969 2717 suis
991 2656 1161 2738 pecoribus
1217 2656 1323 2718 evenit
1346 2656 1407 2718 nisi
1429 2677 1447 2718 a
1469 2676 1544 2718 casu
1564 2663 1617 2718 aut
1637 2657 1792 2736 demone,
1816 2677 1873 2718 seu
1892 2676 1975 2739 qua-

415 2755 539 2818 faciuut
567 2775 620 2817 eas
645 2754 798 2836 impendi.
823 2753 973 2834 Quodque
997 2755 1163 2817 damnabi-
1216 2755 1288 2816 dam
1304 2754 1497 2836 obligatione
1520 2753 1681 2818 societatis
1703 2755 1892 2837 perniciosae
1914 2757 1974 2819 bo

415 2854 478 2917 lius
496 2863 557 2931 est,
578 2853 723 2934 quamvis
743 2853 777 2914 in
800 2851 1088 2930 benedictionibus,
1109 2854 1162 2915 ad·
1217 2853 1313 2916 minis
1339 2873 1411 2916 cum
1436 2854 1580 2916 demone
1602 2873 1696 2935 :qum
1720 2853 1855 2917 societas
1881 2864 1973 2918 taum

414 2952 629 3035 jurationibus
657 2959 688 3013 et
718 2950 972 3014 invocationibus
1000 2950 1070 3012 istis
1098 2951 1162 3013 sint
1216 2952 1404 3033 prudentius
1432 2960 1481 3015 est
1509 2951 1649 3031 vitanda,
1676 2960 1796 3033 quanto
1824 2952 1856 3014 id
1882 2955 1972 3035 quod

415 3050 512 3115 verba
534 3051 642 3133 ignota
664 3057 697 3111 et
718 3049 830 3131 figurae
854 3048 1031 3131 prohibitae,
1056 3058 1161 3111 minen
1180 3047 1394 3130 Cadhibetur,
1420 3049 1588 3112 efficacius
1618 3069 1712 3134 posse
1740 3050 1894 3134 prodesse
1923 3053 1972 3114 vi-

415 3151 456 3214 ob
478 3168 589 3212 causas
612 3156 776 3229 praetactas
797 3156 930 3209 utuntur
951 3147 1083 3224 eisdem,
1101 3168 1161 3211 nec
1215 3150 1318 3228 detur,
1349 3149 1522 3230 presertim
1556 3150 1633 3212 dum
1661 3149 1738 3211 latet
1773 3169 1836 3231 qua
1871 3170 1971 3215 causa

413 3249 469 3312 Dei
485 3267 587 3329 neque
609 3246 758 3309 Ecclesia
780 3244 1025 3327 prohibitionem
1048 3266 1162 3308 curan·
1214 3248 1288 3330 quid
1313 3247 1427 3327 valeat,
1454 3248 1561 3311 stubi
1587 3249 1626 3311 de
1652 3248 1889 3329 superstitionis
1914 3270 1972 3312 ve

414 3356 472 3424 tes,
493 3348 557 3410 imo
573 3366 632 3409 nec
656 3345 757 3408 divini
781 3343 894 3426 judicii
915 3344 1158 3423 districtionem,
1215 3364 1298 3407 neno
1322 3346 1505 3426 ambigitur.
1526 3346 1607 3408 Ecce
1632 3355 1785 3428 quantum
1811 3356 1920 3409 ermnt
1947 3348 1970 3409 ii

413 3466 472 3509 nec
501 3444 666 3508 infernalis
694 3442 843 3525 supplicii
877 3442 1081 3504 acerbitatem
1109 3462 1161 3505 ex·
1214 3444 1268 3526 qui
1294 3463 1368 3506 cum
1393 3443 1486 3506 rebus
1511 3444 1710 3508 naturalibus
1735 3445 1890 3508 adhibent
1916 3466 1970 3509 res

412 3550 629 3627 pavescentes.
656 3542 738 3603 Ecce
761 3540 906 3603 homines
931 3539 983 3601 isti
1009 3549 1083 3602 sunt
1107 3560 1161 3622 pe·
1214 3551 1363 3622 sacratae
1385 3550 1438 3605 aut
1464 3552 1548 3605 certe
1574 3563 1630 3624 per
1649 3564 1683 3607 se
1705 3544 1790 3627 ipsas
1811 3545 1970 3608 adhibent

411 3642 497 3705 nitus
512 3639 669 3718 excecati,
685 3647 780 3719 atque
795 3639 828 3700 in
850 3645 932 3700 statu
947 3639 1159 3701 damnationis
1214 3661 1266 3703 eas
1282 3640 1465 3703 hominibus
1487 3650 1541 3703 aut
1563 3642 1676 3719 brutia,
1693 3660 1750 3723 pro
1773 3642 1968 3705 sanitatibus

411 3741 599 3816 consistunt,
616 3747 726 3802 contra
745 3737 1050 3815 ordinemcaritatis
1065 3758 1160 3819 agen·
1213 3739 1416 3820 acquirendis
1435 3746 1489 3800 aut
1509 3738 1750 3802 infirmitatibus
1769 3740 1966 3817 devitandiS,

411 3838 545 3903 tesNon
560 3838 647 3900 enim
662 3856 695 3899 se
712 3837 798 3917 ipsos
813 3854 887 3897 vera
902 3854 937 3897 ac
954 3834 1161 3915 spiritualiter
1214 3838 1280 3900 sivo
1302 3857 1358 3921 pro
1380 3836 1596 3900 fertilitatibus
1622 3839 1771 3901 arborum
1793 3858 1851 3901 seu
1875 3860 1970 3921 agro-

412 3940 561 4020 diligunt,
587 3937 641 3999 sed
664 3934 851 4017 temporalia
874 3934 1043 3997 commoda
1065 3942 1160 4016 atque
1214 3955 1296 4013 rum,
1317 3944 1348 3998 et
1370 3943 1479 3997 contra
1502 3937 1673 4017 grandines
1694 3945 1790 4018 atque
1810 3938 1966 4001 tonitma.

412 4035 588 4118 corporalia
609 4035 692 4097 bona
713 4032 932 4115 spiritualibus
955 4032 1047 4094 donis
1066 4042 1160 4114 atque
1215 4035 1274 4097 Res
1294 4034 1413 4117 quippe
1433 4042 1571 4097 sacratas
1591 4035 1742 4098 adhibent
1760 4054 1818 4116 pro
1839 4036 1891 4115 iis,
1912 4039 1970 4118 qui

413 4135 507 4200 saluti
536 4152 664 4196 suarum
693 4132 863 4212 praeferunt
891 4130 1079 4193 animarum.
1106 4133 1161 4195 Po·
1215 4152 1295 4214 aqua
1317 4133 1470 4215 baptismi
1496 4134 1547 4197 vel
1571 4134 1798 4215 adspersionis,
1820 4146 1877 4198 aut
1895 4157 1971 4199 cera

411 4236 475 4298 tius
490 4250 565 4313 ergo
580 4230 764 4313 permittere
785 4230 902 4291 debent
915 4230 1024 4292 omnia
1046 4249 1159 4311 pecora
1175 4232 1200 4293 D
1214 4232 1297 4293 cerei
1319 4232 1477 4314 paschalis
1498 4232 1564 4296 sive
1587 4233 1716 4295 alterius
1736 4234 1868 4297 luminis
1893 4254 1971 4299 con-

411 4352 469 4397 sua
484 4331 576 4409 mori,
592 4349 687 4412 quam
704 4348 760 4411 pro
776 4328 904 4391 illorum
919 4330 1159 4393 conservatione
1215 4331 1327 4394 secreti
1350 4339 1482 4393 utuntur
1500 4332 1538 4393 ad
1559 4330 1614 4393 illa
1631 4330 1804 4395 obtinenda
1830 4333 1882 4395 vel
1902 4334 1971 4397 evi-

411 4430 559 4495 illicitum
583 4428 701 4509 aliquid
728 4426 830 4489 fieri:
853 4426 917 4490 imo
941 4428 1159 4509 unusquisque
1216 4430 1579 4493 tandallesautemnon
1595 4440 1796 4493 consecratas
1812 4431 1971 4495 adhibent

411 4538 538 4592 tenetur
552 4527 653 4608 magis
670 4526 752 4589 velle
766 4526 874 4588 omnia
889 4527 1075 4608 temporalia
1091 4546 1160 4608 pcr-
1214 4530 1236 4591 ii
1266 4530 1320 4611 qui
1344 4529 1532 4609 quibusdam
1558 4529 1681 4591 balneis
1707 4538 1841 4593 utuntur
1869 4533 1969 4595 certis

411 4630 498 4705 dare,
519 4635 552 4690 et
575 4626 735 4708 propriam
761 4625 857 4687 vitam
882 4626 1038 4704 amittere,
1063 4646 1159 4707 quam
1214 4628 1422 4709 temporibus,
1440 4628 1564 4691 scilicet
1585 4628 1766 4691 Nativitatis
1787 4638 1820 4692 et
1841 4630 1969 4693 Carnis-

411 4726 530 4808 aliquid
555 4724 665 4787 divino
684 4724 785 4787 amori
806 4724 1001 4786 contrarium
1021 4726 1157 4806 operari,
1215 4727 1320 4809 privii,
1346 4736 1455 4789 contra
1480 4726 1596 4789 febres,
1622 4726 1677 4788 lsti
1702 4736 1839 4809 peccant
1861 4729 1971 4812 dupli-

411 4832 466 4889 aut
496 4831 689 4906 preceptum
718 4822 771 4883 bei
807 4822 875 4883 sive
904 4820 1054 4885 Ecclesiae
1082 4843 1161 4905 prae-
1214 4826 1302 4887 citer.
1320 4824 1434 4903 Primo,
1452 4845 1509 4907 per
1523 4825 1635 4887 falsam
1652 4826 1886 4906 credulitatem,
1903 4848 1969 4909 qua

411 4922 558 4987 varicari.
580 4921 617 4983 Et
641 4920 695 5001 qui
718 4920 761 4982 ita
786 4938 851 4983 non
875 4927 947 4996 stat,
970 4940 1034 4983 non
1060 4922 1159 4984 estin
1214 4924 1348 4985 credunt
1367 4943 1417 4985 ras
1437 4923 1507 4986 illas
1527 4922 1643 4986 babere
1662 4922 1843 4987 efficaciam
1867 4945 1968 5006 quam

411 5023 542 5086 caritate
565 5030 597 5083 et
621 5018 723 5101 gratia
747 5018 812 5095 bei,
835 5019 944 5080 sedin
967 5028 1049 5082 statu
1073 5022 1161 5083 dam·
1213 5041 1278 5085 non
1303 5023 1420 5084 habent
1436 5046 1443 5083 :
1461 5042 1517 5104 per
1535 5023 1619 5104 quod
1635 5022 1848 5105 decipiuntur,
1866 5026 1970 5088 socie-

410 5121 550 5185 nationis
571 5128 603 5183 et
627 5117 721 5199 culpa
745 5118 882 5179 mortali.
903 5117 981 5181 Nam
1002 5119 1097 5183 bomo
1116 5128 1160 5181 te-
1214 5129 1374 5201 tatcmque
1390 5121 1580 5184 contrahunt
1595 5140 1668 5183 cum
1682 5121 1893 5200 damonibus,
1909 5125 1967 5205 qui

410 5229 505 5284 netur
519 5221 618 5282 Deum
633 5216 766 5297 diligere
782 5216 1074 5300 incomparabiliter
1088 5218 1159 5300 plus
1214 5219 1331 5281 talibus
1353 5218 1631 5303 superstitionibus
1655 5238 1689 5281 se
1714 5218 1909 5301 immiscent,
1935 5233 1968 5285 et

412 5338 508 5401 quam
530 5337 564 5382 se
585 5317 690 5399 ipsum
712 5322 743 5377 et
766 5322 867 5378 totum
888 5318 1052 5381 mundum.
1115 5365 1117 5369 -
1215 5317 1375 5381 interdum
1396 5318 1562 5398 effectum,
1583 5318 1646 5383 Deo
1667 5318 1884 5401 permittente,
1907 5320 1968 5385 im-
