4309 6250
455 481 514 547 tte
614 501 764 551 uruocus
786 504 1014 552 nrsrumnours
1037 504 1128 551 rnran
1148 506 1355 553 uanrsrmnru
1374 507 1413 553 nr
1433 506 1647 555 1111111111.
1670 527 1711 537 -
1729 510 1800 556 aar.
1823 510 1842 555 r

453 672 581 735 additur
605 672 648 735 ibi
671 674 815 755 :Regina
840 672 894 737 illa
919 676 1081 755 (videlicet
1105 677 1199 757 Saba)
1216 679 1241 741 Α
1257 677 1374 740 carnali
1400 678 1609 742 delectatione
1634 679 1791 761 concepit,
1812 680 1854 742 sic
1876 681 1975 762 abque

451 771 540 852 jussa
559 772 665 853 egredi
686 773 903 854 pavimentum
925 774 1038 837 domus
1060 776 1200 861 Salqmo-
1254 777 1373 853 dolore,
1400 777 1593 842 verecundia
1615 786 1647 840 et
1672 796 1819 857 moerore,
1838 778 1896 842 imo
1917 798 1975 841 cum

452 869 514 947 nis,
532 878 647 951 putans
671 870 731 934 hoc
756 890 870 952 aquam
895 891 975 949 esse,
999 880 1102 934 vestes
1127 890 1199 933 suas
1254 875 1442 937 dulcissimo
1455 876 1572 957 gaudio
1587 876 1755 958 spirituali,
1773 877 1891 960 peperit
1906 896 1973 939 eum.

452 967 570 1030 levavit
593 978 623 1031 11
648 989 741 1031 crura
765 969 883 1032 detexit
907 979 941 1032 ut
970 971 1197 1033 transvadaret.
1255 973 1380 1035 Falsum
1402 981 1449 1035 est
1471 992 1598 1054 quoque
1621 976 1705 1055 quod
1726 975 1839 1037 llahon
1859 974 1908 1053 ait,
1922 975 1976 1036 l'ir·

451 1065 524 1140 Ouae
543 1067 650 1130 omnia
670 1077 744 1130 sunt
762 1076 871 1131 contre
887 1069 1081 1151 Scripturam
1100 1088 1137 1132 ac
1154 1088 1201 1131 ra-
1255 1071 1362 1151 ginem
1383 1070 1555 1152 gloriosam
1577 1091 1649 1133 cum
1672 1092 1771 1154 puero
1792 1080 1933 1153 concepto
1949 1072 1974 1134 in

453 1164 584 1229 tionem.
1255 1169 1359 1231 locum
1389 1168 1552 1251 aufugisse
1580 1180 1736 1233 remotum
1762 1194 1769 1231 ε
1793 1170 1866 1247 imo,
1890 1171 1974 1233 sciens

492 1261 573 1325 Alibi
589 1263 676 1341 dicit,
689 1264 772 1345 quod
788 1265 890 1348 Moyse
905 1266 1097 1328 ascendente
1112 1285 1201 1329 mon·
1256 1286 1289 1330 se
1308 1267 1396 1329 salvo
1416 1267 1604 1349 virginitatis
1626 1268 1792 1350 signaculo
1811 1269 1861 1331 llei
1881 1268 1974 1330 filiun

442 1370 518 1449 'tem
534 1361 630 1439 Sinai,
647 1382 739 1425 mons
756 1363 823 1445 ipse
840 1363 872 1425 in
889 1365 1053 1445 pulverem
1070 1365 1201 1427 commi·
1256 1366 1538 1448 supernaturaliter
1573 1369 1770 1449 concepisse,
1800 1368 1976 1429 securissima

454 1469 550 1523 nutus
575 1469 633 1539 est,
660 1470 692 1523 et
715 1463 799 1542 quod
825 1462 944 1544 Moyses
971 1463 1086 1526 cecidit
1109 1463 1200 1544 quasi
1255 1464 1327 1527 fuit.
1358 1465 1540 1527 flendosum
1572 1474 1621 1527 est
1652 1465 1728 1528 item
1761 1467 1845 1547 quod
1876 1466 1976 1547 peperit

454 1566 608 1639 mortuus,
639 1567 670 1620 et
693 1568 820 1623 curatus
850 1560 999 1624 clamavit
1022 1584 1028 1621 :
1053 1561 1076 1624 0
1105 1562 1198 1642 Deus,
1255 1562 1343 1643 juxta
1361 1563 1513 1645 palmam,
1530 1564 1648 1643 sedtut
1669 1573 1799 1627 sanctus
1820 1564 1976 1627 recitathu-

453 1675 512 1738 ego
534 1676 604 1718 sum
626 1657 748 1739 primus
770 1659 965 1721 credentium
987 1659 1020 1721 iu
1042 1668 1083 1722 te.
1255 1680 1309 1723 cas
1324 1660 1532 1742 evangelista)
1545 1662 1577 1722 in
1592 1662 1769 1725 diversorio
1784 1662 1898 1745 peperit
1910 1662 2061 1728 Chri-mla.

492 1755 635 1838 lusuper,
663 1757 696 1817 in
721 1757 869 1838 capitulis
893 1758 925 1819 in
950 1758 1065 1839 quihus
1095 1758 1201 1839 aliqua
1256 1766 1338 1821 stum
1355 1758 1387 1820 in
1403 1759 1509 1821 medio
1524 1759 1637 1839 noctis,
1649 1760 1804 1822 exsistens
1819 1760 1850 1821 iu
1863 1768 1978 1821 contem
2092 1835 2093 1840 ἵ

452 1872 527 1915 vera
550 1872 589 1915 ex
614 1854 779 1935 scripturis
797 1855 871 1919 novi
896 1875 933 1917 ac
954 1856 1067 1918 veteris
1089 1856 1200 1918 recitat
1218 1857 1242 1919 B
1257 1858 1395 1939 piatione
1411 1857 1576 1921 altissima.
1593 1858 1713 1919 Rursus
1734 1858 1927 1920 falsissimum
1939 1865 1977 1918 est
2092 1861 2093 1926 j

451 1952 657 2031 Testamenti,
684 1953 783 2015 multa
810 1953 955 2017 fabulosa
983 1962 1014 2017 et
1038 1955 1119 2016 falsa
1148 1956 1201 2016 ad·
1255 1956 1339 2037 quod
1363 1955 1602 2019 sordidissimus
1627 1956 1741 2019 llabon
1765 1955 1977 2033 1111111111-

451 2050 575 2114 miscet.
599 2050 786 2114 Descrihans
811 2052 958 2133 equidem
982 2053 1097 2115 Christi
1120 2053 1201 2114 nati·
1254 2054 1382 2136 gineum
1399 2054 1486 2116 illurn
1502 2062 1626 2135 partum
1638 2055 1836 2137 precessisse
1849 2053 1975 2116 menstmi
2092 2089 2093 2124 p

452 2148 582 2213 vitatem
601 2170 639 2212 ex
656 2149 784 2232 Virgine
804 2150 959 2214 vicesimo
977 2160 1089 2214 octavo
1109 2152 1201 2214 Alco·
1256 2153 1458 2216 stillationem
1477 2176 1484 2215 :
1501 2153 1577 2233 imo,
1593 2154 1675 2216 sicut
1689 2172 1727 2215 ex
1742 2154 1912 2235 purissimis
1925 2152 1978 2212 lir-

453 2249 521 2310 rani
548 2248 699 2331 capitulo,
717 2249 799 2312 inter
823 2258 927 2311 cetera
951 2250 1093 2312 ait:llla
1111 2252 1201 2332 (puta
1255 2251 1340 2333 ginis
1369 2260 1486 2314 sanctae
1514 2251 1724 2333 sanguinibus
1756 2250 1917 2314 formatum
1939 2259 1977 2311 cst

452 2346 560 2425 liaria)
581 2346 795 2428 impraegnata,
813 2367 886 2410 cum
908 2366 946 2410 eo
960 2348 1035 2427 (boc
1057 2358 1105 2410 est
1127 2368 1199 2411 cum
1256 2369 1371 2432 corpus
1390 2350 1515 2429 Christi,
1532 2350 1579 2412 sic
1599 2359 1630 2413 et
1649 2358 1754 2412 cetera
1773 2350 1805 2411 in
1825 2350 1890 2431 ejus
1903 2358 1976 2429 partu

453 2463 552 2527 puero
574 2450 741 2527 concepto)
757 2446 788 2507 in
809 2447 913 2509 locum
935 2456 1090 2510 remotum
1110 2446 1202 2510 aufu-
1256 2448 1386 2511 fuerunt
1413 2448 1636 2525 mundissima,
1665 2457 1760 2529 atque
1793 2446 1978 2529 omnipotenti

452 2542 652 2624 git.'landem
674 2553 836 2607 menstruo
856 2554 980 2626 partum
1003 2548 1200 2627 precedente
1257 2547 1311 2609 Dei
1334 2533 1450 2609 virtute
1471 2548 1502 2608 in
1525 2546 1656 2609 instanti
1678 2555 1771 2608 natus
1791 2556 1840 2609 est
1859 2543 1977 2607 Christus

452 2640 637 2719 distillante,
654 2659 753 2722 quum
775 2641 865 2723 juxta
889 2643 1026 2725 palmam
1048 2644 1201 2705 consiste
1257 2647 1296 2708 de
1324 2645 1486 2723 inviolata,
1514 2645 1719 2726 integerrima
1749 2644 1874 2725 Virgine
1895 2668 1901 2704 :
1921 2661 1976 2722 qua

453 2748 511 2819 ret,
528 2739 629 2801 dixit:
647 2740 771 2803 Utinam
786 2742 878 2803 morti
901 2742 1116 2823 oblivionique
1131 2761 1202 2804 suc·
1257 2743 1409 2826 pariendo
1424 2762 1488 2805 non
1505 2742 1565 2804 fuit
1579 2742 1742 2805 debilitata
1763 2762 1822 2805 uec
1837 2740 1977 2805 contrista-

451 2836 633 2900 cubuissem
649 2838 723 2917 (boc
739 2848 796 2916 est,
814 2840 933 2902 utinam
954 2850 1077 2903 mortua
1097 2860 1200 2903 essem
1255 2850 1297 2920 ta,
1316 2839 1436 2903 idcirco
1458 2860 1517 2902 nec
1541 2839 1660 2902 refecta
1681 2839 1788 2901 fructu
1808 2840 1912 2921 palme
1931 2854 1977 2917 pru

451 2936 667 3017 oblivionique
693 2937 819 3015 tradita)
841 2946 1011 3019 antequam
1036 2939 1096 3001 hoc
1122 2939 1199 3000 mihi
1256 2959 1313 3001 sua
1328 2938 1641 3015 confortatione,nec
1656 2935 1977 3000 consolataafrliosuo

451 3033 646 3114 contigisset.
664 3034 806 3097 Christus
831 3044 935 3098 autem
961 3036 1071 3099 subtus
1097 3056 1201 3118 egres·
1217 3038 1239 3102 C
1257 3058 1313 3120 pro
1338 3058 1402 3100 suae
1426 3038 1561 3100 tristitiae
1585 3038 1780 3119 expulsione.
1804 3037 1865 3100 Nec
1887 3052 1977 3099 rerum

451 3154 504 3196 sus
525 3143 588 3212 est3
606 3134 770 3216 ipsamque
796 3136 963 3198 consolans
980 3160 986 3198 :
1005 3137 1049 3199 Ne
1074 3139 1198 3215 timeas,
1256 3145 1303 3199 est
1330 3136 1414 3216 quod
1443 3135 1570 3198 Mariam
1598 3155 1671 3198 cum
1696 3155 1795 3216 puero
1823 3135 1977 3198 venientem

452 3232 652 3314 inquit;ego
678 3234 764 3296 enim
788 3235 841 3297 hic
865 3243 968 3297 tecum
991 3235 1201 3299 assideohe
1256 3235 1353 3315 aliqui
1386 3242 1534 3315 tanquam
1571 3233 1781 3314 peccatricem
1816 3253 1869 3296 seu
1897 3228 1978 3293 forni-

452 3331 562 3414 inceps
591 3332 673 3394 [leus
702 3352 771 3395 earn
801 3333 967 3412 allocutuS,
999 3333 1139 3415 injunxit
1167 3343 1201 3396 11
1256 3333 1406 3395 catricem
1432 3341 1487 3393 aut
1510 3332 1685 3395 adulteram
1714 3329 1976 3414 reprehendebant,
2093 3352 2094 3427 p

453 3431 590 3512 palmam
615 3438 785 3509 excuteret,
813 3441 907 3514 atque
932 3433 970 3494 de
995 3432 1066 3514 ejus
1090 3433 1200 3495 fructi·
1256 3450 1354 3512 quum
1379 3430 1498 3492 scireut
1517 3449 1588 3492 eam
1609 3429 1712 3492 virum
1734 3427 1909 3509 habere,da
1928 3441 1978 3504 quo
2093 3500 2094 3505 ἵ

452 3527 511 3590 bus
543 3528 761 3591 decidentibus
795 3539 975 3593 vesceretur
1005 3550 1042 3593 ac
1073 3531 1200 3594 robora·
1255 3548 1324 3590 earn
1346 3529 1533 3610 concepisse
1555 3529 1719 3610 putabant.
1736 3527 1814 3590 Aliae
1832 3521 1978 3590 111111111-

415 3697 419 3704 ,
453 3634 549 3688 retur.
573 3627 648 3688 Eam
675 3627 838 3709 deinceps¹
851 3627 1040 3691 afferentem
1065 3649 1198 3710 puerum
1255 3627 1362 3689 sitates
1377 3627 1410 3689 in
1426 3626 1584 3708 praetactis
1598 3626 1710 3688 llahon
1725 3625 1831 3688 verbis
1844 3630 1978 3688 11111111

451 3724 655 3788 mediocriter
680 3725 897 3808 increpabant,
915 3727 1050 3789 diceudo
1068 3727 1115 3790 :0
1139 3728 1200 3788 lla·
1255 3735 1330 3788 sunt
1346 3749 1353 3786 ε
1372 3733 1406 3787 11
1430 3725 1514 3805 quod
1538 3723 1633 3786 lfaria
1658 3724 1811 3786 innuebat
1834 3717 1978 3804 quarenti-

451 3822 508 3903 ria‚
526 3843 623 3904 quum
641 3824 748 3886 nullus
769 3834 934 3905 parentum
955 3834 1080 3888 tuorum
1097 3826 1199 3888 malus
1255 3825 1314 3886 bus
1330 3843 1375 3900 se,
1392 3831 1549 3904 quatenus
1564 3841 1698 3904 puerum
1715 3821 1942 3902 interrogarent,
1953 3823 1979 3877 et

450 3922 616 4001 exstiterit,
628 3941 685 3985 cur
700 3943 766 3986 rem
782 3931 846 3985 tam
861 3924 976 3986 malam
993 3925 1198 4005 perpetrastil
1255 3922 1338 4004 quod
1361 3941 1441 4003 puer
1461 3921 1524 3983 illis
1546 3921 1718 4003 respondit.

448 4020 505 4082 llla
528 4041 602 4084 vero
623 4041 756 4104 puerum
779 4022 960 4098 ostendens,
978 4031 1012 4083 ut
1031 4042 1105 4084 eum
1125 4023 1199 4085 inde
1294 4021 1436 4102 lusuper,
1453 4020 1564 4082 llahon
1585 4019 1722 4082 recitans
1740 4019 1893 4081 Christum
1911 4032 1979 4076 mor·

450 4119 658 4181 convenirent
678 4119 778 4201 signis
801 4120 962 4181 innuebat.
985 4120 1104 4194 Ouibus
1124 4139 1200 4200 qua·
1255 4128 1325 4182 tuos
1344 4119 1524 4195 suscitasse,
1541 4137 1578 4180 ac
1599 4118 1661 4179 alia
1682 4117 1829 4198 superius
1849 4111 2043 4178 1111111111.

450 4217 523 4278 liter
550 4217 743 4280 infantulum
774 4218 1010 4280 sciscitarentur
1033 4219 1199 4299 quaerenti-
1214 4221 1239 4281 l)
1254 4219 1336 4281 cisse
1351 4217 1515 4293 miracula,
1532 4235 1605 4278 mox
1618 4214 1766 4297 adjungit
1786 4212 1976 4286 mendacium,

452 4315 522 4389 bus,
553 4315 729 4378 infantulus
759 4317 846 4397 prius
879 4317 984 4397 erupit
1011 4317 1044 4377 in
1073 4336 1197 4396 vocem,
1253 4316 1363 4378 dicens
1378 4335 1449 4377 eum
1466 4335 1503 4376 cx
1519 4315 1585 4376 luto
1600 4314 1755 4376 formasse
1774 4309 1978 4376 similitudines

451 4412 560 4475 dicens
577 4436 584 4475 ε
601 4414 666 4496 Ego
692 4434 762 4475 sum
787 4415 841 4477 Dei
868 4415 1023 4494 minister,
1040 4415 1094 4495 qui
1119 4415 1198 4476 mihi
1253 4415 1372 4493 avium,
1389 4414 1517 4494 illisque
1540 4411 1736 4492 insufflasse,
1757 4413 1801 4474 ita
1824 4410 1902 4492 quod
1924 4405 1979 4468 ani-

452 4511 569 4573 librum
585 4512 739 4592 tribuens,
757 4533 807 4575 me
823 4515 1008 4595 prophetam
1024 4514 1195 4576 constituit.
1254 4523 1345 4575 matra
1366 4531 1437 4575 mox
1459 4511 1678 4574 avolaverunt.

450 4611 514 4673 Hoc
543 4619 591 4673 est
618 4611 656 4672 de
685 4611 819 4689 Christo,
839 4612 940 4674 llariae
968 4611 1046 4689 filio,
1065 4612 1197 4674 verbum
1293 4612 1506 4674 Sannncnnus.
1519 4645 1560 4654 -
1574 4609 1726 4672 Ultimum
1741 4609 1825 4672 istud
1839 4603 1978 4669 doarium

450 4727 555 4771 verax.
582 4709 653 4772 llaec
680 4709 736 4771 ibi.
762 4747 802 4756 -
826 4691 871 4773 dd
899 4729 970 4791 quaa
998 4709 1080 4788 dico,
1112 4711 1197 4791 quod
1252 4709 1471 4792 productione,
1490 4725 1554 4770 non
1574 4707 1701 4769 videtur
1715 4707 1830 4769 Christi
1849 4699 1978 4788 potentie

449 4815 549 4870 toturn
570 4806 654 4869 istud
675 4816 722 4870 est
742 4809 829 4870 omni
849 4808 1010 4891 impietate
1034 4817 1128 4889 atque
1151 4828 1198 4870 sa·
1252 4810 1431 4890 derogasse.

449 4907 569 4988 crilega
597 4906 733 4969 falsitate
760 4908 926 4988 repletum.
950 4907 986 4968 Et
1008 4927 1065 4970 cur
1091 4915 1135 4984 tu,
1153 4907 1198 4969 vi·
1291 4907 1509 4969 Cunrsrmrrus.
1525 4905 1748 4986 —Sapientiae
1772 4903 1883 4968 Christi
1904 4900 1979 4962 dero

448 5004 618 5067 tiosissime
633 5023 669 5066 ac
686 5003 907 5067 infelicissime
923 5006 1198 5087 llahon,llvange-
1251 5012 1355 5087 gasset
1369 5005 1445 5067 talia
1464 5003 1602 5082 curiosa,
1619 5004 1745 5066 inutilia
1764 4996 1980 5086 autsuperflua

449 5104 527 5166 lium
553 5103 794 5180 commendasti,
810 5104 863 5185 qui
883 5104 1001 5184 ubique
1024 5103 1198 5185 Evangelio
1252 5103 1368 5166 facere.

450 5201 664 5264 contradicisf
680 5199 819 5263 Dicimus
834 5220 919 5283 ergo,
936 5203 1020 5282 quod
1037 5202 1120 5264 sicut
1135 5202 1198 5264 ele·
1292 5203 1506 5264 Snnnncanus.
1523 5237 1563 5247 —
1577 5199 1732 5263 Recitatio
1752 5200 1808 5262 illa
1827 5201 1865 5261 de
1886 5190 1979 5259 formi-

450 5301 593 5364 etissima
615 5299 707 5381 l'irgo
733 5299 889 5362 Christum
914 5300 982 5362 sine
1008 5299 1142 5363 libidine
1166 5309 1198 5364 et
1252 5301 1300 5364 cis
1324 5309 1356 5362 et
1379 5319 1496 5384 upupa,
1523 5298 1626 5382 potuit
1649 5297 1688 5361 ab
1712 5298 1835 5361 aemulis
1857 5289 1978 5358 veritatis
