4309 6250
496 526 615 576 nomm
635 526 805 574 rmrrnrau
825 524 998 582 unacum,
1020 525 1109 572 arnan
1130 525 1149 570 ι.
1173 541 1213 554 -
1234 527 1304 574 aar.
1327 527 1379 574 xri
1656 503 1717 570 265

165 704 223 760 sto.
240 696 303 760 Sed
325 696 359 759 in
382 696 434 759 his
458 695 640 760 acutissime
663 715 700 758 ac
725 693 912 758 fidelissime
927 691 953 756 A
1009 695 1163 776 lienique,
1179 695 1325 778 qtiamvis
1339 695 1469 760 dileetio
1483 695 1538 761 liei
1554 695 1587 758 in
1603 703 1718 760 semet-

165 803 211 858 est
225 797 426 878 peumndum
440 795 516 877 quid
531 803 662 877 propter
678 793 756 876 quid
777 792 911 872 dicatur,
968 792 1038 874 ipso
1052 793 1094 856 sit
1108 813 1171 856 una
1185 802 1217 857 et
1232 793 1378 877 simplex,
1394 793 1496 858 nihilo
1511 795 1617 856 minus
1639 793 1718 856 dici·

165 901 296 976 propter
314 893 554 957 distinctionem
581 892 799 957 inviolabilem
822 898 913 954 natu·
967 898 1020 954 tur
1037 891 1120 954 heus
1140 891 1212 973 plus
1231 911 1337 954 amare
1362 911 1461 955 unum
1484 910 1581 973 quam
1604 892 1715 970 alium,

165 1011 283 1056 rarum.
300 992 443 1056 Dicimus
461 993 581 1074 quippe
605 992 705 1054 licum
727 1010 766 1054 ex
788 989 913 1072 virgine
968 987 1001 1049 in
1029 997 1185 1069 quantum
1214 989 1282 1052 vult
1310 997 1342 1052 et
1371 997 1498 1070 praestat
1525 989 1583 1053 uni
1612 990 1717 1071 majus

165 1099 286 1168 natum,
303 1091 387 1154 inter
399 1091 548 1154 homines
561 1099 796 1167 conversatum,
809 1107 915 1152 come·
968 1085 1088 1149 bonum
1104 1105 1197 1168 quam
1221 1087 1322 1150 alteri.
1339 1087 1378 1150 lit
1397 1088 1549 1169 quoniam
1571 1087 1718 1150 humani-

165 1189 262 1266 disse,
288 1188 420 1267 bibisse,
446 1197 587 1270 captum,
612 1207 742 1271 passum
765 1207 803 1250 ac
831 1205 914 1250 mor·
968 1185 1024 1246 tati
1045 1203 1110 1248 suae
1129 1184 1263 1249 contulit
1285 1193 1317 1248 et
1337 1187 1586 1250 communicavit
1605 1185 1719 1269 Unige-

165 1295 266 1349 tuum.
283 1287 401 1350 lterum
415 1287 554 1350 dicimus
569 1286 728 1350 Christum
749 1285 913 1348 bominem
969 1282 1056 1346 nitus
1069 1283 1135 1362 Dei,
1153 1303 1246 1346 verus
1261 1283 1355 1362 Deus,
1371 1284 1537 1366 proprium
1556 1303 1626 1348 esse
1647 1303 1719 1367 per-

165 1403 235 1446 esse
254 1384 387 1448 unicum
402 1385 457 1448 liei
473 1383 599 1461 Filium,
615 1402 653 1447 ex
673 1383 764 1446 Patre
784 1391 915 1446 aeterna-
969 1380 1078 1444 sonale
1107 1381 1296 1461 increatum,
1322 1381 1527 1460 immensum,
1557 1383 1641 1464 quod
1671 1381 1719 1444 in-

165 1482 238 1546 liter
258 1483 619 1564 natum,universorum
638 1488 825 1559 creatorem,
847 1499 915 1543 om·
968 1477 1071 1542 finite
1108 1479 1273 1562 dignitatis
1311 1489 1380 1560 est;
1415 1479 1492 1544 hinc
1530 1480 1718 1544 lidelissirne

164 1582 378 1662 uipotentem,
393 1581 599 1643 immensum.
615 1579 758 1642 Christus
776 1595 914 1660 namque
969 1575 1130 1639 credimus
1140 1586 1235 1660 atque
1247 1577 1413 1640 verissime
1426 1579 1718 1662 profitemur,quod

164 1678 319 1761 supponit
339 1679 513 1742 increatum
533 1696 713 1761 personam.
730 1675 836 1740 Nihilo
857 1675 915 1738 mi·
968 1673 1129 1738 Christum
1145 1675 1319 1755 hominem,
1333 1677 1396 1740 imo
1411 1676 1524 1739 Christi
1539 1677 1719 1740 humanita-

164 1798 226 1840 nus
239 1777 343 1840 deitas
364 1794 493 1858 prorsus
511 1775 720 1853 invariabilis,
737 1773 916 1856 impassibi·
970 1780 1045 1852 tem,
1068 1773 1150 1836 Deus
1173 1773 1386 1855 omnipotens,
1410 1774 1567 1857 gloriosus
1591 1783 1622 1838 et
1645 1775 1720 1838 ado-

164 1876 213 1954 lis,
232 1874 437 1938 ininitiabilis
457 1874 647 1938 eternaliter
667 1881 859 1956 perseverat.
928 1871 1087 1935 brandus
1103 1871 1174 1952 plus
1193 1871 1296 1954 diligit
1315 1891 1410 1953 quam
1433 1881 1534 1936 totum
1557 1872 1718 1936 residuum

201 1973 349 2055 insuper,
365 1971 516 2053 quoniam
531 1971 631 2034 multo
645 1971 718 2053 plus
738 1979 787 2033 est
804 1971 915 2033 huma·
969 1977 1186 2030 creaturarum
1202 1969 1297 2033 simul
1313 1977 1492 2051 acceptum,
1508 1970 1568 2034 hoc
1584 1979 1632 2034 est
1652 1989 1720 2033 ma·

163 2071 299 2134 nitatem
318 2069 434 2133 Christi
454 2069 557 2133 Verbo
575 2077 694 2132 {ewrno
717 2067 915 2150 hypostatice
969 2066 1017 2146 gis
1031 2084 1127 2147 quam
1144 2075 1247 2130 cetero
1263 2076 1378 2131 cuneta
1393 2077 1509 2147 creata,
1525 2068 1667 2132 visibilia
1688 2078 1720 2134 et

163 2189 233 2232 esse
248 2169 386 2245 unitam,
402 2185 498 2249 quem
520 2167 584 2230 lieo
605 2167 754 2229 beatilice
771 2164 845 2245 frui,
861 2173 916 2228 aut
969 2163 1158 2243 invisibilia,
1188 2165 1417 2229 intellectualia
1445 2175 1476 2229 et
1504 2186 1569 2230 uon
1597 2167 1721 2230 intelle-

163 2269 315 2331 increatae
334 2265 465 2328 Veriteti
484 2266 524 2328 ad
543 2264 825 2348 contemplandum
844 2283 915 2326 earn
970 2261 1099 2326 ctualia.
1117 2263 1203 2325 Unde
1228 2271 1260 2326 et
1283 2264 1390 2326 anima
1409 2264 1521 2328 Christi
1548 2265 1720 2329 ineffabili-

164 2385 220 2448 per
245 2365 388 2447 speeiem
412 2361 527 2445 jungi3
544 2363 663 2426 idcirco
686 2363 824 2426 latemur
846 2363 916 2425 ani·
970 2369 1019 2423 ter
1039 2360 1157 2424 clarius
1178 2369 1273 2442 atque
1291 2362 1465 2444 jucundius
1486 2364 1721 2446 contemplatur

163 2483 248 2526 mam
272 2461 390 2526 Christi
413 2481 431 2524 a
455 2461 559 2542 primo
584 2479 648 2524 suaa
672 2461 843 2524 creationis
867 2460 916 2521 in·
970 2459 1284 2541 superbeatissimam
1304 2459 1502 2542 Trinitatem,
1520 2461 1722 2543 simplicissi-

162 2561 259 2623 stanti
277 2559 377 2623 inisse
392 2577 467 2622 vere
481 2559 605 2622 matam
626 2558 790 2621 essentiali
812 2558 916 2622 leliei-
970 2576 1055 2619 mam
1078 2556 1242 2634 Deitatem,
1260 2575 1355 2638 quam
1381 2558 1576 2640 quicumque
1600 2561 1722 2642 angeli-

161 2667 238 2736 tate,
255 2657 408 2721 videlicet
430 2655 495 2720 Deo
519 2655 669 2719 beatifice
691 2656 849 2737 junctam,
872 2656 915 2718 ita
970 2673 1027 2718 cus
1042 2654 1186 2736 spiritus,
1203 2655 1299 2718 etiam
1314 2656 1354 2718 de
1369 2675 1518 2740 supremo
1533 2659 1718 2740 angelorum

160 2758 248 2838 quod
263 2763 394 2819 extunc
409 2763 473 2818 tarn
492 2755 579 2818 clare
600 2773 658 2836 per
678 2754 819 2837 speciem
841 2773 916 2818 con·
971 2753 1069 2817 choro
1085 2753 1274 2817 consistens.
1291 2754 1378 2818 Hanc
1394 2755 1642 2819 sacratissimam
1663 2758 1722 2820 mi-

160 2857 317 2938 templata
344 2861 393 2916 est
419 2855 530 2934 Deum
559 2859 688 2934 tamque
716 2852 856 2935 perlecta
884 2861 915 2916 et
971 2851 1091 2914 litantis
1109 2851 1258 2914 Ecclesia
1281 2851 1391 2932 fidem,
1408 2853 1491 2916 lleus
1512 2854 1723 2918 essentialiter

159 2954 304 3038 gloriose
318 2951 437 3014 exstitit
452 2952 562 3013 iruens
577 2951 641 3012 lieo
662 2959 696 3012 ut
717 2952 824 3028 modo,
840 2950 916 3013 luit·
969 2968 1065 3012 verus
1084 2957 1117 3011 et
1135 2949 1262 3028 veritas,
1280 2949 1568 3014 innumerabilibus
1586 2952 1723 3016 miracu·

159 3072 223 3135 que
239 3049 461 3114 indesinenter
476 3049 508 3110 iu
523 3047 679 3111 beatificae
699 3049 816 3129 gaudio
836 3047 915 3111 irui-
933 3051 955 3113 C
971 3048 1075 3111 lorum
1091 3065 1219 3110 suorum
1235 3049 1490 3112 attestationibus
1504 3057 1598 3132 atque
1610 3051 1722 3114 erube

161 3152 274 3229 tionis,
290 3158 445 3232 quantum
463 3148 503 3211 ed
527 3149 612 3210 vires
636 3167 709 3210 suas
734 3149 915 3230 superiores
972 3146 1163 3209 cautissimis
1178 3146 1351 3227 gratiarum
1367 3166 1495 3210 suarum
1508 3148 1721 3214 effusionibus

161 3252 201 3314 ad
218 3250 398 3314 increatum
412 3246 574 3327 objectum
590 3245 717 3309 relatas.
734 3246 813 3308 ilinc
827 3246 915 3309 Chri·
972 3244 1145 3321 roboravit,
1161 3243 1304 3325 quotidie
1326 3263 1454 3328 quoque
1477 3246 1658 3310 confirmat.

162 3360 232 3414 stus
257 3350 294 3411 in
313 3347 432 3410 mundo
456 3346 518 3409 isto
543 3364 748 3425 conversans,
765 3363 829 3408 uon
855 3346 916 3408 luit

161 3466 265 3530 purus
294 3446 406 3524 viator,
430 3444 487 3507 sed
514 3442 802 3506 excellentissimus
829 3461 917 3505 com-

161 3546 354 3627 prehensor,
369 3550 522 3623 quantum
544 3541 583 3604 ad
606 3540 786 3622 superiores
800 3544 850 3620 (ut
870 3548 916 3603 ta-
1168 3534 1413 3601 ARTICULUS
1433 3537 1524 3601 XVI.

162 3651 252 3706 ctum
279 3643 342 3720 est)
366 3659 430 3703 suta
452 3639 568 3703 animae
592 3639 687 3701 vires.
714 3638 785 3701 Fuit
809 3648 915 3702 autem

195 3741 202 3755 ,
421 3738 427 3751 .
572 3737 579 3749 .
691 3735 697 3749 .
725 3736 755 3749 ..
973 3684 1066 3750 Quod
1081 3686 1194 3741 nullus
1212 3684 1339 3741 salvari
1354 3692 1458 3758 potest
1478 3686 1547 3744 nisi
1563 3689 1724 3747 credendo

161 3742 274 3821 aliquo
290 3738 384 3801 modo
397 3745 511 3817 viator,
525 3755 600 3818 quta
615 3736 786 3818 passibilis,
802 3745 834 3798 et
847 3756 916 3799 cor·

617 3834 623 3846 ,
1013 3772 1049 3830 in
1065 3771 1245 3839 Christum,
1260 3780 1291 3829 et
1305 3775 1525 3848 etrunqeliccm
1543 3778 1643 3851 legem
1658 3796 1723 3834 ser-

161 3858 223 3922 pus
249 3834 917 3917 ¹1¹01'ifll0ssflfflssssflssssldffllialellusslllae'
1013 3862 1120 3919 ccmdo
1142 3880 1153 3919 .·
1177 3861 1240 3919 imo
1262 3863 1349 3939 quod
1372 3881 1541 3941 nunquam
1564 3865 1638 3941 quis
1661 3868 1724 3923 sul-

161 3936 267 3999 mium
289 3936 431 3998 nondum
449 3933 764 4014 h8b0118‚q¹¹0⁰⁵q⁰0
790 3952 848 4015 Ρθῐ·
869 3953 917 3995 rv-
1013 3950 1090 4007 cari
1105 3950 1215 4024 potuit
1240 3950 1308 4007 nisi
1330 3952 1426 4025 fidem
1454 3954 1494 4010 de
1518 3953 1647 4012 Christo
1670 3954 1724 4013 lra-

160 4032 399 4097 surrectionem
433 4050 524 4093 suam
559 4039 592 4093 et
626 4030 846 4093 ascensionem
883 4030 915 4094 in
1012 4040 1115 4097 tendo
1129 4038 1297 4113 explicite,
1313 4041 1363 4096 vet
1377 4042 1490 4099 saltem
1507 4042 1674 4117 implicite.

160 4135 285 4196 coelum
306 4130 506 4213 glorificatus
527 4137 586 4192 est.

202 4233 244 4293 ht
259 4248 348 4308 vero,
364 4228 518 4310 quianon
537 4227 646 4290 decuit
667 4227 839 4290 humanam
861 4232 957 4293 ua-l)
1039 4226 1065 4289 x
1094 4225 1278 4308 praehabitis
1311 4226 1493 4306 innotescit,
1523 4228 1607 4307 quod
1641 4231 1722 4293 sicut
1751 4265 1819 4294 ιω

159 4338 270 4391 turam
295 4347 314 4389 a
338 4326 442 4390 Verbo
464 4334 583 4389 eterno
607 4325 726 4388 assumi
754 4324 816 4387 nisi
847 4324 917 4407 pul·
1052 4324 1175 4405 primus
1191 4324 1322 4387 humani
1338 4324 1464 4405 generis
1480 4344 1607 4407 parens,
1621 4336 1722 4408 proto
1736 4328 1780 4358 ¹¹'·

160 4427 372 4504 cherrimam,
395 4426 428 4487 id
452 4434 501 4487 est
523 4424 779 4501 sanctissimam,
795 4424 915 4486 idcirce
971 4422 1093 4503 plastus
1121 4423 1229 4502 homo,
1257 4442 1313 4485 sua
1339 4422 1442 4504 prima
1469 4426 1721 4506 transgressione

159 4527 280 4589 emam
314 4523 445 4586 instanti
474 4540 539 4604 quo
566 4522 695 4585 condite
723 4520 784 4583 luit
810 4522 915 4583 anima
972 4529 1117 4582 naturam
1140 4520 1324 4599 humanam,
1345 4539 1415 4601 quae
1429 4520 1462 4582 in
1480 4521 1549 4603 ipso
1572 4531 1720 4604 tanquam

158 4623 293 4701 Christi,
309 4620 371 4683 luit
384 4620 526 4685 omnium
542 4620 723 4682 divinorum
743 4619 916 4682 charisma·
971 4618 1004 4680 in
1021 4618 1126 4682 radice
1141 4627 1174 4681 et
1187 4619 1275 4681 lente
1296 4618 1368 4696 luit,
1385 4620 1533 4701 originali
1556 4622 1653 4703 culpa
1674 4623 1721 4684 in-

158 4732 231 4785 tum
257 4720 421 4784 habitibus
444 4716 709 4781 excellentissime
734 4727 913 4799 perornata,
971 4717 1068 4795 lecit;
1085 4717 1131 4779 sic
1146 4718 1227 4779 Deus
1243 4718 1368 4797 pietatis
1384 4717 1548 4781 immense
1563 4740 1620 4801 per
1635 4720 1721 4783 Chri-

157 4820 253 4884 omni
270 4817 421 4881 videlicet
435 4817 519 4879 dono
533 4816 670 4898 Spiritus
691 4816 811 4893 Sancti,
826 4817 914 4879 omni
971 4825 1054 4878 stum
1085 4824 1184 4878 totum
1213 4834 1313 4896 genus
1342 4816 1517 4879 humanum
1547 4818 1720 4882 reformare

157 4920 285 4981 virtute
298 4914 420 4979 nullam
434 4914 712 4996 imperiectionem
733 4914 767 4975 in
788 4934 846 4977 sua
868 4933 916 4976 ra·
970 4922 1064 4994 atque
1086 4913 1209 4976 salvare
1230 4912 1383 4975 decrevit.
1400 4912 1472 4976 ldeo
1497 4916 1535 4977 ad
1562 4916 1720 4979 Romanos

156 5018 252 5080 tione
277 5014 474 5089 includente,
498 5012 587 5076 omui
615 5012 781 5095 sapientia,
807 5012 914 5075 fructu
970 5010 1083 5074 scribit
1101 5010 1270 5091 Apostolus
1288 5033 1295 5071 ε
1313 5010 1401 5073 Sicut
1426 5030 1483 5092 per
1502 5012 1597 5075 unius
1617 5013 1719 5075 homi·
1735 5033 1867 5084 neaera.

155 5126 189 5179 et
205 5112 408 5178 beatimdine
425 5130 496 5174 eam
515 5112 659 5187 decente,
675 5118 823 5192 tuumque
844 5129 915 5192 gra·
970 5107 1021 5170 nis
1051 5108 1302 5172 inobedientiam
1334 5118 1518 5190 peccatores
1554 5113 1717 5173 constituti

155 5215 202 5276 tia
224 5211 316 5293 quod
334 5218 401 5275 tota
418 5208 579 5290 capacitas
602 5208 674 5290 ejus
698 5207 761 5270 luit
782 5208 914 5271 omnino
969 5214 1044 5269 sunt
1068 5206 1172 5284 multi,
1189 5206 1235 5269 sic
1257 5214 1288 5268 et
1309 5226 1366 5287 per
1387 5206 1482 5269 unius
1503 5208 1717 5272 obedientiam

155 5310 297 5394 repleta.
969 5303 1046 5387 justi
1076 5304 1312 5369 constituentur
1340 5304 1443 5369 multi.
1470 5305 1612 5369 Christus
1640 5326 1716 5391 ergo
