4309 6250
444 483 503 550 324
755 498 875 550 semna
894 497 1064 548 ιιιιιιιιιιι
1083 497 1256 565 annonam,
1277 496 1366 547 anan
1385 497 1419 568 ιι.
1442 516 1483 532 -
1502 499 1575 548 aar.
1596 499 1683 548 xxrn

444 675 477 733 ei
495 673 642 749 plurimi
658 674 947 744 contradicerent,
963 673 1059 753 quasi
1079 675 1193 732 mutto·
1209 673 1233 734 Α
1249 678 1331 734 stare
1359 689 1423 734 non
1453 677 1598 753 poterant
1622 687 1730 734 coram
1758 670 1873 754 Moyse,
1901 677 1938 733 nt
1964 669 1994 733 in

445 793 522 834 rum
536 775 672 832 deorum
684 776 825 833 cultores
839 791 852 832 .·
866 791 945 851 quos
966 773 1089 832 idcirco
1107 774 1195 832 Deus
1247 768 1353 832 Exodo
1382 769 1527 832 hahetur.
1557 768 1639 850 Ergo
1667 775 1743 832 tunc
1777 788 1879 851 usque
1912 769 1995 850 magi

444 871 629 932 submersit.
648 868 736 932 Istud
761 877 844 932 stare
869 887 934 932 non
959 875 1071 951 potest.
1094 867 1195 931 ldolo-
1248 866 1417 931 Pharaonis
1432 867 1467 929 in
1481 887 1539 930 aua
1558 866 1781 932 incredulitate
1795 874 1992 946 manserunt,

325 983 430 1040 amm,
445 966 536 1030 latria
550 987 689 1050 namque
707 967 741 1029 in
756 967 860 1050 prima
880 967 989 1030 mundi
1004 975 1106 1044 mute,
1124 985 1194 1049 quaa
1248 984 1307 1028 nec
1323 965 1462 1047 insigne
1483 965 1588 1048 primo
1607 963 1737 1028 luerunt
1757 967 1917 1030 conversi.
1934 965 1994 1030 Nec

298 1051 332 1091 ¹²·
443 1066 572 1129 duravit
596 1066 637 1130 ab
663 1066 763 1128 Adam
792 1084 893 1148 nsque
921 1064 998 1144 Noe,
1024 1083 1090 1128 non
1119 1063 1190 1126 luit.
1248 1063 1311 1126 dici
1326 1072 1440 1145 potest,
1457 1065 1541 1146 qnod
1561 1063 1613 1126 isti
1634 1064 1719 1146 magi
1735 1063 1866 1128 luerunt
1885 1064 1994 1128 aliiab

444 1161 509 1228 Nec
522 1165 555 1226 in
571 1163 683 1228 Genesi
703 1171 832 1226 sanetus
846 1163 966 1245 Moyses
981 1162 1192 1226 idololatriam
1247 1161 1323 1240 illis,
1352 1161 1529 1244 praesertim
1556 1181 1656 1243 quum
1691 1162 1723 1224 in
1759 1163 1820 1226 isto
1848 1162 1994 1226 Alcorani

443 1264 538 1326 docet
561 1262 661 1325 luisse
686 1281 814 1326 causam
844 1261 971 1340 diluvii,
992 1261 1048 1324 sed
1074 1261 1195 1324 abomi-
1247 1258 1387 1342 capitulo
1402 1259 1554 1342 seriptum
1570 1260 1717 1342 sit,quod
1731 1271 1908 1341 antequam
1923 1265 1994 1322 dra·

444 1360 564 1423 nobilia
586 1360 664 1424 vitia
689 1361 795 1423 earnis
819 1383 826 1421 :
851 1359 936 1441 quia,
962 1368 997 1422 ut
1022 1359 1056 1421 in
1080 1358 1194 1422 Genesi
1247 1378 1282 1419 eo
1304 1359 1427 1437 Moysis
1446 1359 1615 1420 devoravit
1635 1369 1799 1436 serpentes
1811 1379 1992 1438 magorum,

298 1468 429 1520 beaute.
444 1459 598 1542 sopiptnm
614 1468 673 1539 est,
690 1458 796 1521 omnis
814 1477 889 1521 caro
911 1466 1097 1540 corruperat
1111 1458 1194 1520 viam
1247 1458 1380 1519 Pharao
1395 1458 1484 1516 misit
1496 1457 1720 1534 persingulas
1734 1459 1993 1537 urbeaAEgppti,

443 1576 545 1620 anam.
561 1558 657 1622 Porro
675 1556 854 1621 idololatria
870 1565 941 1639 post
961 1556 1116 1619 diluvium
1133 1575 1195 1619 coe
1247 1564 1277 1614 et
1292 1573 1401 1615 omnes
1414 1556 1575 1630 sepientes
1594 1573 1703 1632 magos
1716 1557 1866 1616 adunari
1879 1575 1994 1632 prece

305 1655 1196 1738 cs.a,v11.pitaNinoregeNinive,utinlibroSapien-
1243 1654 1307 1730 pit.
1336 1650 1456 1726 Quibus
1489 1651 1529 1713 ad
1563 1669 1597 1714 se
1630 1651 1844 1734 venientibus,
1875 1663 1912 1716 ut
1942 1653 1992 1718 hio

297 1740 368 1792 ’ω
384 1737 417 1782 ⁰²
443 1754 496 1817 tiae
527 1754 679 1836 tangitur,
707 1753 760 1816 vel
793 1772 813 1815 a
845 1752 994 1830 Nemrod,
1024 1761 1059 1814 nt
1093 1752 1193 1834 aliqui
1249 1744 1359 1826 fertur,
1384 1746 1503 1829 lloyses
1528 1749 1650 1831 virgam
1675 1767 1764 1813 suam
1790 1751 1940 1834 projecit,
1964 1761 1993 1815 et

442 1851 564 1915 dicunt.
579 1851 614 1913 ln
639 1850 741 1934 prima
765 1869 841 1914 vero
866 1850 977 1913 mnndi
1001 1858 1103 1929 atate,
1122 1869 1193 1931 pro-
1210 1846 1430 1917 Bvertebatur
1450 1847 1483 1908 in
1505 1847 1685 1911 colubrum.

443 1958 515 2032 pter
537 1958 699 2013 recentem
730 1949 903 2012 creationis
932 1949 1044 2011 mundi
1072 1968 1193 2012 memo-
1287 1943 1438 2007 Praeterea
1452 1945 1570 2008 dicitur
1584 1945 1637 2010 hic
1653 1970 1660 2009 :
1674 1950 1831 2010 Homines
1847 1951 1993 2012 Pharao-

443 2049 536 2127 riam,
558 2067 659 2110 unum
683 2049 847 2110 dumtaxat
867 2047 978 2110 mnndi
1004 2054 1191 2126 creatorem,
1247 2044 1301 2102 uis
1315 2044 1476 2104 elicuerunt
1490 2046 1535 2107 ad
1555 2064 1630 2106 eum
1645 2065 1657 2106 .·
1672 2047 1714 2108 Si
1726 2047 1859 2124 Moysen
1883 2055 1915 2106 et
1928 2048 1993 2125 fra·

443 2147 587 2210 omnium
620 2165 732 2210 verum
763 2146 875 2225 Deum,
903 2145 1050 2209 homines
1083 2147 1192 2210 adora-
1248 2149 1331 2200 trem
1345 2142 1416 2218 ejus
1432 2150 1555 2203 terram
1572 2152 1663 2204 ittam
1681 2145 1728 2204 sic
1745 2153 1875 2204 vastare
1892 2155 1994 2206 luam·

442 2255 568 2328 verunt,
591 2255 626 2310 ιιι
640 2246 747 2310 Sancti
768 2247 968 2310 concorditer
988 2247 1109 2309 dicunt.
1247 2248 1448 2317 quepmtem
1462 2241 1526 2300 stet
1538 2243 1671 2301 allicere
1685 2242 1993 2313 dimiseriaidotum

481 2346 719 2428 Consequenter
738 2346 791 2408 hic
806 2344 951 2408 labulosa
969 2355 1001 2409 et
1014 2345 1095 2407 falsa
1115 2344 1193 2408 scri·
1248 2345 1342 2397 tuum
1356 2347 1387 2398 et
1403 2347 1433 2398 te
1443 2357 1582 2416 prorsus
1600 2341 1792 2418 meliemde
1812 2344 1991 2406 dimittent.

441 2445 570 2524 buntur,
586 2444 738 2508 videlicet
752 2445 834 2527 qnod
858 2465 961 2523 quum
975 2463 1107 2520 serpens
1121 2447 1192 2523 (seu
1246 2438 1487 2516 Respondilque
1506 2440 1640 2500 Pharao
1655 2459 1667 2499 .·
1682 2441 1753 2516 lieo
1770 2440 1872 2517 fortis
1891 2451 1923 2502 et
1942 2461 1993 2518 po

438 2547 550 2614 draco,
570 2550 606 2605 nt
629 2543 682 2605 hic
708 2542 838 2622 dicitnr)
862 2544 986 2621 Moysis
1007 2545 1191 2603 decorasset
1248 2542 1318 2594 tens
1341 2553 1439 2612 super
1463 2555 1525 2608 ⁸⁰⁸2
1544 2556 1656 2598 eorum
1681 2539 1828 2615 insanies
1850 2541 1992 2600 occidam

439 2652 603 2720 cerpentes
617 2641 694 2722 (vel,
710 2648 744 2703 ut
765 2639 819 2703 hie
843 2639 970 2718 dicitur,
982 2643 1190 2723 phantasias)
1245 2634 1451 2713 feminasque
1471 2636 1663 2698 melodiam.
1910 2688 1919 2706 .

437 2757 610 2818 memorum
631 2741 833 2810 Pharaonis,
854 2759 963 2800 omnes
986 2742 1077 2817 magi
1101 2759 1191 2817 wpe·
1285 2729 1367 2794 Ecce
1404 2731 1466 2795 hoc
1502 2731 1573 2796 l000
1612 2731 1768 2798 mahomel
1802 2735 1991 2818 lmpfll'ltlffll

439 2839 509 2899 rati
527 2858 637 2916 yenua
660 2858 721 2898 sua
744 2857 855 2898 coram
876 2840 987 2916 Moyse
1006 2840 1189 2914 flectebant,
1247 2847 1336 2892 suam
1361 2829 1620 2894 lnoxcusubllllbl'
1644 2831 1886 2897 demonsimvll.
1903 2834 1990 2914 llam,
2120 2903 2121 2920 ,

437 2941 626 3014 confitentes
650 2955 683 2995 32
705 2939 772 2997 900
795 2937 918 3014 Moysis
941 2938 1118 3014 subjacere.
1135 2941 1190 2998 [d.
1246 2927 1447 2992 ntinlixedo
1466 2929 1694 3012 scriptumest,
1710 2931 1769 2994 ista
1789 2932 1912 2997 occisio
1931 2952 1993 2996 ma·
2004 2933 2121 3010 mel

438 3036 525 3094 circe
547 3036 680 3096 Pherae
704 3035 898 3110 indignatus
922 3035 1013 3094 dicit
1036 3036 1156 3096 mactem
1178 3056 1190 3096 .·
1205 3029 1228 3094 C
1246 3027 1407 3091 seulorum
1422 3028 1606 3110 infantium,
1619 3038 1650 3094 et
1665 3031 1808 3096 custodia
1822 3052 1882 3096 seu
1896 3052 1993 3098 reser-
2005 3043 2023 3079 ¹¹·
2037 3033 2052 3076 ¹·
2062 3029 2077 3069 ’-

438 3134 595 3197 Manibus
609 3134 723 3194 vestris
734 3135 937 3213 pedibusque
951 3135 1111 3205 abscissis,
1123 3156 1189 3195 sus·
1246 3128 1329 3192 valio
1344 3128 1557 3208 fornoneium,
1575 3130 1673 3213 eoepil
1687 3139 1858 3215 antequam
1875 3134 1992 3217 Moyses

435 3235 580 3309 pendam
600 3252 664 3293 oea.
1246 3236 1340 3290 natus
1361 3236 1420 3309 est,
1443 3228 1487 3290 ita
1507 3229 1593 3311 quod
1612 3229 1732 3294 Pharao
1751 3250 1822 3295 eam
1843 3233 1993 3315 praecepit

479 3330 566 3393 lstnd
581 3330 793 3393 contrariatur
807 3348 904 3394 sacre
919 3330 1059 3394 historiae
1074 3332 1191 3395 deseri·
1244 3327 1348 3408 Moyse
1367 3328 1509 3391 nondum
1534 3336 1620 3392 nato.
1635 3328 1755 3411 Illoque
1775 3329 1897 3395 Pharao
1916 3332 1993 3395 alius

303 3441 427 3493 cmc
440 3437 503 3511 pta
526 3446 545 3490 a
569 3428 683 3511 ldoyse.
700 3428 828 3510 Legitur
851 3448 988 3511 namque
1013 3429 1046 3491 in
1069 3430 1187 3511 Exodo,
1245 3423 1307 3487 luit
1325 3423 1365 3486 ab
1385 3424 1444 3487 isto
1463 3442 1570 3489 coram
1586 3426 1779 3509 qnolloyses
1799 3428 1893 3511 signa
1908 3429 1993 3493 lesit.

294 3506 368 3549 Μ·
440 3527 526 3609 quod
560 3535 633 3608 post
665 3525 907 3590 conversionem
943 3527 1041 3609 virgae
1074 3526 1188 3610 lloysis
1246 3521 1415 3602 Utinam,o
1434 3522 1611 3603 Serranam,
1629 3524 1690 3587 ista
1707 3544 1745 3588 ac
1764 3526 1827 3589 alia
1849 3546 1995 3610 pensare·

441 3625 475 3687 in
499 3633 680 3707 serpentem
700 3632 732 3689 et
752 3626 989 3688 devorationem
1010 3625 1186 3707 praelatam,
1245 3621 1284 3682 tis
1298 3644 1304 3682 :
1318 3622 1463 3703 protinus
1477 3622 1668 3686 alcoranum
1688 3622 1883 3705 abjiceretis,
1899 3634 1931 3689 et
1945 3646 1994 3689 ve

406 3797 412 3807 Ι
439 3723 602 3787 Pharaone
620 3723 654 3785 in
674 3743 730 3786 sua
745 3723 866 3786 malitia
887 3724 1090 3805 perdurante,
1106 3726 1188 3789 Deus
1245 3738 1279 3782 re
1301 3720 1471 3784 crederetis
1493 3720 1527 3783 in
1548 3720 1717 3785 Christum.

440 3822 600 3885 convertit
614 3840 712 3903 aquas
726 3822 850 3904 AEgypti
866 3822 899 3883 in
914 3822 1188 3904 sanguinemone
1284 3818 1394 3881 Adhuc
1410 3819 1498 3901 quasi
1514 3836 1552 3881 ex
1566 3818 1621 3881 Dei
1635 3838 1772 3901 persona
1786 3820 1840 3884 hio
1856 3822 1990 3886 dicitur:

441 3920 520 4001 viso,
536 3920 663 3984 vocavit
681 3919 800 3983 Pharao
821 3938 897 3983 suos
915 3938 1025 4001 magos
1040 3921 1109 3985 sive
1123 3941 1189 3984 ma·
1243 3917 1301 3977 Sic
1329 3936 1405 3994 erpo
1433 3914 1570 3996 (scilicet
1597 3924 1693 3999 prout
1719 3917 1906 4000 pradictum
1934 3922 1992 4001 est)

441 4017 565 4098 lelieos,
591 4025 624 4080 et
650 4016 921 4081 incantationibus
950 4017 1015 4079 suis
1043 4018 1189 4082 lecerunt
1244 4016 1420 4076 Pharaone
1453 4016 1588 4095 ejusque
1618 4025 1715 4093 pente
1748 4020 1877 4089 deletis,
1907 4022 1992 4097 filios

441 4118 600 4196 similiter,
626 4136 740 4199 aquam
767 4117 889 4179 seilicet
912 4119 1127 4182 convertendo
1155 4118 1188 4181 in
1244 4115 1350 4173 lsrael
1375 4115 1595 4190 transfretare
1616 4115 1765 4192 fecimus,
1789 4114 1821 4177 id
1846 4126 1897 4179 ost
1921 4117 1990 4181 sub

441 4215 640 4297 sanguinem.
666 4213 827 4276 Pharaone
861 4213 967 4295 itaque
1001 4214 1033 4275 in
1069 4215 1189 4278 malitia
1204 4210 1229 4273 Ι)
1244 4211 1358 4274 mersis
1372 4210 1536 4294 AEgyptiis.
1554 4210 1585 4275 Si
1605 4211 1674 4275 vult
1694 4211 1813 4293 dicere,
1829 4216 1916 4297 quod
1937 4236 1989 4279 na-

340 4337 426 4388 seu,
441 4319 661 4397 permanente,
695 4311 778 4374 [leus
812 4310 904 4375 tertio
939 4312 1010 4376 loco
1042 4314 1189 4395 produxit
1243 4308 1329 4391 vigio
1358 4318 1412 4372 aut
1441 4308 1505 4373 alio
1526 4309 1640 4391 quovis
1668 4310 1816 4376 vehiculo
1839 4313 1989 4379 transire·

330 4431 337 4443 ·
439 4410 691 4474 innumerabiles
706 4429 809 4472 ranas.
826 4410 982 4474 Fecerunt
1002 4418 1108 4473 autem
1124 4431 1190 4473 ma·
1244 4416 1392 4471 taverunt
1421 4426 1508 4471 mare
1539 4408 1692 4487 Rubrum,
1716 4411 1913 4475 eontrarium
1943 4422 1989 4476 est

441 4509 526 4573 lehci
559 4508 731 4571 Pharaonis
763 4506 919 4585 similiter,
949 4508 1189 4591 eduxeruntque
1244 4506 1367 4569 veritati
1404 4506 1575 4588 Scriptura
1604 4528 1613 4569 ι
1642 4507 1793 4587 quoniam
1822 4508 1856 4572 in
1884 4510 1987 4575 Exodo

440 4605 710 4670 incantationibus
731 4604 797 4668 suis
817 4625 919 4667 ranas.
937 4606 1056 4670 Deinde
1077 4616 1189 4689 quarta
1245 4604 1398 4686 seriptum
1413 4612 1472 4684 est,
1489 4604 1574 4685 quod
1589 4604 1671 4667 Deus
1686 4604 1797 4670 divisit
1811 4627 1910 4691 aquas
1925 4628 1987 4672 ma·
2012 4652 2059 4697 ,u
2070 4662 2099 4691 m,

292 4720 424 4765 ιιιιιιιιι.
440 4706 512 4768 viee
526 4704 765 4787 produxitlleus
780 4703 1028 4767 innumerabiles
1042 4705 1185 4769 scinifes.
1244 4703 1288 4765 ris
1316 4702 1424 4782 Rubri,
1450 4702 1493 4765 ita
1525 4702 1609 4784 qnod
1640 4700 1701 4765 tilii
1730 4704 1825 4768 lsrael
1857 4708 2062 4771 nansia-²¹³·

439 4803 503 4869 Neo
532 4811 702 4885 potuerunt
728 4801 814 4883 magi
842 4802 1012 4866 Pharaonis
1040 4804 1189 4867 similiter
1244 4810 1318 4865 runt
1331 4820 1388 4884 per
1403 4802 1520 4865 siccam
1540 4808 1668 4881 terram,
1685 4821 1781 4885 super
1799 4824 1895 4887 quam
1917 4816 1987 4871 ante

440 4904 567 4981 iacere,
583 4902 639 4965 sed
658 4901 807 4964 dixerunt
822 4924 829 4962 :
846 4900 969 4982 Digitus
984 4901 1039 4964 Dei
1059 4909 1108 4965 est
1121 4902 1185 4966 hie.
1242 4921 1325 4985 aqua
1339 4899 1496 4981 currebat,
1513 4909 1544 4963 et
1562 4920 1645 4983 aqua
1667 4900 1729 4965 luit
1745 4902 1791 4965 eis
1811 4904 1902 4985 quasi
1921 4925 1988 4969 mn-

318 5014 425 5058 tiit-2⁴·
439 5002 553 5078 Quinto
573 5000 656 5063 Deus
680 4998 829 5081 produxit
848 4998 1098 5063 innumerabiles
1120 5020 1189 5063 mn·
1244 5020 1297 5063 rus
1326 5020 1344 5063 a
1371 5000 1479 5063 dextra
1507 5006 1539 5061 et
1566 5018 1584 5061 a
1614 4998 1753 5063 sinistra.
1781 5000 1872 5083 Item,
1903 5006 1986 5086 quod

300 5113 425 5167 resana.
439 5121 521 5165 scas.
548 5100 641 5161 Sexto
669 5097 826 5179 percussit
853 5097 1004 5161 animalia
1028 5099 1188 5182 AEgyptio-
1242 5099 1361 5162 dicitur
1375 5098 1441 5179 hic,
1456 5120 1473 5157 u
1489 5097 1651 5161 Pharaone
1671 5098 1805 5181 ejusque
1826 5110 1922 5183 gente
1936 5104 1988 5166 de-

291 5216 424 5270 ummm.
439 5216 522 5261 rum.
538 5196 680 5279 Septimo
700 5194 772 5258 loeo
791 5193 926 5257 immisit
943 5195 1096 5277 AEgyptiis
1119 5198 1188 5259 vul·
1243 5197 1327 5279 letis,
1343 5195 1431 5261 lilios
1451 5196 1546 5260 lsrael
1571 5195 1775 5261 transfretare
1798 5196 1937 5264 lecimus
1957 5224 1985 5281 a,

438 5316 516 5361 nera
534 5295 725 5372 vesicarum,
743 5293 776 5355 in
796 5300 918 5355 tantum
939 5296 1022 5376 quod
1044 5294 1185 5359 maleliei
1244 5316 1309 5361 non
1323 5296 1494 5361 concordat
1507 5294 1677 5379 Scriptura
1690 5296 1818 5379 divina,
1830 5318 1901 5381 quae
1914 5318 1987 5384 pm
