4309 6250
411 519 451 566 DE
472 519 635 568 ntotttrarn
656 521 693 566 BT
714 520 862 567 ttonlaos
883 517 910 566 ll.
934 520 962 564 V.
986 520 1103 578 sslllffi,
1124 519 1213 568 ntnnn
1234 521 1254 567 1.
1276 539 1318 550 ·-
1338 520 1410 567 Ant.
1431 521 1496 568 xvtl
1689 501 1728 568 37

181 691 227 757 tio
241 701 404 756 creatura.
421 691 481 755 Sed
497 709 554 773 par
568 690 766 754 benedictam
781 689 930 752 suavissi-
942 689 969 750 A
983 689 1092 752 datum
1114 699 1164 754 est
1179 709 1306 772 quoque
1325 709 1344 753 a
1363 698 1452 754 reatu
1474 691 1594 756 fomitis
1618 692 1653 755 in
1675 691 1733 755 Ba·

182 809 331 874 mamquc
358 789 498 869 llariam,
527 798 622 871 atque
651 789 685 851 in
714 787 819 853 madio
847 788 928 851 utari
984 789 1114 871 ptismo.

182 888 253 970 ejus
268 887 452 966 castissimi,
469 886 553 950 lacta
567 895 615 950 est
629 887 706 950 unio
720 886 876 951 creatoris
892 905 928 948 ac
1023 886 1167 968 Insuper,
1193 886 1278 950 sicut
1300 904 1416 968 corpus
1438 887 1615 951 humanum
1638 888 1734 952 vehe-

183 994 334 1049 craaturae
349 984 543 1065 immediata,
559 993 590 1047 et
605 983 638 1046 iu
653 1002 750 1046 unam
772 1002 930 1048 convene·
984 991 1110 1048 menter
1123 983 1298 1049 vilificatur
1310 984 1425 1048 anima
1437 987 1654 1068 repugnando,
1662 1003 1735 1049 oon·

183 1092 257 1146 mut
272 1101 440 1166 personam
459 1082 541 1145 osus
563 1089 595 1144 et
616 1081 722 1161 bomo,
739 1081 878 1144 increata
899 1089 930 1144 et
984 1082 1193 1164 cupiscentiis
1214 1101 1252 1146 ac
1273 1082 1361 1144 vitiis
1382 1083 1562 1163 serviendo,
1578 1092 1672 1165 atque
1694 1083 1734 1146 ad

183 1188 289 1246 creata
309 1189 433 1244 natura.
983 1179 1140 1244 Crantoris
1165 1179 1316 1262 injuriam
1340 1179 1506 1244 vilissimis
1530 1181 1736 1262 turpissimis-

221 1279 303 1342 Ecce
318 1285 472 1361 quantum
491 1277 596 1340 omnis
616 1286 761 1340 creatura
778 1285 809 1339 ct
828 1284 928 1340 totum
984 1296 1046 1360 qua
1067 1277 1243 1342 sceleribus
1264 1278 1346 1359 grus
1366 1297 1404 1342 ac
1426 1279 1557 1342 luxuriae
1578 1279 1735 1342 inhaeren-

180 1377 367 1440 univarsum
382 1383 508 1438 tenetur
529 1393 587 1438 suo
608 1375 702 1438 modo
721 1374 877 1438 honorare
898 1381 930 1436 et
983 1377 1036 1455 do,
1063 1395 1121 1458 per
1143 1377 1228 1458 quod
1255 1374 1296 1439 lit
1321 1376 1430 1439 cloaca
1456 1375 1643 1456 loedissima,
1669 1396 1735 1440 me-

180 1494 287 1539 amare
306 1473 434 1538 ldariarn
455 1473 623 1536 Deileram.
639 1471 749 1536 lderito
769 1471 929 1554 gloriosis·
985 1473 1112 1536 retricia
1147 1492 1264 1552 massa,
1299 1474 1502 1538 volutabrum
1539 1475 1732 1555 damonum,

180 1569 262 1634 sima
275 1568 372 1652 Virgo
387 1569 540 1633 creaturis
555 1567 703 1632 omuibus
722 1575 770 1630 est
789 1567 927 1649 praelata,
984 1570 1138 1654 spurcitia
1172 1591 1210 1634 ιο
1245 1572 1378 1653 putredo
1414 1571 1650 1653 iniquitatum3
1686 1572 1733 1636 sic

180 1686 357 1751 perquam
377 1675 496 1730 tantun
520 1665 793 1749 diguillcatiouem
820 1665 931 1729 sortita
984 1667 1089 1751 ipsum
1103 1687 1219 1750 corpus
1240 1669 1391 1752 praeclare
1413 1669 1599 1732 nobilitatur
1619 1668 1732 1734 rationi

181 1775 229 1830 ast
253 1766 358 1829 omnis
386 1773 499 1828 natura
523 1773 638 1828 creata.
665 1765 746 1828 Ecce
775 1772 945 1846 quantum'
984 1765 1175 1845 obediendo,
1197 1767 1412 1849 virtuosisque
1435 1767 1560 1831 actibus
1584 1767 1734 1832 insistan-

181 1864 321 1947 gaudant
350 1862 541 1940 mechanici,
572 1871 726 1945 quantum
755 1868 868 1944 putant
895 1881 929 1923 sa
944 1861 968 1926 B
984 1865 1162 1945 do,sanctta
1176 1865 1340 1928 sobrietati
1354 1884 1391 1929 ac
1408 1865 1667 1948 fragrantissima
1682 1885 1733 1929 οι-

181 1961 342 2039 honorari,
360 1961 386 2023 si
408 1961 556 2044 princeps
575 1969 628 2024 aut
654 1979 706 2023 rex
731 1969 821 2024 terrae
846 1960 930 2044 ipso-
985 1963 1083 2026 stitati
1110 1962 1263 2040 vacando,
1289 1963 1399 2044 sicque
1426 1963 1596 2045 prebendo
1625 1983 1660 2026 se
1686 1964 1734 2026 in·

182 2078 253 2122 rum
276 2058 426 2140 dignetur
453 2059 538 2122 farra
566 2066 687 2122 vestem
716 2077 826 2122 aarum
856 2077 930 2122 cum
986 2067 1198 2124 strumentum
1223 2059 1322 2122 cultui
1343 2079 1381 2124 ac
1400 2059 1653 2125 honorificentias
1677 2061 1732 2124 ilai

183 2158 275 2240 signo
290 2156 394 2222 ollicii
417 2157 613 2220 eorumdem.
630 2155 760 2220 llultum
782 2175 858 2239 argo
879 2176 931 2219 su·
986 2159 1018 2221 in
1046 2157 1135 2221 omni
1164 2158 1311 2222 exercitio
1340 2158 1492 2222 virtuoso.
1522 2159 1610 2234 Quod
1638 2177 1733 2242 quam

182 2255 314 2318 blimata
327 2263 376 2318 est
390 2255 494 2318 omnis
509 2263 663 2335 creatura,
678 2255 754 2318 dum
777 2274 815 2318 er
836 2255 931 2318 bena·
985 2265 1111 2339 gratum
1125 2275 1163 2319 ac
1177 2255 1329 2338 placitum
1349 2257 1392 2318 sit
1412 2256 1487 2339 Regi
1509 2257 1732 2338 omnipotenti,

183 2353 269 2417 diota
284 2360 316 2416 et
331 2371 456 2415 summa
470 2353 566 2416 blaria
579 2351 707 2416 Creator
727 2352 930 2434 omnipotens
986 2354 1056 2436 ipsa
1080 2353 1265 2435 frequentat·
1288 2373 1325 2417 ao
1349 2354 1515 2418 evidenter
1538 2355 1677 2417 ostendit
1700 2355 1732 2418 in

183 2451 315 2515 indutus
336 2459 384 2515 est
406 2459 510 2514 creata
531 2459 654 2513 natura.
986 2451 1175 2516 Sanctorum
1198 2452 1384 2533 corporibus
1399 2470 1469 2533 qua
1492 2460 1565 2534 post
1585 2453 1734 2536 separati·

986 2569 1081 2614 onam
1096 2550 1138 2614 ab
1154 2550 1321 2614 animabus
1341 2552 1546 2633 praeservavit
1565 2551 1596 2614 in
1621 2570 1735 2615 monu-

986 2649 1115 2728 mentis,
1139 2667 1197 2731 por
1220 2647 1358 2731 plurima
1381 2668 1537 2713 annorum
1561 2649 1732 2727 curricula,

371 2776 616 2841 ARTIGULUS
639 2776 747 2840 XVII.
987 2765 1006 2809 o
1024 2746 1218 2810 resolutione
1233 2756 1265 2810 ot
1278 2745 1510 2828 putrefactione
1528 2755 1622 2828 otqllo
1643 2746 1736 2812 foeto-

988 2865 1021 2908 ra
1052 2868 1059 2906 :
1091 2844 1157 2908 imo
1188 2844 1256 2908 hac
1284 2844 1454 2908 honoravit
1481 2845 1734 2926 fragrantissimo

183 2954 231 3013 De
250 2950 503 3026 supernaturali
515 2951 679 3026 dignitate
694 2958 724 3009 et
738 2951 933 3010 admirabili
988 2961 1070 3024 sape
1090 2943 1198 3022 odora,
1214 2949 1246 3005 et
1269 2961 1327 3024 par
1351 2942 1501 3024 praeclara
1525 2950 1620 3024 atque
1641 2942 1735 3006 innu-

219 3044 370 3117 paritate
397 3039 543 3116 corporis
566 3041 796 3099 sacratissimae
827 3041 930 3116 Virpi·
946 3041 969 3108 C
988 3058 1076 3102 mera
1100 3039 1285 3102 mirificavit
1308 3058 1345 3102 ea
1370 3039 1535 3117 miracula,
1552 3040 1585 3101 in
1610 3048 1733 3103 tantum

223 3132 297 3200 οἱδὶ
310 3140 341 3191 et
360 3132 447 3209 quod
460 3148 522 3206 Per
536 3132 624 3189 illud
640 3131 835 3207 dt'ont'ficala
853 3139 931 3190 tunt
987 3139 1072 3220 quod
1100 3158 1138 3201 ex
1166 3156 1276 3201 eorum
1302 3146 1451 3201 contactu
1476 3139 1657 3202 revixerunt
1681 3140 1736 3202 de·

223 3221 520 3296 ⁶⁰t'l'0m0mm'um
535 3227 692 3281 mirum·
989 3236 1102 3314 iuncti,
1133 3235 1276 3299 mundati
1301 3235 1431 3299 luerunt
1455 3236 1583 3318 leprosi,
1607 3236 1733 3299 liberati

986 3334 1120 3399 obsessi.
1143 3332 1274 3407 ouantis
1297 3333 1426 3397 demum
1449 3333 1612 3397 miraculis
1636 3334 1736 3398 hono-

140 3465 154 3493 η
255 3434 933 3509 LORIFICATEetportateDeumincor—
987 3432 1068 3495 ravit
1100 3431 1355 3494 beatissimorum
1389 3439 1561 3513 martyrum
1590 3450 1732 3513 corpora,

266 3550 348 3609 pore
364 3539 476 3591 vestro.
494 3529 614 3609 Corpus
630 3530 805 3592 humanum
825 3548 932 3610 quam·
987 3538 1050 3593 tam
1067 3530 1227 3592 incorum
1244 3528 1401 3611 martyriis
1415 3548 1511 3610 quam
1531 3537 1650 3611 postca,
1667 3529 1736 3593 lon·

186 3628 292 3693 visin
318 3648 374 3691 sua
403 3635 515 3690 natura
539 3628 580 3689 sit
603 3626 821 3710 multipliciter
844 3627 932 3691 dale·
987 3646 1062 3711 gum
1098 3636 1147 3690 est
1180 3626 1324 3689 recitare.
1356 3626 1507 3689 Videmus
1541 3644 1668 3708 quoque
1701 3627 1734 3689 in

186 3734 343 3805 ctuosum,
376 3724 499 3807 fragile,
535 3724 682 3807 indigens
715 3744 751 3789 aa
787 3727 929 3804 mortale,
987 3726 1242 3808 quautobonore
1257 3725 1434 3787 habeantur
1454 3725 1642 3787 Sanctorum
1664 3725 1735 3787 reli-

186 3833 304 3905 tameu,
333 3824 599 3907 quamadmodum
628 3824 735 3887 anima
768 3825 931 3888 rationalis
986 3823 1080 3905 quita,
1105 3822 1170 3885 imo
1198 3830 1230 3885 et
1252 3822 1393 3885 materia
1421 3822 1454 3884 in
1484 3842 1517 3885 se
1546 3822 1637 3901 viles,
1662 3842 1734 3904 qua

186 3943 250 4006 prae
265 3922 380 3987 ceteris
394 3921 506 3987 iormis
528 3922 787 3986 substantialibus
809 3942 931 4005 magna
988 3922 1176 3984 Sanctorum
1203 3938 1338 4001 corpora
1363 3920 1544 4002 tetigerunt,
1574 3927 1607 3983 et
1630 3920 1670 3983 ad
1696 3939 1734 3983 aa

186 4030 235 4087 ast
248 4021 423 4105 dignitatis,
437 4021 482 4083 sic
497 4038 613 4102 corpus
628 4020 697 4102 ejus
713 4040 777 4105 prae
792 4023 933 4103 corpori·
987 4019 1096 4100 aliquo
1121 4018 1215 4081 modo
1239 4018 1472 4099 pertinuerunt,
1489 4026 1524 4080 ut
1548 4026 1664 4100 vestes,
1681 4018 1735 4082 ba·

186 4122 245 4186 bus
261 4118 376 4184 ceteris
391 4118 495 4181 mixtis
510 4126 559 4181 ast
571 4118 698 4200 dignius
714 4138 751 4182 ac
766 4119 931 4184 nobilioris
988 4116 1052 4181 auli
1075 4125 1107 4180 at
1128 4116 1237 4199 capilli
1257 4116 1410 4199 ipsomm.

186 4217 427 4299 complexionis,
457 4225 551 4297 atque
579 4217 618 4279 ad
647 4217 833 4300 ampliorem
868 4216 974 4281 ele-Il
1027 4218 1136 4299 ltaque
1150 4216 1424 4298 innotescit,quod
1438 4224 1558 4298 quanto
1573 4217 1736 4298 incompa-

185 4316 376 4380 mantarium
406 4314 593 4396 qualitatum
622 4323 866 4397 temperaturam
900 4325 932 4379 et
989 4316 1098 4378 rabilis
1113 4313 1254 4396 Virginis
1268 4314 1517 4377 sacratissimum
1537 4334 1653 4396 corpus
1673 4315 1737 4377 iuit

184 4413 396 4497 equalitatem
417 4413 589 4476 redactum.
607 4412 667 4476 Sed
692 4433 730 4477 ex
755 4414 930 4495 primorum
987 4414 1027 4476 ab
1042 4414 1129 4477 omni
1144 4413 1215 4476 labe
1237 4412 1485 4495 peccati,etia1n
1506 4413 1653 4490 venialis,
1670 4432 1736 4475 ma·

186 4512 437 4595 transgressione
454 4520 631 4592 parentum,
649 4512 760 4575 lomite
782 4522 830 4576 est
851 4513 932 4577 iula-
986 4514 1034 4595 gis
1051 4513 1204 4589 immune,
1221 4512 1332 4574 rationi
1348 4530 1475 4592 quoque
1490 4531 1527 4574 ac
1541 4510 1604 4593 lagi
1619 4511 1735 4575 divinas

185 4621 283 4691 otum,
300 4630 436 4694 pronum
456 4609 495 4673 ad
515 4609 602 4689 vitia,
618 4628 655 4673 ιο
677 4610 795 4673 rebella
816 4612 931 4675 animae
988 4609 1089 4692 magis
1104 4610 1295 4691 subjectum,
1313 4618 1344 4671 at
1358 4609 1625 4672 excellentissima
1643 4610 1736 4672 casti·

184 4709 305 4773 lactum
328 4731 335 4771 :
356 4708 433 4770 hino
458 4708 614 4771 moriendi
639 4708 861 4771 necessitatem
884 4708 932 4771 in·
988 4716 1050 4771 tata
1066 4708 1205 4790 amplius
1219 4708 1414 4781 decoratum,
1431 4706 1464 4768 in
1485 4724 1549 4787 quo
1569 4725 1733 4788 nunquam

186 4806 295 4870 currit.
314 4804 420 4884 Porro,
435 4823 493 4886 per
512 4803 658 4886 gloriosae
678 4804 778 4867 ldarioe
800 4806 933 4868 sanctis·
988 4805 1049 4869 luit
1063 4824 1104 4868 na
1126 4805 1278 4868 minimus
1299 4804 1429 4885 quidem
1450 4812 1556 4867 motus
1576 4804 1736 4867 inordina-

185 4903 274 4967 simae
303 4901 501 4966 salutiferum
534 4910 659 4983 partum
687 4922 723 4965 ιο
752 4904 832 4967 uteri
861 4903 932 4985 ejus
988 4912 1039 4967 tus
1053 4910 1109 4965 aut
1127 4902 1287 4979 stimulus,
1304 4910 1398 4983 atqua
1418 4901 1452 4963 in
1473 4920 1598 4963 summa
1617 4902 1738 4965 sobrie-

186 5000 321 5083 virginai
337 4998 476 5063 fructum
492 4998 686 5078 salvificum,
703 5000 870 5063 liberatum
885 5008 933 5065 ost
988 5010 1051 5065 tata
1079 5000 1230 5082 omnique
1259 4999 1408 5064 exercitio
1431 5007 1540 5062 sancto
1566 4999 1737 5063 incessabi-

186 5118 301 5183 corpus
335 5107 478 5161 nostrum
507 5104 538 5160 at
568 5096 771 5161 reformatum
801 5099 834 5161 iu
863 5119 930 5180 spe,
989 5100 1051 5164 lius
1066 5119 1104 5163 ιο
1119 5099 1309 5161 eminentius
1323 5096 1585 5175 exercitatum,eo
1597 5098 1736 5161 nobilius

187 5198 302 5262 marito
316 5196 432 5262 Christi
448 5194 684 5259 reformandum
707 5196 739 5258 in
761 5216 795 5259 re
815 5205 847 5260 et
868 5198 934 5279 glo
988 5218 1025 5261 ac
1053 5196 1180 5278 dignius
1207 5205 1255 5259 est
1282 5195 1447 5259 allectum.
1473 5196 1511 5256 Et
1537 5203 1659 5258 certum
1688 5207 1737 5261 est

187 5296 377 5361 rihoaudum
402 5294 434 5357 iu
460 5294 689 5359 resurrectione
713 5294 830 5359 lutura.
846 5296 933 5359 blun-
990 5295 1074 5377 quod
1104 5294 1137 5358 in
1161 5293 1210 5357 his
1233 5293 1383 5359 omuibus
1407 5291 1623 5375 inclytissime
1646 5302 1679 5357 at
1702 5296 1736 5359 in
