4309 6250
399 503 439 552 us
460 505 625 553 nrcvrrrrn
646 506 683 552 sr
703 505 853 554 utuorsos
874 505 902 552 s.
926 505 955 550 v.
978 505 1096 564 utare,
1117 505 1207 552 urana
1226 506 1247 552 r.
1269 523 1311 536 -
1329 504 1400 552 aar.
1422 505 1486 552 xxv
1677 486 1718 551 ta

1731 693 1863 746 ..

166 891 211 950 In
225 909 288 968 quo
302 899 378 948 actu
396 898 427 949 et
442 893 508 950 loco
526 899 556 950 et
572 893 666 970 puali
683 894 751 951 situ
765 893 833 968 suit
849 895 917 968 plo-
968 871 1131 935 fflivesslffl'
1152 872 1314 935 ⁰fflflllbil⁸
1336 889 1394 954 1)Γο
1414 870 1577 935 ⁰⁰ffl¹¹¹¹¹¹¹l
1603 870 1715 949 ”illies

210 979 297 1037 riusa
326 987 356 1037 et
383 981 642 1053 praeclarissima
670 981 762 1057 virgo
790 983 915 1050 Maria,
968 969 1041 1032 fieri
1057 969 1162 1033 solent
1176 970 1316 1033 visiones
1336 977 1369 1032 et
1389 969 1623 1032 consolationes
1639 967 1718 1030 dlvi-

208 1068 288 1126 dam
302 1067 335 1124 er·
345 1069 443 1142 fiebat
457 1069 670 1127 annuntiatio
687 1070 727 1127 de
740 1071 915 1144 conceptio-
969 1087 1028 1130 nae.
1045 1067 1133 1130 Unde
1153 1066 1264 1130 Daniel
1288 1066 1332 1129 ait
1357 1067 1511 1149 propheta
1529 1064 1646 1130 :Posui
1671 1065 1718 1128 fa·
1741 1094 1864 1148 omn„

210 1155 433 1216 ttssFt'lt't'Det'·
969 1165 1050 1227 ciem
1085 1184 1189 1228 meam
1217 1166 1257 1227 ad
1285 1165 1455 1227 Dominum
1483 1164 1582 1226 Deum
1610 1182 1716 1226 meum
1732 1159 1801 1200 'W-

970 1281 1080 1343 rogare
1095 1270 1128 1324 et
1147 1261 1321 1344 deprecari.
1338 1261 1505 1342 Quumque
1523 1260 1628 1324 adbuc
1649 1279 1719 1324 ora·

19 1389 54 1420 re.
75 1378 152 1426 mn.
247 1359 356 1420 ARIA
374 1359 530 1434 optimam
542 1367 671 1435 portem
691 1361 795 1438 etepr't.
813 1359 915 1424 Verba
970 1367 1084 1422 remct
1099 1367 1332 1441 prosternerem
1348 1377 1459 1440 preces
1479 1377 1566 1421 meas
1588 1357 1621 1420 in
1643 1377 1719 1422 con-

260 1451 328 1514 baec
352 1452 391 1514 ad
412 1450 548 1514 litteram
567 1453 606 1514 de
626 1452 727 1516 electa
749 1461 781 1516 et
806 1464 915 1517 sancta
970 1465 1081 1540 spectu
1102 1457 1228 1521 Domini
1245 1456 1299 1519 Dei
1315 1456 1378 1520 mei
1401 1475 1459 1539 pro
1480 1464 1718 1521 montesancto

167 1552 262 1616 fdarie
276 1550 457 1634 htugdalcne
476 1569 495 1612 a
516 1549 639 1614 Christo
660 1551 792 1633 prolata,
808 1553 847 1615 de
870 1552 916 1616 fe—
969 1555 1051 1636 ejus,
1068 1575 1144 1618 ecce
1163 1554 1287 1619 Gabriel
1307 1555 1371 1618 cito
1395 1555 1507 1618 volans
1528 1555 1633 1636 tetigit
1653 1575 1716 1635 me,

168 1650 321 1714 licissime
348 1647 471 1730 virgine
494 1647 586 1711 illaria
609 1649 791 1712 christifera
816 1651 916 1716 multo
969 1654 1112 1735 dixitque
1129 1678 1136 1716 :
1152 1653 1243 1716 Nunc
1258 1673 1405 1734 egressus
1424 1673 1495 1716 sum
1515 1661 1550 1716 ut
1570 1653 1718 1718 docerem

167 1747 374 1812 excellentius
403 1753 536 1828 possunt
562 1746 708 1829 proferri.
734 1747 804 1831 lpse
828 1748 915 1812 enim
970 1761 1000 1814 tc
1025 1759 1058 1815 et
1082 1751 1257 1814 indicarem
1281 1751 1351 1830 tibi,
1374 1750 1449 1833 quia
1473 1751 1524 1814 vir
1546 1751 1720 1817 desiderio-

167 1867 232 1930 prae
256 1845 370 1910 ceteris
392 1843 600 1908 ineffabiliter
621 1847 912 1928 contemplativam,
933 1852 1041 1915 Brurn
1063 1869 1109 1912 es.

165 1944 398 2028 quietissimam
423 1963 459 2007 ac
483 1943 732 2007 internissimam
758 1945 846 2008 duxit
870 1947 916 2010 vi·
1010 1946 1225 2011 communiter
1239 1965 1365 2028 quoque
1380 1947 1587 2012 revelationes
1601 1947 1718 2012 divine

166 2051 242 2121 um,
259 2042 352 2106 etiam
368 2040 402 2105 in
417 2060 474 2106 suo
490 2051 600 2106 sancto
615 2042 788 2124 connubio,
804 2052 836 2108 et
855 2063 914 2108 nec
970 2045 1061 2108 factes
1077 2054 1150 2109 sunt
1165 2045 1289 2108 Sanctis
1303 2045 1358 2109 Dei
1373 2047 1449 2108 dum
1464 2055 1554 2109 erant
1567 2046 1718 2110 abstracti

164 2140 272 2204 minus
287 2139 321 2203 in
339 2141 434 2204 domo
454 2139 658 2204 habitationis
680 2160 744 2204 suae
766 2141 798 2204 in
819 2141 915 2205 Naze-
970 2143 1010 2206 ab
1024 2143 1148 2221 aliis,et
1162 2143 1248 2206 circa
1263 2144 1370 2207 divina
1384 2163 1421 2208 ac
1437 2144 1614 2226 spiritualia
1627 2163 1720 2208 occu·

164 2239 234 2302 reth
256 2258 352 2320 quam
375 2239 410 2301 in
435 2238 554 2320 templo
578 2238 763 2302 Jerusalem.
790 2240 856 2304 lmo
880 2241 914 2303 in
970 2241 1046 2323 pati.
1059 2242 1139 2304 ilinc
1154 2240 1259 2304 Patres
1274 2242 1486 2305 communiter
1499 2241 1622 2320 dicunt,
1633 2242 1718 2324 quod

164 2337 324 2402 exercitiis
346 2337 419 2400 vitae
438 2336 692 2420 contemplativae
712 2338 848 2419 profecit
866 2359 915 2402 us-
967 2341 1171 2422 praeamanda
1185 2359 1222 2402 ec
1238 2325 1509 2403 verecundissime
1524 2340 1614 2422 virgo
1624 2339 1720 2403 llario

164 2435 268 2514 sidua,
284 2443 316 2498 et
331 2443 424 2498 mutae
439 2434 502 2498 fuit
517 2435 735 2518 perfectionis,
751 2437 836 2518 quod
858 2457 916 2520 per
969 2445 1045 2500 tunc
1069 2447 1137 2501 erat
1161 2438 1194 2500 in
1223 2446 1346 2502 secrete
1371 2437 1532 2514 cubicuii;
1555 2447 1588 2502 et
1610 2439 1719 2503 forsan

164 2535 315 2598 exercitia
343 2535 415 2598 vite
442 2533 554 2598 active
582 2533 621 2598 ab
655 2535 814 2598 exercitiis
841 2536 914 2600 vitae
969 2536 1105 2618 genibus
1119 2535 1213 2599 flexis
1227 2537 1340 2615 oravit,
1357 2537 1587 2619 apparentique
1606 2536 1719 2618 angelo

164 2632 421 2714 contemplative
449 2651 514 2696 non
542 2633 796 2716 impediebatur3
826 2642 859 2697 et
886 2634 913 2696 si
969 2642 1080 2698 sancto
1116 2634 1327 2698 reverentiam
1360 2634 1527 2697 humiliter
1562 2634 1717 2714 exhibuit,

164 2730 273 2794 forsan
289 2731 448 2794 interdurn
470 2729 509 2794 ed
530 2729 677 2794 horulam
700 2732 915 2813 suspendeba-
969 2734 1165 2814 assurgendo
1180 2732 1220 2813 ei,
1236 2741 1291 2795 aut
1308 2733 1372 2796 aiio
1390 2733 1496 2796 modo.
1512 2731 1552 2794 Et
1571 2732 1719 2813 quamvis

163 2838 216 2892 tur
231 2836 320 2892 actus
335 2827 613 2912 contemplationis
627 2829 659 2891 in
675 2849 712 2892 ea
726 2849 783 2912 per
797 2831 916 2894 exerci-
969 2831 1102 2912 angelus
1126 2831 1160 2893 in
1183 2839 1347 2913 assumpto
1372 2847 1505 2911 corpore
1533 2830 1715 2913 apparebat,

164 2927 245 2990 tium
261 2927 333 2991 vitae
347 2927 469 3008 activae,
482 2945 555 2990 mox
570 2947 642 2990 cum
659 2927 774 3009 majori
788 2928 914 2992 fervore
969 2927 1121 3010 perfacile
1145 2935 1252 2991 umen
1272 2927 1392 2991 exstitit
1410 2928 1438 2990 ei
1459 2928 1568 2991 clauso
1588 2927 1718 2990 introire

163 3025 204 3088 ed
234 3023 534 3107 contemplationem
565 3024 698 3088 redibat.
725 3025 833 3108 ltaque
861 3026 913 3107 pie
929 3025 950 3088 C
969 3026 1129 3106 cubiculo,
1145 3045 1244 3106 quum
1260 3035 1292 3088 et
1305 3027 1440 3089 Actuum
1462 3025 1573 3106 quinto
1594 3026 1718 3107 legetur

164 3134 260 3207 atque
290 3123 501 3189 communiter
528 3123 678 3205 creditur,
705 3126 788 3207 quod
818 3126 914 3207 Virgo
968 3126 1102 3207 angelus
1134 3126 1302 3207 Apostolos
1334 3124 1482 3188 eduxisse
1509 3123 1548 3187 de
1577 3143 1715 3203 carcere,
1740 3152 1864 3203 mm.

164 3224 356 3305 dignissima
383 3231 460 3286 tunc
489 3223 549 3285 fuit
584 3223 616 3285 in
645 3223 913 3306 contemplatione
969 3224 1077 3287 clauso
1092 3242 1219 3286 carcerc
1234 3222 1521 3286 remanentebfissi
1536 3222 1622 3285 enim
1636 3217 1766 3284 nun-²⁸·

164 3321 295 3385 sublimi
318 3329 350 3384 et
371 3322 404 3383 in
427 3321 497 3384 loco
519 3328 652 3384 secreto.
968 3321 1004 3383 tii
1025 3322 1065 3384 ad
1085 3320 1308 3384 adducendum
1328 3320 1495 3402 Apostolos
1514 3338 1621 3383 coram
1643 3339 1719 3383 con-

206 3419 269 3483 h'cc
294 3418 408 3497 obstat,
425 3420 509 3499 quod
534 3418 633 3501 aliqui
656 3418 709 3500 pie
735 3418 914 3483 existimant
968 3419 1043 3483 cilio
1062 3419 1254 3499 iudeorum,
1271 3419 1439 3481 redeuntes
1458 3417 1607 3481 dixerunt
1622 3442 1630 3479 :
1647 3418 1719 3480 Car-

164 3518 250 3601 quod
265 3518 298 3580 in
312 3524 385 3580 actu
399 3516 552 3580 orationis
572 3523 648 3579 tunc
668 3524 736 3579 erat
753 3540 760 3579 ε
776 3517 861 3597 quod
883 3524 914 3580 et
969 3536 1074 3581 cerem
1104 3516 1232 3600 quidem
1261 3516 1443 3579 invenimus
1471 3516 1614 3579 clausum
1644 3535 1718 3579 cum

164 3615 242 3678 satis
278 3614 472 3677 credendum
507 3621 668 3677 censetur.
698 3613 765 3677 lmo
802 3622 915 3696 putent
968 3616 1055 3679 omni
1070 3614 1248 3696 diligentia,
1264 3622 1297 3677 et
1310 3614 1457 3677 custodes
1472 3621 1591 3677 stantes
1610 3615 1650 3676 ed
1670 3614 1718 3695 ja-

164 3712 321 3790 nonnulli,
338 3712 422 3793 quod
437 3720 513 3774 tunc
535 3710 634 3774 Deum
655 3712 861 3775 devotissime
882 3718 915 3775 et
968 3732 1069 3791 nuas;
1095 3713 1274 3794 aperientes
1302 3720 1419 3791 autem,
1447 3711 1606 3774 neminem
1632 3711 1718 3774 intus

164 3809 432 3873 affectuosissime
447 3809 588 3873 exoravit
602 3828 658 3891 pro
678 3811 840 3875 communi
861 3829 916 3892 ge·
969 3811 1162 3874 invenimus.
1180 3808 1300 3893 Nempe
1315 3809 1431 3873 virtute
1445 3809 1555 3873 diviua
1568 3809 1607 3871 fit
1621 3828 1718 3891 pene-

164 3908 252 3971 neris
267 3907 398 3969 humani
414 3906 525 3985 salum,
541 3915 573 3969 et
592 3925 649 3989 pro
668 3908 807 3972 adventu
829 3908 913 3989 regis
968 3910 1061 3972 tratio
1082 3908 1331 3971 dimensionum.

163 4004 283 4068 blessim
307 4028 314 4067 :
336 4005 421 4086 quod
446 4023 556 4068 verum
581 4004 705 4087 opinor.
728 4005 767 4067 Et
790 4006 850 4069 hoc
875 4026 914 4069 cx
1007 4007 1180 4084 Postremo,
1201 4006 1227 4067 si
1252 4004 1439 4086 inquiretur,
1460 4024 1518 4067 cur
1542 4004 1717 4069 incarnatio

163 4104 363 4168 ordinatione
377 4111 409 4165 et
430 4102 636 4185 inspiratione
658 4102 757 4166 fiebat
779 4103 910 4167 divine:
967 4104 1120 4168 ditissimi
1143 4122 1206 4167 non
1228 4102 1476 4166 annuntiabatur
1488 4102 1591 4166 Mariae
1613 4103 1718 4185 piissi-

164 4201 316 4284 quoniam
344 4218 401 4283 per
428 4198 610 4281 hujusmodi
636 4208 726 4263 ectus
755 4202 913 4283 praecipue
928 4204 953 4268 Ι)
968 4223 1026 4267 me
1046 4222 1104 4287 per
1122 4201 1271 4284 angelum
1296 4200 1412 4263 summi
1437 4199 1535 4279 chori,
1553 4208 1607 4263 eut
1630 4209 1716 4265 certe

165 4300 394 4382 disponebatur
407 4307 439 4361 et
451 4298 618 4380 aptabatur
629 4300 670 4361 ad
692 4300 912 4382 recipiendum
967 4301 1145 4384 permulta
1169 4299 1270 4363 millia
1294 4316 1505 4381 supernorum
1530 4298 1713 4381 spirituum,

166 4398 406 4476 revelationem,
431 4395 661 4477 apparitionem
690 4403 722 4461 et
745 4398 914 4461 annuntie·
968 4401 1022 4462 sed
1038 4418 1095 4482 per
1108 4398 1285 4463 Gabrielem
1300 4396 1538 4477 archangelum,
1554 4396 1608 4478 qui
1628 4404 1660 4460 et
1680 4398 1713 4460 in

168 4495 287 4559 tionem
303 4494 391 4557 illam
406 4492 599 4557 dominicam
614 4494 653 4557 de
669 4494 784 4559 Christi
800 4514 914 4561 conce-
967 4496 1066 4560 veteri
1081 4497 1281 4559 Testamento
1295 4494 1442 4578 apparuit
1455 4494 1587 4573 Danieli,
1608 4503 1641 4557 et
1660 4494 1715 4558 Ze·
1728 4514 1859 4571 amaea

166 4593 276 4675 ptione
290 4602 322 4655 ct
335 4592 552 4657 incarnatione
567 4610 606 4655 ex
620 4592 792 4675 ipsa'rans
806 4604 912 4659 autem
967 4594 1083 4659 charite
1104 4594 1300 4657 nativitatem
1315 4591 1516 4656 denuntiavit
1534 4593 1566 4655 S.
1583 4592 1713 4656 loannis
1726 4579 1806 4633 Μ’
1817 4584 1850 4624 “·

166 4692 268 4757 oratio
289 4692 460 4755 benedicte
483 4699 578 4773 atque
602 4690 795 4757 dulcissimae
813 4693 914 4775 Virgi-
966 4692 1135 4777 baptism
1152 4691 1326 4774 praesertim
1341 4708 1440 4771 quum
1455 4697 1575 4753 asseret
1592 4690 1687 4754 isaias
1704 4712 1711 4753 ε

165 4792 229 4872 uis,
245 4789 546 4871 contemplationem
571 4798 603 4853 et
627 4790 753 4853 laudem
778 4790 833 4854 Dei
866 4793 914 4853 in·
968 4780 1146 4857 Volaviled
1161 4810 1212 4853 me
1227 4810 1310 4852 unus
1326 4791 1365 4852 de
1379 4789 1557 4871 Seraphim.
1574 4789 1828 4871 Respon-uara.

164 4888 315 4953 eludebat
344 4912 352 4949 ε
383 4906 482 4968 quum
510 4889 611 4953 oratio
642 4888 766 4951 dicetur
797 4890 913 4953 mentis
967 4892 1119 4972 dendum,
1134 4891 1219 4972 quod
1233 4888 1332 4951 filius
1346 4887 1400 4951 Dei
1414 4887 1448 4951 in
1463 4886 1567 4969 primo
1581 4905 1639 4951 suo
1660 4887 1715 4951 ad·

164 5006 316 5051 ascensus
331 4987 364 5049 in
379 4987 584 5069 iteum,quod
599 4995 718 5051 certum
734 4996 828 5051 estet
843 5007 915 5051 cou-
968 4999 1064 5055 ventu
1089 4990 1177 5052 veuit
1202 4988 1235 5050 in
1264 4987 1419 5051 muudum
1447 4986 1534 5049 bunc
1563 4986 1597 5050 iu
1625 4985 1714 5051 omui

163 5085 364 5169 templationi
378 5086 676 5169 competerc.0rans
691 5105 828 5168 namque
843 5107 915 5170 per·
968 5086 1148 5150 bumilitate
1161 5094 1193 5147 et
1207 5092 1402 5168 paupertate,
1420 5091 1456 5146 ut
1475 5083 1662 5145 humilitatis
1683 5091 1716 5146 et

162 5186 259 5264 fecte,
276 5192 341 5248 tcta
354 5192 460 5248 ruente
481 5186 515 5247 in
535 5186 633 5249 Deum
649 5185 866 5267 suspenditur,
882 5195 914 5249 et
968 5183 1163 5269 paupertatis
1186 5182 1280 5245 nobis
1302 5181 1463 5245 conferret
1485 5180 1641 5262 exempla.
1667 5180 1716 5243 ld·

162 5284 233 5368 ejus
266 5283 487 5348 excellentiam
519 5284 678 5369 depromit
709 5303 746 5347 ac
780 5282 908 5365 fatetur,
970 5283 1056 5347 circo
1077 5282 1117 5345 ed
1142 5280 1394 5344 denuntiandum
1419 5296 1509 5341 suam
1534 5276 1717 5359 conceptio-

288 5420 321 5471 T.
340 5422 379 5473 36.
1571 5410 1589 5463 l
