4309 6250
472 494 533 563 454
623 515 771 565 ntltotttts
793 516 1021 565 DlSl’U'l‘A'l'lONlS
1042 516 1133 563 lll'lllll
1154 514 1360 562 centemnunt
1380 514 1417 562 ll'l'
1438 516 1652 564 senescehat.
1676 535 1717 546 -
1738 516 1808 563 aar.
1832 514 1866 561 lll

433 740 436 746 .
474 686 636 751 Trinitatis
662 688 846 769 mysterium
871 687 1049 767 Christique
1070 686 1220 749 deitatem
1238 689 1263 750 A
1279 687 1408 750 heresis
1437 687 1493 750 illa
1526 696 1617 751 aucta
1652 696 1701 752 est
1728 687 1871 764 maxime,
1899 694 1927 749 et
1954 686 1996 748 diu

473 795 681 868 negaverunt.
697 786 829 862 Quidam
850 805 977 869 quoque
1003 786 1142 866 illorum,
1163 785 1222 848 sub
1278 787 1404 849 duravit
1428 786 1489 849 sub
1513 786 1755 868 imperatoribus
1774 785 1892 848 Arianis
1909 804 1997 865 quam-

474 885 603 948 nomine
632 903 689 948 suo
713 893 768 947 aut
795 886 854 947 sub
882 884 1063 947 nominibus
1092 886 1224 965 Aposto-
1279 883 1433 966 pluribus,
1463 884 1517 965 qui
1548 884 1827 947 vehementissime
1859 902 1996 965 oppresse

474 981 589 1063 lorum,
606 984 804 1065 evangelium
826 984 915 1065 juxta
930 1003 1003 1045 suas
1024 982 1224 1064 conscripse·
1278 990 1353 1044 runt
1375 983 1561 1061 Ecclesiam,
1583 983 1616 1046 in
1642 991 1764 1046 tanturn
1790 983 1870 1063 quod
1892 981 1996 1043 heresis

474 1091 549 1145 runt
563 1081 725 1165 perfidias,
742 1090 851 1165 utpote
866 1083 1012 1159 Marcion,
1025 1080 1177 1144 basilides
1192 1090 1224 1143 et
1279 1079 1365 1142 illius
1381 1082 1550 1144 exstinctio
1572 1080 1633 1143 luit
1655 1100 1736 1168 pene
1758 1081 1802 1142 ita
1822 1079 1959 1141 mirabilis
1970 1087 1996 1140 ut

474 1180 600 1262 Apelles
621 1205 628 1244 ε
649 1199 785 1261 quorum
807 1180 925 1262 scripta
948 1180 1098 1242 mendosa
1121 1179 1224 1261 perie-
1278 1178 1381 1260 prima
1394 1179 1570 1261 divulgatio
1582 1179 1660 1242 fidei
1672 1178 1850 1241 christiane
1865 1197 1997 1260 permon-

474 1286 558 1341 runt.
571 1278 779 1361 Temporibus
794 1297 869 1341 vero
886 1278 1083 1342 Constantini
1100 1277 1222 1358 prelati
1278 1280 1355 1341 dum
1382 1302 1389 1341 :
1416 1297 1480 1341 non
1510 1279 1595 1340 enim
1625 1277 1782 1341 exstincta
1811 1277 1868 1340 luit
1892 1277 1995 1338 heresis

475 1376 608 1441 surrexit
628 1378 720 1440 Arius
744 1376 965 1455 heresiarcha,
992 1377 1047 1457 qui
1074 1377 1224 1457 superbe·
1279 1376 1335 1439 illa
1353 1376 1415 1437 nisi
1441 1395 1498 1458 per
1522 1377 1673 1459 preclara
1697 1384 1729 1438 et
1749 1375 1874 1458 copiosa
1890 1392 1995 1457 pmrsus

474 1475 625 1539 ctissime
659 1475 822 1538 Trinitatis
859 1476 1012 1538 unitatem
1049 1482 1081 1537 ct
1114 1493 1222 1537 veram
1280 1474 1444 1537 miracula.
1474 1472 1580 1537 Nihilo
1609 1474 1715 1536 minus
1744 1473 1801 1535 diu
1828 1480 1925 1554 postea
1950 1470 1996 1532 l'e

474 1572 589 1637 Christi
604 1573 753 1636 deitatem
769 1592 833 1655 pre
849 1574 914 1636 suis
937 1572 1224 1655 predecessoribus
1280 1572 1394 1635 storius
1418 1572 1570 1634 inimicus
1589 1572 1656 1649 Ilei,
1679 1572 1855 1653 patriarcba
1872 1570 1996 1633 Constan-

474 1672 591 1735 acrlter
605 1671 815 1753 impugnavit,
833 1681 865 1735 et
880 1672 940 1734 sibi
956 1671 1139 1754 procuravit
1153 1689 1225 1733 con·
1279 1670 1519 1751 tinopolitanus,
1549 1670 1718 1733 Dioscorus
1744 1688 1867 1751 qaoque
1889 1668 1995 1750 patriar

475 1771 659 1833 sentientes.
675 1769 769 1833 Porro
790 1769 1027 1848 Constantinus,
1044 1770 1225 1851 prudentis·
1280 1769 1340 1831 cha
1361 1768 1601 1848 Alexandrinus,
1622 1776 1854 1832 renovaverunt
1876 1766 1994 1829 heresim

474 1868 573 1931 simus
598 1868 782 1949 imperator,
803 1868 1008 1931 considerans
1033 1869 1115 1930 inter
1138 1867 1260 1930 Chri-B
1280 1867 1368 1929 illam
1403 1869 1443 1929 de
1475 1866 1609 1944 Christo,
1639 1866 1783 1930 dicentes
1815 1866 1892 1947 quod
1921 1863 1995 1925 luerit

474 1968 594 2029 stianos
619 1966 715 2029 talem
740 1966 983 2046 dissensionem,
1001 1966 1223 2048 impetravita
1279 1984 1378 2047 purus
1408 1964 1514 2043 bomo,
1541 1983 1604 2027 non
1633 1967 1715 2027 Deus
1743 1988 1750 2026 :
1778 1966 1858 2045 quod
1885 1973 1913 2026 et
1936 1962 1996 2023 Pho

474 2074 584 2128 sancto
598 2063 680 2147 Papa
695 2065 846 2128 Silvestre
867 2066 1113 2127 celebrationem
1128 2084 1224 2145 gene·
1280 2064 1365 2125 tinus
1400 2064 1556 2145 multique
1590 2064 1645 2126 alii
1686 2063 1824 2127 heretici
1861 2063 1909 2124 dia
1938 2068 1994 2122 ante

474 2164 551 2228 ralis
566 2164 706 2243 concilii,
723 2164 755 2225 in
776 2183 839 2246 quo
859 2164 1105 2245 diligentissime
1120 2164 1223 2244 inqui·
1278 2161 1436 2224 dixerunt.
1453 2162 1518 2225 lmo
1540 2162 1722 2225 viventibus
1737 2163 1839 2225 adhuc
1852 2158 1992 2242 Apostolis,

476 2272 596 2326 rerctur
612 2282 648 2325 ac
670 2262 859 2326 definiretur
879 2263 955 2343 quid
979 2264 1154 2325 secundum
1175 2282 1224 2324 sa·
1279 2261 1409 2341 quidam
1424 2261 1563 2323 heretici
1579 2262 1639 2323 hoc
1661 2261 1728 2323 ausi
1748 2260 1992 2324 suntaflirmarc:

475 2381 544 2425 cras
580 2361 759 2443 Scripturas
792 2370 823 2423 et
859 2362 1061 2441 antiquorum
1097 2360 1223 2422 Parrum
1279 2367 1537 2441 contraquorum
1554 2359 1711 2422 insaniam
1734 2358 1900 2442 presertim
1918 2376 1994 2419 evan·

475 2460 575 2522 iidem
590 2479 625 2523 ac
641 2460 842 2539 documenta,
859 2460 898 2521 de
918 2458 1071 2522 Trinitate
1092 2468 1124 2521 et
1138 2458 1225 2521 Chri·
1278 2458 1397 2539 galium
1416 2477 1509 2519 suum
1532 2457 1724 2540 conscripsit
1744 2466 1867 2520 sanctus
1884 2474 1994 2535 evange-

475 2558 515 2621 sti
539 2558 704 2621 divinitate
728 2566 812 2621 esset
838 2560 1021 2620 tenendum.
1050 2558 1165 2640 Sicqae
1189 2559 1223 2621 in
1279 2557 1350 2618 lista
1365 2556 1512 2635 loannes,
1528 2556 1583 2637 qni
1604 2556 1637 2618 in
1659 2556 1817 2637 evangelii
1832 2552 1993 2617 suierordio

474 2656 613 2738 generali
630 2656 767 2719 concilio
783 2655 837 2718 illo
861 2657 1047 2737 reprobatus
1067 2665 1115 2718 est
1129 2658 1223 2718 Arius
1278 2676 1297 2718 a
1315 2655 1431 2718 Christi
1450 2656 1567 2718 deitate
1590 2663 1622 2717 et
1641 2655 1815 2718 eternitate
1833 2651 1946 2734 incepit,
1958 2650 1993 2711 di-

474 2773 547 2817 cum
572 2753 638 2815 suis
662 2754 881 2816 assensoribus
906 2754 1065 2816 erroribus
1087 2755 1224 2836 pravita-
1279 2752 1381 2816 cendo
1398 2777 1405 2815 :
1422 2754 1456 2815 ln
1479 2753 1636 2834 principio
1658 2749 2082 2830 eratVerhum,etler·1,.„=‚r

473 2850 621 2930 tibusque
650 2849 818 2928 hereticis,
846 2859 877 2912 et
904 2850 1100 2912 declaratum
1128 2859 1223 2931 atque
1278 2851 1354 2913 bum
1380 2859 1446 2912 erat
1465 2850 1547 2932 apud
1572 2851 1682 2927 Deum,
1705 2859 1738 2912 ct
1758 2850 1837 2912 Deus
1858 2856 1919 2911 erat
1935 2847 1994 2907 t'er·

475 2949 642 3032 probatum
657 2954 705 3010 est
720 2966 778 3029 per
788 2947 978 3029 Scripturas,
987 2967 1044 3029 per
1058 2949 1221 3026 miracula,
1279 2949 1366 3011 bum.
1382 2948 1469 3023 Quod
1492 2956 1601 3011 contra
1623 2948 1789 3012 hereticos
1811 2945 1944 3029 temporis
1956 2942 1992 3005 sai

474 3067 532 3132 per
546 3047 772 3110 catholicorum
794 3047 934 3110 virorum
956 3048 1139 3116 testimonia
1153 3044 1260 3129 queC
1279 3047 1461 3109 Corinthum
1487 3054 1518 3107 et
1542 3046 1696 3109 libionem
1715 3066 1753 3109 ac
1771 3045 1941 3109 llarcioncm
1957 3062 1994 3103 as-

474 3166 492 3209 a
517 3155 659 3228 tempore
683 3146 904 3228 Apostolorum
934 3144 1064 3207 luerunt
1093 3147 1222 3228 scripta,
1279 3145 1389 3208 seruit.
1412 3145 1545 3224 Idcirco,
1565 3145 1651 3226 qnod
1673 3163 1730 3208 vos
1755 3144 1906 3208 Sarraceni
1924 3141 1994 3204 allir-

474 3244 559 3327 quod
588 3244 671 3306 Deus
700 3243 871 3305 altissimus
896 3244 937 3304 sit
961 3263 1035 3306 vere
1060 3245 1163 3306 trinas
1191 3245 1224 3305 in
1281 3243 1374 3304 matis
1397 3242 1483 3324 ipsos
1505 3241 1689 3305 benedictos
1704 3243 1760 3306 Dei
1780 3240 1929 3324 Apostolos
1944 3255 1993 3300 non

475 3341 631 3424 personis,
657 3349 688 3403 et
713 3341 787 3402 item
812 3341 896 3420 quod
920 3339 1062 3402 Christus
1087 3342 1130 3402 sit
1153 3342 1225 3404 Uni·
1280 3341 1427 3404 docuisse
1446 3341 1529 3422 quod
1554 3339 1696 3402 Christus
1721 3341 1762 3402 sit
1786 3333 1993 3418 Deus,etquod

475 3440 603 3523 genitus
624 3438 679 3499 Dei
701 3437 811 3514 Patris,
828 3457 986 3518 verusque
1008 3439 1101 3500 Deus.
1280 3440 1362 3501 Deus
1377 3439 1418 3501 sit
1432 3439 1544 3518 trinus,
1560 3447 1610 3502 est
1623 3458 1753 3520 prorsus
1767 3437 1962 3501 falsissimum.

516 3538 731 3600 Ssaascarus.
747 3571 787 3582 -
801 3536 1019 3619 Multipliciter
1033 3537 1225 3618 persuadere
1321 3538 1532 3602 Sarnacanus.
1553 3573 1595 3582 -
1612 3537 1708 3600 Multa
1732 3539 1847 3600 asseris
1866 3553 1925 3616 qua
1944 3549 1992 3593 non

477 3635 601 3699 conaris
629 3634 800 3716 scripturas
830 3634 1022 3716 evangelice
1054 3635 1132 3716 legis
1160 3654 1223 3698 non
1281 3636 1407 3719 probas,
1424 3655 1484 3698 nec
1504 3653 1584 3716 opus
1605 3644 1654 3697 est
1675 3636 1771 3698 nudis
1790 3630 1993 3699 recitationibus

477 3752 546 3796 osse
568 3732 703 3795 infectas
725 3751 781 3794 seu
805 3732 893 3795 lalsis
913 3733 1106 3814 permixtas3
1123 3735 1177 3796 scd
1198 3734 1224 3795 si
1281 3736 1343 3797 tuis
1358 3734 1457 3796 lidem
1473 3734 1632 3816 prebere:
1646 3733 1711 3796 imo
1724 3734 1833 3797 dicere
1847 3745 1991 3816 possumus,

476 3833 507 3894 in
525 3830 662 3895 concilio
678 3830 744 3910 illo,
754 3839 895 3913 tempore
910 3831 1227 3910 Constantini,deter·
1281 3833 1365 3914 quod
1381 3833 1426 3894 illi
1443 3850 1523 3912 quos
1538 3851 1634 3895 vocas
1648 3832 1828 3912 hereticos,
1843 3829 1942 3894 luerint
1953 3843 1993 3885 rc·

477 3933 631 3994 minatum
646 3937 694 3992 est
714 3929 839 4010 publice
859 3929 1120 4011 divulgatumque
1134 3932 1227 3993 undi—
1281 3951 1315 3994 rc
1329 3931 1505 4010 christiani,
1522 3949 1582 3994 nec
1597 3939 1707 3994 contra
1721 3930 1807 4011 illos,
1824 3931 1872 3994 sed
1887 3945 1932 4010 pro
1945 3922 1993 3985 illis

477 4049 550 4114 que,
577 4028 751 4091 trinitatem
778 4046 985 4108 personarum
1010 4049 1080 4091 esse
1106 4029 1138 4090 in
1163 4030 1226 4093 [leo
1281 4029 1467 4111 scripserint
1487 4029 1642 4112 Apostoli,
1664 4049 1702 4092 ea
1726 4049 1803 4094 vero
1825 4048 1887 4112 que
1908 4031 1993 4088 contra

478 4138 511 4193 et
534 4127 684 4191 deitatem
711 4145 818 4188 veram
843 4126 876 4186 in
902 4126 1025 4191 Christo
1043 4151 1050 4189 :
1067 4129 1226 4208 quomodo
1281 4129 1341 4191 boc
1370 4128 1500 4208 allegas,
1526 4129 1568 4190 ab
1591 4128 1663 4190 aliis
1693 4129 1758 4190 sint
1785 4129 1885 4192 addita
1905 4133 1930 4188 et
1952 4120 1993 4183 ad·

478 4227 533 4290 diu
550 4234 658 4307 postea
680 4223 929 4286 innumerabiles
951 4224 1004 4306 qui
1028 4245 1062 4286 se
1077 4224 1227 4296 Christis·
1241 4227 1266 4288 l)
1282 4226 1391 4290 mixta.

477 4343 536 4388 nos
561 4322 817 4401 nominaverunt,
835 4329 1004 4384 tenuerunt
1025 4323 1226 4404 oppositumt
1321 4323 1594 4388 Caesarianus-
1612 4324 1723 4389 Nonne
1741 4325 1808 4407 jam
1829 4325 1895 4389 satis
1910 4335 1992 4400 repro

518 4422 733 4485 Cunrsrmuus.
750 4455 791 4466 -
809 4420 1080 4494 Quemadmodum
1096 4421 1227 4501 (Aristo-
1282 4423 1354 4484 bata
1382 4431 1431 4484 est
1458 4422 1517 4484 ista
1545 4423 1734 4505 responsiot
1757 4423 1890 4505 benique
1909 4415 1992 4480 nullus

477 4522 540 4584 tele
555 4521 646 4599 teste)
668 4519 785 4581 eedem
808 4518 976 4600 opiniones
998 4518 1155 4581 inlinities
1170 4519 1227 4582 ite·
1281 4521 1513 4600 hereticorum,
1540 4520 1601 4583 hoc
1629 4530 1678 4583 est
1706 4521 1814 4584 nullus
1841 4536 1932 4584 eoram
1949 4510 1990 4594 qul

478 4627 598 4697 rantur,
615 4618 658 4679 ita
673 4617 790 4679 eedem
811 4617 981 4697 pmvitates
1001 4617 1156 4680 heretice
1170 4638 1227 4700 per
1281 4618 1394 4681 Christi
1410 4618 1559 4681 deitatem
1572 4637 1843 4702 personarumque
1855 4616 1991 4680 trinitatem

477 4727 657 4798 temporum
681 4713 847 4777 intervalla
871 4722 901 4776 et
930 4715 963 4775 in
988 4713 1065 4778 locis
1091 4716 1226 4778 diversis
1283 4716 1316 4778 in
1346 4717 1408 4780 Deo
1437 4726 1644 4798 negaverunt,
1671 4716 1750 4780 lecit
1774 4715 1930 4789 miracula3
1949 4707 1991 4770 sed

478 4821 637 4879 renovate
658 4821 732 4875 sunt
751 4831 843 4894 sepe.
861 4811 985 4875 Etenim
1008 4821 1133 4876 mortuo
1148 4815 1227 4877 Con·
1282 4815 1392 4898 eadem
1417 4815 1665 4897 miraculaque
1692 4826 1840 4899 operatus
1864 4822 1905 4878 est
1926 4805 1993 4872 Chri·

477 4913 616 4978 stantino
644 4911 786 4994 prelato,
817 4911 879 4973 lilii
909 4910 978 4990 ejus
1006 4911 1159 4974 Constans
1195 4923 1226 4976 et
1282 4921 1361 4990 stus,
1391 4915 1512 4994 operati
1541 4923 1616 4978 sunt
1649 4915 1891 4979 innumerabiles
1914 4902 1991 4971 saneti

477 5010 677 5078 Constantius
699 5007 916 5090 imperatores,
939 5010 1114 5089 aquodam
1138 5011 1225 5074 Aria·
1281 5011 1449 5074 Christiani
1475 5032 1493 5075 a
1518 5021 1661 5095 tempore
1682 5015 1894 5096 Apostolorum
1915 5021 1992 5084 usque
2090 5010 2091 5019 ’

477 5132 519 5175 no
539 5109 721 5194 presbytero
747 5107 876 5170 luerunt
899 5108 1022 5188 decepti
1047 5109 1224 5190 Arianaque
1281 5109 1321 5171 ad
1342 5129 1492 5190 presens,
1508 5111 1562 5191 qui
1583 5129 1695 5174 omues
1717 5111 1883 5175 trinitatem
1901 5109 1928 5169 in
1944 5103 1992 5163 lieo
2090 5166 2091 5181 ,

476 5208 588 5275 heresi
612 5205 775 5288 depravati
799 5229 805 5267 :
829 5206 883 5288 qui
908 5215 940 5269 et
963 5226 1059 5268 manu
1085 5207 1226 5270 violenta
1281 5210 1494 5290 deitatemque
1509 5209 1623 5271 Christi
1642 5210 1781 5274 limniter
1799 5207 1990 5274 credidemnt:
2090 5198 2091 5291 l

476 5305 747 5393 persequebantur
762 5323 852 5368 veros
866 5303 1076 5384 Christianos;
1086 5314 1224 5388 tuncque
1280 5307 1334 5389 qui
1349 5316 1491 5371 mortuos
1512 5307 1756 5388 suscitaverunt,
1773 5310 1892 5386 surdos,
1903 5317 1989 5374 cacos,
2090 5306 2091 5379 l
