4309 6250
417 518 455 567 na
475 518 637 565 nronrrnrs
658 516 695 563 nr
716 518 864 563 muninus
885 516 912 561 n.
937 517 964 561 r.
988 516 1106 573 ιιιιιιιιι,
1127 514 1215 561 arasa
1236 516 1276 561 rr.
1298 534 1340 545 -
1359 514 1429 561 nna.
1452 514 1508 561 xur
1679 492 1737 559 tdl

182 688 339 771 praeferre
365 687 527 767 ministris,
553 687 618 751 imo
647 684 1109 768 incomparabilitertthahent
1135 685 1168 747 in
1197 684 1404 749 humanitatis
1431 684 1546 749 Christi
1574 684 1738 765 adspectu:

183 787 358 869 collocare,
382 786 517 851 exciere
539 794 571 849 et
592 786 747 849 honorare
772 802 835 866 pre
860 783 934 847 illis.
1031 782 1195 862 Praeterea,
1211 783 1244 845 in
1265 782 1472 847 humanitatis
1492 781 1579 845 illius
1600 788 1742 845 contem·

992 880 1134 963 platinae
1168 880 1328 944 exsultant
1361 900 1427 944 non
1455 880 1559 944 solum
1589 878 1742 961 quoniam

993 978 1063 1062 ipsa
1091 978 1123 1041 in
1152 998 1187 1041 sc
1219 988 1283 1042 ιιιιι
1312 979 1408 1058 hona,
1438 986 1504 1042 tam
1530 977 1647 1059 dulcis,
1677 985 1743 1041 tarn

384 1059 629 1125 ARTICULUS
653 1060 748 1123 XIII·
993 1078 1139 1143 amabilis
1166 1086 1198 1140 et
1225 1078 1341 1141 decora
1372 1077 1530 1155 consistit,
1561 1077 1616 1139 sed
1645 1076 1744 1141 etiam

182 1210 634 1288 Deioeffobilijucunditate
648 1228 745 1287 qoem
760 1208 853 1267 habel
869 1206 939 1265 becr-
994 1185 1124 1260 ΡΓΟΡῑθΓ
1150 1175 1308 1240 b⁰¹¹⁰s¹⁰i⁸
1336 1176 1419 1257 ‘iub
1445 1174 1508 1239 ¹¹⁰⁰
1537 1184 1586 1239 θεῖ
1613 1182 1745 1258 ΡΓΟΡῙΘΓ

230 1300 359 1359 tissima
380 1300 472 1375 oirpo
491 1298 604 1359 Morio
625 1299 662 1356 in
684 1298 807 1357 visione
829 1312 940 1371 corpo-
993 1274 1079 1339 ΝΜ
1099 1294 1170 1357 11¹¹ae
1194 1294 1251 1357 Ρθῑ
1273 1294 1345 1339 ⁰⁸⁰¹
1370 1283 1446 1337 Sunt
1465 1273 1628 1337 ⁰⁰¹¹Sfl⁰¹¹ii
1645 1297 1653 1337 ²
1670 1273 1744 1357 ‘1⁰5²

231 1390 299 1448 roll
313 1408 351 1448 αι
367 1389 524 1448 interiori
537 1388 756 1449 humanitatis
770 1386 856 1448 Filii
873 1385 935 1445 sui.
994 1392 1051 1456 per
1078 1392 1148 1437 eum
1176 1381 1225 1437 est
1249 1382 1393 1456 reparata
1418 1373 1507 1436 ruina
1531 1372 1672 1437 coetcstis
1694 1372 1744 1435 Je-

995 1472 1252 1554 rusalcm3atque
1267 1472 1300 1535 in
1315 1472 1384 1554 ipsa
1398 1470 1595 1535 humanitate
1610 1470 1743 1535 aVerho

33 1596 108 1639 cant.
132 1610 166 1646 ιι.
260 1576 511 1641 GREDIMINI
531 1584 561 1635 ct
591 1575 707 1641 uidete,
735 1574 816 1649 filice
843 1574 938 1641 Sion,
993 1580 1112 1635 eterno
1140 1579 1314 1654 assumpta,
1344 1572 1460 1635 clarius
1487 1589 1584 1653 quarn
1611 1569 1644 1633 in
1677 1577 1743 1633 toto

19 1664 54 1701 ¹¹·
272 1694 378 1752 regem
394 1676 599 1736 Salomonem
620 1674 657 1731 in
678 1674 863 1731 diademate
877 1692 939 1751 quo
994 1678 1101 1733 creato
1115 1669 1243 1733 residuo
1263 1669 1538 1752 omnipotentiam,
1554 1668 1741 1747 bonitatem,

18 1792 167 1838 escunt.
183 1775 359 1835 coronavit
384 1792 456 1833 eom
478 1780 584 1831 mater
607 1790 678 1831 soa.
706 1768 793 1833 Sicut
817 1769 940 1832 lentur
994 1770 1168 1845 casitatem,
1190 1769 1352 1849 pietatem,
1373 1768 1636 1845 miscricordiam,
1651 1766 1745 1848 justi·

184 1873 320 1935 Creator
342 1868 545 1951 omnipotens
570 1868 603 1931 in
627 1868 778 1949 operibus
798 1868 875 1947 suis,
892 1867 938 1929 sie
957 1868 980 1931 B
997 1868 1085 1946 tiam,
1101 1866 1290 1950 sapientiam
1305 1876 1338 1931 et
1350 1867 1606 1931 munificentiam
1620 1867 1745 1930 Creato·

185 1980 224 2033 et
248 1978 371 2033 montes
399 1976 511 2053 creatas
540 1968 573 2031 in
603 1967 651 2030 sui
676 1966 833 2029 Crantoris
861 1964 940 2028 effe-
996 1967 1039 2029 ris
1055 1967 1269 2049 conspiciunt.
1286 1966 1461 2049 specialius
1482 1974 1588 2030 autem
1607 1965 1746 2048 glorian-

69 2089 153 2133 eccu
187 2070 298 2132 ctihus
311 2067 538 2149 jucundantur.
555 2066 679 2129 Etenim
699 2064 939 2147 gloriabamini
995 2072 1046 2127 tur
1058 2065 1091 2127 in
1105 2064 1310 2129 humanitatis
1320 2074 1492 2149 assumpte
1503 2064 1618 2128 intuitu
1632 2063 1747 2127 anima

17 2166 70 2199 ¹²¹¹·
92 2156 127 2195 ¹⁶·
188 2168 324 2251 plenum
344 2172 394 2228 est
414 2183 494 2249 opus
513 2164 594 2246 ejus.
610 2164 683 2228 ideo
704 2164 784 2227 dixit
804 2162 942 2226 Psalmo
996 2173 1113 2227 sancte
1136 2164 1202 2247 jam
1226 2163 1346 2242 heata3
1367 2172 1461 2247 atque
1483 2172 1554 2245 post
1578 2181 1747 2245 corporum

30 2288 168 2336 nexas.
187 2266 333 2349 graphns
361 2263 558 2327 :Delectasti
583 2282 645 2343 me,
672 2262 815 2343 Domine,
838 2261 870 2325 in
897 2262 942 2325 fa·
996 2282 1126 2327 suornm
1147 2262 1435 2341 resuscitationem,
1456 2262 1604 2325 homines
1629 2262 1749 2344 prede-

187 2372 362 2442 cturatua,
379 2360 458 2426 etin
474 2362 624 2445 operibus
644 2380 796 2424 manuum
817 2370 940 2424 tuarum
996 2362 1102 2425 stinati
1122 2361 1343 2443 gloriabuntur
1363 2360 1524 2444 precipua
1547 2362 1580 2423 in
1604 2361 1675 2443 ejus
1694 2359 1749 2423 ud·

186 2462 368 2527 exsultabo.
385 2460 656 2537 Quemadmodum
670 2468 775 2524 antem
792 2458 941 2523 essentia·
997 2468 1108 2543 spectu
1129 2460 1277 2523 exteriori
1297 2467 1329 2523 et
1349 2459 1504 2523 interiori.

186 2562 224 2625 ie
246 2560 409 2643 preamium
428 2558 594 2622 beatorum
619 2558 651 2620 in
678 2558 800 2621 visione
825 2556 941 2619 divina
1037 2558 1127 2622 Nunc
1144 2576 1218 2621 vero
1237 2558 1499 2640 singularissimc,
1516 2558 1748 2639 precordialis-

187 2648 338 2723 consistit
351 2656 562 2737 essentiae,sic
577 2657 760 2719 eorumdem
777 2654 940 2737 preamium
997 2658 1077 2720 sime
1106 2666 1138 2721 ct
1165 2656 1451 2719 exuberantissime
1478 2656 1625 2737 gloriaris
1653 2664 1700 2738 tu,
1728 2675 1748 2721 o

186 2758 388 2821 accidentale
418 2756 451 2818 in
480 2762 694 2818 creaturamm
724 2753 941 2837 speculatione
996 2754 1209 2819 mundissima
1228 2775 1266 2819 ιι
1288 2755 1556 2819 excellentissima
1575 2756 1665 2837 virgo
1689 2756 1749 2818 Μι-

186 2856 350 2933 consistit,
377 2874 435 2937 per
463 2853 646 2917 relationem
672 2872 781 2915 earum
807 2853 845 2915 ad
871 2852 942 2915 Cre·
997 2858 1053 2935 ria,
1073 2858 1105 2919 in
1121 2855 1391 2937 contemplatione
1406 2854 1593 2933 cfarissima,
1605 2854 1749 2919 sensibili

183 2954 423 3019 interemistis
448 2972 585 3035 namque
609 2952 747 3034 cognitio
773 2952 942 3015 defectahi-
996 2963 1027 3017 ct
1043 2953 1251 3016 intellectuali
1270 2952 1551 3033 glorificatissima
1570 2952 1750 3016 humanita-

183 3056 233 3117 iis
252 3054 300 3116 eis
322 3061 380 3134 est,
399 3052 431 3113 in
454 3060 607 3135 qnantum
623 3050 800 3113 Conditoris
820 3052 977 3132 magni-C
997 3053 1037 3115 tis
1067 3050 1330 3136 praedilectissimi
1357 3071 1394 3115 ac
1420 3050 1506 3113 unici
1531 3050 1601 3112 Filii
1628 3050 1685 3113 tui.
1711 3050 1750 3113 Et

181 3154 366 3230 ficentiam,
401 3149 676 3234 omnipotentiam,
712 3149 938 3232 perfectionem
996 3163 1114 3234 quanto
1142 3172 1206 3234 praa
1232 3150 1347 3214 ceteris
1369 3151 1494 3214 cunctis
1517 3150 1632 3213 filium
1659 3159 1749 3213 tuum

181 3261 222 3316 et
258 3251 445 3334 sapientiam
477 3251 508 3312 in
544 3249 609 3310 suis
637 3257 829 3312 contuentur
861 3249 940 3311 effe·
995 3251 1218 3332 dignissimum
1234 3249 1410 3340 secundum
1427 3257 1593 3332 utramque
1607 3249 1679 3332 ejus
1694 3269 1750 3312 na-

182 3352 308 3416 ctihus.
996 3359 1099 3414 turam
1116 3349 1232 3412 clarius
1254 3349 1491 3430 contemplaris,
1508 3357 1603 3430 atoue
1623 3349 1750 3412 forven-

234 3450 384 3530 Denique,
401 3466 465 3528 quo
480 3455 623 3510 creatura
638 3445 745 3526 aliqua
760 3445 854 3508 fuerit
870 3465 940 3527 per-
995 3449 1058 3512 tius
1083 3467 1182 3523 amas,
1203 3455 1291 3510 muto
1316 3447 1349 3510 in
1374 3446 1462 3510 omni
1485 3447 1557 3528 ejus
1579 3447 1695 3510 intuitu
1717 3457 1749 3510 ιι

183 3548 318 3625 fectior,
340 3545 536 3626 deiformior,
563 3544 748 3626 speciosior,
775 3563 812 3606 ae
838 3545 938 3624 magis
996 3547 1027 3608 in
1052 3547 1123 3628 ejus
1148 3545 1356 3608 humanitatis
1380 3545 1522 3608 interiori
1543 3564 1580 3607 ιι
1600 3547 1747 3608 exteriori

181 3646 321 3724 dilecta,
354 3646 417 3708 Deo
451 3663 577 3724 qnoque
612 3642 713 3724 magis
749 3643 937 3724 propinqua,
995 3645 1308 3728 perfectoadspectu
1329 3644 1526 3706 ineffabilius
1545 3644 1745 3725 jucundaris,

184 3754 282 3810 tanto
306 3745 337 3808 in
359 3745 429 3825 ejus
453 3743 620 3806 intuitione
642 3741 728 3804 Beati
759 3742 830 3824 plus
854 3742 940 3804 dele·
996 3755 1026 3808 et
1051 3765 1124 3807 cum
1151 3743 1362 3806 inestimabili
1387 3742 1495 3805 latitia
1518 3742 1748 3806 incessabiliter

182 3853 328 3920 ctantur,
345 3852 377 3906 ct
396 3843 493 3905 Deum
515 3842 547 3903 in
570 3841 635 3904 suis
655 3841 848 3904 benedicunt
865 3859 938 3924 ope
995 3843 1065 3924 ejus
1078 3843 1210 3906 intueris
1225 3841 1452 3904 humanitatem
1464 3860 1592 3924 prorsus
1603 3842 1747 3924 pulcher·

183 3944 292 4008 rihus.
309 3941 432 4004 Certum
448 3949 495 4003 est
515 3949 621 4002 autem
637 3940 737 4003 solam
752 3939 866 4002 Christi
883 3941 940 4002 hu·
996 3943 1121 4004 rimam.
1152 3941 1309 4022 Amplius,
1340 3959 1403 4022 quo
1432 3940 1524 4022 plura
1556 3960 1595 4003 ac
1624 3939 1747 4022 majora

182 4041 376 4106 manitatem
405 4049 470 4102 toto
494 4039 621 4102 residuo
648 4039 731 4101 entis
756 4039 853 4102 creati
878 4039 940 4102 [leo
997 4047 1167 4102 consecuta
1192 4047 1222 4100 et
1248 4038 1363 4120 adepta
1386 4057 1421 4100 es
1449 4039 1532 4100 bona
1555 4059 1613 4120 per
1633 4037 1747 4100 Christi

182 4159 264 4204 esse
281 4140 444 4216 cariorem,
462 4139 688 4220 pulchriorem,
706 4136 939 4221 perfectiorem,
998 4137 1262 4213 incarnationem,
1291 4157 1330 4200 eo
1359 4137 1431 4218 plus
1459 4137 1566 4218 diligis
1591 4139 1661 4219 ejus
1690 4138 1748 4199 hu-

183 4257 294 4321 quum
316 4237 382 4318 ipsa
403 4237 442 4299 ad
464 4237 638 4299 increatum
659 4245 691 4298 et
710 4237 941 4318 hypostaticam
958 4239 982 4301 D
998 4237 1193 4311 manitatem,
1218 4245 1248 4298 et
1272 4236 1456 4300 deliciosius
1478 4246 1572 4318 atque
1593 4237 1749 4300 affectuo-

185 4356 267 4401 esse
296 4335 388 4398 Verbi
418 4335 525 4398 aetemi
554 4345 715 4417 assumpta
744 4334 784 4396 sit
811 4343 842 4398 et
870 4355 943 4416 sup
999 4336 1065 4397 sius
1082 4335 1214 4416 inspicis
1228 4355 1310 4398 eam.
1323 4335 1514 4416 Certumque
1529 4344 1576 4397 est
1592 4335 1676 4416 quod
1693 4355 1750 4416 per

188 4435 334 4520 positata
361 4433 393 4494 in
423 4432 488 4506 illo,
519 4441 646 4513 totaque
681 4433 751 4515 ejus
786 4435 943 4515 capacitas
998 4434 1114 4496 Christi
1143 4434 1394 4496 incarnationem
1424 4434 1468 4496 sis
1498 4433 1581 4496 facta
1609 4434 1748 4496 Genitrix

188 4533 383 4620 plenissime
403 4531 444 4594 sit
466 4531 595 4613 impieta
614 4533 700 4594 omni
718 4533 801 4594 dono
821 4533 941 4612 gratia,
999 4533 1065 4608 Dei,
1098 4533 1227 4596 domina
1255 4533 1378 4609 mundi,
1408 4534 1595 4614 nugatorum
1625 4533 1745 4614 regina,

187 4629 287 4696 omni
301 4647 425 4710 quoque
440 4647 571 4690 munere
585 4627 704 4708 gloriae.
718 4627 833 4690 Omnes
848 4629 941 4690 etiarn
999 4641 1030 4695 et
1044 4641 1146 4694 mater
1165 4633 1261 4694 totius
1280 4631 1445 4693 militantis
1464 4652 1502 4694 ac
1522 4633 1748 4714 triumphantis

187 4728 286 4794 Beati
312 4727 345 4790 in
374 4727 472 4808 putria
499 4727 636 4808 diligunt
665 4745 734 4788 eam
763 4747 826 4808 praa
855 4726 942 4790 omni
999 4730 1160 4794 Ecclesia.
1187 4731 1308 4793 idcirco
1337 4730 1367 4791 in
1398 4731 1667 4812 contemplatione
1690 4732 1747 4793 hu-

188 4835 354 4893 creatura.
380 4825 499 4890 idcirco
530 4826 560 4886 in
591 4825 661 4907 ejus
686 4825 847 4907 agnitione
873 4835 944 4908 post
999 4831 1159 4892 munitatis
1191 4829 1258 4892 Filii
1288 4828 1344 4902 tui,
1377 4837 1426 4890 est
1456 4830 1525 4906 tihi,
1554 4830 1747 4911 benignissi-

186 4930 298 4994 Deum
314 4923 475 5008 potissime
490 4924 666 5006 gloriantur
682 4948 689 4986 ι
707 4925 770 4988 imo
790 4925 860 5008 plus
880 4926 945 4990 cof·
999 4949 1050 4992 ma
1079 4930 1185 5008 ifatcr,
1212 4928 1467 5009 inexcogitabilis
1495 4928 1595 5010 gloria
1622 4938 1655 4992 et
1678 4928 1747 4992 dul·

188 5031 346 5094 laetantur
369 5025 402 5086 in
428 5023 497 5105 ejus
523 5023 637 5086 intuitu
662 5043 756 5105 quam
786 5024 818 5088 in
850 5027 944 5089 totius
999 5027 1089 5090 cedo.

188 5124 315 5192 residui
341 5121 575 5205 contemplatu3
597 5141 655 5184 nec
680 5123 786 5186 omnia
810 5125 945 5188 delecta·
1040 5127 1250 5207 Rursusque
1272 5145 1345 5188 cum
1367 5125 1533 5206 Unigenito
1558 5134 1611 5188 tuo
1632 5125 1664 5187 in
1687 5125 1747 5188 hac

189 5233 306 5291 menta
331 5230 363 5285 et
390 5220 501 5302 gaudia
529 5220 623 5283 etiarn
652 5221 746 5285 simul
772 5223 844 5286 vitae
869 5243 945 5305 prat-
1001 5225 1065 5288 vita
1088 5245 1122 5286 es
1147 5224 1332 5286 familiarius
1356 5243 1392 5286 ιι
1415 5225 1591 5286 amerosius
1616 5243 1749 5286 eonver-

190 5325 309 5404 sentiS,
336 5328 458 5404 queunt
479 5319 595 5402 equari
619 5320 821 5386 delectationi
849 5341 945 5404 qnam
1002 5333 1081 5404 sata,
1106 5332 1138 5384 et
1161 5331 1279 5408 quanto
1308 5323 1436 5385 fidelius
1463 5342 1501 5384 ac
1525 5322 1696 5387 cordialius
1719 5323 1747 5388 ei
