4309 6250
400 491 439 538 na
459 491 625 538 nrunuarn
645 490 683 538 en
704 489 853 538 annones
874 491 901 536 s.
925 490 955 534 v.
977 489 1096 548 uuam,
1118 491 1207 538 nram
1227 492 1248 538 r.
1270 511 1311 522 -
1331 494 1402 540 aar,
1425 495 1504 542 xxm
1686 479 1729 544 lb

180 661 265 724 mani
280 680 337 744 per
351 661 599 726 incarnationem
616 669 648 724 et
663 661 842 744 passionem
854 659 927 722 Ver·
941 660 967 722 Α
981 658 1129 724 omnibus
1143 659 1236 724 nohis
1249 661 1432 744 specialiter
1444 663 1729 746 honorandus,sin·

19 771 123 822 Luc-1.
139 774 166 815 π
180 759 212 822 bi
236 760 357 823 aeterni.
383 761 426 823 De
450 779 512 842 qua
537 779 570 823 re
595 779 652 842 per
675 759 852 823 Gabrielem
878 777 927 821 ar·
981 777 1052 820 cere
1067 778 1105 820 ac
1120 759 1243 822 fervide
1264 760 1443 841 diligendus
1464 781 1501 825 ac
1523 762 1727 826 devotissime

19 839 32 878 ²
53 849 113 892 ’⁰²¹'
178 859 367 941 changeium
382 859 645 940 gratiosissimam
661 857 925 923 adolescentulam
980 859 1263 935 commendandus,
1271 877 1308 922 eo
1322 860 1406 940 quod
1420 860 1518 923 llilius
1531 862 1631 925 Patris
1642 870 1729 925 ater

178 958 375 1037 informavit,
391 965 422 1020 et
446 957 638 1020 certificavit
662 958 818 1035 eamdem,
836 956 926 1019 effic
980 954 1012 1016 ni
1028 954 1132 1017 factus
1147 956 1189 1017 sit
1203 954 1326 1020 fructus
1340 965 1372 1019 et
1387 957 1476 1020 filius
1495 961 1576 1022 uteri
1597 959 1680 1041 ejus,
1696 967 1728 1023 et

179 1075 269 1118 mans
289 1074 327 1118 ex
345 1073 382 1118 ca
407 1063 439 1118 et
463 1055 495 1117 in
510 1075 549 1118 ea
572 1065 603 1118 et
627 1075 684 1139 per
708 1075 777 1118 eam
803 1063 924 1117 tantum
979 1051 1047 1134 ipse
1062 1053 1222 1134 virgineus
1237 1063 1349 1117 venter
1369 1054 1471 1118 factus
1486 1056 1524 1118 sit
1541 1058 1674 1121 thronus
1689 1078 1726 1122 ac

178 1155 325 1216 humanae
353 1153 464 1216 salutis
496 1154 721 1236 complendum
755 1171 825 1216 esse
859 1171 926 1234 my·
980 1151 1138 1213 thalamus
1166 1152 1323 1234 Unigeniti
1354 1153 1408 1216 Dei
1438 1153 1558 1234 Patris3
1583 1156 1627 1218 ita
1655 1166 1728 1238 post

179 1251 322 1314 sterium.
979 1249 1185 1330 purissimum
1210 1250 1295 1313 hunc
1314 1250 1503 1333 virginalem
1526 1261 1664 1334 uterum,
1680 1255 1728 1317 di-

19 1374 164 1427 spmma
219 1350 390 1430 Postremo,
406 1358 441 1412 ut
456 1349 570 1432 partim
592 1349 694 1432 patuit
713 1369 751 1412 ex
772 1348 922 1426 inductis,
979 1346 1151 1410 vinissimaa
1172 1348 1273 1411 llauae
1291 1349 1390 1412 ubera
1413 1357 1487 1412 sunt
1512 1352 1726 1416 sincerissime

20 1441 32 1478 l
61 1441 110 1478 ²²·
134 1448 163 1483 ¹'’
179 1456 210 1512 et
225 1448 308 1515 infra
322 1448 438 1511 clarius
453 1449 621 1527 elucescet,
638 1448 720 1511 Deus
735 1445 926 1510 munificen-
978 1443 1148 1526 diligenda,
1165 1447 1422 1510 reverentissime
1437 1447 1656 1532 collaudanda,
1670 1470 1727 1533 pu·

21 1510 230 1608 iiiiin'tiae
261 1545 406 1624 infinitae,
432 1546 555 1608 divitiis
583 1545 692 1628 gratie
720 1563 784 1607 sua
813 1545 846 1607 in
872 1545 924 1606 via
979 1560 1077 1623 mque
1092 1544 1208 1605 mentis
1224 1544 1340 1608 intuitu
1355 1547 1609 1628 contemplanda.

177 1653 272 1726 atque
301 1644 418 1706 divitiis
446 1644 555 1726 gloriae
585 1663 648 1706 suae
673 1642 705 1704 iu
730 1643 831 1724 patria
860 1651 923 1704 tam
1017 1639 1201 1703 intucamur
1220 1661 1279 1724 pro
1302 1643 1436 1722 viribus,
1453 1655 1607 1726 quantum
1632 1648 1727 1711 deifi-

177 1741 481 1805 muuificentissime
503 1761 591 1804 snam
613 1739 854 1804 dilectissimam
870 1741 924 1802 ad·
978 1747 1048 1800 cata
1074 1748 1149 1802 sunt
1171 1740 1269 1804 ubera
1292 1741 1348 1804 illa
1371 1742 1525 1824 virginea,
1547 1764 1619 1826 quaa
1643 1747 1726 1811 Deus

176 1839 322 1922 implevit
340 1839 479 1920 hieriam,
496 1847 648 1921 quantum
671 1839 741 1901 sine
763 1838 922 1920 personali
941 1835 964 1897 B
980 1837 1161 1900 incarnatus
1186 1841 1314 1921 proprio
1338 1860 1393 1904 ore
1412 1842 1612 1907 sanctissimo
1634 1845 1725 1908 toties

177 1938 293 2001 unione
308 1937 409 2019 potuit
424 1957 503 2019 pura
518 1956 631 2019 capere
646 1945 801 2017 creatura,
819 1945 873 2000 aut
893 1937 922 1999 ai
978 1935 1072 2012 suxit,
1097 1944 1129 1998 et
1152 1937 1328 2018 puerilibus
1356 1958 1393 2002 ac
1422 1941 1547 2003 tenellis
1577 1944 1725 2006 manibus

176 2036 314 2117 desuper
333 2034 401 2098 dari
424 2035 603 2099 condecuit.
977 2033 1042 2094 suis
1063 2040 1128 2096 mm
1153 2032 1338 2116 frequenter
1360 2039 1582 2120 apprehendit,
1607 2042 1722 2124 tetigit,

215 2134 393 2196 Laudemus
414 2141 540 2214 ergoet
562 2131 682 2214 jugiter
705 2132 922 2214 glorificemus
977 2132 1197 2194 contrectavit.
1222 2132 1246 2194 0
1270 2153 1366 2215 quam
1390 2134 1599 2200 ineffabiliter
1622 2139 1750 2221 digni.

176 2233 274 2295 Deum
303 2231 564 2313 omnipotentem,
595 2239 758 2308 aternum,
790 2231 924 2295 immen-
977 2227 1074 2291 ficata
1099 2238 1173 2292 sunt
1199 2229 1297 2293 ubera
1325 2231 1379 2295 illa
1406 2251 1445 2295 ex
1473 2243 1536 2296 tam
1564 2254 1722 2317 amoroso,

177 2350 258 2410 sum,
275 2329 308 2392 in
334 2331 394 2392 hac
418 2349 475 2393 sua
500 2329 742 2412 preclarissima
766 2339 920 2409 creatura,
977 2326 1160 2390 immediato
1181 2328 1372 2411 assiduoque
1397 2341 1544 2396 contactu
1570 2335 1724 2416 unigeniti

176 2427 330 2510 singulari
345 2437 376 2490 et
391 2426 620 2509 preecceissima
641 2446 769 2509 sponsa,
785 2447 823 2492 eo
838 2429 922 2510 quod
976 2425 1048 2486 lilii
1069 2425 1145 2488 Deit
1161 2427 1299 2508 amplius
1321 2436 1427 2492 tamen
1448 2449 1486 2493 ex
1507 2432 1662 2512 suctione,
1680 2435 1725 2497 la-

177 2526 338 2605 bouitatis,
355 2525 482 2609 pietatis
498 2545 535 2589 ac
550 2525 687 2588 caritatis
702 2545 766 2588 suae
789 2524 923 2590 immen-
976 2521 1115 2584 ctationc
1138 2529 1171 2584 et
1194 2525 1383 2588 educatione
1406 2525 1505 2608 ipsius
1534 2549 1573 2591 ex
1598 2529 1673 2593 illis.
1700 2531 1724 2595 0

176 2625 312 2703 sitalem,
335 2624 534 2687 liberalitatis
559 2643 623 2688 sue
648 2623 923 2700 interminabilita-
977 2619 1163 2684 felicissima
1199 2623 1326 2686 illorum
1363 2623 1543 2689 fecunditas
1576 2629 1722 2710 uberum,

175 2733 251 2802 tem,
269 2723 432 2805 sapientie
452 2741 517 2784 sua
535 2721 782 2806 profunditatem
804 2730 836 2785 et
856 2741 924 2786 om·
976 2737 1047 2800 quc
1061 2719 1283 2784 universorum
1299 2730 1458 2804 pastorem
1473 2743 1510 2786 ac
1526 2726 1723 2806 provisorem

176 2821 359 2904 nipotentiae
374 2839 438 2884 sue
453 2821 601 2883 virtutem
617 2827 680 2882 mm
700 2821 923 2902 praeexoelleu-
977 2826 1152 2898 paverunt3
1168 2837 1239 2899 quaa
1253 2819 1300 2881 illi
1315 2818 1499 2884 alimoniam
1522 2825 1724 2904 praebuerunt

176 2927 223 2982 ter
237 2920 271 2982 in
286 2919 355 3002 ipsa
369 2919 635 2997 monstravit,uon
652 2918 753 2982 solum
769 2921 809 2982 ad
824 2918 922 3002 ipsius
976 2913 1008 2975 in
1024 2932 1087 2996 quo
1101 2915 1186 2978 oculi
1199 2915 1343 2979 omnium
1365 2929 1504 3000 sperant,
1521 2921 1636 3003 datque
1659 2923 1723 2986 illis
1748 2948 1865 3005 neam.

175 3017 368 3081 felicissime
400 3017 502 3081 ldariae
535 3018 680 3095 salutem,
710 3017 863 3080 honorem
891 3011 958 3082 ctC
977 3031 1083 3075 escam
1107 3012 1141 3074 in
1164 3022 1306 3096 temporo
1330 3024 1521 3098 opportuno,
1544 3020 1597 3101 qui
1620 3021 1724 3103 aperit
1739 3013 1811 3062 ¹⁵³⁰·

175 3117 313 3197 laudem,
337 3116 402 3181 imo
425 3116 521 3180 ctiam
545 3117 584 3179 ad
610 3113 753 3180 omnium
778 3124 921 3181 nostrum
976 3131 1106 3174 manum
1123 3131 1223 3192 suam,
1240 3121 1272 3175 et
1285 3112 1397 3197 implet
1417 3133 1512 3179 omno
1532 3117 1649 3182 animal
1670 3121 1724 3183 be.

174 3234 280 3297 opem,
307 3214 485 3298 profectum
511 3221 543 3277 ct
567 3212 699 3297 gloriam
728 3237 735 3276 ε
762 3214 837 3296 quia
865 3235 923 3298 per
976 3209 1232 3291 nedictione,qui
1246 3219 1278 3273 et
1291 3212 1452 3294 angelicas
1468 3212 1720 3296 reficitmentes,

175 3315 278 3396 ipsam
293 3312 419 3375 unicam
435 3331 524 3375 suam
540 3312 674 3375 amicam
694 3313 835 3376 decrevit
855 3332 922 3377 om·
976 3307 1043 3370 sine
1059 3308 1152 3389 cujus
1166 3308 1346 3389 provisione
1360 3310 1464 3373 omnis
1479 3331 1552 3376 mox
1565 3326 1723 3380 aresceret

175 3412 269 3474 nibus
294 3410 386 3474 nobis
411 3410 538 3492 copiose
562 3429 758 3490 succurrere,
785 3410 921 3493 implens
975 3414 1070 3485 atque
1094 3404 1247 3469 deficeret
1266 3416 1430 3471 creatura!
1448 3409 1606 3491 Nonne,o
1626 3413 1723 3479 bene-

175 3530 244 3573 eam
265 3518 326 3572 mm
350 3507 531 3571 admirabili
553 3526 589 3570 ac
612 3508 836 3572 liberalissima
856 3512 922 3592 ple-
975 3503 1151 3566 dictissima
1164 3512 1198 3567 et
1211 3523 1341 3587 prorsus
1355 3509 1723 3588 praemobilissimaviu

174 3608 319 3671 nitudine
337 3604 508 3689 opulentiae
526 3624 602 3685 suaa,
619 3614 774 3687 quatenus
794 3608 834 3671 dc
855 3608 922 3691 ple-
975 3618 1015 3683 go
1029 3602 1136 3680 lictor,
1152 3602 1286 3665 Domina
1305 3611 1337 3665 et
1350 3604 1515 3685 Salvatrix,
1533 3626 1639 3672 nonne
1654 3610 1724 3692 ipse

175 3706 319 3769 nitudine
334 3704 404 3786 ejus
419 3722 531 3767 omnes
546 3704 751 3785 accipiamus.
764 3703 883 3787 ltaque,
895 3706 921 3769 si
976 3708 1024 3762 est
1047 3700 1103 3782 qui
1126 3701 1230 3781 operit
1252 3701 1370 3764 coelum
1398 3704 1548 3783 nubibus,
1574 3716 1606 3769 ot
1634 3718 1723 3789 parat
1738 3728 1869 3779 Ρι-αινιο.

173 3806 257 3868 hanc
273 3802 507 3867 serenissimam
522 3801 847 3884 amabilissimamque
861 3804 923 3867 hla-
976 3805 1067 3859 terra
1085 3798 1237 3880 pluviam,
1253 3817 1349 3880 quam
1368 3800 1394 3862 si
1420 3802 1629 3886 subtraheret,
1646 3826 1724 3871 cun-

174 3904 265 3981 riam,
281 3921 344 3985 qua
359 3910 431 3984 post
444 3900 543 3964 Deum
558 3900 646 3962 nulla
662 3919 797 3982 persona
818 3913 922 3966 creata
976 3905 1026 3959 cta
1040 3897 1108 3959 haec
1122 3896 1208 3960 fame
1222 3897 1419 3962 deficerentf
1432 3900 1488 3964 llic
1503 3903 1575 3966 talis
1597 3924 1634 3968 ac
1655 3915 1724 3970 tan-

174 4000 341 4065 amahilior
355 4005 466 4077 exstat,
484 4018 557 4061 vere
571 3998 745 4079 diligimus,
758 3998 832 4061 totis
848 4018 923 4063 con·
976 4003 1038 4073 tus,
1063 3995 1147 4057 Deus
1169 4003 1317 4077 aternus,
1342 3997 1517 4063 immensus
1541 4002 1724 4087 nulliusque

173 4097 370 4181 gratulemur
385 4096 413 4160 ei
429 4095 612 4179 praecordiis
633 4096 672 4159 de
694 4096 780 4159 omni
796 4098 855 4161 hac
871 4118 923 4161 cx·
976 4093 1134 4174 indigens,
1150 4112 1188 4156 ex
1203 4100 1245 4173 te,
1263 4093 1391 4158 ollaria
1405 4097 1592 4178 clarissima,
1616 4101 1723 4167 infans

174 4196 322 4261 cellentia
350 4204 382 4259 et
409 4193 629 4277 praeelectione
652 4194 765 4277 ipsius,
792 4204 823 4257 et
847 4193 960 4278 quial)
977 4190 1070 4253 unius
1094 4189 1158 4253 diei
1183 4189 1332 4269 effectus,
1358 4212 1396 4255 ex
1423 4194 1485 4257 tuis
1514 4198 1723 4264 sanctissimis

174 4296 219 4357 ita
241 4292 351 4357 divino
373 4310 481 4355 amore
500 4300 660 4373 preventa
679 4300 747 4370 est;
764 4312 800 4355 ac
827 4314 921 4376 super
976 4289 1127 4352 uberibus
1140 4298 1190 4351 est
1203 4288 1351 4352 nutritus.
1368 4290 1392 4353 0
1408 4293 1599 4358 suavissima
1619 4305 1651 4359 et
1672 4317 1724 4362 su-

173 4392 225 4455 his
240 4399 305 4455 tota
325 4390 442 4454 mentis
464 4389 627 4453 alacritate
649 4389 857 4471 regratiamur
870 4392 922 4455 dl·
975 4386 1220 4469 perdignissima
1243 4387 1386 4469 virginea
1410 4390 1518 4469 ubera,
1539 4411 1609 4475 que
1632 4395 1722 4459 illum

174 4490 309 4553 tissimo.
977 4493 1154 4547 sustentare
1169 4485 1270 4547 electa
1292 4494 1367 4549 sunt
1388 4487 1458 4551 sinc
1479 4490 1572 4571 cujus
1596 4511 1723 4558 conser-

977 4583 1104 4646 vatione
1119 4583 1207 4646 nulla
1220 4592 1366 4647 creatura
1379 4586 1419 4647 ad
1434 4597 1630 4654 momentum
1652 4612 1724 4676 pos·

348 4697 592 4764 annicetus
616 4697 744 4762 xxm.
977 4689 1025 4744 set
1049 4681 1242 4745 subsisteret

1016 4780 1100 4843 Rene
1124 4779 1156 4842 in
1178 4780 1316 4843 Canticis
1340 4799 1477 4864 sponsus
1496 4786 1657 4852 munditiae
1678 4790 1723 4853 ait
1737 4811 1868 4867 omnio.

188 4830 428 4893 Commendatio
450 4829 745 4888 sacratissimorum
772 4830 909 4891 uberum

976 4880 1015 4942 ad
1036 4888 1065 4942 te
1083 4902 1090 4941 :
1106 4878 1206 4953 Quam
1225 4879 1366 4961 pulchrae
1390 4890 1464 4944 sunt
1482 4901 1628 4950 mammae
1647 4896 1719 4969 tuae,

390 4918 535 4995 Virginis
545 4919 707 4993 gloriosae.

22 5105 158 5159 cmg,
252 5079 417 5141 ELIORA
440 5086 517 5137 sunt
542 5078 642 5137 ubera
668 5086 725 5137 tua
751 5080 838 5149 vino,
853 5081 923 5155 fra·
977 5076 1074 5138 ubera
1089 5082 1143 5137 tua
1156 5074 1243 5153 vino,
1260 5074 1434 5156 fragrantia
1452 5081 1623 5159 unguentis
1640 5086 1721 5168 opti-

262 5177 401 5255 grantic
415 5176 592 5251 unquentis
612 5176 752 5251 optimis.
768 5175 922 5250 Quemad·
976 5173 1037 5237 mis
1055 5196 1061 5233 :
1079 5172 1230 5254 quoniam
1244 5172 1285 5235 ab
1302 5173 1391 5236 omni
1406 5182 1531 5239 terrena
1545 5185 1577 5239 ct
1590 5198 1720 5246 sensua-

174 5276 304 5340 modum
326 5271 569 5354 speciosissime
585 5272 723 5353 Virginis
744 5280 852 5338 uterus
872 5284 921 5339 ast
976 5274 997 5341 li
1017 5270 1286 5353 concupiscentia,
1299 5271 1369 5335 labe
1389 5279 1421 5335 et
1435 5282 1584 5338 contactu
1604 5278 1720 5347 immu-
