4309 6250
249 518 290 563 D!
310 515 520 563 Auctolurm
540 516 636 562 sum
656 514 824 563 rottrfflcrs
845 515 883 559 ΕΤ
902 513 1072 561 cabuanus
1094 513 1234 571 concub,
1257 515 1345 561 traua
1360 515 1381 561 l.
1404 532 1444 543 -··
1464 516 1535 563 Ant.
1558 516 1624 561 xxll
1654 496 1717 561 ιιὸι

160 693 247 764 sunt,
274 686 343 749 sive
366 686 493 763 PauluS,
518 686 585 748 sive
608 686 733 767 Apollo,
759 686 828 747 sive
855 684 946 746 ile—A
967 699 986 742 a
1010 679 1163 743 servitute
1189 680 1322 763 peccati,
1339 698 1404 744 nou
1423 702 1441 745 a
1461 682 1611 746 servitute
1636 690 1713 745 tem-

160 785 253 865 pbas,
270 784 302 847 id
327 791 376 847 εει
399 784 519 847 Ρειιιιε.
535 783 623 858 Quod
644 792 750 846 autem
775 783 829 846 tali
852 782 910 844 rui·
964 777 1078 859 porali.
1095 777 1175 841 llinc
1199 780 1238 841 ad
1262 778 1420 843 Romanos
1444 780 1561 842 dicitur
1578 803 1585 841 :
1603 778 1713 842 Omnis
1726 808 1858 857 amm,

159 882 295 945 nisterio
323 882 435 962 honor,
460 900 524 945 non
550 881 719 962 subjectio,
745 882 908 959 debeatur,
963 875 1072 938 anima
1091 875 1299 957 potestatibus
1329 877 1568 939 sublimioribus
1589 877 1713 939 subdita

159 988 286 1044 constat
309 1000 348 1044 ex
372 999 410 1044 eo
432 981 518 1061 quod
542 980 582 1043 ad
610 977 909 1042 Thessalonicenses
964 974 1015 1036 sit.
1031 974 1119 1048 Quod
1134 974 1173 1037 de
1188 974 1388 1055 subjectione
1407 976 1446 1037 ad
1464 975 1622 1057 justitiam
1639 994 1713 1058 per-

61 1115 73 1143 e
99 1115 141 1150 ,ιι
157 1078 279 1142 latetur
294 1101 302 1140 ι
319 1078 427 1159 Neque
448 1078 569 1140 luimus
591 1084 770 1158 quaerentes
789 1076 830 1138 ab
853 1074 909 1138 ho-
964 1072 1085 1134 tinente
1100 1072 1258 1155 prolatum
1279 1081 1337 1135 εει.
1355 1072 1397 1135 De
1417 1072 1617 1154 subjectione
1636 1091 1712 1136 vero

26 1166 60 1214 ‘⁷'
157 1176 303 1239 minibus
326 1175 473 1257 gloriam,
498 1193 598 1256 quum
622 1192 789 1254 possemus
817 1172 908 1236 vobis
963 1170 1154 1233 humilitatis
1179 1170 1332 1252 scriptum
1357 1179 1406 1233 est
1422 1194 1429 1234 ι
1447 1170 1589 1252 Subjecti
1611 1179 1712 1235 estote
1736 1198 1819 1243 rrae.
1835 1212 1858 1253 ιι,

155 1274 249 1339 oneri
273 1292 344 1337 esse
367 1280 402 1335 ut
426 1272 542 1336 Christi
565 1271 722 1355 apostoli;
749 1271 804 1334 sed
832 1269 908 1334 lacti
963 1268 1052 1332 omni
1073 1269 1221 1333 humane
1242 1276 1394 1333 creaturae
1416 1278 1546 1354 propter
1566 1270 1676 1335 Deum.
1727 1266 1760 1307 ¹³·
1794 1309 1795 1313 =

156 1392 271 1437 sumus
285 1372 412 1455 purvuli
426 1371 460 1434 in
475 1370 580 1433 medio
597 1378 748 1433 vestrum.
764 1370 907 1451 Insuper,
1002 1368 1111 1449 ltaque
1130 1386 1272 1430 summus
1287 1366 1432 1431 Pontifex
1451 1385 1515 1432 non
1534 1369 1579 1431 ita
1592 1377 1640 1432 est
1654 1367 1714 1433 mi-

156 1472 220 1535 hoc
249 1472 345 1535 modo
373 1470 471 1533 etiam
499 1467 642 1532 Christus
674 1466 736 1531 luit
763 1466 910 1530 minister
964 1466 1064 1529 nister
1081 1466 1242 1547 Ecclesiae,
1257 1466 1334 1549 quin
1355 1467 1449 1530 etiam
1469 1468 1559 1550 juxta
1583 1469 1713 1531 modum

155 1570 309 1633 Ecclesiae
327 1589 365 1632 ac
384 1567 616 1649 discipulorum
636 1585 777 1645 suorum,
793 1565 909 1648 quibus
962 1564 1029 1646 jam
1053 1565 1249 1627 declaratum
1271 1566 1313 1627 sit
1336 1565 1485 1629 dominus
1509 1566 1592 1647 ejus,
1608 1566 1642 1629 id
1666 1574 1714 1629 est

40 1680 125 1725 aare
155 1668 286 1733 locutus
300 1676 372 1731 εει·
389 1666 486 1729 Eilius
505 1665 646 1729 bominis
665 1684 729 1727 non
749 1664 836 1729 venit
850 1664 910 1727 mi·
963 1664 1112 1747 praelatus
1136 1672 1169 1727 et
1191 1672 1305 1743 rector,
1331 1684 1429 1747 quum
1454 1673 1485 1727 et
1510 1665 1607 1729 ceteri
1632 1664 1713 1728 inle-

23 1747 138 1855 2¹³5,
155 1766 298 1846 nistrari,
316 1766 372 1829 sed
386 1764 590 1842 ministrare;
605 1772 638 1826 ει
639 1763 756 1844 ,Ego
748 1783 782 1825 m
802 1762 909 1826 medio
965 1762 1064 1825 riores
1080 1762 1224 1845 episcopi
1239 1763 1300 1825 boc
1315 1764 1410 1826 inodo
1424 1764 1570 1826 dicantur
1589 1764 1712 1827 domini

23 1872 41 1914 ²·
156 1874 301 1931 vestrum
321 1885 392 1928 sum
411 1864 495 1927 sicut
512 1862 568 1944 qui
588 1862 757 1924 ministrat.
774 1862 854 1924 llinc
868 1860 908 1924 ad
927 1861 1118 1924 Eterrarum
1142 1860 1347 1944 plebiumque
1373 1880 1501 1924 suarum
1526 1881 1582 1925 seu
1605 1862 1714 1925 Eccle-

23 1986 131 2029 ιιιιωιιι
134 1964 308 2036 ,Hebraeos
326 1963 468 2027 ιιιειιιιι·
485 1960 627 2025 Christus
646 1960 760 2023 melius
778 1960 909 2023 sortitus
964 1958 1113 2022 siarum:
1136 1960 1219 2021 unde
1247 1968 1279 2021 et
1306 1958 1469 2042 principes
1497 1960 1712 2023 Ecclesiarum

23 2110 102 2153 ,ΜΜ
104 2071 207 2160 ,est
241 2062 479 2139 ministerium,
507 2068 540 2123 ει
567 2059 606 2122 ad
634 2058 804 2139 llomunos,
834 2059 909 2123 Dico
965 2057 1242 2121 S.Bemardus1n
1258 2058 1396 2139 quodam
1417 2077 1563 2121 sermone
1583 2078 1638 2122 eos
1660 2078 1714 2141 ap-

155 2162 318 2225 Christum
347 2160 529 2223 ministrum
558 2157 660 2220 luisse
694 2157 910 2222 circumcisio-
963 2158 1072 2239 pellat.
1096 2157 1210 2238 Sicque
1234 2157 1378 2221 Ecclesia
1401 2166 1450 2219 est
1472 2158 1598 2221 subdite
1622 2158 1713 2240 Papia

155 2261 245 2323 nis:
267 2259 461 2334 ministrum,
488 2256 631 2339 inquam,
657 2256 847 2334 humilitate,
875 2265 910 2319 ut
964 2262 1115 2337 tanquam
1142 2274 1267 2317 summo
1289 2254 1438 2338 pontifici
1463 2275 1531 2319 suo.

23 2381 139 2429 man.
153 2359 256 2423 Gerra
280 2358 420 2440 exponit.
437 2354 508 2417 Euil
531 2356 660 2417 demum
683 2354 837 2418 Dominus
860 2354 910 2416 le-
1003 2354 1147 2436 lnsuper,
1163 2354 1245 2436 Papa
1270 2373 1334 2417 nou
1359 2363 1407 2417 est
1431 2355 1475 2417 ita
1496 2354 1586 2418 lilius
1607 2354 1715 2439 Eccle-

155 2478 212 2520 sus
238 2456 384 2519 subditus
409 2454 486 2533 illis,
502 2452 652 2516 videlicet
675 2452 778 2515 Mariae
803 2461 835 2515 et
858 2453 910 2516 lo-
964 2451 1030 2531 sim,
1043 2453 1122 2534 quin
1139 2452 1233 2515 etiarn
1248 2453 1291 2516 sit
1306 2452 1480 2535 spiritualis
1494 2462 1584 2534 pater
1598 2453 1710 2535 ipsius.

154 2556 251 2637 seph,
266 2561 301 2617 ut
324 2552 425 2615 Lucas
445 2550 642 2632 evangelista
662 2550 827 2628 describit,
844 2570 908 2613 non
963 2551 1029 2614 lmo
1053 2552 1086 2614 in
1112 2561 1266 2633 quantum
1292 2561 1341 2615 est
1364 2551 1457 2633 Papa,
1476 2552 1626 2635 competit
1651 2551 1713 2635 ipsi

154 2662 266 2717 ιειιιειι
288 2652 351 2715 tuit
371 2650 505 2715 inferior
524 2650 581 2713 eis.
964 2668 1033 2711 esse
1047 2658 1170 2732 patrem
1185 2649 1336 2713 Ecclesiae
1349 2674 1355 2711 :
1368 2651 1484 2733 primo,
1497 2652 1619 2713 ratione
1635 2670 1714 2733 prse-

195 2753 362 2830 Praeterea,
379 2751 407 2813 si
431 2748 592 2831 predictis
617 2748 800 2830 objiciatur,
823 2749 908 2830 quod
964 2747 1114 2824 lationis;
1144 2750 1295 2827 secundo,
1327 2749 1449 2812 ratione
1482 2749 1711 2829 instructionis,

155 2860 259 2914 status
278 2848 429 2912 Ecclesiae
449 2854 498 2910 est
519 2855 619 2921 status
641 2847 797 2910 libertatis
811 2848 910 2927 (sicut
963 2846 1112 2928 quoniam
1128 2847 1223 2909 habet
1237 2866 1306 2909 eam
1323 2847 1504 2910 illuminare
1518 2870 1526 2927 3
1543 2848 1647 2927 tertio,
1664 2868 1714 2910 ra-

90 2983 139 3019 .v.
154 2950 201 3011 ait
224 2948 395 3031 Apostolus
422 2970 430 3009 ι
454 2946 516 3009 Vos
541 2945 575 3008 in
600 2945 780 3009 libertatem
806 2948 908 3011 vocali
963 2946 1050 3008 tione
1069 2964 1153 3008 curae
1172 2965 1209 3008 ac
1229 2946 1433 3027 provisionis.
1452 2945 1530 3007 Nam
1552 2954 1583 3008 ει
1597 2946 1711 3009 Paulus

34 3062 41 3073 ·
155 3048 246 3124 εειιε,
273 3047 413 3126 fratres),
442 3062 519 3126 ergo
546 3044 636 3126 rapa
664 3063 729 3106 non
758 3046 908 3127 competit
927 3042 948 3105 C
964 3044 1030 3105 suis
1054 3043 1165 3106 scribit
1188 3043 1354 3127 discipulis
1376 3044 1505 3107 :Filioli
1532 3045 1606 3126 mei,
1632 3064 1712 3128 quos
1741 3068 1856 3123 crata,

154 3145 337 3210 dominium
365 3162 463 3227 super
491 3141 626 3219 fideles,
652 3145 907 3225 respondendum
963 3143 1080 3205 iterum
1100 3141 1253 3226 parturio,
1270 3144 1371 3206 donec
1393 3143 1535 3206 Christus
1556 3143 1713 3207 formetur
1729 3138 1760 3178 ¹⁹·

153 3246 243 3327 quod
271 3241 500 3324 consequentia
528 3259 594 3305 nou
622 3241 716 3319 valet,
747 3242 907 3323 loquendo
958 3240 996 3311 Ιιιι
1017 3241 1130 3318 vobis;
1147 3241 1287 3322 itemque
1305 3264 1311 3303 :
1328 3241 1362 3303 In
1385 3241 1509 3306 Christo
1530 3261 1588 3325 per
1608 3242 1712 3304 Evan-
1741 3270 1807 3316 100„
1827 3287 1857 3325 ,,,

154 3346 196 3407 de
215 3343 360 3406 dominio
380 3341 470 3422 juxta
489 3340 661 3403 secundam
681 3339 752 3421 ejus
769 3343 908 3423 accepti·
962 3339 1083 3420 gelium
1104 3358 1163 3422 ego
1186 3358 1241 3402 vos
1260 3341 1368 3422 genui.
1385 3339 1519 3418 Idcirco,
1537 3341 1712 3403 secundum
1729 3337 1761 3377 ¹⁵·

153 3461 253 3505 onem
277 3465 285 3502 z
311 3441 377 3503 imo
402 3439 448 3501 sic
473 3438 506 3500 in
531 3438 741 3521 triumphanti
764 3439 907 3502 Ecclesia
961 3438 1227 3516 bonaventurarn,
1244 3438 1326 3522 Papa
1349 3446 1397 3501 est
1420 3447 1509 3521 pater
1531 3447 1656 3521 patrum
1681 3447 1713 3501 et

153 3559 241 3602 unns
269 3539 402 3620 augelus
427 3537 518 3600 alteri
543 3537 735 3616 dominatur,
761 3556 906 3620 unusque
962 3536 1185 3599 universorum
1210 3535 1368 3600 fidelium.
1385 3539 1498 3620 Atque,
1515 3547 1550 3599 ut
1572 3539 1617 3600 ait
1639 3537 1712 3600 ller-

152 3639 247 3717 ordo,
259 3636 518 3700 Dominationum
533 3636 622 3714 ordo,
635 3637 811 3699 secundum
825 3637 907 3701 divi·
962 3636 1092 3712 nardus,
1108 3634 1177 3716 ipse
1193 3643 1241 3698 est
1259 3644 1368 3718 pastor
1386 3635 1534 3699 Ecclesiae
1554 3655 1592 3698 ex
1611 3637 1712 3700 omni·

23 3755 137 3802 ιιιιιιειι.
152 3755 235 3799 num
262 3734 459 3816 Dionysium,
479 3733 667 3815 appellatur.
688 3734 839 3798 Ecclesiae
862 3743 908 3798 et·
961 3732 1021 3796 bus
1036 3733 1187 3796 Ecclesiis
1202 3741 1413 3815 congregatae,
1429 3734 1460 3796 id
1482 3743 1529 3796 est
1544 3734 1639 3798 totius
1654 3735 1713 3798 Ec-

23 3833 57 3924 ξ·
72 3833 92 3864 ““
105 3835 136 3872 “’
150 3835 240 3900 euim
255 3843 353 3897 stabis
366 3832 484 3896 dicitur
497 3832 578 3895 liber
591 3831 737 3895 libertate
747 3853 765 3895 a
777 3835 907 3898 servitu·
962 3831 1067 3896 clesiae
1088 3831 1286 3912 conjunctim
1310 3840 1459 3914 accepte.
1475 3832 1582 3897 Nihilo
1605 3834 1712 3897 minus

152 3945 187 3998 te
201 3933 356 3996 daemonis
375 3939 408 3994 et
425 3931 549 4014 peccati
563 3931 616 4010 (de
636 3950 700 4013 qua
717 3931 906 3998 insecundo
961 3929 1043 4011 Papa
1067 3939 1199 3993 vocatur
1221 3938 1254 3992 ει
1274 3938 1322 3993 εει
1344 3928 1431 3993 ιιιιιιε
1456 3931 1606 3995 Ecclesiae
1626 3933 1711 4015 :pri-

152 4051 213 4094 sua
235 4029 370 4113 epistola
389 4028 530 4110 loquitur
549 4028 751 4091 beatissimus
769 4028 903 4095 Petrus:
961 4048 1024 4109 mo,
1041 4029 1191 4111 quoniam
1220 4028 1253 4090 in
1276 4027 1366 4092 fonte
1389 4029 1590 4112 baptismatis
1616 4031 1710 4114 spiri·

31 4149 93 4194 rer.
110 4130 258 4212 u,1niqui
285 4135 360 4192 sunt
388 4127 471 4190 servi
499 4126 737 4209 corruptionis),
763 4147 828 4192 non
852 4149 907 4192 au·
961 4129 1089 4191 tualiter
1116 4135 1319 4209 regeneratus
1349 4129 1456 4191 estin
1482 4138 1707 4213 caeterea,

23 4214 37 4254 '·
150 4237 220 4293 tem
235 4227 381 4291 libertate
395 4224 616 4290 obedientialis
627 4224 907 4308 subjectionis,aut
921 4235 946 4297 Ι)
960 4227 1228 4310 quemadmodum
1259 4226 1455 4309 Augustinus
1491 4247 1586 4311 super
1617 4229 1710 4294 loan-

150 4327 252 4391 etiam
270 4325 445 4407 corporalis
465 4323 711 4407 temporalisque
730 4326 903 4392 servitutis.
960 4346 1034 4390 nem
1057 4326 1216 4405 disseruit,
1240 4328 1325 4408 quod
1347 4325 1489 4391 Ecclesia
1515 4336 1645 4410 generat
1671 4347 1710 4392 ex

149 4425 259 4490 Hinc
250 4445 285 4488 in
305 4425 445 4488 secunda
464 4423 622 4500 secunde,
638 4424 812 4505 quaestione
832 4445 906 4490 cen·
959 4444 1041 4507 aqua
1060 4433 1091 4489 ει
1106 4425 1225 4507 Spiritu
1240 4427 1709 4511 sancto-,secundo,1nquan-

23 4537 55 4580 rt
73 4537 136 4580 tut
151 4524 272 4589 tesima
285 4532 407 4606 quarta,
424 4523 559 4585 Thomas
573 4520 738 4585 affirmat:
731 4524 905 4592 ·llicuntur
959 4535 1026 4590 tum
1041 4535 1090 4590 est
1103 4525 1312 4590 determinata
1327 4545 1462 4610 persona
1477 4537 1509 4592 et
1523 4548 1605 4591 unus
1620 4530 1708 4593 Chri·

43 4632 49 4643 “
150 4623 218 4688 ιιιιι
243 4621 394 4686 Ecclesiae
417 4621 510 4684 liberi
536 4620 680 4684 libertate
703 4642 722 4684 a
747 4624 903 4706 spirituali
959 4627 1100 4706 stianus3
1124 4627 1230 4706 tertio,
1253 4627 1286 4688 in
1315 4635 1468 4709 quantum
1489 4629 1530 4691 ab
1552 4629 1706 4710 Ecclesia,

150 4723 309 4787 servitute
331 4720 468 4804 peccati,
484 4739 549 4783 non
572 4740 591 4782 a
614 4721 766 4785 servitute
792 4743 904 4808 corpo
957 4727 990 4789 id
1013 4734 1061 4790 est
1084 4746 1102 4789 a
1125 4726 1205 4790 filiis
1228 4727 1389 4808 Ecclesiae,
1414 4727 1594 4808 adjuvatur,
1619 4729 1708 4794 love

150 4819 227 4900 rali,
253 4819 328 4901 quia
352 4817 567 4900 pergratiam
591 4817 705 4880 Christi
729 4819 904 4888 liberamur
959 4835 1019 4907 tur,
1044 4834 1077 4888 et
1101 4827 1176 4890 dum
1203 4844 1283 4908 opus
1305 4825 1411 4905 luerit,
1437 4827 1584 4910 dirigitur
1613 4838 1707 4913 atque

150 4920 188 4983 in
217 4918 366 5004 praesenti
391 4936 409 4980 a
436 4917 615 4980 defectibus
643 4917 768 4999 animat,
795 4942 860 4988 non
884 4945 903 4988 a
957 4926 1134 5007 instruitur,
1151 4927 1260 5009 sicque
1275 4930 1360 5010 sugit
1374 4929 1472 4992 ubera
1486 4928 1567 5010 ειιιε,
1584 4930 1624 4992 (ιε
1638 4931 1708 5012 qui-

150 5017 335 5082 delcctibus
354 5015 506 5097 corporis.
522 5017 688 5080 Durandus
706 5037 832 5102 quoque
851 5043 903 5087 su·
957 5026 1016 5088 bus
1035 5026 1068 5088 in
1088 5027 1226 5090 canticis
1241 5029 1357 5110 legitur
1373 5052 1380 5090 :
1397 5029 1524 5093 Meliora
1539 5039 1613 5093 sunt
1628 5032 1704 5094 ube-
1721 5045 1787 5091 canr.
1801 5061 1815 5100 ι,
1832 5052 1851 5092 ι.

24 5145 52 5175 ι.
76 5145 117 5176 ιιι.
149 5134 214 5200 per
226 5114 402 5178 secundum
417 5114 652 5178 Sententiarum
669 5139 676 5178 ι
693 5116 757 5181 Lex
771 5120 903 5204 (inquit)
956 5145 992 5188 ra
1012 5134 1064 5188 tua
1084 5126 1178 5204 viuo;
1194 5135 1237 5206 et,
1254 5128 1328 5202 Quis
1348 5129 1427 5191 mibi
1450 5130 1503 5192 det
1522 5138 1553 5192 ιε
1572 5128 1703 5194 fratrem
1719 5153 1825 5206 rausa,
1834 5157 1853 5198 ι.

149 5213 341 5295 evangelica
358 5211 475 5276 dicitur
492 5212 542 5275 lex
562 5213 710 5294 perfecte
734 5216 901 5304 libertatis,
956 5244 1075 5307 meum,
1089 5233 1255 5307 sugentem
1270 5226 1367 5290 ubera
1381 5227 1493 5290 matris
1515 5232 1618 5292 meet

151 5311 308 5396 quoniam
328 5311 442 5375 liberat
459 5310 499 5374 ab
518 5331 615 5376 onere
634 5316 750 5378 veteris
769 5318 850 5400 legis
870 5331 903 5385 et
996 5324 1168 5404 Postremo,
1186 5335 1273 5408 patet
1297 5346 1334 5389 ex
1359 5327 1408 5389 bis
1433 5330 1592 5409 quomodo
1612 5338 1703 5412 pater

281 5443 315 5495 T.
333 5445 372 5496 36.
1548 5465 1579 5516 ³6
