4309 6250
400 467 441 533 94
631 485 672 533 oa
692 486 856 533 aremare
877 486 915 533 ar
935 485 1083 532 camiaco
1102 485 1133 530 a.
1155 486 1185 530 v.
1207 486 1325 543 naara,
1347 486 1437 532 tram
1456 487 1491 533 n.
1513 506 1556 516 -
1575 486 1646 533 aar.
1669 486 1723 533 ιιι

406 656 863 817 t‘tet'lttltltl
884 656 1019 836 illl?
1039 655 1191 817 tlte*
1395 714 1643 780 acuemus
1665 714 1758 776 xa

261 844 293 884 ’τ’
405 850 506 913 ilibus
522 858 621 929 wrm,
638 869 749 914 ⁰¹¹¹¹¹²⁸
766 859 877 933 &linies
899 849 1152 932 magnificabunt
1204 884 1260 939 An
1274 881 1441 938 benedicta
1455 890 1485 939 et
1501 882 1648 955 ptorr'osa
1665 880 1889 955 oirpoMaria
1903 878 1970 935 Ιια-

266 974 391 1025 rma.
406 966 489 1010 enm.
515 948 636 1011 Idcirco
660 948 768 1010 dixisti
790 972 797 1009 :
819 948 945 1011 Beatam
970 966 1021 1009 me
1043 947 1152 1009 dicent
1245 971 1316 1027 imp,
1344 979 1451 1027 celem
1474 972 1561 1028 dom,
1581 971 1704 1045 fiam
1723 970 1835 1044 §nm-3
1857 969 1969 1034 dm„

406 1064 518 1109 omnes
539 1046 770 1127 generationes,
1245 1058 1408 1122 videlicet,
1420 1060 1569 1133 qratiam
1584 1060 1781 1124 sanitatum,
1796 1056 1967 1131 operatio·
2001 1072 2111 1119 reema

259 1164 392 1215 neuma.
446 1144 568 1223 Adbuc,
586 1143 618 1205 in
639 1144 698 1207 Job
717 1145 852 1207 habetur
868 1168 875 1205 :
891 1143 1059 1225 Inspiralio
1080 1141 1153 1205 Om-
1246 1166 1317 1204 nean
1335 1148 1511 1216 virtutum,
1521 1150 1557 1205 id
1569 1154 1616 1205 est
1630 1146 1885 1213 miraculorum,
1895 1146 1970 1202 dis·
1984 1137 2010 1184 ⁹·
2027 1138 2058 1177 ¹⁰·

406 1241 580 1323 nipotentis
603 1241 657 1303 dal
680 1240 933 1323 intelligentiam,
950 1241 1051 1316 Quum
1075 1258 1151 1322 ergo
1244 1237 1422 1295 cretionem
1436 1238 1632 1311 spirituum,
1649 1234 1969 1309 interprelalionem

408 1338 612 1402 serenissima
630 1339 725 1420 Virgo
745 1339 966 1401 incessabilem
985 1358 1021 1401 ιο
1046 1339 1152 1421 copio-
1245 1342 1579 1399 sermmmnbdssneffl
1594 1326 1799 1399 iswamm-

407 1437 567 1499 sissimam
588 1436 735 1499 habuerit
754 1438 994 1519 inspirationem
1016 1436 1151 1519 Spiritus

408 1532 526 1613 Sancti,
542 1533 642 1595 multa
655 1542 686 1595 et
701 1533 837 1596 maxima
856 1534 929 1597 inde
949 1534 1077 1615 agnovit
1097 1533 1153 1595 ab·
1272 1538 1496 1597 ENEDICTA
1518 1544 1554 1595 tu
1577 1537 1614 1595 in
1636 1537 1841 1596 mulieribus.
1856 1534 1966 1597 Bene-
1981 1556 2108 1609 maa.

407 1632 472 1693 dita
493 1639 525 1693 ct
543 1630 660 1693 lutura.
676 1630 818 1693 Christus
841 1651 966 1713 quoque
991 1640 1062 1713 post
1085 1632 1152 1694 Coe·
1284 1633 1384 1695 dictio
1409 1633 1463 1694 [tei
1488 1641 1536 1694 est
1565 1631 1694 1694 collatio
1721 1630 1963 1695 beneficiorum

261 1748 480 1805 102„„,1.,nam
505 1729 584 1790 dixit
606 1730 765 1810 Apostolis
789 1754 796 1791 ε
818 1729 912 1791 Multa
935 1730 1037 1793 babeo
1060 1730 1152 1793 vobis
1206 1748 1243 1793 ac
1259 1749 1428 1791 munemm
1444 1730 1515 1811 ejus
1536 1738 1568 1791 et
1589 1728 1812 1810 multiplicatio
1831 1748 1965 1791 eorum-

262 1819 295 1859 ¹²·
406 1827 525 1905 dicero,
555 1827 609 1890 sed
639 1846 702 1891 non
731 1829 862 1910 potestis
891 1836 1015 1910 portare
1043 1830 1150 1892 modo.
1166 1828 1189 1889 n
1207 1828 1292 1905 dem,
1323 1828 1490 1909 potissime
1518 1836 1625 1890 autem
1653 1826 1867 1909 spiritualium
1900 1828 1964 1889 do-

406 1925 507 2000 Quum
529 1925 627 2006 igitur
645 1926 880 2007 sapientissima
904 1935 936 1989 et
959 1926 1153 2008 perfectissi-
1208 1945 1322 1988 norum
1344 1927 1453 2007 gratia
1477 1936 1509 1987 et
1531 1925 1780 2007 gloriamque
1801 1924 1965 1987 electissi-

408 2042 460 2085 ma
475 2023 563 2104 virgo
578 2024 672 2085 Maria
686 2024 851 2105 aptissima
866 2024 964 2087 luerit
978 2024 1032 2087 illa
1054 2026 1153 2088 susci·
1207 2044 1267 2086 mae
1278 2024 1585 2106 incomparabilique
1596 2024 1698 2086 liariae
1709 2022 1743 2084 in
1754 2022 1959 2101 mulieribus,

408 2141 494 2203 pere,
522 2122 698 2202 intelligere
719 2141 756 2184 ac
778 2132 914 2204 portare,
937 2142 1000 2185 non
1028 2123 1154 2186 videtur
1208 2122 1292 2184 inter
1326 2123 1487 2201 mulieres,
1516 2142 1614 2204 supra
1648 2122 1800 2183 mulieres
1833 2130 1865 2184 et
1892 2141 1964 2204 prae

407 2218 592 2299 ambiguum
607 2220 684 2299 quin
699 2221 738 2282 de
754 2220 869 2281 talibus
884 2220 1068 2301 Unigenitus
1083 2222 1154 2302 ejus
1209 2220 1399 2283 mulieribus
1422 2220 1560 2298 cunctis,
1585 2218 1856 2283 excellentissime
1883 2228 1966 2282 sunt

409 2317 554 2379 docuerit
564 2336 633 2379 eam
649 2336 790 2381 seorsum
805 2336 860 2381 ore
874 2319 914 2380 ad
928 2337 974 2396 os,
988 2328 1083 2400 atque
1097 2339 1155 2401 per
1209 2319 1323 2381 collata
1342 2328 1405 2381 tam
1425 2321 1509 2382 dona
1529 2319 1639 2401 gratita
1660 2327 1785 2399 gratum
1811 2318 1963 2381 facientis

409 2414 566 2477 internam
598 2434 662 2477 sue
695 2415 822 2479 deitatis
856 2415 1092 2479 irradiationem
1121 2417 1154 2478 in
1208 2436 1303 2498 quam
1332 2437 1466 2480 munera
1497 2418 1607 2499 gratia
1638 2418 1738 2498 gratis
1766 2417 1859 2494 data,
1887 2435 1963 2498 qum

410 2531 475 2575 snae
489 2512 715 2575 amantissime
729 2532 766 2575 ae
781 2512 1036 2576 familiarissime
1051 2515 1154 2577 llatris
1208 2514 1280 2577 aliis
1297 2515 1486 2578 mulieribus
1499 2514 1630 2577 divisim
1645 2522 1677 2577 et
1691 2533 1750 2596 per
1764 2522 1869 2597 partes
1884 2523 1964 2577 sunt

411 2620 561 2673 mentem.
991 2632 1003 2650 ·
1209 2613 1360 2695 praestita.
1383 2612 1478 2676 Porro
1502 2613 1613 2675 multis
1635 2612 1835 2693 mulieribus,
1857 2614 1964 2676 idest

449 2707 612 2787 Praeterea,
628 2707 668 2769 de
688 2707 817 2789 Caipha,
833 2726 897 2771 non
918 2708 1063 2771 obstante
1083 2708 1155 2789 ejus
1210 2712 1355 2792 personis
1370 2710 1502 2772 leminei
1517 2730 1623 2788 sexus,
1639 2729 1792 2774 concessa
1810 2718 1885 2773 sunt
1902 2711 1962 2774 do·

261 2830 394 2881 ramum.
410 2804 543 2884 malitia,
560 2805 713 2886 scriptum
734 2815 783 2869 est
798 2829 806 2869 ε
822 2806 925 2881 Quum
946 2815 1031 2869 esset
1051 2807 1156 2889 ponti-
1209 2827 1251 2871 na
1277 2808 1386 2889 gratia
1414 2808 1513 2889 gratis
1541 2809 1622 2871 data
1646 2808 1679 2869 in
1703 2808 1839 2872 articulo
1861 2816 1959 2888 tacto,

409 2902 461 2965 lex
475 2902 667 2984 anni'illius,
684 2904 894 2987 pmpbetavit.
910 2904 1031 2979 Quanto
1053 2904 1155 2987 magis
1210 2914 1245 2967 ut
1271 2925 1310 2968 ex
1334 2905 1499 2967 Chronicis
1527 2914 1561 2966 ct
1586 2904 1745 2985 legendis
1772 2912 1860 2987 patet
1883 2905 1962 2967 San-

409 3000 683 3064 excellcntissima
703 3001 817 3082 llariaa,
833 3003 1004 3083 advocate,
1020 3003 1156 3084 impera-
1172 3005 1194 3067 (l
1210 3011 1334 3067 ctorum
1351 3027 1358 3064 :
1376 3003 1498 3065 idcirco
1511 3002 1580 3065 hac
1601 3003 1709 3066 omnia
1724 3002 1820 3065 simul
1835 3012 1868 3066 et
1882 3004 1962 3065 emi·

408 3098 491 3180 trici,
501 3099 636 3179 custodi,
646 3100 763 3163 nutrici
777 3119 815 3164 ac
829 3100 922 3163 matri
937 3100 1033 3166 totius
1047 3101 1156 3164 Eccle-
1210 3101 1399 3165 nantissime
1414 3110 1489 3164 sunt
1503 3102 1618 3165 donata
1631 3100 1735 3165 llario)
1749 3100 1960 3183 dignissima,

409 3198 475 3278 sie,
497 3199 696 3282 competebat
709 3199 748 3262 de
763 3200 1029 3263 concernentibus
1047 3200 1156 3262 Eccle·
1209 3219 1279 3282 qua
1298 3221 1317 3262 a
1336 3199 1426 3264 nullo
1444 3207 1611 3281 superatur
1630 3199 1816 3262 illustrium.

410 3297 490 3359 siam
506 3297 653 3378 prescire
674 3305 807 3359 ventura
831 3316 868 3360 ac
893 3298 1081 3360 vaticinarit
1105 3298 1156 3360 lu·
1248 3299 1430 3374 Enimvero,
1456 3297 1682 3360 discretionem
1708 3297 1879 3381 spirituum
1904 3297 1961 3361 ha·

410 3414 516 3477 super,
527 3396 567 3458 de
582 3413 697 3477 magno
712 3403 743 3457 et
758 3404 867 3458 sancto
881 3396 1001 3458 Joanne
1015 3395 1155 3478 Baptista
1209 3397 1278 3459 buit
1291 3403 1365 3458 ante
1380 3396 1653 3459 annuntiationem
1664 3395 1871 3459 dominicam.
1879 3394 1959 3458 Nam

253 3518 394 3568 narrans.
408 3493 570 3572 asseritur,
592 3493 678 3574 quod
701 3491 763 3554 luit
786 3493 939 3575 propheta
961 3502 993 3556 et
1017 3494 1155 3577 amplius
1207 3505 1239 3558 et
1266 3496 1307 3557 ab
1334 3494 1481 3574 infantia,
1511 3513 1610 3576 quum
1634 3493 1680 3555 uti
1709 3493 1808 3577 coepit
1836 3493 1960 3556 ratione

408 3610 504 3672 quam
525 3592 690 3674 propbeta,
716 3591 866 3672 quoniam
887 3610 982 3673 quem
1010 3593 1156 3674 praedixit
1208 3595 1346 3671 assidue,
1368 3593 1508 3655 creditur
1528 3591 1684 3674 angelicis
1703 3593 1959 3675 apparitionibus

408 3698 589 3767 venturum,
606 3689 795 3752 monstravit
817 3699 1016 3770 praesentem.
1032 3690 1154 3765 Quanto
1208 3700 1334 3754 assueta
1352 3689 1464 3753 tuisse.
1481 3689 1556 3752 Viso
1576 3708 1702 3771 quoque
1722 3698 1754 3751 et
1774 3690 1883 3753 audito
1900 3689 1960 3753 oa·
1974 3713 2039 3756 rara.
2053 3716 2091 3757 ιο.

407 3787 508 3870 magis
533 3787 627 3850 llaria
654 3787 840 3850 dulcissima
867 3788 938 3870 plus
967 3786 1031 3850 fuit
1058 3808 1153 3869 quam
1208 3789 1307 3853 briele
1335 3787 1537 3868 archangelo,
1569 3787 1631 3849 luit
1663 3788 1789 3850 turbata
1818 3787 1851 3849 in
1886 3788 1959 3868 ejus

406 3885 615 3968 prophetissa,
645 3885 795 3966 quoniam
824 3884 992 3964 Christum,
1023 3887 1062 3948 de
1091 3905 1154 3967 quo
1208 3903 1366 3963 sermone,
1382 3904 1447 3948 non
1471 3885 1506 3946 in
1530 3884 1741 3966 apparitione,
1762 3893 1849 3947 certa
1872 3885 1960 3966 quod

407 3983 549 4046 nondum
564 3992 639 4046 nato
654 4001 691 4044 οι
706 3991 796 4046 utero
811 3983 912 4046 multa
925 3985 958 4045 in
975 4003 1032 4048 suo
1054 3985 1155 4047 canti·
1208 3985 1305 4047 luerit
1332 3983 1464 4064 angelus
1492 3991 1632 4045 sanctus.
1659 3983 1717 4045 Per
1744 3982 1822 4064 qnid
1851 3991 1959 4046 autem

407 4099 445 4144 eo
460 4080 743 4163 prophetavit,non
759 4081 861 4144 solum
877 4083 1065 4145 monstravit
1079 4102 1155 4164 pre
1207 4083 1406 4145 discernatur
1428 4081 1559 4162 spiritus
1583 4081 1686 4142 bonus
1710 4100 1728 4143 a
1752 4081 1848 4160 malo,
1868 4081 1961 4144 etde

408 4187 531 4242 sentem
571 4178 764 4261 pastoribus,
801 4179 908 4260 Magis,
945 4179 1085 4243 Simeoni
1123 4178 1192 4242 etD
1208 4179 1441 4244 examinatione
1466 4178 1650 4260 spirituum,
1675 4178 1824 4241 dillicilis
1849 4188 1898 4243 est
1921 4199 1960 4243 ac

407 4279 517 4357 Anne,
533 4276 705 4358 multisque
726 4276 809 4355 aliis,
827 4278 882 4340 sed
904 4285 935 4340 et
955 4279 1012 4341 toti
1035 4279 1154 4341 mundo
1209 4278 1334 4340 subtilis
1349 4277 1482 4340 materia
1499 4299 1506 4338 :
1523 4276 1562 4338 de
1577 4294 1639 4357 qua
1654 4295 1768 4360 nuper,
1785 4277 1850 4340 lieo
1871 4277 1961 4340 auxi·

408 4375 533 4460 peperit
553 4394 625 4437 eum
648 4393 684 4437 ac
705 4384 893 4457 presentem
915 4375 1080 4438 exhibuitl
1208 4378 1316 4455 liante,
1333 4375 1522 4459 opusculum
1537 4374 1634 4437 edidi.

447 4475 619 4554 Postremo,
636 4491 700 4536 non
722 4473 825 4536 solum
847 4473 976 4554 gloriosi
999 4474 1152 4556 Apostoli,
1248 4472 1542 4556 interpretationem
1559 4490 1635 4535 vero
1650 4489 1846 4552 sermonum,
1863 4472 1961 4535 idest

407 4573 462 4635 sed
478 4579 509 4635 et
523 4571 578 4634 alii
594 4571 721 4652 plurimi
734 4571 926 4652 evangelicae
942 4571 1020 4654 legis
1036 4572 1152 4649 Sancti,
1210 4573 1453 4636 elucidationem
1476 4571 1721 4654 Scripturamm,
1744 4570 1805 4634 hoc
1826 4577 1875 4633 est
1895 4569 1962 4633 cla·

407 4673 490 4734 dono
516 4671 688 4752 prophetia
710 4669 889 4732 sublimiter
913 4669 1154 4752 splenduerunt,
1210 4691 1277 4734 ram
1292 4689 1402 4734 earnm
1417 4667 1867 4751 intelligentiam,iacultatem
1882 4685 1962 4749 quo-

285 4793 354 4850 xpm.
371 4805 392 4836 ι.
407 4779 442 4833 ut
457 4769 636 4852 Dionysius,
652 4777 687 4831 ut
708 4777 794 4851 patet
815 4769 847 4831 in
870 4769 940 4850 aius
962 4769 1096 4850 epistola
1117 4770 1156 4830 ad
1210 4789 1272 4852 que
1287 4767 1464 4851 exponendi
1479 4768 1637 4844 eamdem,
1653 4766 1765 4828 babuit
1788 4774 1862 4828 ante
1883 4766 1963 4828 mis-

407 4870 560 4934 Joannem
583 4869 774 4952 apostolum,
798 4866 969 4946 ServatiuS,
992 4867 1153 4945 Martinus,
1210 4869 1332 4931 sionem
1344 4865 1506 4945 Paracleti‚
1515 4865 1579 4927 imo
1590 4873 1622 4927 et
1632 4872 1705 4927 aute
1717 4865 1961 4945 conceptionem

407 4969 608 5048 benedictus,
631 4967 820 5043 Bernardus,
844 4967 1032 5029 Franciscus
1050 4991 1056 5028 :
1074 4984 1155 5048 quos
1210 4965 1282 5028 nnii
1296 4965 1352 5027 nei
1369 4987 1377 5025 :
1395 4963 1442 5025 sic
1463 4971 1570 5025 tamen
1590 4961 1673 5043 quod
1694 4961 1728 5022 in
1748 4963 1961 5044 conceptione

407 5088 519 5134 omnes
540 5066 767 5131 amabilissima
787 5073 819 5128 et
838 5065 934 5127 unica
957 5064 1047 5147 virgo
1062 5065 1156 5127 Maria
1209 5062 1368 5144 Unigeniti
1383 5059 1660 5139 summiPatris,et
1673 5058 1789 5121 deinde
1803 5058 1958 5139 quotidie,

408 5168 671 5232 inestimabiliter
695 5165 728 5228 in
757 5165 818 5228 hoc
846 5165 929 5226 dono
958 5162 1028 5226 sine
1057 5164 1155 5228 dubio
1210 5161 1346 5224 maxime
1367 5167 1472 5222 autem
1496 5157 1529 5220 in
1552 5157 1605 5219 die
1628 5165 1739 5220 sancto
1756 5157 1960 5220 Pentecostes
1991 5183 2049 5229 aar,
2067 5191 2113 5236 ,ῃ

409 5267 580 5351 superavit.
1209 5257 1397 5340 accipiendo
1424 5275 1498 5320 cum
1526 5254 1673 5337 gloriosis
1701 5254 1862 5337 Apostolis
1890 5255 1961 5339 Spi-
1975 5251 2061 5306 ⁰²⁸⁶*-
