4309 6250
715 969 1194 1083 PROOEMIUM

819 1284 1099 1299 *—

314 1677 541 1741 illustrissimis
555 1677 705 1760 Regibus,
722 1677 872 1755 Ducibus,
890 1678 1063 1741 Comitibus
1079 1688 1173 1761 atque
1187 1680 1394 1763 llagnatibus,
1418 1690 1448 1744 et
1468 1684 1653 1746 eorumdem
1675 1684 1733 1745 mi-

313 1784 435 1861 nistris,
461 1784 591 1865 quidam
615 1784 791 1866 Religiosus
812 1808 819 1847 ε
841 1784 1012 1865 gloriosam
1035 1785 1243 1849 directionem
1270 1787 1404 1869 Spiritus
1429 1788 1536 1852 Sancti
1561 1789 1593 1852 in
1620 1809 1732 1853 consu-

181 1891 288 1971 lendo,
304 1891 474 1955 efficacem
491 1910 676 1972 processum
690 1894 724 1956 in
739 1894 952 1974 exsequendo,
968 1892 1198 1976 victoriamque
1213 1895 1252 1958 de
1267 1895 1411 1959 hostibus
1427 1897 1643 1979 concupitam.

241 1998 508 2062 Excellentissimi
532 1998 694 2081 Principes
713 2019 750 2063 ac
770 2000 829 2062 viri
856 2000 1016 2077 catholici,
1034 2001 1060 2063 si
1086 2002 1250 2084 utriusque
1276 2003 1468 2067 Testamenti
1492 2005 1733 2067 considerentur

183 2108 360 2188 scripturae,
377 2114 408 2169 et
423 2115 605 2170 sanctorum
621 2107 746 2169 Patrum
762 2106 973 2189 inspiciantur
994 2108 1156 2185 doctrina,
1174 2109 1312 2172 dubitari
1334 2130 1397 2174 non
1420 2120 1525 2194 potest
1545 2110 1621 2193 quin
1646 2118 1733 2173 tanta

183 2212 434 2276 Christianorum
458 2214 624 2296 oppressio
645 2234 664 2276 a
688 2212 912 2295 perfidissimis
933 2215 1061 2277 Teucris
1082 2222 1113 2276 et
1134 2216 1315 2278 Sarracenis
1336 2227 1464 2300 propter
1483 2218 1732 2281 Christianorum

182 2327 314 2401 peecata
335 2320 515 2402 contigerit.
532 2319 777 2383 consulentibus
797 2320 895 2402 igitur
912 2320 1049 2400 qualiter
1068 2320 1254 2384 infidelibus
1278 2322 1342 2384 illis
1367 2324 1408 2386 sit
1433 2326 1655 2403 resistendum,
1672 2326 1733 2388 boo

184 2428 288 2508 primo
303 2437 335 2490 et
349 2428 485 2490 maxime
500 2436 549 2491 est
562 2447 705 2505 necesse,
721 2436 755 2489 ut
768 2429 807 2490 de
822 2426 962 2509 generali
979 2436 1009 2489 et
1024 2428 1182 2511 condigna
1197 2429 1363 2492 christiani
1380 2432 1488 2513 populi
1512 2432 1733 2495 emendatione

183 2537 383 2619 provideant.
400 2536 492 2616 Nam,
509 2546 543 2599 ut
557 2537 770 2600 communiter
783 2535 894 2617 fertur,
910 2536 1044 2599 durante
1058 2545 1090 2599 et
1105 2546 1206 2599 stante
1221 2558 1328 2617 causa,
1346 2538 1440 2601 stabit
1459 2548 1491 2601 et
1509 2540 1635 2601 durabit
1655 2539 1733 2602 efle-

183 2653 264 2707 ctus.
282 2644 313 2707 Si
329 2663 404 2727 ergo
420 2664 476 2708 vos
491 2644 552 2725 ipsi
566 2644 746 2707 infidelium
763 2645 889 2707 illorum
907 2644 1027 2706 rabiem
1044 2644 1307 2727 tyrannidemque
1323 2646 1468 2727 evadere,
1481 2646 1545 2709 imo
1561 2655 1592 2708 et
1607 2648 1733 2709 vincere

183 2753 371 2835 peroptatis,
387 2754 447 2816 hoc
463 2753 566 2834 primo
581 2753 749 2833 consulite,
766 2761 800 2815 ut
813 2752 969 2835 quidquid
984 2752 1179 2816 offensivum
1195 2762 1243 2815 est
1263 2753 1387 2817 Domini
1402 2755 1456 2816 Dei
1473 2754 1581 2831 vestri,
1599 2763 1630 2816 et
1644 2754 1734 2835 quid-

183 2860 261 2940 quid
277 2859 356 2922 iram
371 2860 441 2941 ejus
456 2868 567 2924 contra
581 2880 637 2923 vos
652 2860 799 2941 concitet,
816 2859 973 2923 veraciter
987 2861 1172 2937 emendetis,
1191 2868 1254 2922 tarn
1275 2861 1307 2921 in
1329 2861 1566 2942 vobismetipsis
1580 2880 1675 2943 quam
1699 2860 1731 2923 in

182 2968 319 3029 subditis
335 2966 460 3046 vestris,
477 2968 523 3030 eis
539 2966 701 3048 potissime
717 2968 770 3048 qui
787 2967 953 3030 vobiscum
968 2975 1042 3030 sunt
1061 2969 1243 3049 pugnaturi.
1260 2968 1385 3030 Placato
1406 2968 1491 3029 enim
1514 2968 1648 3031 Domino
1669 2970 1732 3033 Deo

181 3084 301 3152 vestro,
316 3084 348 3158 et
361 3094 399 3138 eo
414 3075 505 3140 vobis
521 3075 725 3138 reconciliato
747 3084 841 3156 atque
860 3073 998 3154 favente,
1017 3076 1161 3158 poteritis
1177 3074 1320 3138 hostibus
1336 3075 1406 3156 ejus
1421 3095 1458 3138 ac
1474 3076 1588 3138 vestris
1604 3096 1734 3160 prospe-

182 3205 218 3248 re
237 3184 419 3266 praevalere.
437 3183 486 3247 Eo
499 3192 605 3246 autem
625 3183 715 3246 vobis
735 3185 833 3264 (quod
852 3184 947 3262 absit)
966 3184 1123 3247 irascente
1148 3192 1179 3246 et
1203 3183 1388 3266 indignante
1413 3193 1542 3266 propter
1568 3193 1671 3247 vestra
1695 3205 1733 3248 ac

182 3291 383 3353 subditorum
408 3299 585 3352 vestrorum
610 3290 764 3367 facinora,
788 3291 925 3372 qualiter
948 3291 1145 3372 triumphare
1171 3290 1340 3354 valebitisl
1361 3290 1513 3354 Dominus
1537 3300 1568 3354 ct
1592 3292 1734 3355 Salvator

181 3408 305 3477 noster,
322 3399 509 3481 Unigenitus
523 3399 622 3461 Patris
643 3399 764 3476 aetemi,
782 3398 1029 3461 sacratissimam
1051 3397 1150 3461 fidem
1173 3408 1204 3461 et
1226 3399 1551 3462 immaculatissimam
1574 3401 1734 3482 evangeli-

181 3527 254 3570 cam
271 3507 385 3589 legem,
403 3527 482 3588 quas
497 3506 600 3588 primo
616 3506 743 3588 proprio
757 3525 823 3584 ore,
840 3507 955 3568 deinde
975 3526 1033 3589 per
1051 3515 1177 3570 sanctos
1193 3507 1359 3587 Apostolos
1382 3507 1414 3568 in
1437 3507 1497 3570 hoc
1519 3508 1638 3569 mundo
1660 3509 1733 3571 edo-

181 3614 263 3692 cuit,
281 3634 338 3695 per
351 3614 482 3677 vitiosos
497 3620 528 3676 et
542 3613 657 3695 impios
679 3613 885 3692 Christianos,
901 3613 1030 3676 nomine
1053 3613 1297 3675 Christianitatis
1313 3614 1472 3695 indignos
1491 3614 1732 3695 christianaque

181 3721 262 3785 fidei
280 3722 428 3786 inimicos
442 3730 475 3785 et
489 3722 682 3804 evangelicae
697 3721 759 3803 legi
776 3722 922 3797 rebelles,
935 3721 1118 3801 defendere,
1132 3723 1280 3799 exaltare,
1293 3719 1475 3784 diffundere
1491 3741 1554 3784 non
1570 3721 1729 3803 dignatur.

180 3831 251 3893 lrno
268 3839 396 3911 propter
410 3831 488 3892 tales
502 3829 676 3893 Ecclesiam
690 3829 776 3910 justo
792 3829 947 3910 permittit
964 3829 1084 3910 judicio
1107 3829 1242 3910 opprimi
1259 3837 1290 3891 et
1305 3829 1420 3891 vastari
1440 3853 1446 3890 :
1463 3829 1731 3911 quemadmodum

181 3939 261 4017 heu,
278 3938 353 4015 beu,
368 3936 430 3998 heu
445 3945 451 3998 t
469 3936 665 4018 experientia
686 3938 780 3999 modo
803 3936 925 4017 pandit.

245 4044 366 4125 ltaque,
382 4044 532 4126 quoniam
547 4045 586 4106 de
602 4044 652 4105 his
667 4063 737 4125 quae
756 4051 884 4120 statum,
901 4062 1029 4106 causam
1049 4051 1080 4105 et
1100 4051 1249 4105 eventum
1271 4043 1421 4106 Ecclesiae
1444 4043 1497 4106 Dei
1520 4053 1729 4122 concernunt,

181 4151 293 4232 aliqua
308 4151 400 4228 mihi,
416 4149 562 4232 quamvis
579 4169 707 4232 prorsus
722 4148 865 4230 indigna,
879 4169 935 4231 per
950 4148 1176 4211 revelationem
1193 4148 1577 4229 supermisericordissimi
1595 4148 1731 4230 Spiritus

183 4260 292 4322 Sancti
308 4268 434 4322 ostensa
449 4266 533 4337 sunt,
550 4268 642 4340 prout
657 4258 741 4320 infra
757 4265 902 4338 tangetur
916 4281 924 4334 ς
941 4257 1007 4319 hcc
1024 4257 1092 4338 ipsa
1112 4257 1226 4319 vestris
1247 4256 1521 4320 Dominationibus
1543 4258 1731 4339 praeinclytis

181 4376 291 4428 motus
306 4386 378 4428 sum
392 4365 542 4428 scribere.
559 4367 632 4440 Qua
647 4365 673 4427 si
687 4366 856 4447 dignanter
870 4365 1057 4446 acceperitis
1072 4373 1104 4426 et
1117 4364 1205 4446 juxta
1221 4385 1257 4427 ee
1272 4363 1420 4440 feccritiS,
1437 4363 1589 4426 Dominus
1604 4365 1663 4426 crit
1678 4383 1732 4427 vo-

184 4475 312 4538 biscum
326 4496 335 4550 3
351 4475 376 4535 si
391 4492 454 4555 quo
469 4475 586 4551 minus,
604 4473 757 4537 Dominus
772 4491 836 4535 non
852 4472 1006 4554 pugnabit
1020 4491 1078 4554 pro
1094 4473 1195 4534 vobis.

181 1569 473 1847 UNlVEllSlS
487 1570 688 1653 Principibus
703 1570 898 1650 christianis,
911 1571 1115 1635 serenissimo
1130 1572 1341 1636 Rornanorum
1356 1573 1552 1657 imperatori,
1565 1596 1601 1638 ac
1618 1576 1731 1639 ceteris
