4309 6250
440 479 500 546 tto
729 499 770 548 ns
788 499 892 549 soron
912 499 1095 548 coomnons
1109 497 1280 548 uramara
1300 499 1333 547 ru
1353 499 1477 547 aarum
1500 519 1540 533 -
1560 501 1631 548 arr.
1653 499 1710 546 xm

305 685 427 737 sexsus.
442 668 502 732 Jcb
515 667 669 732 scribitur
684 693 691 732 ε
708 669 790 734 Ecce
804 670 877 734 coeli
899 688 964 735 nou
984 679 1059 734 sunt
1081 671 1190 736 mundi
1205 671 1230 734 Α
1246 671 1390 735 divinum
1405 679 1453 734 est
1467 670 1645 734 virtuosum
1661 689 1698 733 se
1713 666 1904 751 sapientiala,
1915 685 1982 729 san-

293 785 427 836 nsums.
443 765 477 829 in
499 775 673 850 conspectu
697 769 790 850 ejus3
806 778 839 832 et
860 770 966 833 denuo
983 793 990 832 ε
1007 770 1090 834 Ecce
1116 770 1192 832 lune
1247 776 1345 846 ctum,
1367 768 1537 850 pulchrum
1563 787 1601 830 ue
1626 767 1731 832 dulce.
1753 766 1792 830 Et
1810 767 1850 828 ita
1875 766 1910 828 de
1935 783 1984 827 ce

442 883 508 928 nou
527 864 684 948 splendet,
701 875 733 930 et
754 867 854 931 stelle
877 887 942 931 non
967 877 1042 930 suut
1064 869 1191 931 munde
1247 867 1334 948 teris,
1367 866 1534 948 quidquid,
1567 866 1710 929 absolute
1745 863 1982 946 simplicitasque

442 980 550 1025 coram
584 965 658 1043 eo);
692 963 737 1026 sic
772 965 1009 1048 comparatione
1043 963 1189 1044 increati,
1246 963 1417 1046 loquendo,
1449 963 1563 1027 melius
1592 971 1685 1044 etque
1714 961 1908 1044 praestantius
1939 969 1984 1022 est

440 1062 550 1124 aeterni
565 1061 729 1144 divinique
743 1081 824 1143 esse,
841 1064 929 1127 nulla
949 1072 1094 1126 creatura
1113 1063 1192 1125 dici·
1246 1063 1363 1126 habere
1377 1082 1473 1145 quum
1488 1081 1526 1125 eo
1541 1061 1700 1140 cerere‚id
1717 1060 1867 1142 competit
1878 1061 1985 1138 Deo‚et

440 1165 493 1220 tur
507 1178 589 1238 esse,
605 1159 671 1224 imo
685 1161 790 1242 potius
806 1159 907 1224 fertur
921 1180 986 1225 non
1000 1181 1071 1224 esse
1090 1168 1122 1224 et
1142 1161 1191 1222 ni·
1247 1161 1278 1222 id
1293 1161 1398 1243 ipsum
1413 1168 1461 1223 est
1476 1161 1557 1223 Deus
1573 1178 1648 1223 cum
1664 1157 1858 1240 perfectione
1868 1157 1984 1240 penitus

440 1257 499 1335 bil,
515 1277 611 1340 quem
625 1277 695 1322 esse
710 1268 763 1322 sut
777 1259 910 1342 aliquid,
925 1260 1077 1342 quoniam
1092 1279 1110 1322 e
1125 1259 1191 1341 ple-
1245 1258 1384 1322 infinita.
1401 1260 1509 1341 Itaque
1525 1258 1557 1322 in
1573 1258 1637 1322 Deo
1652 1266 1710 1336 est,
1720 1265 1752 1321 et
1767 1257 1895 1338 ipsemet
1907 1257 1984 1319 Deus

441 1355 598 1436 nitudiue,
626 1357 823 1440 perfectione
857 1367 890 1421 θῖ
920 1359 1060 1442 puritate
1089 1358 1190 1421 divini
1246 1365 1295 1420 est
1309 1357 1434 1421 bouitas
1449 1357 1661 1435 interminate,
1679 1355 1836 1437 sapientia
1854 1353 1983 1434 infinita,

440 1473 511 1518 esse
534 1455 629 1519 distat
651 1465 684 1520 θῖ
707 1456 818 1520 deficit
840 1457 980 1521 infinite.
1008 1457 1090 1522 Deus
1116 1476 1191 1540 ergo
1247 1464 1386 1540 potestas
1402 1457 1569 1536 immensa,
1581 1455 1730 1520 voluutas
1745 1453 1910 1534 liberrima,
1919 1473 1986 1516 san·

440 1561 490 1616 est
515 1553 621 1637 ipsum
646 1574 717 1619 esse
739 1564 906 1637 aeternum,
923 1557 1063 1640 primum
1088 1565 1119 1620 et
1142 1557 1191 1618 iu·
1248 1555 1340 1619 ctitss
1363 1553 1648 1638 incircumscripte,
1666 1552 1867 1637 pulchritudo
1887 1551 1985 1614 illimi-

440 1660 593 1732 creatum,
612 1654 755 1736 plenum,
772 1655 962 1738 perfectum,
984 1656 1189 1736 immensum,
1248 1661 1322 1734 tate,
1338 1653 1475 1717 dulcedo
1489 1653 1728 1733 immensurate,
1741 1651 1868 1714 dilectio
1881 1651 1986 1713 arden·
2105 1684 2106 1694 κ

440 1751 484 1813 ite
510 1753 594 1832 quod
622 1752 776 1834 quidquid
804 1754 843 1817 ed
871 1754 1089 1834 eminentiam,
1121 1773 1192 1836 per·
1247 1753 1379 1832 tissime,
1396 1752 1565 1816 delectatio
1585 1749 1877 1828 exuberantissime,
1896 1749 1986 1812 beati-

439 1847 625 1932 fectionem,
660 1851 858 1916 nobilitatem
890 1873 928 1915 ac
961 1852 1323 1917 beatitudinethudo
1356 1849 1526 1915 omnifarie
1561 1850 1701 1913 infinite.
1735 1849 1887 1911 Similiter
1917 1867 1985 1910 cum

440 1947 540 2030 ipsius
554 1968 625 2012 esse
640 1951 786 2031 pertinet,
802 1951 863 2014 boc
880 1970 953 2014 curn
976 1951 1104 2014 infinite
1125 1953 1191 2035 ple·
1246 1950 1402 2014 immense
1421 1949 1618 2032 perfectione
1637 1947 1833 2012 conveniunt
1857 1947 1915 2010 Deo
1936 1947 1988 2009 ad·

439 2047 596 2125 nitudiue,
612 2048 713 2130 glorie
731 2057 763 2112 et
777 2050 975 2129 excellentie,
992 2050 1192 2132 simplicissi-
1246 2051 1365 2113 orendo
1380 2057 1412 2112 et
1426 2048 1656 2131 superexaltpto
1670 2047 1805 2130 justitia,
1819 2045 1987 2110 misericor·

439 2164 492 2208 me
516 2146 669 2229 competit
692 2148 755 2213 Deo
779 2149 875 2211 :imo
898 2149 960 2212 boc
983 2157 1032 2212 est
1056 2149 1192 2231 ipsemet
1246 2149 1310 2226 dia,
1327 2146 1569 2226 insatiabilitas,
1589 2148 1760 2224 eternitas,
1778 2165 1849 2228 pax,
1864 2145 1989 2226 opulen-

440 2243 535 2324 Deus,
551 2244 596 2306 ita
610 2246 694 2327 quod
710 2246 744 2308 in
760 2265 830 2309 esse
844 2247 955 2311 divino
970 2248 1089 2329 absque
1104 2247 1191 2311 omni
1247 2247 1301 2326 tia,
1325 2245 1490 2323 serenitas,
1513 2245 1681 2326 omnisque
1705 2245 1838 2309 omuino
1857 2243 1988 2327 dignitas
2105 2269 2106 2326 p

440 2342 657 2406 additamento
684 2352 716 2408 et
744 2345 977 2428 compositione
1009 2347 1193 2410 continetur
1247 2365 1284 2408 ec
1306 2345 1465 2426 majestas.

441 2440 681 2522 simplicissime
694 2452 727 2506 et
746 2443 887 2525 perfecte
908 2444 1064 2527 quidquid
1088 2443 1192 2526 perie-
1287 2444 1368 2506 Ecce
1388 2443 1460 2506 talis
1480 2461 1517 2505 nc
1538 2449 1644 2504 tentus
1666 2450 1715 2504 est
1738 2441 1889 2505 Marinus
1913 2441 1989 2503 [leus

442 2539 558 2602 ctionis
579 2547 612 2602 et
630 2540 740 2622 glories
762 2549 821 2605 est.
1247 2551 1355 2606 noster
1372 2541 1576 2624 omnipotens
1600 2548 1633 2604 et
1655 2541 1800 2604 excelsus
1817 2564 1824 2602 :
1841 2540 1879 2603 de
1902 2539 1990 2620 cujus

481 2638 587 2717 Porro,
604 2638 638 2700 iu
661 2640 755 2702 rebus
777 2641 891 2703 creetis
915 2640 1062 2704 videmus
1085 2641 1193 2722 aliqua
1249 2640 1445 2722 perfectione
1467 2658 1591 2702 summe
1614 2640 1765 2721 gaudere,
1782 2640 1875 2721 cujus
1898 2638 1991 2702 besti·

442 2754 523 2814 esse,
542 2738 597 2800 sed
612 2757 683 2800 esse
698 2757 808 2801 eorum
823 2757 889 2802 non
903 2749 951 2802 est
965 2741 1062 2803 vitale
1076 2764 1084 2802 :
1098 2740 1194 2802 ideir-
1248 2739 1350 2802 tudini
1366 2758 1489 2802 summe
1502 2739 1714 2822 congratulari
1724 2738 1990 2819 debemus3quem

443 2853 481 2897 oo
506 2843 556 2898 est
578 2835 815 2919 imperfectum.
842 2837 919 2900 Esse
946 2857 1022 2920 ergo
1046 2839 1191 2902 divinum
1248 2857 1312 2921 prae
1345 2838 1494 2901 omnibus
1522 2857 1559 2900 ec
1588 2856 1685 2920 super
1716 2837 1824 2900 omnia
1851 2837 1991 2899 ardenter

442 2943 491 2996 est
516 2933 622 2997 vitele.
642 2935 790 3010 Quendam
813 2955 889 3000 vero
913 2946 986 2999 suut
1011 2947 1043 3000 et
1067 2936 1191 3018 vivunt,
1248 2956 1364 3015 amare,
1381 2937 1499 3018 jugiter
1521 2937 1676 3000 bonorare
1698 2945 1856 3017 tenemur.

443 3041 630 3096 nouantem
645 3033 1079 3116 intelligunt,utsuntbrute
1096 3059 1102 3097 :
1121 3035 1192 3101 ideo
1209 3039 1231 3102 G
1288 3036 1451 3116 Praeterea,
1472 3035 1649 3098 secundum
1674 3042 1815 3097 nostram
1837 3032 1992 3096 sanctissi-

443 3140 518 3195 suut
543 3131 739 3214 imperfecta.
765 3134 842 3197 Esse
867 3153 943 3217 ergo
970 3135 1116 3197 divinum
1144 3144 1193 3197 est
1248 3154 1334 3197 mem
1358 3135 1468 3214 fidem,
1494 3135 1577 3197 Deus
1601 3141 1710 3197 noster
1735 3152 1817 3196 unus
1843 3142 1874 3195 et
1896 3133 1992 3195 trinus

442 3229 539 3294 vitale
553 3238 586 3293 et
596 3231 976 3308 intellectualeQutedum
987 3242 1093 3296 autem
1106 3242 1190 3315 sunt,
1248 3243 1308 3313 est,
1333 3234 1377 3297 ite
1399 3234 1485 3315 quod
1509 3233 1599 3297 Pater
1623 3241 1655 3295 et
1678 3231 1777 3295 Pilius
1801 3251 1839 3294 ac
1863 3232 1992 3315 Spiritus

443 3328 557 3392 vivunt
571 3338 604 3393 et
617 3329 820 3414 intelligunt3
837 3333 892 3395 sed
907 3332 1060 3412 entitstis,
1077 3332 1193 3395 vivaci·
1248 3334 1382 3396 Sanctus
1402 3340 1476 3395 sunt
1497 3340 1561 3395 tres
1584 3331 1729 3395 Personae
1754 3339 1929 3411 coeterum,
1945 3348 1994 3393 co

443 3426 516 3489 tetis
531 3435 563 3489 et
577 3427 860 3493 intellectualitatis
874 3447 985 3493 eorum
1000 3439 1048 3494 est
1063 3430 1192 3509 finis,et
1248 3432 1385 3513 equales
1400 3439 1431 3494 et
1446 3429 1745 3509 consubstantiales,
1757 3437 1789 3493 et
1804 3448 1887 3493 unus
1902 3447 1993 3493 verus

442 3524 597 3606 quidquid
621 3534 746 3589 suntet
766 3527 976 3607 habent,nou
1000 3549 1020 3591 a
1043 3528 1190 3611 seipsis,
1248 3550 1284 3593 ac
1309 3523 1564 3612 simplicissimus
1589 3530 1671 3593 Deus
1695 3552 1702 3590 :
1726 3529 1769 3591 ite
1792 3528 1877 3609 quod
1903 3528 1993 3590 trium

442 3624 498 3687 sed
513 3623 642 3689 eliuude
657 3625 769 3688 sortite
784 3634 857 3688 sunt
873 3649 881 3688 :
898 3626 1018 3691 idcirco
1032 3646 1099 3691 non
1118 3635 1193 3691 sunt
1249 3630 1455 3693 Personarum
1470 3636 1519 3691 est
1539 3646 1603 3689 une
1620 3627 1771 3706 essentie,
1788 3646 1854 3690 una
1875 3626 1994 3708 sapien·

441 3722 572 3787 omuino
586 3722 741 3805 perfecta,
758 3725 813 3787 sed
832 3724 1030 3806 imperfecte,
1047 3726 1193 3809 indigen·
1249 3728 1303 3806 tia,
1320 3747 1382 3791 uns
1404 3734 1554 3810 potestas,
1572 3745 1636 3789 une
1662 3725 1825 3807 maiostes,
1843 3745 1907 3789 une
1931 3724 1995 3806 pul·
2106 3760 2107 3805 p

442 3820 485 3882 tie
519 3840 557 3883 so
584 3821 808 3902 dependentia.
838 3822 906 3885 lllic
935 3842 1052 3907 nempe
1079 3824 1194 3906 incipit
1250 3826 1405 3903 chritudo,
1423 3845 1486 3888 une
1505 3824 1689 3903 beatitudo;
1711 3832 1743 3887 et
1766 3824 1923 3907 quidquid
1944 3823 1995 3885 ab
2106 3840 2107 3885 t

442 3919 525 3981 entis
538 3918 750 4001 imperfectio,
767 3928 798 3982 et
813 3938 877 3984 non
892 3940 974 3999 esse,
991 3941 1055 3986 non
1071 3923 1191 4001 vivere,
1249 3924 1358 3988 solutes
1378 3922 1583 4007 perfeetionis
1605 3930 1654 3986 est
1675 3923 1708 3985 in
1728 3941 1793 3985 una
1814 3940 1936 3999 eurum,
1951 3928 1996 3983 est
2106 3916 2107 3967 ἶ

442 4034 508 4079 nou
534 4016 724 4099 inlelligere,
755 4017 810 4081 ubi
838 4018 938 4101 ipsius
965 4020 1132 4103 perfectio,
1162 4029 1195 4084 et
1250 4025 1283 4086 in
1307 4024 1418 4101 tribus,
1445 4022 1492 4087 sic
1521 4022 1632 4104 utique
1659 4022 1744 4103 quod
1772 4021 1924 4103 quelibet
1946 4022 1996 4083 bs-

443 4134 526 4194 esse,
542 4115 651 4178 vivere
669 4135 707 4178 ec
732 4116 911 4199 intelligere
931 4117 1101 4182 finiuntur.
1117 4120 1194 4184 Esse
1251 4142 1320 4185 rum
1335 4122 1431 4184 trium
1447 4119 1885 4203 superexcellentissimarum
1901 4139 1938 4183 ec
1953 4138 1996 4181 su

443 4233 518 4296 ergo
553 4213 698 4278 divinum
728 4236 827 4299 quum
857 4216 899 4279 sit
927 4217 1061 4281 omnino
1090 4220 1195 4302 perfe-
1210 4222 1235 4285 D
1250 4220 1580 4304 persanctissimarum
1595 4226 1627 4282 et
1646 4218 1996 4302 superbeetissimarum

443 4321 542 4391 ctum,
559 4312 603 4377 ita
616 4320 666 4376 est
680 4314 774 4377 vitale
789 4323 822 4377 et
834 4314 1062 4395 intellectuale,
1073 4325 1110 4379 ut
1122 4316 1194 4399 ejus
1249 4320 1458 4384 Personarum
1477 4326 1526 4381 est
1544 4316 1680 4381 infinite
1703 4317 1883 4401 dignitatis,
1899 4317 1998 4401 perfe-

442 4411 621 4475 vivaoitatis
646 4421 678 4475 et
706 4412 990 4478 intellectualitatis
1015 4416 1122 4479 nullus
1153 4417 1194 4480 sit
1250 4418 1377 4499 otionis,
1402 4416 1578 4496 felicitatis,
1604 4416 1797 4495 dulcedinis,
1827 4417 1937 4499 glorie
1964 4434 1998 4479 ae

442 4509 530 4573 finis.
553 4509 618 4574 Nec
641 4529 711 4574 esse
733 4510 818 4575 istud
842 4512 990 4576 divinum
1015 4523 1063 4577 est
1087 4515 1194 4597 aliquo
1250 4517 1388 4581 virtutis.
1404 4516 1442 4579 Et
1456 4515 1614 4598 quidquid
1628 4514 1727 4579 Pilius
1746 4524 1795 4579 est
1814 4515 1998 4593 ethabet‚a

442 4608 589 4692 indigens
614 4619 669 4674 cut
691 4612 886 4693 dependens,
914 4614 969 4675 sed
995 4614 1195 4696 simplicissi-
1249 4618 1337 4680 Patre
1353 4624 1470 4679 eterno
1485 4614 1804 4697 suscepit3quidquid
1820 4614 1920 4678 etism
1935 4614 1998 4697 Spi-

443 4727 532 4772 mum
552 4728 590 4771 ac
608 4709 844 4773 nobilissimum
864 4720 914 4775 est
936 4712 969 4774 in
995 4732 1028 4777 se
1051 4715 1133 4796 ipso,
1151 4715 1197 4778 ita
1249 4716 1328 4778 ritus
1343 4714 1477 4778 Sanctus
1491 4720 1586 4777 estet
1600 4712 1706 4791 babet,
1725 4713 1848 4776 ePetre
1868 4722 1902 4775 et
1923 4713 1999 4776 Pilio

443 4809 529 4890 quod
550 4808 705 4892 quidquid
725 4808 758 4871 in
778 4810 849 4893 ipso
871 4832 941 4875 esse
967 4812 1130 4894 asseritur,
1145 4823 1195 4877 est
1249 4823 1400 4895 tanquam
1424 4812 1465 4874 ab
1489 4830 1554 4875 uno
1578 4810 1739 4894 principio
1764 4810 1914 4893 sumpsit.
1932 4811 1998 4875 ldeo

444 4908 617 4991 ipsummet
637 4927 708 4971 esse
729 4908 886 4973 divinum.
1250 4911 1399 4996 queelibet¹
1419 4910 1531 4973 berum
1550 4910 1760 4974 Personarum
1780 4908 1948 4973 infinitam
1968 4910 1998 4971 iu

485 5008 629 5091 insuper,
645 5028 716 5072 esse
731 5009 944 5073 intellectuale
959 5030 1023 5075 non
1039 5019 1088 5073 est
1106 5032 1195 5095 pror·
1250 5032 1283 5075 se
1302 5012 1398 5073 hebet
1421 5008 1607 5073 felicitatem
1633 5016 1665 5072 et
1688 5008 1846 5091 gloriem3
1869 5018 1903 5073 et
1929 5028 1999 5072 una·

445 5130 500 5175 sus
514 5107 775 5192 perfectum,uisi
789 5108 877 5170 omni
892 5108 1008 5173 virtute
1023 5120 1055 5173 et
1068 5111 1194 5192 sapien·
1249 5129 1382 5193 queque
1397 5128 1505 5172 earum
1519 5107 1625 5189 diligit
1638 5108 1735 5171 eliam
1750 5127 1860 5173 amore
1875 5110 1999 5190 penitus

444 5212 490 5275 tia
513 5212 692 5290 decoretur,
716 5208 779 5271 nisi
806 5208 895 5272 omni
923 5209 1101 5291 sanctitate,
1125 5210 1195 5292 pul·
1251 5208 1388 5287 infinito,
1405 5207 1723 5290 superardentissimo
1737 5214 1770 5270 et
1788 5207 2000 5290 superduleis·

446 5312 639 5391 claritudine,
665 5310 819 5374 suavitate
846 5318 987 5372 ornetur.
1014 5308 1090 5373 Esse
1119 5328 1195 5392 ergo
1251 5311 1344 5387 simo,
1360 5317 1392 5372 et
1406 5326 1601 5389 unaqueque
1615 5306 1711 5370 babet
1730 5306 1763 5369 iu
1783 5306 1847 5369 elia
1861 5306 2000 5389 compla-
