4309 6250
502 501 622 551 coum
642 503 811 552 ιιιιιιιιιιιι
831 503 1003 560 raucam,
1025 503 1114 550 aean
1134 501 1179 550 ιιι.
1200 521 1242 534 -
1262 503 1333 551 ιιι.
1355 504 1378 552 ιι
1660 482 1719 552 863

167 676 301 750 spondit
320 695 332 734 .·
350 677 457 738 Fides.
478 675 551 738 llaec
576 672 740 758 responsio
761 673 956 738 Rabomett
973 673 1023 737 lex
1047 673 1102 738 Uei
1128 683 1176 738 est
1199 673 1375 756 multiplex,
1400 675 1490 756 juxta
1518 673 1596 739 illud
1626 675 1684 738 lob
1708 697 1716 736 ι

168 771 339 836 calumnie
371 781 468 856 patet.
497 773 648 848 Quamvis
675 773 760 836 enim
788 780 916 836 extense
971 771 1098 836 Utinam
1126 773 1208 837 Deus
1235 773 1417 837 ostenderet
1441 773 1497 836 tibi
1524 779 1645 838 secreta
1671 787 1863 840 suasanus.

168 870 329 952 loquendo
343 871 426 934 sides
439 879 472 934 et
485 870 536 934 lex
550 871 710 934 interdum
732 889 790 952 pro
803 872 916 936 eodem
968 871 1096 954 pientie
1110 878 1225 950 sue,et
1239 872 1321 954 quod
1337 871 1501 953 multiplex
1516 871 1558 934 sit
1571 871 1621 934 lex
1636 871 1716 953 ejus.

168 976 350 1050 sumuntur,
365 969 494 1053 propria
508 979 615 1034 tamen
636 969 806 1052 loquendo,
823 970 916 1033 reali·
969 971 1058 1034 Unde
1072 989 1130 1053 per
1142 971 1269 1053 Moysen
1285 970 1367 1034 Deus
1380 970 1533 1053 precepit
1550 993 1557 1032 :
1574 971 1718 1034 Custodi·
1734 988 1864 1038 nemra.

167 1076 217 1130 ter
231 1067 482 1151 distinguuntur.
495 1069 587 1132 Fides
601 1087 739 1150 namque
754 1077 803 1132 est
816 1069 916 1132 virtus
969 1075 1001 1131 te
1026 1069 1113 1150 leges
1138 1087 1235 1131 meas.
1260 1067 1316 1131 Est
1338 1069 1486 1150 equidem
1511 1068 1561 1131 lex
1588 1077 1717 1147 eterna,

166 1166 349 1249 theologica
373 1166 623 1249 supernaturalis
651 1167 768 1246 inlusa,
794 1167 917 1231 intelle-
971 1167 1021 1230 lex
1035 1167 1201 1247 naturalis,
1219 1165 1269 1230 lex
1283 1166 1402 1244 divina,
1421 1165 1471 1230 lex
1493 1166 1641 1248 positiva.
1657 1167 1719 1230 Lex

167 1274 255 1328 ctum
271 1265 430 1329 inclinans
450 1267 490 1330 ad
510 1265 781 1347 acquiescendum
802 1267 918 1330 verita·
969 1283 1098 1348 quoque
1112 1264 1224 1328 divina
1242 1265 1273 1328 in
1296 1265 1398 1346 legem
1420 1264 1637 1346 evangelicam
1659 1264 1721 1330 llo·

166 1364 254 1428 tibus
278 1383 349 1446 qne
372 1363 550 1428 naturalem
574 1365 731 1428 rationem
756 1373 918 1428 transceu-
970 1364 1155 1445 saicamque
1177 1363 1342 1427 dividitur.

166 1463 259 1541 dunt,
287 1462 403 1526 intuitu
431 1481 563 1527 summe
591 1463 788 1527 auctoritatis
816 1462 919 1527 incre-
1009 1463 1161 1545 Seqmtur
1178 1485 1185 1524 ι
1201 1465 1263 1527 Dic
1283 1465 1426 1534 emam,
1446 1463 1646 1525 terracinae
1662 1483 1722 1542 po·

167 1569 292 1642 alteque
328 1560 475 1625 Veritatis
514 1561 702 1624 veritatibus
744 1561 822 1625 iidei
862 1579 920 1643 per
971 1563 1122 1622 radisum
1146 1579 1210 1638 pro
1238 1563 1315 1638 fide,
1339 1570 1398 1622 eut
1423 1579 1485 1638 pro
1513 1563 1721 1634 credulitate,

167 1659 325 1723 miracula
357 1660 548 1724 attestantis.
577 1660 674 1724 Porro
707 1659 756 1724 lex
790 1659 918 1742 proprie
970 1669 1104 1736 nutpro
1125 1659 1246 1736 opere?
1262 1660 1465 1736 Respondit:
1482 1661 1561 1722 Tria
1582 1660 1649 1720 toec
1671 1680 1722 1720 rte·

167 1759 254 1822 idem
269 1767 320 1822 est
336 1759 421 1842 quod
442 1766 647 1844 preceptum,
663 1759 822 1840 Precepta
842 1777 919 1823 vero
970 1759 1112 1818 cessaria
1133 1765 1234 1826 sunt,·
1257 1766 1287 1816 et
1311 1758 1472 1834 oontirpit
1496 1766 1602 1818 tamen
1628 1767 1665 1818 nt
1693 1759 1724 1818 si

167 1865 242 1920 sunt
256 1857 298 1921 de
313 1856 438 1920 actibus
452 1857 605 1920 virtutum
626 1855 799 1938 implendis
820 1855 955 1921 titiis-B
971 1857 1047 1935 quis
1060 1875 1103 1914 ac
1115 1857 1241 1916 Iudeis
1255 1863 1314 1915 aut
1329 1855 1528 1916 Christianis
1545 1875 1601 1916 seu
1616 1857 1723 1932 penti·

166 1975 229 2038 que
250 1955 403 2019 vitandis.
971 1955 1058 2014 libus
1077 1955 1123 2014 ad
1143 1955 1242 2030 fldem
1256 1955 1516 2016 Sarracenorum
1537 1973 1722 2026 conversus,

206 2053 362 2136 Sequitur
388 2053 522 2136 questio
549 2053 647 2117 iudei
674 2077 682 2116 t
708 2057 787 2123 Qrtoe
813 2055 920 2130 fides?
971 2060 1142 2127 anteopus
1162 2059 1265 2110 morte
1281 2059 1539 2127 praeoccupetur,
1554 2053 1622 2110 solu
1641 2054 1723 2129 fides

166 2155 348 2229 Respondit
362 2173 375 2212 :
389 2155 466 2216 Non
483 2155 548 2224 dii,
562 2155 618 2214 sed
636 2173 724 2214 unus
740 2156 828 2215 Dens
850 2155 921 2214 sine
972 2150 1131 2226 sufficiat.
1148 2147 1296 2210 Uatemur
1309 2155 1341 2210 et
1360 2166 1418 2211 uos
1439 2147 1538 2210 iidem
1561 2147 1720 2212 interdum

163 2252 345 2328 participe,
368 2260 399 2311 et
426 2271 484 2329 epo
510 2253 674 2314 Maiomet
701 2271 815 2312 seruas
837 2253 918 2328 ejus.
973 2245 1044 2309 siue
1059 2255 1133 2309 actu
1149 2244 1226 2308 lidei
1241 2245 1382 2310 interiori
1399 2245 1610 2327 exteriorique
1629 2247 1723 2311 sulli-

206 2348 267 2412 llic
291 2347 492 2426 intuendum,
508 2351 594 2430 quod
619 2349 703 2414 tides
726 2368 791 2413 nou
816 2349 920 2413 solum
973 2345 1100 2408 ceread
1116 2343 1264 2422 salutem,
1279 2345 1548 2426 quemadmodum
1570 2345 1602 2407 in
1617 2345 1722 2409 inlau-

167 2457 216 2510 εει
230 2447 273 2510 de
295 2446 417 2510 unitate
438 2447 507 2526 Uei,
522 2448 577 2510 sed
600 2455 632 2510 et
653 2449 693 2511 de
717 2448 790 2510 aliis
812 2449 921 2510 multis
974 2443 1060 2507 tibus
1088 2443 1253 2525 baptizatis
1281 2451 1354 2508 aute
1383 2443 1584 2508 discretionis
1612 2444 1721 2508 boram

167 2563 226 2628 per
246 2543 436 2608 relationem
460 2545 500 2608 ad
522 2545 634 2608 Usum.
651 2543 683 2608 Si
709 2565 786 2610 veru
810 2547 921 2627 perid
974 2541 1197 2624 migrantibus.
1213 2541 1301 2606 Unde
1323 2542 1407 2626 quod
1426 2541 1561 2606 lacobus
1583 2541 1627 2605 ait
1648 2561 1723 2624 apo

167 2644 253 2724 quod
278 2642 369 2720 ait,‹
392 2643 463 2706 sine
488 2643 644 2726 participe
664 2667 693 2721 a,
711 2644 848 2708 intendit
870 2663 924 2706 ex·
974 2639 1088 2720 stolus,
1112 2639 1202 2702 Fides
1231 2641 1299 2702 sine
1328 2639 1480 2723 operibus
1509 2648 1634 2705 mortua
1661 2647 1721 2718 est,
1748 2651 1825 2708 teet.
1844 2678 1866 2716 ιι,

168 2743 300 2806 cludere
321 2739 496 2804 trinitatem
516 2760 725 2824 personarum
745 2743 779 2804 iu
798 2741 922 2824 simpli·
975 2738 1142 2801 insinuans
1157 2738 1319 2802 bominem
1339 2737 1408 2802 siue
1424 2736 1574 2819 operibus
1594 2739 1671 2802 lidei
1692 2748 1723 2802 et
1736 2731 1771 2780 ²⁰·
1787 2732 1821 2772 ²⁶·

168 2840 312 2917 sissimo,
346 2839 535 2902 indivisibili
570 2859 607 2905 ac
642 2840 921 2924 immultiplicabili
975 2835 1115 2899 caritatis
1131 2855 1194 2900 non
1217 2855 1311 2918 posse
1332 2837 1459 2913 salvari,
1477 2836 1664 2918 intelligitur
1684 2838 1723 2900 de

167 2938 244 3016 lieo,
259 2937 425 3018 utriusque
440 2937 632 3002 Testamenti
648 2938 814 3022 seripturis
830 2957 922 3020 repu—
975 2934 1104 3012 adultis,
1123 2943 1247 3017 tempus
1262 2943 1293 2998 et
1307 2935 1491 2998 facultatem
1507 2936 1588 2999 bene
1607 2935 1722 3020 agendi

44 3045 257 3116 u.1.21.1;gnat‚
283 3043 320 3098 ut
342 3035 448 3118 primo
468 3055 506 3099 ac
530 3037 723 3118 precedenti
748 3037 830 3102 libro
851 3037 921 3100 dili·
940 3031 1177 3100 Chabeutibus.
1194 3031 1254 3094 Sed
1274 3033 1356 3095 absit
1375 3040 1411 3096 ut
1429 3031 1480 3095 vel
1504 3032 1630 3097 ludens
1654 3033 1724 3097 sive

40 3117 156 3230 {qm
169 3144 285 3217 genter
298 3153 337 3197 ac
357 3135 654 3216 superabundanter
673 3145 838 3200 ostensum
860 3147 918 3200 est.
974 3131 1116 3213 gentilis,
1132 3139 1165 3194 at
1177 3131 1469 3214 incomparabiliter
1483 3132 1621 3214 amplius
1641 3132 1724 3196 absit

168 3233 345 3312 Postremo,
374 3233 460 3314 quod
493 3234 650 3297 blabomet
683 3254 748 3298 uon
776 3234 838 3298 luit
865 3236 920 3298 Uei
975 3239 1011 3291 ut
1029 3229 1146 3312 aliquis
1164 3228 1361 3293 Christianus
1382 3230 1421 3291 ad
1445 3230 1548 3311 legem
1568 3230 1724 3295 Mabomet

168 3332 330 3409 minister,
349 3331 405 3394 sed
429 3332 610 3396 demonum
634 3352 758 3411 servus,
777 3334 921 3397 omnium
976 3336 1180 3391 convertatur
1196 3350 1202 3389 :
1220 3327 1280 3391 boc
1294 3328 1380 3391 euim
1403 3346 1467 3391 uon
1489 3337 1572 3391 esset
1593 3348 1724 3393 conver·

169 3448 252 3511 pene
273 3428 521 3511 precedentium
540 3430 823 3493 bemsiarcbamm
850 3450 921 3513 per-
976 3427 1035 3505 sio,
1051 3426 1107 3489 sed
1123 3424 1294 3508 perversio.
1310 3424 1449 3490 Gentiles
1469 3430 1573 3491 ιιιιιειι
1595 3427 1725 3491 idolola-

169 3526 268 3590 irdias
282 3526 371 3590 selus
385 3528 552 3591 resorbens
566 3546 604 3591 ac
619 3546 799 3605 revomens,
816 3528 921 3611 primo
976 3533 1032 3587 tre
1046 3523 1120 3606 plus
1135 3543 1240 3586 errare
1261 3523 1410 3587 videntur
1429 3544 1525 3606 quam
1548 3526 1722 3590 Sarraceni.

77 3654 114 3692 n.
128 3664 154 3691 η.
168 3625 367 3688 declaratum
390 3634 439 3688 est
459 3625 551 3690 libm.
975 3624 1166 3704 Certumque
1180 3630 1228 3686 est
1242 3622 1326 3704 quod
1343 3642 1507 3704 nunquam
1522 3624 1638 3707 aliquis
1657 3626 1724 3689 sive
1753 3676 1769 3701 .

975 3722 1102 3785 iudeus
1130 3721 1164 3783 in
1192 3720 1359 3803 scripturis
1388 3721 1504 3785 veteris
1533 3723 1724 3788 Testamenti

975 3819 1058 3883 bene
1072 3820 1216 3897 edoctus,
1233 3818 1283 3882 vel
1298 3818 1496 3883 Christianus
1511 3820 1544 3883 iu
1560 3822 1724 3902 scripturis

387 3896 632 3963 ARTICULUS
658 3898 702 3962 1¹·
975 3917 1169 4000 evangelice
1183 3917 1263 4000 legis
1277 3916 1359 3981 bene
1374 3918 1605 3999 instructus‚ad
1621 3920 1724 4001 legem

244 4037 376 4099 Solutio
398 4039 619 4116 quorumdam
643 4040 847 4117 sequentium
976 4018 1221 4079 Samccnorum
1255 4034 1293 4077 ex
1327 4016 1435 4080 auimo
1467 4017 1507 4081 sit
1535 4036 1720 4097 conversus,

432 4127 657 4205 mirionum.
975 4114 1241 4197 quemadmodum
1277 4114 1466 4197 precedenti
1499 4116 1603 4198 patuit
1629 4117 1720 4182 libro.
1736 4144 1777 4185 us.
1792 4153 1815 4184 ι.

936 4218 961 4281 b
976 4214 1063 4277 Unde
1076 4214 1161 4296 quod
1176 4214 1234 4275 iste
1249 4213 1373 4278 ludens
1388 4214 1628 4297 responsionem
1640 4217 1722 4281 bana

232 4310 510 4388 obsecuturae
537 4312 652 4395 querit
671 4311 797 4376 iudeus
814 4336 821 4375 :
839 4316 922 4383 Quot
975 4311 1174 4393 approbavit,
1192 4311 1268 4374 lecit
1288 4331 1326 4375 ex
1348 4311 1561 4377 simulatione.

246 4421 325 4472 sunt
347 4413 431 4487 teges
449 4412 535 4472 Dei?
549 4414 728 4487 Respondit
744 4433 756 4471 .·
775 4414 856 4475 Uno.
878 4415 922 4475 lit
1015 4410 1165 4492 Sequitur
1177 4434 1184 4472 :
1196 4413 1270 4482 Dic,
1285 4414 1316 4471 si
1325 4416 1443 4489 placet,
1460 4415 1549 4475 misit
1566 4417 1627 4475 tibi
1639 4420 1726 4480 Deus

168 4512 227 4570 itte
241 4529 255 4570 .·
270 4511 359 4579 Quid
372 4528 449 4585 erpo
469 4510 553 4569 dicis
570 4512 611 4570 de
629 4512 797 4585 prophetis
811 4514 871 4591 qui
892 4520 922 4571 te
975 4512 1161 4587 seriptum?
1176 4512 1354 4586 Respondit
1365 4514 1451 4572 :Sic
1465 4515 1507 4574 lit
1523 4514 1602 4573 itte:
1613 4518 1728 4583 Quod?

164 4608 432 4684 precesserunt?
458 4610 638 4683 Respondit
660 4629 672 4669 .·
691 4611 761 4669 hee
789 4610 921 4689 quidem
975 4612 1034 4671 Ait
1056 4628 1068 4669 .·
1088 4610 1258 4685 Alsorcen.
1285 4612 1365 4679 Cur,
1391 4612 1514 4689 inquit,
1533 4614 1657 4673 dictum
1681 4624 1728 4675 est

167 4727 225 4768 scu
237 4708 323 4783 sides
334 4706 480 4766 omnium
497 4726 565 4766 una
579 4710 702 4775 est,aed
717 4709 804 4767 ritus
817 4709 923 4767 diver·
975 4708 1163 4784 Alforctm?
1178 4710 1354 4783 Respondit
1366 4728 1377 4767 .·
1388 4710 1473 4777 Quia
1486 4712 1636 4771 discrete
1650 4723 1727 4774 sunt

167 4824 283 4865 sorum
298 4804 432 4863 diversi.
449 4802 610 4866 ὃιιιιιειιιιο
632 4803 735 4884 legem
760 4823 818 4886 pre
842 4803 919 4876 tide,
975 4805 1166 4873 sententies:
1186 4824 1243 4865 nec
1261 4808 1347 4867 enirn
1370 4808 1471 4867 simul
1491 4810 1656 4870 descendit
1676 4832 1727 4871 su·

169 4900 340 4984 responsio
354 4901 416 4963 ista
428 4900 535 4983 aliquo
549 4902 644 4965 modo
664 4910 770 4983 potest
791 4902 918 4980 salvari,
971 4922 1034 4981 per
1048 4923 1098 4962 me
1113 4904 1245 4963 verbum
1261 4904 1611 4983 Dei,quemadmodatm
1627 4910 1727 4969 simui

33 5016 155 5074 tenena
167 5019 272 5082 quum
286 5006 319 5062 et
331 4998 501 5079 Apostolus
514 4998 601 5062 dicat
616 5022 625 5063 ι
642 5000 708 5063 Una
725 5000 820 5078 lides,
838 5019 920 5064 unus
974 5004 1053 5061 dota
1077 5010 1124 5061 est
1149 5004 1202 5059 les
1226 5004 1345 5079 Moysi,
1370 5005 1572 5065 Psatterium
1602 5009 1723 5077 David,

167 5098 337 5177 Dominus,
353 5112 453 5161 uuum
467 5097 639 5179 baptisma.
655 5098 693 5163 lit
706 5099 826 5164 dicitur
839 5100 920 5163 sides
975 5101 1192 5175 Roonpetium
1209 5100 1346 5161 Christo.
1364 5103 1423 5163 Ait
1439 5122 1451 5161 .·
1476 5105 1592 5163 Verum
1606 5106 1701 5166 dicis.

166 5196 316 5260 omnium
345 5195 489 5258 lidelium
514 5214 578 5258 uua
605 5216 643 5259 ex
673 5206 761 5278 parta
788 5198 918 5279 objecti,
1014 5197 1048 5259 ln
1070 5196 1120 5259 bis
1140 5197 1246 5259 verbis
1266 5216 1323 5279 per
1342 5220 1358 5257 ι
1375 5198 1556 5262 Allorcann
1577 5201 1862 5289 intelligitffiffi„

166 5314 232 5359 nou
249 5292 401 5375 subjecti.
417 5293 641 5359 Uerumtamen
661 5296 787 5378 proprie
809 5294 916 5375 lando,
974 5296 1165 5359 alcoranum
1180 5318 1188 5373 ;
1205 5304 1237 5357 et
1256 5294 1323 5377 jam
1349 5316 1445 5381 supra
1470 5297 1588 5361 dilluse
1612 5300 1724 5383 proba·
1737 5322 1766 5351 u·
1798 5277 1803 5295 ⁸
1864 5276 1870 5295 ⁸
