4309 6250
251 523 293 571 nr
312 522 522 571 lucrorum
542 523 638 571 surrur
658 522 826 577 roururcrs
848 523 885 570 ur
905 523 1074 571 enumeras
1096 522 1237 581 concurr,
1260 522 1349 570 ursan
1370 525 1391 569 r.
1414 541 1454 553 -
1475 524 1545 570 aar.
1568 523 1622 569 ιιι
1648 504 1708 569 tter

197 694 362 773 Praeterea,
392 703 427 757 ut
459 696 527 757 bate
561 693 679 757 clarius
711 693 904 774 elucescant,
921 696 946 757 A
961 702 1009 757 tas
1037 695 1077 756 ad
1103 694 1301 777 probandum
1326 695 1411 776 quod
1435 695 1540 757 omnis
1570 703 1709 779 potestas

157 794 357 873 pensandum
386 794 471 874 quod
505 796 556 873 (ut
586 792 697 856 scribit
726 793 836 856 Petrus
867 792 907 855 de
961 792 1178 855 ecclesiastica
1199 792 1361 857 derivetur
1384 814 1402 855 a
1426 792 1518 876 Papa.
1535 793 1709 857 Dicendum

156 890 293 971 lllliaco)
306 912 361 955 sex
374 900 545 974 potestates
560 891 785 955 ecclesiasticae
801 892 907 973 legun
961 900 1010 954 est
1031 910 1179 973 namque,
1197 892 1281 973 quod
1303 893 1466 955 descendit
1490 892 1530 955 ab
1551 910 1589 955 eo
1611 911 1711 973 quan·

156 997 210 1051 tur
233 989 268 1051 in
286 988 459 1071 Evangelio
480 1009 500 1052 a
520 989 643 1053 Christo
665 989 824 1071 Apostolis
846 997 907 1050 tra·
962 998 1029 1052 tum
1043 990 1083 1052 ad
1098 990 1341 1071 dispositionem
1363 990 1580 1053 ministrorum
1602 990 1711 1053 Eccle-

157 1088 233 1149 ditas
257 1105 316 1169 pro
344 1086 423 1170 ipsis
450 1087 753 1169 successoribusque
782 1105 904 1150 eorum.
963 1086 1017 1148 sira
1035 1086 1138 1167 quoad
1159 1084 1456 1149 determinationem
1476 1085 1709 1167 jurisdictionis

156 1184 262 1247 Prima
294 1192 344 1247 est
371 1193 511 1266 potestas
545 1185 806 1266 consecrationis,
836 1203 907 1266 quae
962 1184 1197 1262 ecclesiastice,
1214 1192 1248 1245 ut
1269 1182 1406 1247 evitetur
1424 1183 1580 1265 conlusio,
1598 1204 1711 1247 secun·

156 1283 318 1345 interdum
346 1270 464 1345 dicitur
490 1284 655 1347 character
682 1303 739 1347 seu
768 1291 907 1364 potestas
962 1282 1039 1344 dum
1054 1282 1184 1345 modum
1198 1282 1264 1364 jam
1280 1291 1409 1346 tactum.
1420 1281 1571 1346 Praeterea
1587 1289 1710 1345 constat

156 1382 292 1445 ordinis.
313 1383 411 1458 Quam
436 1382 573 1445 contulit
593 1382 736 1445 Christus
759 1382 870 1445 dicens
896 1405 904 1443 ε
962 1400 1001 1443 ex
1019 1380 1225 1462 praeinductis
1245 1382 1409 1445 doctorum
1432 1380 1608 1461 sententiis,
1625 1380 1709 1462 quod

34 1512 140 1556 mg
156 1481 224 1543 Hoc
249 1480 344 1542 lacite
369 1480 403 1542 in
430 1500 533 1543 meam
556 1481 904 1544 commemorationem.
962 1481 1108 1542 doctores
1141 1462 1334 1562 prmallegati
1369 1498 1569 1562 nequaquam
1602 1480 1709 1543 dicere

156 1581 305 1643 Secunda
324 1589 372 1642 est
390 1588 530 1662 potestas
549 1579 834 1643 administrationis
858 1598 908 1641 sa·
963 1577 1132 1640 voluerunt
1146 1596 1273 1641 omnem
1290 1586 1476 1659 potestatem
1490 1577 1640 1641 Ecclesiae
1662 1577 1709 1640 sic
1769 1582 1771 1588 '

156 1687 446 1759 crementorum,et
460 1678 625 1761 potissime
640 1678 828 1741 sacramenti
844 1678 907 1741 Pte
962 1694 1033 1737 esse
1053 1694 1073 1737 a
1096 1676 1190 1756 Papa,
1206 1674 1297 1756 quasi
1323 1674 1383 1757 ipsi
1409 1675 1550 1758 Apostoli
1576 1695 1594 1738 a
1619 1676 1709 1739 Petro

156 1777 331 1840 nitentia:
357 1784 500 1858 quaest
524 1785 661 1858 potestas
685 1778 835 1857 clavium,
856 1776 905 1840 vel
963 1774 1069 1837 claves
1088 1782 1143 1837 aut
1167 1774 1394 1838 sacerdotalem
1417 1776 1599 1857 acceperint
1623 1782 1710 1858 pote-

155 1876 334 1956 spiritualis
350 1875 583 1956 jurisdictionis
602 1875 635 1938 in
655 1874 724 1940 loro
743 1876 907 1939 conscien-
923 1878 946 1941 Β
963 1881 1087 1936 statem.
1110 1871 1172 1936 Nec
1198 1893 1307 1937 rursus
1332 1872 1375 1936 ita
1399 1872 1641 1955 intelligendum
1662 1883 1710 1937 est

155 1975 220 2037 tiae.
238 1975 275 2037 Et
293 1974 360 2037 hac
378 1983 517 2057 potestas
536 1984 666 2057 propter
689 1974 906 2038 diversitatem
963 1972 1144 2054 predictam
1172 1972 1316 2053 quintam
1347 1972 1593 2035 ecclesiasticam
1623 1982 1710 2055 pote-

155 2073 296 2136 ellectus
325 2093 342 2135 a
376 2074 478 2155 prima
511 2074 729 2155 distinguitur,
760 2074 907 2156 quamvis
962 2076 1075 2131 statem
1095 2069 1273 2151 specialiter
1291 2069 1381 2132 Petro
1403 2087 1599 2147 concessam,
1617 2070 1708 2151 quasi

156 2171 371 2234 essentialiter
384 2172 468 2234 idem
484 2191 558 2235 cum
572 2171 626 2235 illa
647 2172 787 2235 exsistat.
805 2172 907 2235 'lertia
962 2168 1103 2229 Christus
1119 2167 1255 2248 sibiipsi
1271 2175 1458 2250 potestatem
1478 2168 1559 2231 banc
1580 2186 1643 2231 non
1662 2187 1710 2231 re-

155 2279 206 2332 est
231 2278 370 2350 potestas
397 2271 604 2351 apostolatus
630 2290 687 2333 seu
711 2270 904 2353 praedicandi
962 2265 1189 2329 servaveritad
1205 2264 1504 2329 laciendumactum
1520 2266 1619 2348 ipsius
1635 2286 1712 2348 prae-

156 2368 420 2441 auctoritas.0ute
434 2369 507 2431 data
519 2379 568 2432 est
582 2370 628 2432 eis
643 2369 793 2433 aCbristc
807 2387 906 2450 quum
963 2373 1011 2427 ter
1031 2382 1233 2427 communem
1254 2365 1384 2427 modum
1407 2372 1439 2427 et
1462 2365 1607 2427 ordinem
1632 2385 1650 2427 a
1676 2384 1710 2429 sc

51 2500 141 2537 mae,
155 2468 236 2529 dixit
256 2492 264 2529 ι
285 2466 405 2529 Euutes
427 2467 608 2548 predicate,
634 2477 694 2531 etc.
720 2466 835 2542 Quarta
859 2476 907 2531 est
962 2463 1154 2526 institutum.
1172 2460 1248 2525 Nam
1264 2470 1296 2525 et
1309 2462 1423 2525 Paulus
1443 2463 1604 2544 apostolus
1624 2472 1711 2526 ante

46 2580 52 2590 ·
155 2573 299 2647 potestas
311 2565 489 2646 judiciariae
504 2566 712 2630 correctionis
727 2566 760 2627 in
774 2566 844 2630 loro
859 2586 908 2629 ex·
962 2582 1057 2643 quam
1073 2561 1153 2623 vidit
1166 2562 1304 2639 Petrum,
1320 2561 1399 2626 locis
1414 2561 1510 2624 variis
1525 2562 1710 2645 praedicavit

156 2664 268 2727 teriori
286 2688 293 2725 :
311 2682 477 2746 perquam
493 2662 606 2727 timore
620 2682 722 2745 poeure
743 2664 908 2745 corriguu-
962 2678 1001 2722 ex
1021 2658 1137 2722 Christi
1160 2659 1397 2723 commissione.

156 2772 209 2826 tur
224 2771 366 2844 peecata,
383 2764 558 2844 praesertim
577 2780 647 2843 quae
666 2772 741 2825 sunt
761 2763 795 2825 in
816 2782 906 2826 scan-
1001 2757 1144 2839 Insuper,
1161 2776 1289 2820 omnem
1304 2758 1551 2821 ecclesiasticam
1574 2767 1711 2841 potesta-

155 2862 267 2924 dalum
290 2861 451 2924 Ecclesiae.
473 2860 547 2934 Quo
570 2860 685 2924 collata
709 2870 755 2924 cst
780 2862 828 2924 eis
851 2862 906 2925 ubi
962 2864 1037 2934 tem,
1054 2856 1273 2919 auctoritatem
1290 2875 1326 2919 ac
1348 2856 1563 2939 principatum
1587 2878 1605 2920 a
1626 2857 1709 2940 Papa

68 2992 80 3019 a
118 3009 124 3022 .
155 2960 300 3041 loquitur
314 2958 528 3022 ChristuszSi
545 2960 726 3040 peccaverit
739 2960 773 3021 in
792 2968 823 3021 te
845 2959 907 3022 lra—
960 2955 1050 3032 oriri,
1076 2954 1120 3017 ita
1144 2962 1248 3036 potest
1271 2954 1417 3035 intelligi,
1443 2954 1526 3037 quod
1552 2955 1640 3017 nulla
1669 2956 1709 3017 sit

34 3054 71 3089 '¹¹¹'
108 3074 114 3083 ·
155 3068 205 3122 ter
225 3068 311 3140 tuus,
328 3065 389 3120 etc.
406 3057 521 3131 Quinta
542 3065 591 3120 est
610 3066 750 3141 potestas
772 3058 907 3141 disposi-
925 3056 946 3119 C
961 3062 1099 3136 potestas
1114 3051 1328 3115 ecclesiastica
1342 3072 1410 3135 quae
1424 3053 1464 3115 ab
1478 3052 1547 3136 ipso
1562 3062 1708 3136 tanquam

155 3159 254 3222 tionis
284 3156 504 3220 ministrorum
538 3158 643 3238 quoad
670 3157 907 3221 determinatio-
961 3173 980 3215 a
1013 3149 1245 3234 plenitudinem
1280 3151 1444 3232 potestatis
1476 3151 1613 3216 habente
1642 3173 1706 3217 non

155 3277 231 3319 nem
242 3255 474 3338 jurisdictionis
485 3255 763 3332 ecclesiasticam
773 3256 907 3320 evitetur
960 3251 1063 3332 possit
1090 3249 1272 3332 procedere.
1297 3249 1363 3312 lmo
1391 3249 1541 3330 qualibet
1570 3259 1707 3333 potestas

155 3356 307 3420 conlusio
320 3353 592 3435 dissensionisque
607 3355 740 3417 materia
755 3355 788 3416 in
807 3374 908 3437 popu·
962 3349 1032 3412 talis
1046 3349 1087 3411 ab
1103 3348 1172 3430 ipso
1187 3347 1342 3430 procedit,
1357 3357 1412 3410 aut
1431 3357 1516 3411 certe
1535 3352 1707 3430 procedere

156 3457 188 3520 lo
212 3464 246 3518 et
268 3454 351 3517 inter
374 3453 550 3533 ministros,
577 3453 603 3515 si
633 3452 695 3534 ipsi
724 3453 907 3516 indistinete
962 3455 1066 3529 potest
1098 3447 1233 3510 mediate
1262 3447 1312 3510 vel
1346 3446 1528 3510 immediate
1560 3472 1566 3509 :
1596 3468 1708 3512 omues

155 3565 253 3636 atque
277 3552 441 3634 aequaliter
468 3551 508 3614 de
535 3550 622 3614 omni
651 3550 770 3634 populo
797 3571 907 3614 curam
961 3545 1081 3629 quippe
1095 3545 1264 3627 dignitates
1278 3553 1310 3607 et
1329 3553 1499 3627 potestates
1518 3547 1711 3611 ecclesiasti-

154 3653 323 3715 haberent.
339 3651 378 3714 Et
392 3651 460 3713 base
474 3658 613 3731 potestas
627 3649 742 3712 collata
755 3657 804 3712 est
817 3649 907 3713 Petro
962 3665 1015 3707 cas
1040 3651 1144 3725 potest
1167 3642 1324 3706 conferre.
1345 3643 1432 3706 Unde
1456 3643 1488 3705 iu
1512 3644 1708 3726 expositione

155 3760 188 3814 et
218 3748 459 3814 successoribus
483 3748 554 3830 ejus
579 3749 633 3812 ubi
658 3749 838 3831 specialiter
860 3749 908 3812 di·
962 3743 1171 3826 quorumdam
1196 3761 1291 3823 super
1314 3743 1709 3809 Joannominveni:1deo

121 3905 127 3915 .
156 3859 246 3912 ctum
270 3856 320 3910 est
342 3847 371 3911 ei
389 3871 396 3909 :
414 3847 509 3910 Pasce
532 3866 608 3910 oves
633 3867 731 3910 meas.
748 3847 842 3910 Sexta
859 3855 908 3909 est
961 3842 1052 3905 Petro
1073 3850 1223 3922 tanquam
1244 3839 1461 3923 principaliori
1482 3841 1710 3924 interllposte

88 3969 94 3981 ·
155 3956 299 4030 potestas
318 3945 466 4027 exigendi
490 3945 672 4008 necessaria
696 3946 769 4008 vitas
793 3945 833 4008 ab
856 3944 908 4007 bis
963 3942 1010 4004 los
1029 3948 1061 4002 et
1081 3939 1175 4020 capiti
1201 3938 1391 4000 universalis
1416 3939 1565 4002 Ecclesia
1588 3940 1708 4003 dictum

155 4048 277 4129 quihus
304 4045 481 4128 spiritualia
509 4043 744 4107 ministrabant.
774 4043 812 4106 Et
838 4045 907 4107 brec
962 4047 1022 4116 est,
1043 4038 1269 4118 Quodcumque
1289 4035 1436 4117 ligaveris
1461 4057 1556 4118 super
1580 4047 1707 4119 terram,
1724 4064 1856 4120 nerana,

155 4153 300 4228 potestas
323 4143 484 4205 declarata
505 4149 554 4204 est
572 4142 655 4224 apud
674 4141 852 4205 ldatthaeum
877 4151 909 4204 et
964 4146 1038 4217 etc,
1061 4143 1095 4198 ut
1118 4153 1216 4216 quum
1243 4135 1283 4196 sit
1307 4135 1385 4198 ordo
1411 4133 1444 4196 iu
1468 4135 1622 4215 Ecclesia,
1642 4137 1709 4200 haec
1726 4131 1758 4172 ¹⁹·

34 4257 38 4267 ’
66 4264 140 4312 .1.r;
156 4245 289 4321 Lucam,
305 4241 360 4304 uhi
375 4241 509 4304 habetur
525 4262 532 4300 :
549 4239 583 4302 lu
599 4241 709 4303 eadem
729 4240 824 4303 domo
843 4260 908 4302 ma·
925 4245 949 4307 Ι)
964 4242 1102 4317 potestas
1126 4233 1272 4296 credatur
1300 4232 1404 4314 primo
1432 4241 1463 4296 et
1492 4235 1711 4317 principaliter

44 4414 49 4425 ¹
89 4356 94 4365 ·
117 4337 140 4372 ¹'
155 4352 243 4420 nete,
265 4343 408 4418 edentes,
426 4347 506 4414 etc.;
526 4339 642 4420 dignus
662 4346 710 4401 cst
729 4338 813 4401 enim
833 4358 908 4420 ope·
963 4334 1102 4396 residere
1117 4331 1149 4394 in
1164 4350 1288 4393 summo
1303 4330 1468 4412 Pontifice,
1485 4331 1517 4395 S.
1533 4332 1613 4396 Petri
1628 4334 1712 4398 vica·

155 4441 261 4504 rarius
286 4439 433 4501 mercede
459 4457 526 4499 sua.
550 4436 664 4499 Praeter
686 4437 744 4499 has
771 4457 825 4500 sex
853 4457 908 4518 po-
963 4433 1020 4512 rio,
1038 4440 1132 4513 atque
1147 4430 1187 4493 ab
1202 4429 1272 4512 ipso
1288 4429 1425 4493 derivari
1442 4431 1478 4492 in
1498 4432 1712 4515 archiepisco-

156 4547 299 4615 testates,
329 4535 425 4600 aliam
458 4534 609 4616 discipuli
637 4555 655 4597 a
687 4535 810 4598 Christo
842 4554 908 4599 non
963 4531 1260 4615 posetepiscopos‚
1277 4529 1428 4591 etabbis
1448 4536 1712 4610 tanquamame·

155 4643 362 4718 acceperunt,
380 4635 557 4697 secundum
583 4634 667 4695 huuc
688 4632 827 4712 Petrum,
843 4634 905 4696 uisi
962 4631 1024 4692 diis
1038 4630 1071 4692 in
1087 4629 1250 4710 simplices
1265 4627 1455 4691 sacerdotes.
1473 4628 1707 4711 Verumtamen,

154 4742 347 4818 potestatem
361 4732 502 4796 faciendi
517 4731 673 4794 miracula
686 4732 727 4793 ad
741 4730 817 4794 lidei
833 4751 908 4795 cou-
961 4729 1109 4811 quamvis
1121 4728 1225 4792 omnis
1238 4727 1385 4790 sacerdos
1399 4727 1431 4789 iu
1445 4746 1499 4789 sua
1511 4728 1709 4794 ordinatione

153 4833 362 4898 tertationem
389 4854 396 4892 :
423 4831 457 4892 in
477 4849 542 4912 qua
564 4831 613 4892 eis
638 4849 702 4893 non
726 4831 907 4894 necessario
962 4825 1082 4908 ligandi
1104 4845 1141 4888 ac
1167 4823 1310 4888 solvendi
1333 4825 1486 4906 suscipiat
1509 4833 1707 4908 potestatem,

154 4932 335 4996 succedunt
348 4929 490 5014 episcopi
505 4929 624 5010 aliique
640 4928 909 5010 presbyterique
961 4944 1060 5006 quum
1074 4924 1165 5006 juxta
1179 4921 1362 5004 praehabita,
1370 4922 1452 4985 idem
1468 4923 1532 4984 sint
1547 4925 1710 4988 character

152 5033 244 5095 niam
268 5031 350 5094 lides
378 5029 473 5094 modo
500 5047 565 5092 uon
594 5027 716 5109 indiget
743 5027 908 5090 miraculis
962 5020 1165 5084 sacerdotalis
1189 5027 1283 5100 atque
1311 5018 1442 5100 praelata
1465 5027 1613 5101 potestas,
1639 5041 1709 5103 qua

153 5129 354 5194 confirmari.
962 5121 1058 5184 etiarn
1087 5119 1186 5182 clavis
1212 5126 1363 5196 vocatur;
1391 5136 1455 5179 non
1481 5126 1586 5180 tamen
1614 5120 1710 5183 habet

197 5228 307 5308 ltaque
320 5247 359 5290 ex
373 5227 424 5288 bis
442 5235 529 5308 patet
548 5224 714 5307 responsio
735 5225 774 5286 ad
795 5242 906 5287 omnes
961 5219 1058 5300 hujus
1089 5215 1250 5299 potestatis
1278 5215 1526 5293 exsecutionem,
1557 5215 1619 5278 nisi
1649 5216 1708 5298 ipsi

154 5324 362 5390 auctoritates
390 5324 423 5387 iu
447 5324 637 5408 precedenti
663 5323 798 5388 articulo
821 5321 907 5406 posi·
961 5317 1149 5399 subjiciatur
1163 5314 1305 5392 materia,
1322 5321 1433 5397 utputa
1447 5313 1591 5378 homines
1613 5334 1710 5400 super
