4309 6250
432 472 492 537 132
655 486 879 535 ocerannum
899 488 937 534 ιι
959 486 1106 534 murreus
1126 486 1155 531 a.
1177 486 1206 532 v.
1229 485 1346 543 ιιιιιιιι,
1369 485 1457 532 amsa
1478 487 1522 533 ιιι.
1545 505 1586 515 -
1606 487 1676 533 mr.
1699 478 1766 533 xix·

284 662 528 735 somniumne
554 684 561 723 :
588 657 670 722 Dixit
694 661 787 724 losue
811 658 955 736 Domino,
981 658 1044 735 Sol,
1071 664 1182 721 contra
1197 658 1223 719 Α
1238 676 1365 738 semper
1387 656 1522 719 sollicita
1540 665 1573 720 et
1590 657 1738 721 timorata
1760 655 1807 719 fui
1826 656 1868 719 de
1887 654 1989 719 salute

287 749 320 791 ¹⁴·
434 759 561 823 Gabaon
577 778 617 821 ne
633 758 810 835 movearis;
826 757 973 838 stetitque
993 756 1040 819 sol
1062 755 1095 816 in
1117 775 1183 817 me·
1236 762 1269 817 et
1289 756 1490 817 observantia
1509 774 1591 819 mea.
1607 755 1709 829 Quum
1730 763 1837 817 autem
1864 753 1990 837 plenius

434 858 488 921 dio
502 858 587 935 coeli,
604 866 636 919 et
649 875 713 919 non
728 856 893 919 festinavit
906 855 1097 919 occumbere
1111 873 1182 936 spa·
1237 851 1396 914 audissem
1431 852 1538 935 ipsum
1573 852 1673 915 Deum
1707 871 1778 915 esse
1812 860 1989 915 creatorem

434 956 477 1019 tio
501 956 597 1017 unius
620 954 696 1034 diei,
712 953 881 1018 obediente
900 954 964 1016 Deo
984 954 1054 1016 voci
1080 951 1182 1014 bomi-
1236 968 1343 1011 meum
1367 957 1398 1011 et
1415 950 1558 1030 judicem
1578 951 1721 1013 omnium
1748 957 1879 1013 actuum
1905 967 1990 1011 meo

433 1052 770 1133 nis.Siquidemtosue
785 1051 988 1114 illefuitDeo
1003 1050 1183 1113 eminenter
1237 1067 1318 1124 rum,
1349 1047 1460 1109 intime
1489 1067 1562 1111 eum
1590 1048 1700 1128 dilexi,
1730 1048 1883 1129 omnique
1913 1047 1989 1110 hora

434 1170 470 1214 ac
499 1149 640 1233 perfecte
664 1150 828 1229 obediens,
855 1148 1123 1230 quemadmodum
1146 1148 1179 1209 in
1236 1145 1327 1206 timui
1347 1154 1378 1207 et
1396 1146 1534 1227 cogitavi
1555 1166 1596 1209 ne
1615 1165 1689 1209 eum
1709 1145 1808 1209 verbo
1827 1154 1884 1208 aut
1904 1145 1989 1207 fecto

292 1264 419 1316 munes
434 1248 533 1330 ipsius
548 1246 629 1310 libro
648 1247 765 1328 legitur
781 1270 788 1307 ι
806 1246 874 1309 Νοιι
897 1244 1066 1326 praeterivit
1086 1244 1180 1307 Josue
1235 1241 1446 1305 offenderem.
1463 1243 1593 1321 Deinde,
1610 1263 1709 1325 quum
1729 1244 1892 1306 audissem
1916 1262 1988 1305 eum

434 1348 474 1409 de
503 1345 659 1409 universis
684 1345 842 1408 mandatis
865 1344 989 1406 Domini
1014 1362 1053 1405 ne
1079 1362 1179 1404 unum
1235 1340 1360 1403 dedisse
1379 1340 1482 1422 legem
1502 1350 1533 1403 et
1552 1350 1711 1424 praecepta
1735 1342 1856 1423 populo
1879 1340 1987 1419 lsrael,

432 1444 563 1526 quidem
585 1443 728 1505 ve'rbum.
1235 1446 1329 1519 atquc
1350 1439 1489 1500 cumeis
1509 1447 1604 1501 totet
1624 1447 1711 1502 tanta
1735 1439 1895 1501 mirabilia
1920 1458 1990 1520 per-

472 1541 709 1618 Verumtamen,
722 1540 804 1601 sicut
817 1538 849 1601 in
865 1538 979 1601 ceteris
995 1537 1177 1616 virtutibus,
1235 1544 1388 1616 petrassc,
1405 1537 1555 1617 proposui
1568 1535 1708 1599 firmiter
1721 1536 1754 1599 in
1769 1536 1881 1598 animo
1902 1555 1986 1615 meo,

431 1640 475 1701 ita
502 1639 536 1700 in
566 1647 675 1701 sancta
702 1636 894 1715 obedientia,
920 1634 1114 1699 electissima
1141 1654 1178 1697 ac
1235 1632 1316 1693 nihil
1337 1632 1398 1694 nisi
1424 1633 1529 1714 ipsum
1553 1632 1700 1715 diligere,
1716 1642 1750 1695 et
1772 1653 1883 1696 amara
1908 1633 1988 1695 mihi

431 1736 687 1818 singularissima
711 1735 799 1816 virgo
826 1734 922 1796 liaris
950 1733 1054 1815 ipsum
1086 1733 1178 1795 losue
1234 1738 1324 1793 erant
1347 1732 1508 1794 mundana
1534 1732 1641 1794 omnia
1669 1733 1890 1795 vehementer.
1917 1732 1990 1795 Post

431 1833 724 1916 incomparabiliter
748 1832 834 1911 vicit,
856 1839 1075 1913 praeceptaque
1098 1825 1218 1892 cari-B
1234 1828 1312 1908 baec,
1328 1829 1434 1891 audito
1452 1831 1537 1912 quod
1556 1831 1738 1892 nasciturus
1758 1838 1844 1892 esset
1867 1831 1909 1892 de
1928 1830 1989 1892 vir-

431 1934 504 1995 tatis
524 1952 588 2015 pree
613 1932 736 1995 cunctis
761 1931 1002 2014 praeclarissime
1026 1930 1179 2012 adimple-
1233 1927 1307 2008 gine
1341 1935 1374 1989 ct
1407 1928 1628 2009 redempturus
1663 1947 1766 2009 genus
1794 1928 1986 2003 humanum,

430 2031 486 2111 vit,
511 2039 544 2093 et
566 2030 775 2094 conformiter
798 2028 991 2110 reliquarum
1022 2036 1180 2111 praecepta
1233 2034 1320 2086 tanta
1335 2025 1421 2087 circa
1442 2044 1514 2087 eum
1536 2024 1583 2087 fui
1602 2026 1733 2089 caritate
1752 2025 1884 2106 affecta,
1901 2027 1988 2107 quod

430 2129 582 2191 virtutum
598 2136 662 2190 mm
678 2126 874 2209 plenissime,
886 2126 1103 2204 devotissime,
1116 2126 1179 2188 fer·
1233 2121 1312 2183 nibil
1326 2122 1388 2183 nisi
1399 2122 1498 2185 Deum
1513 2122 1651 2203 cogitavi
1666 2131 1721 2185 aut
1735 2123 1835 2186 volui.
1852 2123 1921 2205 Ego
1936 2143 1988 2185 me

430 2226 616 2291 ventissimc
631 2233 726 2307 atque
741 2225 919 2287 humillime
932 2224 1177 2303 consummavit,
1233 2218 1550 2300 elongavi,quantum
1566 2220 1692 2300 potui,a
1707 2220 1879 2302 praesentia
1892 2229 1988 2301 atque

430 2345 467 2387 ac
482 2344 516 2386 se
532 2332 629 2387 totam
644 2322 783 2385 Creatori
799 2331 864 2385 tam
880 2322 1084 2403 integerrime
1106 2321 1179 2383 sub
1233 2317 1401 2397 colloquiis
1424 2325 1593 2399 parentum
1612 2325 1644 2380 et
1662 2318 1853 2381 amicorum.
1872 2317 1987 2381 Omnia

428 2423 520 2500 didit,
550 2422 633 2503 quod
669 2421 751 2483 Deus
779 2421 958 2483 adorandus
987 2438 1052 2501 pra
1079 2420 1178 2481 nimia
1232 2433 1358 2496 quoquc
1388 2434 1458 2495 quae
1485 2415 1603 2477 habere
1631 2416 1733 2497 potui,
1764 2415 1987 2497 indigentibus

429 2519 663 2603 complacentia
682 2539 738 2581 sua
762 2520 802 2582 ad
827 2519 929 2601 ipsam
953 2518 1119 2581 descendit
1144 2518 1178 2580 in
1232 2514 1315 2594 dedi,
1331 2513 1413 2575 nibil
1427 2513 1489 2575 nisi
1505 2514 1625 2576 victum
1639 2522 1769 2577 tenuem
1784 2523 1817 2577 et
1832 2516 1988 2577 vestitum

428 2638 510 2699 eam,
536 2627 567 2683 et
586 2617 742 2680 habitavit
760 2617 793 2679 in
813 2617 917 2681 medio
941 2616 1022 2679 uteri
1041 2616 1177 2698 virginei
1232 2611 1311 2673 mihi
1338 2631 1524 2688 reservans,
1541 2620 1573 2674 et
1595 2612 1684 2675 nulla
1707 2612 1788 2674 mibi
1812 2613 1876 2675 nisi
1903 2614 1988 2676 Deus

428 2718 510 2799 ejus,
534 2717 638 2779 factus
662 2715 758 2778 bomo
777 2734 815 2778 ex
834 2734 882 2795 ea,
899 2723 931 2777 et
949 2734 1023 2777 vere
1042 2733 1178 2777 nascens
1233 2708 1504 2791 complacuerunt,
1539 2710 1590 2773 eui
1623 2728 1752 2773 omnem
1785 2711 1989 2775 voluntatem

428 2834 466 2877 ex
487 2814 567 2896 ipsa.
584 2814 700 2894 Sicque
717 2812 894 2894 inproprie
916 2830 1050 2893 persona
1072 2812 1179 2893 subje-
1233 2827 1337 2869 meam
1356 2807 1501 2871 commisi
1522 2828 1559 2870 ac
1579 2808 1726 2886 subdidi;
1743 2816 1776 2871 et
1794 2809 1888 2872 novis
1908 2828 1989 2890 quo-

428 2912 473 2976 cit
488 2932 522 2975 se
537 2912 584 2973 illi
599 2920 634 2973 ut
647 2910 735 2972 Matri
756 2909 963 2991 dignissimae,
980 2929 1108 2991 prorsus
1128 2930 1179 2973 ca·
1233 2906 1309 2968 tidie
1337 2906 1562 2969 inflammabar
1589 2907 1719 2970 aestibus
1747 2908 1989 2990 desideriisque

428 3011 561 3073 rissimae
579 3033 586 3071 :
603 3017 636 3071 et
660 3009 713 3087 ita,
734 3007 823 3089 juxta
847 3008 1039 3071 desiderium
1061 3007 1216 3073 felicis-C
1233 3006 1360 3067 amoris.
1376 3005 1510 3068 —Hinc
1535 3014 1660 3068 constat
1682 3006 1768 3085 quod
1800 3025 1931 3069 summa
1955 3015 1989 3071 et

428 3109 517 3172 simae
532 3107 649 3188 llatris,
663 3126 728 3170 non
743 3105 802 3184 sol,
817 3106 872 3169 sed
888 3105 963 3169 solis
977 3112 1112 3184 creator,
1125 3106 1177 3170 Sol
1232 3102 1352 3184 optima
1373 3102 1462 3185 virgo
1488 3102 1583 3166 Maria
1605 3102 1666 3167 fuit
1686 3102 1780 3167 filiali
1801 3123 1913 3168 amore
1938 3124 1990 3169 re-

428 3206 594 3288 sapientiae
617 3215 713 3287 atque
737 3204 876 3286 justitias,
906 3204 993 3266 stet-it
1015 3205 1047 3266 in
1072 3205 1177 3268 medio
1232 3201 1328 3282 pleta.

429 3306 514 3385 coeli,
541 3305 574 3367 id
599 3313 647 3367 est
669 3303 839 3366 militantis
863 3302 1023 3380 Ecclesiae,
1048 3321 1119 3385 quae
1144 3302 1177 3364 in

279 3427 414 3480 naisum„
427 3403 600 3485 Evangelio
624 3410 656 3466 et
673 3401 863 3511 Apocalypsi
886 3400 1024 3463 ubertim
1044 3420 1177 3483 regnum

279 3493 414 3610 ¹2¹⁸?
430 3501 583 3566 coelorum
597 3507 745 3578 vocatur;
756 3519 793 3561 ac
809 3498 878 3580 ipse
892 3499 1030 3578 volente,
1047 3499 1178 3561 descen·
1421 3465 1666 3530 ARTICULUS
1689 3466 1785 3530 XIX·

280 3620 334 3669 1.;s
345 3619 414 3667 ’.ιιι
428 3601 476 3664 dit
494 3619 568 3662 cum
592 3618 641 3678 ea,
657 3605 689 3660 et
713 3596 775 3660 fuit
795 3595 940 3658 subditus
964 3597 1004 3658 ei
1021 3596 1175 3676 Denique,
1315 3614 1363 3672 De
1384 3614 1482 3681 veris,
1497 3613 1741 3687 spiritualibus,
1760 3616 1900 3691 copiosis

280 3682 363 3786 ‘12:⁰5
365 3683 414 3791 ’ἐξ
429 3718 503 3762 cum
521 3696 599 3760 Filio
618 3695 724 3758 dicere
748 3693 853 3777 potuit
872 3693 1087 3757 excellenter:
1104 3694 1177 3768 Qua
1231 3701 1829 3777 acindeficientibuspieriosoeMcrice
1837 3705 1987 3766 divitiis.

283 3806 367 3849 :amn
369 3817 414 3856 nu
428 3795 546 3879 placita
561 3801 635 3856 sunt
649 3793 712 3857 Deo
728 3792 820 3872 Patri,
834 3791 918 3854 facio
933 3810 1068 3901 semper.
1086 3791 1176 3853 Omni

279 3871 313 3912 ν’
428 3893 547 3958 etenim
563 3899 635 3955 actu
655 3909 723 3969 suo,
741 3899 829 3953 motu
851 3909 887 3952 cc
909 3889 1056 3971 passione
1078 3890 1175 3952 Deum
1301 3885 1373 3948 EUS
1385 3889 1439 3946 det
1455 3889 1734 3948 vobissecundum
1754 3891 1896 3951 divitias
1913 3897 1988 3970 yio-
2012 3913 2115 3970 aptata

429 3992 609 4070 bonoravit,
635 3988 810 4072 promeruit
833 3997 864 4050 et
889 3987 1045 4068 profecit;
1068 3987 1176 4068 sicque
1316 3983 1567 4047 ricemeverae
1581 3983 1700 4046 divitias
1714 3986 1880 4063 rationalis
1895 4007 1990 4053 crea-
2004 3982 2036 4020 ¹⁶·

323 4109 414 4162 retr.
429 4091 547 4172 inclyte
572 4086 759 4170 adimplevit
781 4085 858 4147 illud
883 4085 1026 4147 Psalmi:
1049 4085 1084 4146 ln
1107 4085 1176 4167 lege
1230 4090 1308 4144 turae
1323 4089 1396 4144 sunt
1406 4100 1476 4162 quae
1487 4083 1515 4144 ei
1528 4082 1629 4145 invite
1639 4080 1759 4145 auferri
1769 4103 1834 4147 non
1845 4098 1986 4167 queunt,

428 4187 554 4252 Domini
569 4187 716 4249 voluntas
735 4183 816 4264 ejus,
834 4191 865 4244 et
885 4183 917 4244 in
937 4182 1007 4263 lege
1026 4182 1097 4263 ejus
1111 4184 1215 4247 me·D
1231 4188 1266 4242 ut
1288 4187 1363 4242 sunt
1381 4178 1504 4241 interna
1524 4179 1717 4242 charismata
1741 4181 1879 4262 Spiritus
1904 4184 1989 4248 San-

427 4285 579 4350 ditabitur
600 4284 651 4346 die
672 4300 710 4344 ac
731 4288 836 4343 nocte.
1231 4278 1285 4356 cti,
1320 4277 1422 4359 gratia
1452 4285 1576 4357 gratum
1612 4275 1746 4359 faciens,
1776 4279 1913 4344 virtutes
1953 4293 1990 4347 et

467 4385 540 4447 lure
554 4401 591 4445 ac
606 4379 719 4443 merito
734 4378 802 4458 tibi,
825 4397 844 4441 o
864 4375 1124 4459 prestantissima
1137 4398 1174 4442 ac
1230 4377 1324 4456 dona,
1341 4373 1551 4437 beatitudines
1575 4383 1607 4437 ct
1629 4375 1765 4454 fructus,
1782 4377 1987 4462 virtuosique

427 4479 665 4566 speciosissima
679 4476 822 4555 Domina,
832 4474 1002 4556 subjicitur
1016 4495 1052 4538 ac
1068 4475 1176 4540 obedit
1229 4481 1318 4536 actus
1332 4492 1369 4536 ac
1384 4473 1507 4535 merita.
1525 4472 1580 4535 His
1595 4473 1695 4535 sacris
1710 4475 1842 4556 divitiis,
1854 4485 1890 4539 ut
1903 4498 1990 4542 con-

427 4580 532 4644 omnis
547 4583 702 4655 creatura,
720 4573 871 4653 coelestis,
888 4573 1057 4652 terrestris,
1074 4593 1111 4636 ac
1128 4574 1176 4636 in-
1229 4580 1291 4634 stat
1304 4591 1342 4634 ex
1355 4570 1570 4653 praeinductis,
1587 4571 1667 4635 adeo
1681 4570 1742 4634 fuit
1764 4574 1887 4655 repleta
1907 4576 1989 4640 bea-
2009 4602 2047 4644 ιιι
2058 4601 2081 4651 ιι
2087 4607 2139 4642 a.

426 4677 591 4756 termedia,
608 4673 758 4757 quoniam
774 4673 916 4735 omnium
932 4673 1079 4736 conditor
1093 4673 1175 4736 Deus
1229 4669 1352 4733 tissima
1370 4669 1458 4750 virgo
1476 4669 1571 4731 ldaria
1589 4687 1653 4750 prae
1672 4670 1822 4733 omnibus
1841 4672 2062 4754 Sanctis,''¹·¹¹
2003 4679 2081 4770 ,Mq‘
2082 4677 2139 4766 ¹2}

425 4779 482 4842 tibi
512 4785 546 4840 ut
572 4773 660 4837 Matri
691 4772 750 4835 fuit
778 4772 953 4854 subjectus.
984 4771 1174 4882 Evangelica
1229 4778 1264 4832 ut
1290 4768 1398 4830 decuit
1420 4766 1644 4829 electissimam
1671 4768 1799 4831 Matrem
1828 4771 1884 4833 Dei
1914 4791 2060 4854 prae
2002 4795 2067 4832 rsa.
2138 4772 2139 4839 ἶ

424 4895 551 4960 quoque
575 4871 755 4950 consilia,o
735 4889 890 4952 osponsa
913 4869 969 4932 Dei
995 4868 1172 4949 carissima,
1229 4866 1379 4930 ministris
1404 4865 1475 4946 ejus
1503 4865 1631 4945 repleri,
1657 4866 1763 4946 ditari,
1789 4869 1984 4954 exuberare,
2138 4848 2139 4865 χ

424 4976 560 5058 gratiose
585 4970 737 5053 implesti.
754 4967 864 5030 Hinc
857 4989 889 5031 m
915 4967 1172 5031 Revelationibus
1228 4984 1333 5029 ornan
1324 4964 1388 5026 ab
1401 4963 1563 5045 unigenito
1578 4963 1657 5026 Filio
1678 4983 1747 5045 suo,
1766 4965 1860 5045 fonte,
1874 4972 1988 5032 muni—

424 5075 455 5136 S.
481 5071 632 5153 Brigittae,
658 5065 865 5130 serenissima
887 5085 924 5127 ac
947 5064 1172 5128 honestissima
1227 5063 1367 5125 licentiae
1381 5061 1516 5124 infinite
1530 5080 1567 5123 ac
1581 5061 1753 5143 opulentias
1772 5082 1904 5146 pmrsus
1919 5067 1988 5132 im-

422 5173 512 5254 virgo
535 5168 628 5233 llaria
656 5165 701 5228 ait
727 5165 768 5226 ad
797 5162 885 5224 illam
912 5185 919 5222 ι
946 5163 971 5222 Α
999 5161 1169 5244 principio,
1226 5179 1355 5223 mensae.
1371 5159 1525 5240 Denique,
1541 5176 1639 5239 quum
1653 5159 1723 5240 ipsa
1742 5161 1917 5226 constituta
1940 5166 1987 5229 sit

421 5290 520 5354 quum
535 5266 678 5330 audirem
694 5269 727 5324 et
740 5259 950 5342 intelligerem
966 5259 1064 5321 Deum
1087 5279 1167 5342 esse,
1225 5261 1364 5340 desuper
1377 5264 1477 5319 mater
1490 5256 1720 5338 gratiae,mater
1734 5259 1983 5347 misericordias,
