4309 6250
408 484 449 550 ea
641 503 682 551 nr
701 503 867 552 orommrn
888 505 926 551 nr
946 504 1095 551 arnonus
1116 504 1145 549 a.
1168 505 1197 549 v.
1221 503 1337 562 rania,
1361 506 1450 551 arnan
1470 507 1503 552 u.
1527 524 1567 536 -
1587 505 1658 552 aar.
1681 508 1736 553 m

415 674 875 835 tttntltlttlll
896 674 1031 855 lna
1051 675 1204 834 litte
1409 734 1655 800 enecans
1678 733 1771 796 xn.

268 862 300 902 ¹⁷·
414 868 515 931 tribus
530 878 631 947 terreo,
647 886 759 932 omnes
778 877 888 951 gentes
909 868 1165 951 magnificabunt
1217 902 1272 959 An
1288 900 1497 959 benedictae
1514 902 1660 975 morsm
1677 902 1770 975 „imo
1784 901 1899 959 Mam-a
1914 899 1976 957 pa,

273 992 325 1036 rue,
340 994 398 1043 με,
414 985 498 1029 eum.
524 966 645 1029 Idcirco
670 966 779 1029 dixisti
801 991 808 1028 :
830 967 956 1029 Beatam
981 985 1033 1029 me
1057 965 1165 1028 dicent
1259 990 1329 1046 bug,
1357 986 1464 1047 cem
1488 992 1573 1049 dom,
1593 991 1716 1064 9„stoe
1736 990 1847 1064 magi,
1869 990 1974 1056 dam„

414 1083 526 1127 omnes
547 1064 780 1145 generationes,
1257 1077 1421 1143 videlicet,
1433 1080 1582 1153 qratiam
1597 1080 1793 1145 sanitatum,
1809 1077 1974 1152 operatio·
2004 1094 2118 1138 rema

266 1184 399 1234 terrama.
454 1163 577 1243 Adhuc,
595 1162 628 1223 in
649 1162 706 1225 tob
727 1163 862 1225 habetur
880 1186 886 1224 :
902 1162 1071 1246 inspiratio
1093 1161 1165 1224 01η-
1258 1184 1330 1223 nem
1348 1167 1523 1235 virtutum,
1532 1168 1569 1225 id
1582 1175 1629 1225 est
1643 1166 1897 1235 miraculorum,
1908 1166 1976 1223 dis·
1988 1160 2013 1207 ⁹·
2032 1161 2066 1199 ¹⁰·

414 1260 589 1342 nipotentis
613 1260 667 1322 dat
689 1260 945 1342 intelligentiam,
963 1260 1064 1334 Quum
1088 1277 1164 1341 ergo
1257 1255 1434 1314 cretionem
1448 1257 1644 1330 spirituum,
1662 1255 1975 1329 interpretationem

416 1357 621 1421 serenissima
640 1357 735 1439 Virgo
755 1358 978 1421 incessabilem
997 1378 1034 1420 ac
1059 1358 1165 1438 copio-
1258 1361 1456 1412 ⁸0?qust
1468 1362 1591 1419 eelim
1606 1344 1811 1419 teletarum·

415 1456 577 1519 sissimam
597 1454 745 1518 babuerit
764 1456 1006 1538 inspirationem
1028 1455 1163 1537 Spiritus

416 1553 534 1632 Sancti,
551 1551 652 1615 multa
665 1562 697 1615 ct
711 1552 848 1615 maxima
868 1553 941 1616 inde
962 1553 1090 1634 agnovit
1110 1551 1165 1614 ab
1286 1556 1509 1617 nNnnJerA
1531 1564 1567 1614 tu
1590 1557 1626 1614 tn
1648 1556 1853 1617 mutieribus.
1870 1554 1974 1618 Bene-
1986 1577 2049 1621 aaa
2062 1580 2116 1630 raa.

415 1651 481 1713 dita
502 1658 534 1713 et
552 1648 670 1713 futura.
687 1650 828 1713 Christus
852 1670 978 1731 quoque
1003 1659 1074 1733 post
1098 1650 1165 1713 Cre
1297 1651 1395 1713 dictio
1422 1652 1476 1715 Dei
1501 1660 1549 1714 est
1577 1651 1704 1714 collatio
1733 1651 1971 1715 beneficiorum

268 1770 401 1825 toronae,
414 1767 489 1810 nam
513 1748 594 1809 dixit
617 1748 776 1829 apostolis
801 1773 807 1809 :
829 1748 924 1811 Multa
947 1748 1049 1812 babeo
1073 1749 1164 1812 vobis
1219 1768 1256 1811 ac
1272 1767 1440 1811 munemm
1457 1750 1527 1830 ejus
1549 1757 1580 1811 et
1601 1748 1824 1831 multiplicatio
1843 1768 1974 1812 eorum-

270 1838 302 1879 ¹²·
415 1846 534 1925 dicere,
565 1847 620 1909 sed
650 1866 713 1909 non
742 1848 873 1928 potestis
902 1856 1027 1928 portare
1055 1848 1162 1911 modo.
1179 1847 1201 1907 B
1219 1848 1304 1924 dem,
1335 1847 1502 1928 potissime
1531 1855 1637 1909 autem
1666 1846 1880 1928 spiritualium
1914 1849 1974 1911 do-

415 1944 517 2019 Quum
539 1944 637 2025 igitur
656 1944 891 2025 sapientissima
916 1954 947 2007 et
971 1944 1165 2027 perfectissi-
1220 1963 1334 2007 norum
1357 1946 1465 2026 gratie
1489 1954 1522 2007 et
1543 1944 1663 2026 gloriae.
1684 1944 1793 2026 ltaque
1814 1945 1975 2008 electissi-

416 2062 469 2104 ma
484 2042 573 2122 virgo
587 2042 683 2105 Maria
697 2042 862 2122 aptissima
877 2042 975 2107 luerit
990 2043 1044 2106 illa
1066 2044 1166 2106 susci·
1221 2062 1279 2104 mae
1291 2043 1596 2125 incomparabilique
1608 2043 1710 2105 llariae
1722 2042 1755 2104 in
1766 2044 1971 2123 mulieribus,

416 2160 503 2224 pere,
531 2140 710 2221 intelligere
730 2160 767 2203 ao
789 2150 926 2223 portare,
949 2161 1012 2206 non
1040 2142 1166 2205 videtur
1221 2141 1304 2203 inter
1338 2141 1499 2220 mulieres,
1528 2161 1625 2223 supra
1661 2140 1812 2204 mulieres
1846 2149 1878 2205 et
1906 2162 1975 2225 praa

417 2238 601 2319 ambiguum
617 2239 749 2319 quiade
765 2238 880 2300 talibus
896 2239 1081 2320 Unigenitus
1096 2241 1165 2321 ejus
1221 2238 1410 2302 mulieribus
1435 2239 1572 2317 cunctis,
1598 2239 1868 2302 excellentissime
1896 2248 1978 2303 sunt

417 2336 563 2399 docuerit
573 2356 643 2399 eam
659 2354 801 2399 seorsum
816 2355 871 2399 ore
886 2338 925 2398 ad
940 2356 986 2415 os,
1001 2346 1095 2418 atque
1110 2358 1167 2419 per
1221 2337 1336 2400 collata
1354 2346 1418 2400 tam
1438 2339 1521 2401 dona
1541 2338 1651 2420 gratiae
1672 2347 1798 2419 gratum
1822 2338 1976 2401 lactentis

417 2434 575 2497 internam
608 2454 672 2497 sue
706 2434 832 2498 deitatis
867 2434 1104 2499 irradiationem
1133 2436 1166 2497 iu
1221 2455 1315 2517 quam
1344 2455 1478 2498 munera
1509 2436 1618 2518 gratiae
1650 2437 1749 2517 gratis
1778 2437 1871 2515 datae,
1899 2456 1976 2519 quae

419 2552 483 2595 suae
498 2531 726 2595 amantissimae
740 2552 776 2595 ac
791 2532 1048 2595 familiarissima
1063 2534 1166 2596 llatris
1221 2534 1292 2595 aliis
1309 2533 1498 2596 mulieribus
1512 2533 1641 2596 divisim
1657 2542 1689 2597 et
1703 2553 1761 2616 per
1775 2543 1881 2617 partes
1897 2544 1978 2598 sunt

419 2639 570 2695 mentem.
1003 2650 1015 2669 ·
1221 2632 1371 2713 praestita.
1396 2632 1490 2695 Porro
1514 2630 1625 2694 multis
1647 2631 1847 2714 mulieribus,
1870 2634 1977 2697 idest

458 2727 621 2808 Praeterea,
637 2727 677 2789 de
698 2727 828 2810 Caipba,
844 2745 908 2790 non
930 2728 1074 2790 obstante
1096 2727 1166 2807 ejus
1222 2730 1367 2811 personis
1382 2729 1514 2792 feminei
1530 2749 1634 2809 sexus,
1651 2747 1804 2793 concessa
1822 2739 1897 2794 sunt
1915 2732 1976 2795 do-

269 2851 403 2903 restato.
418 2825 552 2905 malitia,
570 2825 723 2906 scriptum
745 2834 794 2888 est
810 2849 817 2889 :
834 2825 935 2899 Quum
957 2834 1042 2888 esset
1063 2826 1168 2907 ponti·
1221 2846 1263 2889 na
1289 2827 1397 2908 gratiae
1426 2827 1524 2909 gratis
1553 2828 1633 2890 datae
1658 2828 1690 2889 in
1714 2828 1851 2892 articulo
1874 2837 1973 2909 tacto,

417 2922 470 2985 lex
484 2922 678 3003 anniillius,
695 2923 905 3006 prophetavit.
922 2923 1043 2998 Quanto
1065 2924 1166 3005 magis
1221 2932 1256 2986 ut
1283 2944 1322 2987 ex
1345 2924 1511 2987 chronicis
1539 2932 1572 2986 et
1598 2924 1756 3006 Legendis
1784 2933 1872 3007 patet
1895 2926 1977 2988 San-

418 3019 693 3083 excellentissimae
714 3020 828 3101 llariae,
844 3022 1016 3101 advocatae,
1032 3022 1168 3102 impera·
1183 3024 1205 3085 C
1222 3032 1346 3085 ctorum
1363 3046 1370 3083 ε
1389 3022 1509 3086 idcirco
1523 3022 1591 3085 baec
1613 3023 1721 3085 omnia
1736 3022 1832 3085 simul
1847 3032 1880 3087 et
1894 3025 1977 3086 emi-

417 3120 500 3200 trici,
511 3119 647 3198 custodi,
657 3118 774 3183 nutrici
789 3138 826 3182 ac
841 3119 933 3182 matri
949 3118 1044 3183 totius
1059 3119 1168 3183 Eccle-
1221 3121 1410 3184 nentissime
1426 3130 1500 3184 sunt
1514 3121 1629 3184 donata
1643 3120 1747 3185 ldariae
1761 3121 1974 3204 dignissimae,

418 3219 484 3300 sio,
507 3218 707 3300 competebat
719 3219 759 3280 dc
774 3217 1041 3280 concernentibus
1058 3218 1168 3282 Eccle-
1221 3238 1291 3301 quae
1311 3239 1329 3282 a
1348 3219 1437 3282 nullo
1456 3227 1623 3302 superatur
1642 3218 1827 3282 illustrium.

420 3317 500 3380 siam
515 3316 663 3398 praescire
685 3325 819 3378 ventura
843 3335 880 3379 ac
905 3316 1093 3380 vaticinaril
1117 3317 1167 3379 ln·
1260 3317 1441 3395 Enimvero,
1468 3317 1694 3380 discretionem
1719 3317 1891 3399 spirituum
1916 3319 1975 3382 ba-

420 3434 526 3496 super,
537 3416 577 3476 de
593 3432 708 3496 magno
723 3422 754 3476 et
770 3423 878 3477 sancto
893 3415 1012 3477 Joaunc
1027 3415 1167 3497 baptista
1220 3416 1290 3478 buit
1303 3424 1376 3479 ante
1391 3414 1663 3479 annuntiationem
1676 3415 1970 3479 dominicamNam

262 3538 404 3588 notram.
418 3512 580 3591 asseritur,
603 3513 688 3593 quod
712 3510 774 3574 luit
797 3512 950 3593 propheta
974 3521 1004 3574 et
1028 3513 1166 3595 amplius
1219 3524 1251 3577 et
1278 3515 1318 3577 ab
1346 3513 1492 3594 intentio,
1522 3533 1621 3596 quum
1646 3513 1692 3575 uti
1721 3514 1819 3597 coepit
1847 3514 1971 3578 ratione

418 3629 513 3691 quam
535 3609 700 3694 propbeta,
727 3609 877 3691 quoniam
899 3629 994 3692 quem
1021 3611 1166 3693 praedixit
1220 3613 1358 3692 assidue,
1379 3613 1519 3675 creditur
1540 3611 1695 3694 angelicis
1714 3613 1970 3695 apparitionibus

417 3717 599 3786 venturum,
616 3708 806 3771 monstravit
827 3717 1027 3790 presentem.
1044 3709 1165 3784 Quanto
1219 3720 1345 3774 assueta
1364 3710 1475 3773 luisse.
1493 3709 1567 3772 Viso
1587 3729 1714 3792 quoque
1733 3719 1765 3772 et
1785 3711 1894 3773 audito
1912 3711 1971 3775 Ga·
1988 3736 2057 3779 rara.
2071 3738 2105 3780 aa.

416 3807 518 3889 magis
542 3806 637 3869 llaria
664 3806 850 3870 dulcissima
878 3808 950 3889 plus
978 3805 1041 3869 fuit
1069 3825 1165 3888 quam
1219 3809 1319 3872 brielc
1346 3807 1549 3889 archangelo,
1579 3807 1642 3870 luit
1675 3807 1800 3870 turbata
1828 3807 1862 3870 in
1898 3809 1969 3890 ejus

416 3905 625 3988 prophetissa,
655 3905 805 3987 quoniam
834 3904 1003 3984 Christum,
1034 3906 1074 3968 de
1102 3923 1165 3985 quo
1219 3924 1377 3983 sermone,
1393 3924 1458 3969 non
1483 3905 1517 3966 in
1541 3905 1751 3987 apparitione,
1773 3913 1860 3968 certa
1884 3908 1969 3987 quod

415 4004 558 4066 nondum
574 4011 649 4066 nato
663 4023 702 4065 ex
717 4011 806 4067 utero
822 4004 922 4066 multa
935 4003 970 4066 in
986 4022 1043 4066 suo
1065 4004 1166 4067 canti·
1218 4004 1317 4067 luerit
1343 4003 1475 4084 angelus
1503 4011 1643 4065 sanctus.
1670 4003 1728 4066 Per
1755 4003 1832 4084 quid
1863 4014 1968 4068 autem

417 4121 454 4165 co
469 4101 682 4185 prophetavit,
690 4119 754 4164 non
769 4102 872 4163 solum
888 4103 1076 4166 monstravit
1091 4122 1166 4185 prae
1219 4102 1417 4164 discernatur
1439 4101 1570 4182 spiritus
1593 4102 1697 4164 bonus
1720 4121 1739 4163 a
1762 4102 1859 4181 malo,
1879 4104 1970 4166 etde

417 4208 541 4264 sentem
581 4199 774 4281 pastoribus,
811 4199 919 4280 lingis,
956 4199 1096 4263 Simeoni
1133 4199 1203 4262 etl)
1219 4200 1452 4264 examinatione
1478 4199 1660 4280 spirituum,
1686 4198 1834 4262 dillicilis
1860 4209 1910 4264 est
1932 4221 1969 4265 ac

416 4300 526 4378 Annae,
542 4297 715 4378 multisque
736 4297 819 4374 aliis,
837 4297 893 4360 sed
914 4305 946 4360 et
966 4299 1023 4361 toti
1045 4299 1165 4361 mundo
1220 4298 1345 4362 subtilis
1360 4297 1493 4359 materia
1510 4320 1516 4358 :
1533 4297 1573 4360 de
1588 4315 1650 4377 qua
1665 4316 1779 4378 nuper,
1796 4297 1860 4361 Deo
1882 4299 1970 4362 auxi-

416 4396 542 4480 peperit
563 4414 635 4458 eum
658 4413 695 4457 ae
716 4403 904 4476 praesentem
925 4395 1091 4458 exhibuitl
1220 4398 1327 4475 liante,
1344 4395 1533 4480 opusculum
1548 4395 1645 4458 edidi.

457 4494 629 4573 Postremo,
646 4510 711 4555 non
732 4491 836 4555 solum
857 4492 988 4574 gloriosi
1008 4494 1163 4576 Apostoli,
1258 4493 1554 4575 Interpretationem
1570 4510 1645 4555 vero
1661 4510 1856 4574 sermonum,
1873 4493 1970 4557 idest

417 4594 472 4655 sed
487 4600 519 4654 et
533 4590 587 4654 alii
603 4591 732 4673 plurimi
744 4590 937 4672 evangelica
952 4591 1031 4672 legis
1046 4593 1162 4670 Sancti,
1220 4593 1464 4656 elucidationem
1487 4592 1731 4674 Scripturarum,
1755 4592 1816 4655 boc
1837 4600 1886 4654 est
1906 4591 1970 4655 cla-

417 4693 500 4754 dono
526 4689 698 4773 prophetiae
719 4689 899 4752 sublimiter
923 4689 1164 4772 splenduerunt,
1221 4711 1288 4754 ram
1303 4709 1412 4754 earum
1428 4689 1878 4771 intelligentiam,lacultatem
1893 4708 1970 4772 quo-

294 4813 364 4870 ram.
380 4825 402 4856 ι.
417 4798 452 4852 ut
465 4789 645 4870 Dionysius,
662 4797 697 4850 ut
718 4796 804 4870 patet
825 4789 858 4850 in
880 4788 950 4869 ejus
972 4789 1106 4870 epistola
1127 4790 1166 4851 ad
1220 4810 1282 4872 que
1297 4788 1475 4871 exponendi
1490 4789 1647 4866 eamdem,
1664 4787 1776 4850 babuit
1798 4796 1873 4851 ante
1894 4789 1973 4850 mis·

416 4889 569 4953 loannem
593 4888 783 4972 apostolum,
807 4887 979 4967 Servatius,
1002 4888 1163 4966 Martinus,
1220 4889 1343 4951 sionem
1354 4886 1516 4966 Paracleti,
1525 4886 1590 4948 imo
1601 4893 1632 4948 et
1642 4893 1716 4947 ante
1727 4886 1972 4968 conceptionem

416 4988 617 5068 benedictus,
640 4987 830 5065 Bernardus,
854 4987 1042 5050 Franciscus
1060 5010 1067 5048 :
1085 5005 1165 5067 quos
1220 4985 1292 5047 Filii
1307 4985 1362 5047 Dei
1380 5007 1387 5045 ε
1406 4983 1452 5046 sic
1474 4992 1581 5046 amen
1600 4982 1684 5063 quod
1705 4982 1738 5043 in
1759 4985 1972 5067 conceptione

416 5107 527 5152 omues
548 5086 776 5150 amabilissima
797 5093 829 5148 et
849 5085 943 5148 unica
967 5085 1057 5167 virgo
1072 5085 1166 5148 llario
1219 5082 1378 5164 Unigeniti
1394 5081 1510 5144 summi
1521 5080 1670 5160 Patris,et
1683 5079 1799 5142 deinde
1814 5080 1969 5162 quotidie,

416 5187 681 5252 inestimabiliter
704 5186 737 5249 in
766 5185 827 5248 boc
855 5185 938 5248 dono
968 5183 1038 5246 sine
1066 5184 1165 5248 dubio
1219 5180 1356 5244 maxime
1377 5189 1483 5243 autem
1507 5179 1539 5241 in
1563 5178 1614 5241 die
1638 5185 1749 5242 sancto
1767 5178 1970 5242 Pentecostes
2002 5207 2066 5254 Λα,
2085 5216 2128 5262 ,μ

417 5286 589 5370 superavit.
1219 5279 1408 5361 accipiendo
1434 5297 1508 5342 cum
1536 5275 1683 5359 gloriosis
1711 5276 1872 5359 Apostolis
1901 5277 1970 5362 Spi-
1983 5274 2077 5332 ’Ἢ
