4309 6250
280 502 319 547 ιιι
339 500 548 549 rucronrrura
570 503 664 548 suuur
685 503 852 550 rourrrmrs
866 503 904 548 ar
917 504 1088 550 suasurus
1109 503 1248 561 conatur,
1271 505 1358 551 ursae
1379 506 1424 551 ur.
1446 523 1487 533 -
1507 505 1585 568 sur„
1600 503 1633 550 ιι
1665 484 1725 548 627

176 677 209 732 et
225 677 340 752 pastor.
351 706 391 716 -
404 671 491 745 Quod
507 689 582 753 ergo
597 670 811 735 Cancellarius
826 678 857 733 et
872 671 926 733 alii
941 672 967 734 Α
981 670 1154 734 concilium
1173 671 1207 733 iu
1227 671 1296 734 aliis
1313 695 1320 733 z
1336 674 1605 754 quemadmodum
1624 675 1651 736 si
1671 675 1727 737 ali-

175 767 299 845 dicunt,
322 768 437 850 Papam
458 788 521 832 non
542 787 635 851 posse
656 768 799 850 regulare
819 768 927 832 Eccle-
980 769 1032 832 cui
1048 769 1283 851 congregationi
1300 770 1527 834 canonicomm
1547 780 1602 834 aut
1621 771 1727 853 religi-

175 865 270 943 siam,
287 886 347 930 nec
374 885 465 948 posse
491 867 595 930 eidem
621 867 805 948 praecipere,
823 867 925 947 legem
980 885 1121 946 osorum,
1141 887 1198 930 seu
1221 866 1410 948 provinciali
1435 869 1584 946 concilio,
1600 870 1728 932 daretur

175 971 326 1045 statuere,
348 985 458 1028 eamve
483 965 638 1045 judicare,
657 965 742 1046 quod
768 966 863 1027 etiam
886 966 926 1028 de
980 985 1018 1028 ex
1042 965 1143 1046 gratia
1164 965 1293 1046 speciali
1312 974 1398 1028 certa
1418 966 1660 1049 infallibilisque
1681 967 1730 1029 di-

174 1064 320 1143 generali
343 1063 480 1126 concilio
503 1063 721 1146 parilormiter
745 1071 890 1126 asserunt
916 1087 923 1125 ι
981 1062 1080 1125 rectio
1095 1062 1231 1145 Spiritus
1251 1063 1356 1126 Sancti
1371 1063 1405 1126 in
1420 1065 1616 1129 consulendo
1629 1074 1662 1128 et
1675 1066 1729 1128 de-

174 1159 348 1224 dicendum
370 1161 454 1242 qucd
475 1161 648 1243 loquuntur
668 1161 708 1224 de
727 1161 868 1224 Ecclesia
892 1169 927 1224 ut
980 1159 1124 1222 liniendo
1151 1179 1189 1222 ea
1212 1179 1283 1241 quae
1309 1161 1449 1224 decanus
1474 1162 1524 1225 vel
1550 1162 1647 1225 abbas
1671 1182 1728 1226 seu

175 1259 369 1340 synodaliter
400 1267 602 1342 congregata,
633 1278 690 1322 seu
717 1259 756 1322 de
784 1259 924 1340 generali
980 1258 1096 1340 praesul
1111 1258 1326 1321 conciliariter
1342 1261 1504 1322 tractanda
1522 1270 1726 1344 proponeret,

174 1357 316 1420 concilio
329 1356 508 1420 formaliter
523 1365 557 1418 ut
572 1355 630 1436 sic,
646 1366 677 1420 et
692 1357 796 1438 quoad
816 1375 926 1439 supre·
981 1375 1173 1438 suorumque
1193 1357 1449 1420 determinationi
1469 1366 1552 1422 stare
1572 1359 1729 1442 obligare

173 1475 265 1518 mum
291 1455 404 1537 ipsine,
433 1455 492 1518 hoc
522 1463 570 1517 est
593 1455 697 1537 quoad
721 1455 924 1537 potissimum
980 1462 1041 1532 tur,
1065 1455 1107 1518 ob
1127 1455 1189 1518 hoc
1213 1455 1364 1534 decanus,
1381 1456 1478 1518 abbas
1503 1457 1571 1520 sive
1596 1459 1728 1522 antistes

172 1554 261 1633 quod
290 1553 425 1616 concilio
454 1553 617 1635 competit,
643 1554 729 1635 quod
754 1562 802 1615 est
825 1553 924 1616 libere
979 1571 1043 1616 uon
1069 1553 1228 1617 amitteret
1249 1555 1470 1618 auctoritatem
1498 1564 1530 1618 et
1556 1556 1729 1639 praesiden-

174 1652 401 1730 determinare,
417 1650 554 1714 delinire
576 1660 607 1714 et
625 1651 772 1714 ordinare
797 1671 834 1714 ea
855 1671 925 1732 quac
979 1652 1054 1714 tiam
1071 1671 1161 1715 suam
1176 1672 1273 1734 super
1285 1672 1413 1734 gregem
1428 1673 1521 1716 suum
1537 1654 1569 1716 iu
1584 1653 1667 1718 aliis.
1685 1656 1728 1718 De

174 1751 393 1814 conciliariter
428 1757 503 1813 sunt
538 1750 713 1828 tractanda,
749 1750 925 1813 seeundum
979 1750 1040 1813 boc
1060 1749 1094 1812 in
1113 1751 1218 1832 primo
1237 1750 1357 1831 libello,
1374 1753 1549 1833 praesertim
1573 1753 1728 1818 vicesimo

174 1850 380 1933 promissam,
397 1858 556 1932 speratam
581 1857 613 1911 et
637 1849 818 1911 invocatam
843 1850 961 1917 dire-E
981 1849 1116 1930 septimo
1136 1849 1281 1927 articulo,
1298 1849 1383 1913 dicta
1403 1858 1478 1912 sunt
1498 1851 1600 1933 plura.

173 1950 316 2012 ctionem
332 1948 467 2031 Spiritus
482 1946 600 2010 Sancti.
617 1947 651 2008 ln
667 1947 716 2010 his
731 1948 850 2010 etenim
871 1949 926 2010 Pa·
1020 1948 1173 2031 Denique,
1184 1949 1334 2028 quoniam
1349 1948 1562 2013 Cancellarius
1577 1970 1635 2014 suo
1650 1958 1729 2014 tern-

172 2067 215 2128 pa
231 2066 296 2110 non
310 2047 406 2110 habet
419 2053 607 2128 potestatem
622 2053 676 2108 aut
690 2046 924 2127 praesidentiam
982 2064 1057 2126 pore
1076 2046 1204 2128 scripsit
1227 2056 1337 2110 contra
1359 2048 1513 2128 quosdam
1533 2049 1588 2130 qui
1612 2049 1728 2132 Papam

173 2145 356 2208 coercivam
372 2164 464 2228 super
479 2143 661 2222 concilium,
670 2146 724 2207 sed
740 2145 842 2227 magis
857 2144 925 2206 sub
981 2144 1126 2208 absolute
1140 2153 1172 2208 et
1184 2145 1431 2209 immodemnter
1441 2146 1648 2228 praetulerunt
1658 2167 1730 2211 con·

172 2243 287 2326 jicitur
301 2244 330 2306 ei
343 2268 352 2322 ;
367 2253 399 2306 ct
414 2244 537 2307 ratione
551 2243 647 2325 hujus
662 2243 779 2307 divina
799 2244 927 2308 directi·
982 2244 1068 2322 cilio,
1092 2244 1217 2307 scilicet
1239 2252 1349 2307 contra
1373 2244 1499 2308 Petrum
1522 2246 1562 2308 de
1586 2246 1674 2309 Luna
1698 2254 1730 2309 et

173 2343 249 2406 onis
277 2341 444 2424 praefertur
473 2342 643 2405 concilium
671 2343 772 2424 Papae,
798 2349 926 2425 propter
981 2341 1052 2422 ejus
1080 2340 1237 2420 lautores3
1264 2341 1384 2405 idcirco
1413 2342 1538 2424 sategit,
1563 2344 1602 2405 ad
1632 2345 1730 2428 repri-

173 2441 305 2504 concilii
335 2441 368 2503 in
397 2439 514 2502 talibus
547 2440 831 2503 indeviabilitatem
859 2459 927 2503 cer·
982 2441 1133 2503 mendum
1157 2440 1285 2503 illomm
1310 2441 1487 2520 audaciam,
1509 2442 1730 2506 auctoritatem

173 2548 305 2620 tamque
320 2539 561 2620 regulationem.
578 2537 684 2602 Nihilo
704 2539 810 2601 minus
830 2559 925 2620 gene·
982 2538 1111 2602 concilii
1126 2539 1199 2601 totis
1215 2539 1337 2602 viribus
1351 2541 1587 2618 commendare,
1598 2541 1731 2621 loquen-

173 2639 243 2700 rale
271 2637 441 2701 concilium
473 2637 678 2701 materialiter
703 2645 865 2720 sumptum
891 2645 924 2700 ut
980 2639 1021 2700 do
1036 2639 1075 2700 de
1091 2637 1161 2719 ipso
1175 2637 1311 2700 multum
1326 2637 1501 2701 formaliter
1514 2646 1546 2701 et
1559 2639 1663 2720 quoad
1679 2659 1731 2703 su-

172 2745 224 2799 est
244 2735 373 2819 quidam
398 2736 534 2818 populus
559 2735 764 2814 christianus,
780 2737 924 2816 quadarn
980 2756 1127 2819 premum
1141 2736 1226 2816 quod
1241 2737 1394 2818 competit
1408 2736 1632 2815 ei,secnndum
1646 2738 1730 2819 quud

173 2834 375 2916 particularis
388 2834 531 2897 Ecclesia
546 2852 605 2916 per
619 2842 798 2916 respectum
817 2835 856 2896 ad
871 2834 926 2896 Pa·
981 2834 1221 2898 consuetudinis
1235 2842 1282 2896 est
1296 2834 1461 2897 doctomm
1481 2835 1568 2915 loqui
1584 2855 1731 2898 nonnun-

172 2953 263 3016 pam,
294 2933 469 2996 secundum
497 2933 623 2994 Petrum
652 2933 691 2995 de
719 2931 851 3012 rilliaco,
878 2941 927 2994 est
981 2951 1076 3012 quam
1093 2933 1510 3014 utrumqueextrcme,dum
1525 2941 1732 2996 contraerro·

171 3034 321 3115 quaedam
355 3031 559 3114 congregatio
592 3032 700 3095 ovium
728 3031 841 3094 Christi
870 3051 926 3094 seu
943 3031 965 3095 C
982 3049 1031 3093 res
1047 3030 1222 3094 contrarios
1238 3030 1412 3111 disputant.
1428 3031 1561 3093 Domum
1580 3031 1678 3094 etiam
1696 3031 1730 3092 in

172 3133 367 3215 particulare
396 3132 480 3196 ovile
505 3132 681 3194 secundum
708 3130 925 3194 exsistentiam
982 3130 1115 3212 Scriptis
1129 3130 1291 3193 canonicis
1306 3130 1346 3191 de
1359 3131 1471 3192 eadem
1486 3149 1519 3191 re
1539 3130 1731 3211 quandoque

172 3250 267 3295 suam
293 3230 452 3313 (quamvis
480 3238 686 3311 repraesentat
711 3228 926 3292 universalem
981 3226 1021 3291 lit
1049 3246 1154 3291 sermo
1182 3228 1357 3291 secundum
1386 3246 1479 3290 suum
1508 3228 1665 3310 superius,
1696 3236 1731 3291 ut

172 3328 377 3408 Ecclesiam),
385 3347 526 3410 gensque
541 3326 716 3409 peccabilis
731 3335 826 3408 atquc
841 3328 927 3389 dam·
981 3345 1080 3408 quum
1105 3327 1151 3389 ait
1174 3326 1353 3408 Apostolus,
1370 3326 1402 3388 Si
1428 3326 1604 3389 secundum
1630 3326 1732 3390 homi·
1759 3357 1878 3410 rem,

172 3427 305 3505 nabilis,
324 3426 357 3489 in
372 3426 508 3508 propriis
523 3425 617 3489 lactis
633 3424 853 3508 multipliciter
872 3445 926 3508 po-
982 3444 1055 3487 nem
1081 3425 1120 3487 ad
1144 3424 1262 3488 bestias
1287 3424 1427 3507 pugnavi
1455 3423 1585 3507 Ephesi,
1612 3424 1645 3486 id
1669 3432 1727 3503 est,
1745 3422 1779 3463 ⁸²·

170 3534 248 3589 tens
262 3542 368 3587 errare
382 3523 667 3605 damnabiliterque
682 3542 828 3605 peccare,
845 3523 926 3587 sicut
983 3521 1224 3600 rationabiliter,
1254 3529 1289 3584 ut
1320 3522 1473 3605 sapientis
1501 3532 1550 3585 est
1575 3522 1728 3602 huminis,

171 3633 205 3687 et
235 3623 297 3685 alia
324 3622 444 3705 quavis
472 3621 674 3705 particularis
701 3621 865 3700 Ecclesia;
895 3631 926 3685 et
982 3630 1094 3685 contra
1128 3621 1278 3685 bestiales
1314 3621 1461 3684 homines
1499 3621 1659 3703 disputavi
1695 3621 1729 3683 in

171 3723 236 3785 hcc
253 3722 347 3784 modo
362 3720 467 3800 habet,
486 3728 590 3801 potest
603 3726 635 3782 et
648 3720 743 3782 debet
763 3738 925 3783 asumma
981 3720 1128 3801 Ephes03
1144 3719 1304 3782 interdum
1330 3718 1506 3780 secundum
1531 3737 1623 3780 suum
1650 3716 1730 3780 inle-

171 3820 333 3884 Pontilice
348 3819 496 3901 regulari,
514 3819 580 3899 regi
596 3827 628 3881 et
639 3818 789 3899 judicari,
807 3837 866 3881 nec
886 3818 925 3881 ab
982 3815 1059 3895 rius,
1081 3816 1164 3877 sicut
1188 3815 1266 3877 dum
1289 3814 1334 3876 ait
1350 3838 1356 3875 :
1374 3814 1476 3887 Quum
1500 3814 1542 3876 sit
1565 3814 1649 3877 inter
1673 3832 1729 3878 vos
1744 3838 1841 3891 rotam..
1854 3841 1875 3882 s.

172 3920 247 4001 ejus
266 3918 449 3982 obedientia
470 3926 519 3981 est
542 3926 736 3999 exemptum,
753 3918 925 3981 dummodo
980 3914 1065 3976 zelus
1080 3922 1112 3976 et
1126 3912 1298 3991 contentio,
1315 3931 1421 3975 nonne
1441 3913 1584 3975 carnales
1604 3912 1679 3975 estis
1698 3920 1730 3975 et

171 4020 219 4082 nil
235 4018 264 4081 ei
281 4017 522 4101 praecipiatque
536 4016 655 4080 bonum
676 4016 805 4080 concilii
822 4016 926 4079 valeat
982 4013 1158 4076 secuudum
1179 4012 1343 4075 bominem
1364 4011 1549 4075 ambulatisl

170 4117 376 4199 aliquatenus
392 4115 692 4198 impedirilusuper
707 4124 737 4177 et
751 4115 857 4196 ipsum
872 4134 926 4197 ge·

171 4215 285 4279 nerale
300 4212 645 4295 concilium,quautum
660 4213 700 4275 ad
715 4232 752 4275 ea
766 4232 836 4296 quae
852 4220 926 4275 sunt
941 4214 967 4278 Ι)

170 4313 401 4399 praeparatoria
422 4320 453 4376 et
476 4311 654 4376 accessoria
672 4312 713 4373 ad
731 4310 925 4393 principales
1190 4320 1435 4386 ARTIGULUS
1458 4318 1519 4384 IX,

169 4413 277 4497 ἱρείης
308 4420 409 4522 acuis!
440 4409 608 4520 snbjiqitur
636 4409 737 4492 ἥρω’
769 4418 813 4523 tta
840 4412 925 4492 quod
981 4464 1072 4533 Quod
1088 4464 1124 4523 in
1138 4465 1203 4521 solo
1217 4464 1311 4536 Papa
1331 4462 1472 4520 resideat
1491 4458 1667 4537 subjective
1680 4466 1729 4520 ct-

169 4518 280 4594 potest
295 4510 432 4573 concrho
447 4516 478 4573 et
491 4510 747 4590 quibuscumque
769 4529 839 4591 erus
855 4530 925 4593 per·
1020 4573 1082 4632 que
1105 4552 1306 4629 formaliter,
1324 4551 1463 4626 proprie
1490 4558 1521 4609 ec
1547 4551 1729 4609 maenti·

170 4608 263 4673 ⁸⁰¹¹i⁸
278 4608 449 4690 pmipm
464 4626 501 4669 ⁰³
515 4626 585 4688 quae
600 4626 674 4718 νῗῗθ
693 4615 724 4669 et
743 4608 925 4719 inqubffffln'
1019 4645 1131 4711 aliter,
1147 4650 1272 4711 certem,
1288 4640 1487 4715 supremitas
1506 4648 1536 4699 et
1554 4640 1728 4715 plenitudo

170 4718 221 4773 ter
237 4707 441 4770 accommoda
452 4715 526 4769 sunt
540 4707 679 4769 concrhc
694 4686 733 4769 ad
749 4708 923 4788 prmcrpale
1019 4732 1240 4793 ecclesiasticae
1256 4730 1438 4805 potestatis,
1457 4738 1488 4789 eg
1511 4731 1667 4808 quomodo
1691 4731 1728 4789 ,·„

167 4807 275 4891 ipsius
296 4807 459 4887 negotium
478 4805 727 4887 0¹⁵0qssssssdum·
745 4806 831 4869 Unde
852 4825 924 4889 Pl0·
1016 4823 1167 4901 penerali
1189 4822 1325 4880 concilio
1349 4828 1380 4879 et
1404 4820 1441 4878 ia
1465 4819 1649 4880 universali
1666 4820 1728 4879 Εσ-

167 4917 246 4991 pter
260 4912 379 4969 certam
392 4904 601 4968 directionem
618 4904 747 4968 concilii
768 4924 786 4967 a
806 4905 923 4987 Spiritu
1018 4914 1117 4974 etesia
1131 4931 1196 4971 esse
1209 4912 1354 4971 dicatur.

168 5008 291 5070 Sancto
323 5003 357 5066 in
385 5003 648 5067 determinatione
676 5011 708 5066 et
735 5003 922 5067 delinitione

167 5124 285 5170 eorum
311 5122 381 5185 quae
408 5104 448 5165 ad
476 5102 576 5185 ipsius
606 5101 734 5165 concilii
763 5104 924 5184 pertinent
1051 5096 1276 5163 UAESTIONEhl
1296 5115 1358 5178 qua
1380 5095 1533 5177 quaritur
1557 5114 1597 5158 an
1619 5093 1653 5157 in
1677 5112 1726 5159 so-

166 5204 364 5282 lorum,non
379 5201 498 5264 amittit
510 5201 592 5283 Papa
606 5208 794 5282 potestatem
806 5210 838 5264 et
849 5221 924 5283 prae
981 5099 1100 5362 Qlo
1128 5197 1270 5259 Romano
1300 5193 1456 5257 Pontifice
1488 5194 1529 5256 sit
1558 5193 1725 5277 potestatis

166 5304 326 5369 lationem
350 5308 405 5365 aut
426 5300 681 5382 jurisdictionem
706 5319 796 5363 suam
826 5319 922 5382 super
979 5319 1034 5363 ecc
1048 5296 1203 5362 esiasticae
1231 5294 1407 5377 plenitudo,
1432 5293 1540 5357 Petrus
1562 5294 1602 5356 de
1629 5292 1725 5355 Allia-
