<?xml version="1.0" encoding="UTF-8"?>
<!DOCTYPE html PUBLIC "-//W3C//DTD XHTML 1.0 Transitional//EN"
    "http://www.w3.org/TR/xhtml1/DTD/xhtml1-transitional.dtd">
<html xmlns="http://www.w3.org/1999/xhtml" xml:lang="en" lang="en">
 <head>
  <title>
</title>
<meta http-equiv="Content-Type" content="text/html;charset=utf-8" />
  <meta name='ocr-system' content='tesseract 3.04.00' />
  <meta name='ocr-capabilities' content='ocr_page ocr_carea ocr_par ocr_line ocrx_word'/>
</head>
<body>
  <div class='ocr_page' id='page_1' title='image "./doctorisecstati03unkngoog/doctorisecstati03unkngoog_0695.png"; bbox 0 0 4309 6250; ppageno 0'>
   <div class='ocr_carea' id='block_1_1' title="bbox 204 498 1710 573">
    <p class='ocr_par' dir='ltr' id='par_1_1' title="bbox 204 498 1710 573">
     <span class='ocr_line' id='line_1_1' title="bbox 204 498 1710 573; baseline 0.003 -11"><span class='ocrx_word' id='word_1_1' title='bbox 204 517 244 562; x_wconf 84' lang='lat' dir='ltr'><strong>DE</strong></span> <span class='ocrx_word' id='word_1_2' title='bbox 265 515 474 564; x_wconf 71' lang='lat' dir='ltr'><strong>sententiare</strong></span> <span class='ocrx_word' id='word_1_3' title='bbox 495 517 589 564; x_wconf 76' lang='lat' dir='ltr'><strong>snm</strong></span> <span class='ocrx_word' id='word_1_4' title='bbox 610 514 777 563; x_wconf 68' lang='lat' dir='ltr'><strong>rousteinus</strong></span> <span class='ocrx_word' id='word_1_5' title='bbox 798 514 835 560; x_wconf 81' lang='lat' dir='ltr'><strong>ET</strong></span> <span class='ocrx_word' id='word_1_6' title='bbox 856 513 1025 562; x_wconf 65' lang='lat' dir='ltr'><strong>ennesius</strong></span> <span class='ocrx_word' id='word_1_7' title='bbox 1046 514 1187 573; x_wconf 79' lang='lat' dir='ltr'><strong>conenit,</strong></span> <span class='ocrx_word' id='word_1_8' title='bbox 1208 515 1297 562; x_wconf 77' lang='lat' dir='ltr'><strong>tinen</strong></span> <span class='ocrx_word' id='word_1_9' title='bbox 1317 515 1361 562; x_wconf 82' lang='grc' dir='ltr'><strong>ΙΙΙ.</strong></span> <span class='ocrx_word' id='word_1_10' title='bbox 1384 534 1424 545; x_wconf 94' lang='grc'><strong>-·</strong></span> <span class='ocrx_word' id='word_1_11' title='bbox 1444 518 1515 563; x_wconf 76' lang='lat' dir='ltr'><strong>ann.</strong></span> <span class='ocrx_word' id='word_1_12' title='bbox 1537 519 1625 565; x_wconf 82' lang='lat' dir='ltr'><strong>mu</strong></span> <span class='ocrx_word' id='word_1_13' title='bbox 1649 498 1710 565; x_wconf 71' lang='grc'><strong>669</strong></span> 
     </span>
    </p>
   </div>
   <div class='ocr_carea' id='block_1_2' title="bbox 156 685 1710 1163">
    <p class='ocr_par' dir='ltr' id='par_1_2' title="bbox 156 685 1710 966">
     <span class='ocr_line' id='line_1_2' title="bbox 157 685 1710 769; baseline 0.001 -20"><span class='ocrx_word' id='word_1_14' title='bbox 157 688 265 752; x_wconf 91' lang='lat' dir='ltr'><strong>cundo</strong></span> <span class='ocrx_word' id='word_1_15' title='bbox 290 689 396 765; x_wconf 93' lang='lat' dir='ltr'><strong>modo,</strong></span> <span class='ocrx_word' id='word_1_16' title='bbox 413 685 586 769; x_wconf 68' lang='lat' dir='ltr'><strong>praesertim</strong></span> <span class='ocrx_word' id='word_1_17' title='bbox 611 685 732 748; x_wconf 87' lang='lat' dir='ltr'><strong>ratione</strong></span> <span class='ocrx_word' id='word_1_18' title='bbox 757 685 805 748; x_wconf 91' lang='lat' dir='ltr'><strong>sui</strong></span> <span class='ocrx_word' id='word_1_19' title='bbox 830 685 947 748; x_wconf 82' lang='lat' dir='ltr'><strong>Pon-A</strong></span> <span class='ocrx_word' id='word_1_20' title='bbox 963 703 1060 766; x_wconf 90' lang='lat' dir='ltr'><strong>quum</strong></span> <span class='ocrx_word' id='word_1_21' title='bbox 1087 685 1148 747; x_wconf 92' lang='lat' dir='ltr'><strong>boc</strong></span> <span class='ocrx_word' id='word_1_22' title='bbox 1169 686 1208 748; x_wconf 91' lang='lat' dir='ltr'><strong>de</strong></span> <span class='ocrx_word' id='word_1_23' title='bbox 1230 685 1383 749; x_wconf 90' lang='lat' dir='ltr'><strong>servitute</strong></span> <span class='ocrx_word' id='word_1_24' title='bbox 1403 686 1607 750; x_wconf 82' lang='lat' dir='ltr'><strong>bierarcbicae</strong></span> <span class='ocrx_word' id='word_1_25' title='bbox 1632 705 1710 768; x_wconf 74' lang='lat' dir='ltr'><strong>prae-</strong></span> 
     </span>
     <span class='ocr_line' id='line_1_3' title="bbox 156 781 1710 868; baseline 0.001 -22"><span class='ocrx_word' id='word_1_26' title='bbox 156 785 271 849; x_wconf 87' lang='lat' dir='ltr'><strong>tificis.</strong></span> <span class='ocrx_word' id='word_1_27' title='bbox 287 787 404 868; x_wconf 90' lang='lat' dir='ltr'><strong>Sicque</strong></span> <span class='ocrx_word' id='word_1_28' title='bbox 423 785 559 848; x_wconf 83' lang='lat' dir='ltr'><strong>lacobus</strong></span> <span class='ocrx_word' id='word_1_29' title='bbox 578 784 788 866; x_wconf 77' lang='lat' dir='ltr'><strong>devoragine</strong></span> <span class='ocrx_word' id='word_1_30' title='bbox 807 793 839 846; x_wconf 89' lang='lat' dir='ltr'><strong>et</strong></span> <span class='ocrx_word' id='word_1_31' title='bbox 852 782 906 845; x_wconf 92' lang='lat' dir='ltr'><strong>alii</strong></span> <span class='ocrx_word' id='word_1_32' title='bbox 962 781 1101 860; x_wconf 87' lang='lat' dir='ltr'><strong>lationis,</strong></span> <span class='ocrx_word' id='word_1_33' title='bbox 1118 782 1400 847; x_wconf 77' lang='lat' dir='ltr'><strong>administrationis</strong></span> <span class='ocrx_word' id='word_1_34' title='bbox 1421 803 1458 848; x_wconf 91' lang='lat' dir='ltr'><strong>ac</strong></span> <span class='ocrx_word' id='word_1_35' title='bbox 1482 785 1710 848; x_wconf 90' lang='lat' dir='ltr'><strong>dominationis</strong></span> 
     </span>
     <span class='ocr_line' id='line_1_4' title="bbox 157 879 1710 966; baseline 0.001 -21"><span class='ocrx_word' id='word_1_36' title='bbox 157 882 253 946; x_wconf 89' lang='lat' dir='ltr'><strong>multi</strong></span> <span class='ocrx_word' id='word_1_37' title='bbox 276 892 391 948; x_wconf 86' lang='lat' dir='ltr'><strong>vocant</strong></span> <span class='ocrx_word' id='word_1_38' title='bbox 411 902 482 946; x_wconf 92' lang='lat' dir='ltr'><strong>eam</strong></span> <span class='ocrx_word' id='word_1_39' title='bbox 503 883 666 947; x_wconf 89' lang='lat' dir='ltr'><strong>dominam</strong></span> <span class='ocrx_word' id='word_1_40' title='bbox 681 882 905 944; x_wconf 89' lang='lat' dir='ltr'><strong>Ecclesiarum.</strong></span> <span class='ocrx_word' id='word_1_41' title='bbox 962 879 1002 942; x_wconf 90' lang='lat' dir='ltr'><strong>sit</strong></span> <span class='ocrx_word' id='word_1_42' title='bbox 1016 880 1258 961; x_wconf 87' lang='lat' dir='ltr'><strong>intelligendum</strong></span> <span class='ocrx_word' id='word_1_43' title='bbox 1272 906 1279 944; x_wconf 91' lang='lat'><strong>:</strong></span> <span class='ocrx_word' id='word_1_44' title='bbox 1293 882 1467 964; x_wconf 75' lang='lat' dir='ltr'><strong>praesertim</strong></span> <span class='ocrx_word' id='word_1_45' title='bbox 1482 903 1581 964; x_wconf 90' lang='lat' dir='ltr'><strong>quum</strong></span> <span class='ocrx_word' id='word_1_46' title='bbox 1595 883 1710 966; x_wconf 89' lang='lat' dir='ltr'><strong>etipse</strong></span> 
     </span>
    </p>

    <p class='ocr_par' dir='ltr' id='par_1_3' title="bbox 157 977 1710 1163">
     <span class='ocr_line' id='line_1_5' title="bbox 200 977 1708 1064; baseline -0.001 -19"><span class='ocrx_word' id='word_1_47' title='bbox 200 982 353 1064; x_wconf 86' lang='lat' dir='ltr'><strong>Denique,</strong></span> <span class='ocrx_word' id='word_1_48' title='bbox 371 983 485 1064; x_wconf 86' lang='lat' dir='ltr'><strong>Papam</strong></span> <span class='ocrx_word' id='word_1_49' title='bbox 506 981 552 1044; x_wconf 90' lang='lat' dir='ltr'><strong>sic</strong></span> <span class='ocrx_word' id='word_1_50' title='bbox 572 1000 643 1044; x_wconf 88' lang='lat' dir='ltr'><strong>esse</strong></span> <span class='ocrx_word' id='word_1_51' title='bbox 662 981 825 1043; x_wconf 91' lang='lat' dir='ltr'><strong>dominum</strong></span> <span class='ocrx_word' id='word_1_52' title='bbox 852 979 908 1042; x_wconf 91' lang='lat' dir='ltr'><strong>Ec·</strong></span> <span class='ocrx_word' id='word_1_53' title='bbox 963 979 993 1040; x_wconf 93' lang='lat' dir='ltr'><strong>S.</strong></span> <span class='ocrx_word' id='word_1_54' title='bbox 1011 977 1193 1060; x_wconf 77' lang='lat' dir='ltr'><strong>Gregorius,</strong></span> <span class='ocrx_word' id='word_1_55' title='bbox 1210 979 1265 1063; x_wconf 89' lang='lat' dir='ltr'><strong>qui</strong></span> <span class='ocrx_word' id='word_1_56' title='bbox 1281 980 1384 1061; x_wconf 91' lang='lat' dir='ltr'><strong>primo</strong></span> <span class='ocrx_word' id='word_1_57' title='bbox 1400 981 1494 1043; x_wconf 89' lang='lat' dir='ltr'><strong>talem</strong></span> <span class='ocrx_word' id='word_1_58' title='bbox 1514 1001 1548 1044; x_wconf 90' lang='lat' dir='ltr'><strong>se</strong></span> <span class='ocrx_word' id='word_1_59' title='bbox 1568 982 1708 1064; x_wconf 83' lang='lat' dir='ltr'><strong>scripsit,</strong></span> 
     </span>
     <span class='ocr_line' id='line_1_6' title="bbox 157 1076 1710 1163; baseline 0 -20"><span class='ocrx_word' id='word_1_60' title='bbox 157 1080 266 1143; x_wconf 72' lang='lat' dir='ltr'><strong>clesiaa</strong></span> <span class='ocrx_word' id='word_1_61' title='bbox 291 1081 485 1163; x_wconf 80' lang='lat' dir='ltr'><strong>praeiuducta</strong></span> <span class='ocrx_word' id='word_1_62' title='bbox 509 1080 738 1156; x_wconf 90' lang='lat' dir='ltr'><strong>demonstrant,</strong></span> <span class='ocrx_word' id='word_1_63' title='bbox 755 1097 853 1160; x_wconf 96' lang='lat' dir='ltr'><strong>quum</strong></span> <span class='ocrx_word' id='word_1_64' title='bbox 877 1084 909 1139; x_wconf 88' lang='lat' dir='ltr'><strong>et</strong></span> <span class='ocrx_word' id='word_1_65' title='bbox 963 1076 995 1138; x_wconf 94' lang='lat' dir='ltr'><strong>iu</strong></span> <span class='ocrx_word' id='word_1_66' title='bbox 1015 1076 1185 1140; x_wconf 81' lang='lat' dir='ltr'><strong>floralibus</strong></span> <span class='ocrx_word' id='word_1_67' title='bbox 1204 1097 1300 1159; x_wconf 89' lang='lat' dir='ltr'><strong>super</strong></span> <span class='ocrx_word' id='word_1_68' title='bbox 1317 1078 1376 1141; x_wconf 90' lang='lat' dir='ltr'><strong>lob</strong></span> <span class='ocrx_word' id='word_1_69' title='bbox 1395 1079 1492 1157; x_wconf 85' lang='lat' dir='ltr'><strong>dicat,</strong></span> <span class='ocrx_word' id='word_1_70' title='bbox 1509 1081 1593 1160; x_wconf 90' lang='lat' dir='ltr'><strong>quod</strong></span> <span class='ocrx_word' id='word_1_71' title='bbox 1618 1081 1710 1144; x_wconf 86' lang='lat' dir='ltr'><strong>Petro</strong></span> 
     </span>
    </p>
   </div>
   <div class='ocr_carea' id='block_1_3' title="bbox 30 1174 1710 1262">
    <p class='ocr_par' dir='ltr' id='par_1_4' title="bbox 30 1174 1710 1262">
     <span class='ocr_line' id='line_1_7' title="bbox 30 1174 1710 1262; baseline 0.001 -22"><span class='ocrx_word' id='word_1_72' title='bbox 30 1191 33 1230; x_wconf 77' lang='lat' dir='ltr'><strong>i</strong></span> <span class='ocrx_word' id='word_1_73' title='bbox 56 1203 74 1234; x_wconf 77' lang='lat' dir='ltr'><strong>n.</strong></span> <span class='ocrx_word' id='word_1_74' title='bbox 118 1203 141 1232; x_wconf 80' lang='lat'><strong>·=-</strong></span> <span class='ocrx_word' id='word_1_75' title='bbox 157 1180 330 1242; x_wconf 84' lang='lat' dir='ltr'><strong>Anselmus</strong></span> <span class='ocrx_word' id='word_1_76' title='bbox 344 1179 468 1243; x_wconf 90' lang='lat' dir='ltr'><strong>Urbano</strong></span> <span class='ocrx_word' id='word_1_77' title='bbox 487 1178 577 1260; x_wconf 77' lang='lat' dir='ltr'><strong>Papae</strong></span> <span class='ocrx_word' id='word_1_78' title='bbox 597 1177 628 1239; x_wconf 94' lang='lat' dir='ltr'><strong>iu</strong></span> <span class='ocrx_word' id='word_1_79' title='bbox 649 1177 784 1259; x_wconf 88' lang='lat' dir='ltr'><strong>epistola</strong></span> <span class='ocrx_word' id='word_1_80' title='bbox 802 1179 841 1240; x_wconf 90' lang='lat' dir='ltr'><strong>de</strong></span> <span class='ocrx_word' id='word_1_81' title='bbox 859 1176 909 1238; x_wconf 90' lang='lat' dir='ltr'><strong>lu-</strong></span> <span class='ocrx_word' id='word_1_82' title='bbox 963 1174 1004 1236; x_wconf 91' lang='lat' dir='ltr'><strong>sit</strong></span> <span class='ocrx_word' id='word_1_83' title='bbox 1024 1193 1043 1236; x_wconf 89' lang='lat' dir='ltr'><strong>a</strong></span> <span class='ocrx_word' id='word_1_84' title='bbox 1061 1174 1186 1237; x_wconf 83' lang='lat' dir='ltr'><strong>Christo</strong></span> <span class='ocrx_word' id='word_1_85' title='bbox 1205 1175 1298 1237; x_wconf 89' lang='lat' dir='ltr'><strong>datus</strong></span> <span class='ocrx_word' id='word_1_86' title='bbox 1317 1175 1517 1258; x_wconf 78' lang='lat' dir='ltr'><strong>principatus</strong></span> <span class='ocrx_word' id='word_1_87' title='bbox 1536 1186 1631 1259; x_wconf 90' lang='lat' dir='ltr'><strong>atque</strong></span> <span class='ocrx_word' id='word_1_88' title='bbox 1647 1179 1710 1262; x_wconf 84' lang='lat' dir='ltr'><strong>pri·</strong></span> 
     </span>
    </p>
   </div>
   <div class='ocr_carea' id='block_1_4' title="bbox 87 1272 1823 2047">
    <p class='ocr_par' dir='ltr' id='par_1_5' title="bbox 157 1272 1823 1454">
     <span class='ocr_line' id='line_1_8' title="bbox 158 1272 1823 1358; baseline 0.002 -20"><span class='ocrx_word' id='word_1_89' title='bbox 158 1276 345 1340; x_wconf 87' lang='lat' dir='ltr'><strong>carnatione</strong></span> <span class='ocrx_word' id='word_1_90' title='bbox 371 1275 465 1340; x_wconf 83' lang='lat' dir='ltr'><strong>Verbi</strong></span> <span class='ocrx_word' id='word_1_91' title='bbox 491 1275 537 1338; x_wconf 90' lang='lat' dir='ltr'><strong>sic</strong></span> <span class='ocrx_word' id='word_1_92' title='bbox 562 1275 680 1338; x_wconf 88' lang='lat' dir='ltr'><strong>scribat</strong></span> <span class='ocrx_word' id='word_1_93' title='bbox 696 1299 703 1336; x_wconf 93' lang='lat'><strong>:</strong></span> <span class='ocrx_word' id='word_1_94' title='bbox 720 1275 853 1338; x_wconf 86' lang='lat' dir='ltr'><strong>Domino</strong></span> <span class='ocrx_word' id='word_1_95' title='bbox 877 1281 909 1336; x_wconf 88' lang='lat' dir='ltr'><strong>et</strong></span> <span class='ocrx_word' id='word_1_96' title='bbox 963 1278 1065 1334; x_wconf 89' lang='lat' dir='ltr'><strong>matus</strong></span> <span class='ocrx_word' id='word_1_97' title='bbox 1090 1272 1251 1352; x_wconf 75' lang='lat' dir='ltr'><strong>Ecclesia,</strong></span> <span class='ocrx_word' id='word_1_98' title='bbox 1269 1281 1303 1335; x_wconf 92' lang='lat' dir='ltr'><strong>ut</strong></span> <span class='ocrx_word' id='word_1_99' title='bbox 1321 1273 1436 1356; x_wconf 70' lang='lat' dir='ltr'><strong>saepius</strong></span> <span class='ocrx_word' id='word_1_100' title='bbox 1455 1283 1501 1337; x_wconf 89' lang='lat' dir='ltr'><strong>est</strong></span> <span class='ocrx_word' id='word_1_101' title='bbox 1526 1275 1708 1358; x_wconf 88' lang='lat' dir='ltr'><strong>allegatum.</strong></span> <span class='ocrx_word' id='word_1_102' title='bbox 1725 1303 1767 1343; x_wconf 72' lang='grc' dir='ltr'><strong>ιιι.</strong></span> <span class='ocrx_word' id='word_1_103' title='bbox 1780 1311 1823 1342; x_wconf 89' lang='grc' dir='ltr'><strong>ιιι.</strong></span> 
     </span>
     <span class='ocr_line' id='line_1_9' title="bbox 157 1370 1712 1454; baseline 0.002 -18"><span class='ocrx_word' id='word_1_104' title='bbox 157 1374 243 1437; x_wconf 90' lang='lat' dir='ltr'><strong>Patri</strong></span> <span class='ocrx_word' id='word_1_105' title='bbox 266 1375 424 1437; x_wconf 77' lang='lat' dir='ltr'><strong>universa</strong></span> <span class='ocrx_word' id='word_1_106' title='bbox 442 1373 592 1436; x_wconf 76' lang='lat' dir='ltr'><strong>Ecclesia</strong></span> <span class='ocrx_word' id='word_1_107' title='bbox 610 1371 645 1434; x_wconf 94' lang='lat' dir='ltr'><strong>in</strong></span> <span class='ocrx_word' id='word_1_108' title='bbox 666 1380 749 1435; x_wconf 89' lang='lat' dir='ltr'><strong>terra</strong></span> <span class='ocrx_word' id='word_1_109' title='bbox 770 1371 910 1454; x_wconf 89' lang='lat' dir='ltr'><strong>peregri·</strong></span> <span class='ocrx_word' id='word_1_110' title='bbox 963 1370 1001 1432; x_wconf 88' lang='lat' dir='ltr'><strong>Et</strong></span> <span class='ocrx_word' id='word_1_111' title='bbox 1029 1390 1115 1434; x_wconf 89' lang='lat' dir='ltr'><strong>nuuc</strong></span> <span class='ocrx_word' id='word_1_112' title='bbox 1141 1372 1222 1434; x_wconf 92' lang='lat' dir='ltr'><strong>addo</strong></span> <span class='ocrx_word' id='word_1_113' title='bbox 1247 1373 1332 1453; x_wconf 94' lang='lat' dir='ltr'><strong>quod</strong></span> <span class='ocrx_word' id='word_1_114' title='bbox 1356 1371 1399 1434; x_wconf 92' lang='lat' dir='ltr'><strong>ait</strong></span> <span class='ocrx_word' id='word_1_115' title='bbox 1424 1373 1542 1436; x_wconf 86' lang='lat' dir='ltr'><strong>ibidem</strong></span> <span class='ocrx_word' id='word_1_116' title='bbox 1569 1398 1577 1437; x_wconf 90' lang='lat'><strong>:</strong></span> <span class='ocrx_word' id='word_1_117' title='bbox 1603 1375 1712 1440; x_wconf 87' lang='lat' dir='ltr'><strong>Petrus</strong></span> 
     </span>
    </p>

    <p class='ocr_par' dir='ltr' id='par_1_6' title="bbox 87 1469 1714 1652">
     <span class='ocr_line' id='line_1_10' title="bbox 87 1469 1714 1554; baseline 0.002 -20"><span class='ocrx_word' id='word_1_118' title='bbox 87 1505 142 1534; x_wconf 87' lang='grc' dir='ltr'><strong>,ιιιΙ</strong></span> <span class='ocrx_word' id='word_1_119' title='bbox 159 1474 277 1536; x_wconf 89' lang='lat' dir='ltr'><strong>nantis.</strong></span> <span class='ocrx_word' id='word_1_120' title='bbox 295 1473 504 1554; x_wconf 83' lang='lat' dir='ltr'><strong>Hieronymus</strong></span> <span class='ocrx_word' id='word_1_121' title='bbox 529 1471 636 1550; x_wconf 89' lang='lat' dir='ltr'><strong>etiam,</strong></span> <span class='ocrx_word' id='word_1_122' title='bbox 658 1481 693 1533; x_wconf 87' lang='lat' dir='ltr'><strong>ut</strong></span> <span class='ocrx_word' id='word_1_123' title='bbox 717 1472 811 1553; x_wconf 89' lang='lat' dir='ltr'><strong>paulo</strong></span> <span class='ocrx_word' id='word_1_124' title='bbox 835 1478 909 1532; x_wconf 85' lang='lat' dir='ltr'><strong>ante</strong></span> <span class='ocrx_word' id='word_1_125' title='bbox 964 1469 1054 1552; x_wconf 90' lang='lat' dir='ltr'><strong>quasi</strong></span> <span class='ocrx_word' id='word_1_126' title='bbox 1079 1469 1198 1533; x_wconf 93' lang='lat' dir='ltr'><strong>oblitus</strong></span> <span class='ocrx_word' id='word_1_127' title='bbox 1222 1470 1271 1533; x_wconf 94' lang='lat' dir='ltr'><strong>sui</strong></span> <span class='ocrx_word' id='word_1_128' title='bbox 1295 1470 1460 1552; x_wconf 84' lang='lat' dir='ltr'><strong>primatus,</strong></span> <span class='ocrx_word' id='word_1_129' title='bbox 1477 1472 1572 1536; x_wconf 92' lang='lat' dir='ltr'><strong>Paulo</strong></span> <span class='ocrx_word' id='word_1_130' title='bbox 1597 1493 1631 1537; x_wconf 93' lang='lat' dir='ltr'><strong>se</strong></span> <span class='ocrx_word' id='word_1_131' title='bbox 1656 1475 1714 1538; x_wconf 94' lang='lat' dir='ltr'><strong>bu-</strong></span> 
     </span>
     <span class='ocr_line' id='line_1_11' title="bbox 158 1567 1114 1652; baseline -0.003 -18"><span class='ocrx_word' id='word_1_132' title='bbox 158 1572 306 1634; x_wconf 89' lang='lat' dir='ltr'><strong>babitum</strong></span> <span class='ocrx_word' id='word_1_133' title='bbox 321 1579 379 1649; x_wconf 89' lang='lat' dir='ltr'><strong>est,</strong></span> <span class='ocrx_word' id='word_1_134' title='bbox 396 1571 440 1633; x_wconf 88' lang='lat' dir='ltr'><strong>ait</strong></span> <span class='ocrx_word' id='word_1_135' title='bbox 453 1570 536 1652; x_wconf 93' lang='lat' dir='ltr'><strong>quod</strong></span> <span class='ocrx_word' id='word_1_136' title='bbox 552 1569 660 1632; x_wconf 88' lang='lat' dir='ltr'><strong>Petrus</strong></span> <span class='ocrx_word' id='word_1_137' title='bbox 679 1569 741 1632; x_wconf 92' lang='lat' dir='ltr'><strong>fuit</strong></span> <span class='ocrx_word' id='word_1_138' title='bbox 760 1569 909 1633; x_wconf 87' lang='lat' dir='ltr'><strong>domiuus</strong></span> <span class='ocrx_word' id='word_1_139' title='bbox 965 1567 1114 1631; x_wconf 89' lang='lat' dir='ltr'><strong>miliavit.</strong></span> 
     </span>
    </p>

    <p class='ocr_par' dir='ltr' id='par_1_7' title="bbox 158 1667 907 1752">
     <span class='ocr_line' id='line_1_12' title="bbox 158 1667 907 1752; baseline -0.003 -20"><span class='ocrx_word' id='word_1_140' title='bbox 158 1689 285 1752; x_wconf 74' lang='lat' dir='ltr'><strong>magnae</strong></span> <span class='ocrx_word' id='word_1_141' title='bbox 309 1669 423 1733; x_wconf 87' lang='lat' dir='ltr'><strong>domus</strong></span> <span class='ocrx_word' id='word_1_142' title='bbox 448 1667 509 1731; x_wconf 93' lang='lat' dir='ltr'><strong>sibi</strong></span> <span class='ocrx_word' id='word_1_143' title='bbox 534 1686 553 1729; x_wconf 92' lang='lat' dir='ltr'><strong>a</strong></span> <span class='ocrx_word' id='word_1_144' title='bbox 574 1668 696 1733; x_wconf 82' lang='lat' dir='ltr'><strong>Christo</strong></span> <span class='ocrx_word' id='word_1_145' title='bbox 718 1667 907 1746; x_wconf 75' lang='lat' dir='ltr'><strong>commissa,</strong></span> 
     </span>
    </p>

    <p class='ocr_par' dir='ltr' id='par_1_8' title="bbox 158 1766 908 1850">
     <span class='ocr_line' id='line_1_13' title="bbox 158 1766 908 1850; baseline -0.003 -20"><span class='ocrx_word' id='word_1_146' title='bbox 158 1776 238 1850; x_wconf 87' lang='lat' dir='ltr'><strong>puta</strong></span> <span class='ocrx_word' id='word_1_147' title='bbox 252 1766 412 1846; x_wconf 74' lang='lat' dir='ltr'><strong>Ecclesia,</strong></span> <span class='ocrx_word' id='word_1_148' title='bbox 430 1767 462 1828; x_wconf 93' lang='lat' dir='ltr'><strong>iu</strong></span> <span class='ocrx_word' id='word_1_149' title='bbox 481 1785 543 1848; x_wconf 89' lang='lat' dir='ltr'><strong>qua</strong></span> <span class='ocrx_word' id='word_1_150' title='bbox 562 1785 620 1848; x_wconf 90' lang='lat' dir='ltr'><strong>per</strong></span> <span class='ocrx_word' id='word_1_151' title='bbox 637 1774 738 1830; x_wconf 88' lang='lat' dir='ltr'><strong>totum</strong></span> <span class='ocrx_word' id='word_1_152' title='bbox 754 1766 908 1829; x_wconf 86' lang='lat' dir='ltr'><strong>muudum</strong></span> 
     </span>
    </p>

    <p class='ocr_par' dir='ltr' id='par_1_9' title="bbox 158 1857 1543 1949">
     <span class='ocr_line' id='line_1_14' title="bbox 158 1857 1543 1949; baseline -0.003 -19"><span class='ocrx_word' id='word_1_153' title='bbox 158 1869 225 1930; x_wconf 84' lang='lat' dir='ltr'><strong>Deo</strong></span> <span class='ocrx_word' id='word_1_154' title='bbox 260 1867 376 1949; x_wconf 87' lang='lat' dir='ltr'><strong>pascha</strong></span> <span class='ocrx_word' id='word_1_155' title='bbox 408 1865 552 1930; x_wconf 89' lang='lat' dir='ltr'><strong>offertur.</strong></span> <span class='ocrx_word' id='word_1_156' title='bbox 583 1865 698 1947; x_wconf 88' lang='lat' dir='ltr'><strong>Sicque</strong></span> <span class='ocrx_word' id='word_1_157' title='bbox 730 1865 950 1930; x_wconf 90' lang='lat' dir='ltr'><strong>dominiumB</strong></span> <span class='ocrx_word' id='word_1_158' title='bbox 1130 1857 1375 1924; x_wconf 83' lang='lat' dir='ltr'>ARTICULUS</span> <span class='ocrx_word' id='word_1_159' title='bbox 1398 1859 1543 1926; x_wconf 86' lang='lat' dir='ltr'><strong>XXXII.</strong></span> 
     </span>
    </p>

    <p class='ocr_par' dir='ltr' id='par_1_10' title="bbox 158 1962 911 2047">
     <span class='ocr_line' id='line_1_15' title="bbox 158 1962 911 2047; baseline -0.005 -19"><span class='ocrx_word' id='word_1_160' title='bbox 158 1973 342 2047; x_wconf 86' lang='lat' dir='ltr'><strong>competere</strong></span> <span class='ocrx_word' id='word_1_161' title='bbox 371 1964 460 2046; x_wconf 80' lang='lat' dir='ltr'><strong>Papae</strong></span> <span class='ocrx_word' id='word_1_162' title='bbox 484 1964 662 2027; x_wconf 80' lang='lat' dir='ltr'><strong>Bernartius</strong></span> <span class='ocrx_word' id='word_1_163' title='bbox 687 1963 837 2042; x_wconf 89' lang='lat' dir='ltr'><strong>insinuat,</strong></span> <span class='ocrx_word' id='word_1_164' title='bbox 863 1962 911 2024; x_wconf 93' lang='lat' dir='ltr'><strong>di-</strong></span> 
     </span>
    </p>
   </div>
   <div class='ocr_carea' id='block_1_5' title="bbox 160 2061 1717 2175">
    <p class='ocr_par' dir='ltr' id='par_1_11' title="bbox 160 2061 1717 2175">
     <span class='ocr_line' id='line_1_16' title="bbox 160 2061 1717 2175; baseline 0.011 -49"><span class='ocrx_word' id='word_1_165' title='bbox 160 2083 240 2127; x_wconf 89' lang='lat' dir='ltr'><strong>cens</strong></span> <span class='ocrx_word' id='word_1_166' title='bbox 271 2087 278 2125; x_wconf 92' lang='lat'>:</span> <span class='ocrx_word' id='word_1_167' title='bbox 305 2061 533 2146; x_wconf 84' lang='lat' dir='ltr'><strong>Exspectabam</strong></span> <span class='ocrx_word' id='word_1_168' title='bbox 563 2061 589 2124; x_wconf 92' lang='lat' dir='ltr'><strong>si</strong></span> <span class='ocrx_word' id='word_1_169' title='bbox 618 2061 699 2124; x_wconf 90' lang='lat' dir='ltr'><strong>forte</strong></span> <span class='ocrx_word' id='word_1_170' title='bbox 727 2061 842 2142; x_wconf 90' lang='lat' dir='ltr'><strong>aliquis</strong></span> <span class='ocrx_word' id='word_1_171' title='bbox 870 2062 909 2124; x_wconf 92' lang='lat' dir='ltr'><strong>de</strong></span> <span class='ocrx_word' id='word_1_172' title='bbox 1007 2098 1092 2173; x_wconf 56' lang='lat' dir='ltr'><strong>5273oe</strong></span> <span class='ocrx_word' id='word_1_173' title='bbox 1120 2116 1265 2156; x_wconf 63' lang='lat' dir='ltr'><strong><em>summu,</em></strong></span> <span class='ocrx_word' id='word_1_174' title='bbox 1292 2097 1427 2175; x_wconf 59' lang='lat' dir='ltr'><strong>,jusque</strong></span> <span class='ocrx_word' id='word_1_175' title='bbox 1445 2099 1542 2157; x_wconf 61' lang='lat' dir='ltr'><strong><em>curi„</em></strong></span> <span class='ocrx_word' id='word_1_176' title='bbox 1562 2108 1593 2159; x_wconf 43' lang='grc' dir='ltr'><strong>εἰ</strong></span> <span class='ocrx_word' id='word_1_177' title='bbox 1615 2103 1717 2161; x_wconf 63' lang='lat'><strong>0333„-</strong></span> 
     </span>
    </p>
   </div>
   <div class='ocr_carea' id='block_1_6' title="bbox 30 2159 1716 2351">
    <p class='ocr_par' dir='ltr' id='par_1_12' title="bbox 30 2159 1716 2351">
     <span class='ocr_line' id='line_1_17' title="bbox 36 2159 1716 2262; baseline -0.002 -36"><span class='ocrx_word' id='word_1_178' title='bbox 36 2251 43 2262; x_wconf 24' lang='grc' dir='ltr'><strong>ι</strong></span> <span class='ocrx_word' id='word_1_179' title='bbox 78 2216 83 2226; x_wconf 96' lang='lat'><strong>.</strong></span> <span class='ocrx_word' id='word_1_180' title='bbox 96 2197 145 2234; x_wconf 75' lang='grc' dir='ltr'><strong>ιιι,</strong></span> <span class='ocrx_word' id='word_1_181' title='bbox 160 2164 174 2225; x_wconf 97' lang='lat' dir='ltr'><strong>f</strong></span> <span class='ocrx_word' id='word_1_182' title='bbox 177 2163 243 2225; x_wconf 86' lang='lat' dir='ltr'><strong>iliis</strong></span> <span class='ocrx_word' id='word_1_183' title='bbox 262 2162 343 2225; x_wconf 91' lang='lat' dir='ltr'><strong>meis</strong></span> <span class='ocrx_word' id='word_1_184' title='bbox 364 2169 575 2224; x_wconf 87' lang='lat' dir='ltr'><strong>reverteretur</strong></span> <span class='ocrx_word' id='word_1_185' title='bbox 588 2168 619 2222; x_wconf 89' lang='lat' dir='ltr'><strong>et</strong></span> <span class='ocrx_word' id='word_1_186' title='bbox 633 2161 754 2223; x_wconf 90' lang='lat' dir='ltr'><strong>diceret</strong></span> <span class='ocrx_word' id='word_1_187' title='bbox 770 2183 777 2222; x_wconf 91' lang='lat'>:</span> <span class='ocrx_word' id='word_1_188' title='bbox 794 2159 910 2242; x_wconf 83' lang='lat' dir='ltr'><strong>loseph</strong></span> <span class='ocrx_word' id='word_1_189' title='bbox 1002 2187 1140 2261; x_wconf 56' lang='lat' dir='ltr'><strong>proelagi</strong></span> <span class='ocrx_word' id='word_1_190' title='bbox 1153 2187 1304 2262; x_wconf 59' lang='lat' dir='ltr'><strong><em>majore„</em></strong></span> <span class='ocrx_word' id='word_1_191' title='bbox 1320 2187 1520 2246; x_wconf 79' lang='lat' dir='ltr'><strong>incessanter</strong></span> <span class='ocrx_word' id='word_1_192' title='bbox 1533 2191 1650 2248; x_wconf 58' lang='lat' dir='ltr'><em>conari</em></span> <span class='ocrx_word' id='word_1_193' title='bbox 1661 2193 1716 2250; x_wconf 61' lang='lat' dir='ltr'><strong>de,</strong></span> 
     </span>
     <span class='ocr_line' id='line_1_18' title="bbox 30 2258 1715 2351; baseline -0.001 -28"><span class='ocrx_word' id='word_1_194' title='bbox 30 2259 50 2289; x_wconf 71' lang='lat'><strong>³²·</strong></span> <span class='ocrx_word' id='word_1_195' title='bbox 160 2259 445 2338; x_wconf 87' lang='lat' dir='ltr'><strong>filiustuusvivit,</strong></span> <span class='ocrx_word' id='word_1_196' title='bbox 462 2258 577 2341; x_wconf 89' lang='lat' dir='ltr'><strong>etipse</strong></span> <span class='ocrx_word' id='word_1_197' title='bbox 596 2259 779 2322; x_wconf 89' lang='lat' dir='ltr'><strong>dominatur</strong></span> <span class='ocrx_word' id='word_1_198' title='bbox 797 2259 830 2322; x_wconf 94' lang='lat' dir='ltr'><strong>in</strong></span> <span class='ocrx_word' id='word_1_199' title='bbox 848 2268 911 2322; x_wconf 91' lang='lat' dir='ltr'><strong>tota</strong></span> <span class='ocrx_word' id='word_1_200' title='bbox 1007 2277 1081 2334; x_wconf 68' lang='lat' dir='ltr'><strong>bem</strong></span> <span class='ocrx_word' id='word_1_201' title='bbox 1099 2277 1144 2334; x_wconf 71' lang='lat' dir='ltr'><strong>ad</strong></span> <span class='ocrx_word' id='word_1_202' title='bbox 1164 2276 1432 2351; x_wconf 63' lang='lat' dir='ltr'><strong>reformationem</strong></span> <span class='ocrx_word' id='word_1_203' title='bbox 1449 2278 1658 2348; x_wconf 52' lang='lat' dir='ltr'><strong>Ecclegffflg</strong></span> <span class='ocrx_word' id='word_1_204' title='bbox 1678 2290 1715 2341; x_wconf 57' lang='grc' dir='ltr'><strong>αι</strong></span> 
     </span>
    </p>
   </div>
   <div class='ocr_carea' id='block_1_7' title="bbox 160 2356 1715 2538">
    <p class='ocr_par' dir='ltr' id='par_1_13' title="bbox 160 2356 1715 2538">
     <span class='ocr_line' id='line_1_19' title="bbox 161 2356 1715 2443; baseline 0.005 -21"><span class='ocrx_word' id='word_1_205' title='bbox 161 2368 247 2422; x_wconf 90' lang='lat' dir='ltr'><strong>terra</strong></span> <span class='ocrx_word' id='word_1_206' title='bbox 275 2358 408 2441; x_wconf 77' lang='lat' dir='ltr'><strong>Egypti.</strong></span> <span class='ocrx_word' id='word_1_207' title='bbox 439 2357 496 2420; x_wconf 92' lang='lat' dir='ltr'><strong>Ubi</strong></span> <span class='ocrx_word' id='word_1_208' title='bbox 528 2376 587 2438; x_wconf 92' lang='lat' dir='ltr'><strong>per</strong></span> <span class='ocrx_word' id='word_1_209' title='bbox 613 2356 729 2439; x_wconf 83' lang='lat' dir='ltr'><strong>loseph</strong></span> <span class='ocrx_word' id='word_1_210' title='bbox 762 2357 912 2439; x_wconf 89' lang='lat' dir='ltr'><strong>iutelligit</strong></span> <span class='ocrx_word' id='word_1_211' title='bbox 1003 2365 1175 2440; x_wconf 73' lang='lat' dir='ltr'><strong>peacralia</strong></span> <span class='ocrx_word' id='word_1_212' title='bbox 1202 2365 1342 2424; x_wconf 78' lang='lat' dir='ltr'><strong>concilia</strong></span> <span class='ocrx_word' id='word_1_213' title='bbox 1365 2373 1507 2441; x_wconf 81' lang='lat' dir='ltr'><strong>tempore</strong></span> <span class='ocrx_word' id='word_1_214' title='bbox 1533 2377 1715 2443; x_wconf 77' lang='lat' dir='ltr'><strong>opportuno</strong></span> 
     </span>
     <span class='ocr_line' id='line_1_20' title="bbox 160 2454 1415 2538; baseline -0.001 -20"><span class='ocrx_word' id='word_1_215' title='bbox 160 2456 342 2538; x_wconf 86' lang='lat' dir='ltr'><strong>Eugenium</strong></span> <span class='ocrx_word' id='word_1_216' title='bbox 361 2455 487 2537; x_wconf 85' lang='lat' dir='ltr'><strong>Papam,</strong></span> <span class='ocrx_word' id='word_1_217' title='bbox 503 2455 559 2536; x_wconf 91' lang='lat' dir='ltr'><strong>qui</strong></span> <span class='ocrx_word' id='word_1_218' title='bbox 583 2455 703 2518; x_wconf 88' lang='lat' dir='ltr'><strong>ratione</strong></span> <span class='ocrx_word' id='word_1_219' title='bbox 730 2457 912 2519; x_wconf 79' lang='lat' dir='ltr'><strong>monasticae</strong></span> <span class='ocrx_word' id='word_1_220' title='bbox 1005 2454 1187 2514; x_wconf 76' lang='lat' dir='ltr'><strong>salubriter</strong></span> <span class='ocrx_word' id='word_1_221' title='bbox 1199 2455 1415 2514; x_wconf 82' lang='lat' dir='ltr'><strong>celebrentur.</strong></span> 
     </span>
    </p>
   </div>
   <div class='ocr_carea' id='block_1_8' title="bbox 161 2553 913 2636">
    <p class='ocr_par' dir='ltr' id='par_1_14' title="bbox 161 2553 913 2636">
     <span class='ocr_line' id='line_1_21' title="bbox 161 2553 913 2636; baseline 0.001 -19"><span class='ocrx_word' id='word_1_222' title='bbox 161 2554 375 2636; x_wconf 77' lang='lat' dir='ltr'><strong>professionis</strong></span> <span class='ocrx_word' id='word_1_223' title='bbox 398 2553 488 2616; x_wconf 93' lang='lat' dir='ltr'><strong>filius</strong></span> <span class='ocrx_word' id='word_1_224' title='bbox 513 2553 574 2616; x_wconf 89' lang='lat' dir='ltr'><strong>fuit</strong></span> <span class='ocrx_word' id='word_1_225' title='bbox 598 2553 760 2617; x_wconf 83' lang='lat' dir='ltr'><strong>Remardi.</strong></span> <span class='ocrx_word' id='word_1_226' title='bbox 780 2555 913 2618; x_wconf 84' lang='lat' dir='ltr'><strong>Rursus-</strong></span> 
     </span>
    </p>
   </div>
   <div class='ocr_carea' id='block_1_9' title="bbox 48 2650 1860 2834">
    <p class='ocr_par' dir='ltr' id='par_1_15' title="bbox 48 2650 1860 2834">
     <span class='ocr_line' id='line_1_22' title="bbox 57 2650 1859 2740; baseline 0.001 -25"><span class='ocrx_word' id='word_1_227' title='bbox 57 2679 61 2686; x_wconf 95' lang='lat'>·</span> <span class='ocrx_word' id='word_1_228' title='bbox 160 2673 225 2735; x_wconf 93' lang='lat' dir='ltr'><strong>que</strong></span> <span class='ocrx_word' id='word_1_229' title='bbox 245 2652 356 2716; x_wconf 89' lang='lat' dir='ltr'><strong>scribit</strong></span> <span class='ocrx_word' id='word_1_230' title='bbox 374 2653 413 2714; x_wconf 93' lang='lat' dir='ltr'><strong>ad</strong></span> <span class='ocrx_word' id='word_1_231' title='bbox 433 2671 506 2714; x_wconf 88' lang='lat' dir='ltr'><strong>eum</strong></span> <span class='ocrx_word' id='word_1_232' title='bbox 524 2675 531 2714; x_wconf 91' lang='lat'>:</span> <span class='ocrx_word' id='word_1_233' title='bbox 548 2652 626 2727; x_wconf 83' lang='lat' dir='ltr'><strong>Quia</strong></span> <span class='ocrx_word' id='word_1_234' title='bbox 646 2652 744 2716; x_wconf 85' lang='lat' dir='ltr'><strong>semel</strong></span> <span class='ocrx_word' id='word_1_235' title='bbox 766 2653 851 2734; x_wconf 94' lang='lat' dir='ltr'><strong>loqui</strong></span> <span class='ocrx_word' id='word_1_236' title='bbox 872 2655 911 2715; x_wconf 92' lang='lat' dir='ltr'><strong>ad</strong></span> <span class='ocrx_word' id='word_1_237' title='bbox 1039 2650 1301 2714; x_wconf 79' lang='lat' dir='ltr'><strong>unnauneuun</strong></span> <span class='ocrx_word' id='word_1_238' title='bbox 1334 2651 1368 2714; x_wconf 90' lang='lat' dir='ltr'><strong>iu</strong></span> <span class='ocrx_word' id='word_1_239' title='bbox 1399 2652 1531 2717; x_wconf 78' lang='lat' dir='ltr'><strong>Decreta</strong></span> <span class='ocrx_word' id='word_1_240' title='bbox 1566 2655 1710 2733; x_wconf 89' lang='lat' dir='ltr'><strong>babetur,</strong></span> <span class='ocrx_word' id='word_1_241' title='bbox 1735 2683 1859 2740; x_wconf 56' lang='lat' dir='ltr'><strong>clm,</strong></span> 
     </span>
     <span class='ocr_line' id='line_1_23' title="bbox 48 2747 1860 2834; baseline 0 -18"><span class='ocrx_word' id='word_1_242' title='bbox 48 2773 52 2784; x_wconf 94' lang='lat'>·</span> <span class='ocrx_word' id='word_1_243' title='bbox 160 2751 330 2815; x_wconf 93' lang='lat' dir='ltr'><strong>dominum</strong></span> <span class='ocrx_word' id='word_1_244' title='bbox 352 2771 458 2814; x_wconf 89' lang='lat' dir='ltr'><strong>meum</strong></span> <span class='ocrx_word' id='word_1_245' title='bbox 481 2752 575 2833; x_wconf 88' lang='lat' dir='ltr'><strong>coepi.</strong></span> <span class='ocrx_word' id='word_1_246' title='bbox 1054 2748 1167 2830; x_wconf 75' lang='lat' dir='ltr'><strong>maiori</strong></span> <span class='ocrx_word' id='word_1_247' title='bbox 1201 2758 1289 2811; x_wconf 89' lang='lat' dir='ltr'><strong>reatu</strong></span> <span class='ocrx_word' id='word_1_248' title='bbox 1320 2749 1479 2831; x_wconf 89' lang='lat' dir='ltr'><strong>delinquit</strong></span> <span class='ocrx_word' id='word_1_249' title='bbox 1510 2752 1564 2833; x_wconf 94' lang='lat' dir='ltr'><strong>qui</strong></span> <span class='ocrx_word' id='word_1_250' title='bbox 1596 2755 1712 2834; x_wconf 92' lang='lat' dir='ltr'><strong>potiori</strong></span> <span class='ocrx_word' id='word_1_251' title='bbox 1728 2747 1860 2800; x_wconf 62' lang='lat' dir='ltr'><strong>P·¹·‘¹³⁸‘·⁴⁰³</strong></span> 
     </span>
    </p>
   </div>
   <div class='ocr_carea' id='block_1_10' title="bbox 203 2811 1860 2933">
    <p class='ocr_par' dir='ltr' id='par_1_16' title="bbox 203 2811 1860 2933">
     <span class='ocr_line' id='line_1_24' title="bbox 203 2811 1860 2933; baseline 0.002 -21"><span class='ocrx_word' id='word_1_252' title='bbox 203 2851 283 2914; x_wconf 86' lang='lat' dir='ltr'><strong>Hinc</strong></span> <span class='ocrx_word' id='word_1_253' title='bbox 294 2850 430 2914; x_wconf 82' lang='lat' dir='ltr'><strong>loannes</strong></span> <span class='ocrx_word' id='word_1_254' title='bbox 441 2851 643 2933; x_wconf 82' lang='lat' dir='ltr'><strong>Ruysbroeck</strong></span> <span class='ocrx_word' id='word_1_255' title='bbox 657 2852 689 2913; x_wconf 93' lang='lat' dir='ltr'><strong>iu</strong></span> <span class='ocrx_word' id='word_1_256' title='bbox 706 2850 787 2914; x_wconf 90' lang='lat' dir='ltr'><strong>libro</strong></span> <span class='ocrx_word' id='word_1_257' title='bbox 802 2852 841 2914; x_wconf 89' lang='lat' dir='ltr'><strong>de</strong></span> <span class='ocrx_word' id='word_1_258' title='bbox 856 2851 913 2913; x_wconf 79' lang='lat' dir='ltr'><strong>&#39;l&#39;a-</strong></span> <span class='ocrx_word' id='word_1_259' title='bbox 968 2848 1087 2910; x_wconf 89' lang='lat' dir='ltr'><strong>bonore</strong></span> <span class='ocrx_word' id='word_1_260' title='bbox 1116 2847 1243 2925; x_wconf 84' lang='lat' dir='ltr'><strong>fruitur,</strong></span> <span class='ocrx_word' id='word_1_261' title='bbox 1269 2856 1301 2908; x_wconf 87' lang='lat' dir='ltr'><strong>et</strong></span> <span class='ocrx_word' id='word_1_262' title='bbox 1322 2849 1468 2930; x_wconf 86' lang='lat' dir='ltr'><strong>graviora</strong></span> <span class='ocrx_word' id='word_1_263' title='bbox 1491 2849 1569 2912; x_wconf 91' lang='lat' dir='ltr'><strong>facit</strong></span> <span class='ocrx_word' id='word_1_264' title='bbox 1591 2851 1713 2932; x_wconf 86' lang='lat' dir='ltr'><strong>judicia</strong></span> <span class='ocrx_word' id='word_1_265' title='bbox 1727 2811 1860 2923; x_wconf 33' lang='lat' dir='ltr'><strong>{iiiiii</strong></span> 
     </span>
    </p>
   </div>
   <div class='ocr_carea' id='block_1_11' title="bbox 158 2944 1719 5398">
    <p class='ocr_par' dir='ltr' id='par_1_17' title="bbox 158 2944 1717 4211">
     <span class='ocr_line' id='line_1_25' title="bbox 158 2944 1710 3032; baseline 0.001 -20"><span class='ocrx_word' id='word_1_266' title='bbox 158 2949 337 3012; x_wconf 86' lang='lat' dir='ltr'><strong>bernaculo</strong></span> <span class='ocrx_word' id='word_1_267' title='bbox 351 2949 464 3031; x_wconf 85' lang='lat' dir='ltr'><strong>Moysis</strong></span> <span class='ocrx_word' id='word_1_268' title='bbox 479 2948 525 3011; x_wconf 87' lang='lat' dir='ltr'><strong>ait</strong></span> <span class='ocrx_word' id='word_1_269' title='bbox 540 2971 547 3010; x_wconf 91' lang='lat'><strong>:</strong></span> <span class='ocrx_word' id='word_1_270' title='bbox 565 2949 784 3012; x_wconf 89' lang='lat' dir='ltr'><strong>Sacerdotium</strong></span> <span class='ocrx_word' id='word_1_271' title='bbox 799 2957 831 3012; x_wconf 91' lang='lat' dir='ltr'><strong>et</strong></span> <span class='ocrx_word' id='word_1_272' title='bbox 844 2969 912 3012; x_wconf 90' lang='lat' dir='ltr'><strong>om·</strong></span> <span class='ocrx_word' id='word_1_273' title='bbox 968 2952 1170 3026; x_wconf 88' lang='lat' dir='ltr'><strong>peccatorum</strong></span> <span class='ocrx_word' id='word_1_274' title='bbox 1199 2944 1377 3007; x_wconf 86' lang='lat' dir='ltr'><strong>sublimitas</strong></span> <span class='ocrx_word' id='word_1_275' title='bbox 1406 2947 1607 3028; x_wconf 87' lang='lat' dir='ltr'><strong>peccantium</strong></span> <span class='ocrx_word' id='word_1_276' title='bbox 1630 2973 1637 3011; x_wconf 92' lang='lat'><strong>:</strong></span> <span class='ocrx_word' id='word_1_277' title='bbox 1656 2951 1710 3032; x_wconf 88' lang='lat' dir='ltr'><strong>ita,</strong></span> 
     </span>
     <span class='ocr_line' id='line_1_26' title="bbox 159 3042 1714 3131; baseline 0.001 -21"><span class='ocrx_word' id='word_1_278' title='bbox 159 3068 219 3111; x_wconf 90' lang='lat' dir='ltr'><strong>nes</strong></span> <span class='ocrx_word' id='word_1_279' title='bbox 242 3047 464 3111; x_wconf 77' lang='lat' dir='ltr'><strong>ecclesiastica</strong></span> <span class='ocrx_word' id='word_1_280' title='bbox 478 3047 649 3131; x_wconf 86' lang='lat' dir='ltr'><strong>dignitates</strong></span> <span class='ocrx_word' id='word_1_281' title='bbox 666 3057 740 3110; x_wconf 88' lang='lat' dir='ltr'><strong>sunt</strong></span> <span class='ocrx_word' id='word_1_282' title='bbox 754 3047 866 3112; x_wconf 91' lang='lat' dir='ltr'><strong>officia</strong></span> <span class='ocrx_word' id='word_1_283' title='bbox 880 3056 912 3112; x_wconf 89' lang='lat' dir='ltr'><strong>et</strong></span> <span class='ocrx_word' id='word_1_284' title='bbox 930 3047 951 3110; x_wconf 81' lang='lat' dir='ltr'><strong>(l</strong></span> <span class='ocrx_word' id='word_1_285' title='bbox 967 3061 1030 3127; x_wconf 91' lang='lat' dir='ltr'><strong>quo</strong></span> <span class='ocrx_word' id='word_1_286' title='bbox 1049 3043 1082 3104; x_wconf 93' lang='lat' dir='ltr'><strong>iu</strong></span> <span class='ocrx_word' id='word_1_287' title='bbox 1102 3042 1205 3105; x_wconf 90' lang='lat' dir='ltr'><strong>altiori</strong></span> <span class='ocrx_word' id='word_1_288' title='bbox 1225 3050 1308 3104; x_wconf 91' lang='lat' dir='ltr'><strong>statu</strong></span> <span class='ocrx_word' id='word_1_289' title='bbox 1326 3043 1527 3127; x_wconf 90' lang='lat' dir='ltr'><strong>digniorique</strong></span> <span class='ocrx_word' id='word_1_290' title='bbox 1546 3048 1646 3129; x_wconf 89' lang='lat' dir='ltr'><strong>gradu</strong></span> <span class='ocrx_word' id='word_1_291' title='bbox 1665 3057 1714 3112; x_wconf 90' lang='lat' dir='ltr'><strong>est</strong></span> 
     </span>
     <span class='ocr_line' id='line_1_27' title="bbox 160 3141 1714 3229; baseline -0.001 -18"><span class='ocrx_word' id='word_1_292' title='bbox 160 3149 347 3226; x_wconf 61' lang='lat' dir='ltr'><strong>servitutem</strong></span> <span class='ocrx_word' id='word_1_293' title='bbox 363 3157 395 3210; x_wconf 90' lang='lat' dir='ltr'><strong>et</strong></span> <span class='ocrx_word' id='word_1_294' title='bbox 409 3166 472 3229; x_wconf 92' lang='lat' dir='ltr'><strong>quo</strong></span> <span class='ocrx_word' id='word_1_295' title='bbox 487 3148 624 3211; x_wconf 89' lang='lat' dir='ltr'><strong>servitus</strong></span> <span class='ocrx_word' id='word_1_296' title='bbox 639 3148 742 3229; x_wconf 85' lang='lat' dir='ltr'><strong>major</strong></span> <span class='ocrx_word' id='word_1_297' title='bbox 755 3157 803 3211; x_wconf 92' lang='lat' dir='ltr'><strong>est</strong></span> <span class='ocrx_word' id='word_1_298' title='bbox 817 3156 911 3229; x_wconf 89' lang='lat' dir='ltr'><strong>atque</strong></span> <span class='ocrx_word' id='word_1_299' title='bbox 967 3142 1110 3205; x_wconf 79' lang='lat' dir='ltr'><strong>Pontifex</strong></span> <span class='ocrx_word' id='word_1_300' title='bbox 1134 3160 1289 3219; x_wconf 87' lang='lat' dir='ltr'><strong>summus,</strong></span> <span class='ocrx_word' id='word_1_301' title='bbox 1305 3160 1344 3205; x_wconf 91' lang='lat' dir='ltr'><strong>eo</strong></span> <span class='ocrx_word' id='word_1_302' title='bbox 1368 3141 1560 3225; x_wconf 86' lang='lat' dir='ltr'><strong>culpabilior</strong></span> <span class='ocrx_word' id='word_1_303' title='bbox 1584 3147 1714 3211; x_wconf 90' lang='lat' dir='ltr'><strong>damua-</strong></span> 
     </span>
     <span class='ocr_line' id='line_1_28' title="bbox 161 3239 1713 3328; baseline -0.001 -19"><span class='ocrx_word' id='word_1_304' title='bbox 161 3246 375 3323; x_wconf 89' lang='lat' dir='ltr'><strong>commuuior,</strong></span> <span class='ocrx_word' id='word_1_305' title='bbox 392 3253 480 3309; x_wconf 86' lang='lat' dir='ltr'><strong>tanto</strong></span> <span class='ocrx_word' id='word_1_306' title='bbox 502 3264 628 3328; x_wconf 88' lang='lat' dir='ltr'><strong>semper</strong></span> <span class='ocrx_word' id='word_1_307' title='bbox 647 3245 740 3309; x_wconf 89' lang='lat' dir='ltr'><strong>altior</strong></span> <span class='ocrx_word' id='word_1_308' title='bbox 760 3245 912 3309; x_wconf 85' lang='lat' dir='ltr'><strong>nobilior·</strong></span> <span class='ocrx_word' id='word_1_309' title='bbox 968 3239 1125 3322; x_wconf 84' lang='lat' dir='ltr'><strong>biliorque</strong></span> <span class='ocrx_word' id='word_1_310' title='bbox 1149 3258 1256 3303; x_wconf 86' lang='lat' dir='ltr'><strong>coram</strong></span> <span class='ocrx_word' id='word_1_311' title='bbox 1279 3240 1442 3305; x_wconf 73' lang='lat' dir='ltr'><strong>altissimo</strong></span> <span class='ocrx_word' id='word_1_312' title='bbox 1460 3246 1635 3326; x_wconf 90' lang='lat' dir='ltr'><strong>apparebit,</strong></span> <span class='ocrx_word' id='word_1_313' title='bbox 1651 3247 1713 3309; x_wconf 91' lang='lat' dir='ltr'><strong>nisi</strong></span> 
     </span>
     <span class='ocr_line' id='line_1_29' title="bbox 160 3338 1714 3425; baseline 0.001 -20"><span class='ocrx_word' id='word_1_314' title='bbox 160 3364 226 3425; x_wconf 92' lang='lat' dir='ltr'><strong>que</strong></span> <span class='ocrx_word' id='word_1_315' title='bbox 245 3343 400 3407; x_wconf 83' lang='lat' dir='ltr'><strong>consistit.</strong></span> <span class='ocrx_word' id='word_1_316' title='bbox 417 3342 456 3404; x_wconf 87' lang='lat' dir='ltr'><strong>Et</strong></span> <span class='ocrx_word' id='word_1_317' title='bbox 475 3342 558 3404; x_wconf 85' lang='lat' dir='ltr'><strong>istud</strong></span> <span class='ocrx_word' id='word_1_318' title='bbox 581 3343 751 3424; x_wconf 89' lang='lat' dir='ltr'><strong>probamus</strong></span> <span class='ocrx_word' id='word_1_319' title='bbox 772 3342 804 3406; x_wconf 95' lang='lat' dir='ltr'><strong>iu</strong></span> <span class='ocrx_word' id='word_1_320' title='bbox 824 3344 912 3407; x_wconf 84' lang='lat' dir='ltr'><strong>Clui-</strong></span> <span class='ocrx_word' id='word_1_321' title='bbox 968 3358 1041 3401; x_wconf 92' lang='lat' dir='ltr'><strong>cum</strong></span> <span class='ocrx_word' id='word_1_322' title='bbox 1069 3338 1157 3401; x_wconf 90' lang='lat' dir='ltr'><strong>omni</strong></span> <span class='ocrx_word' id='word_1_323' title='bbox 1190 3346 1306 3401; x_wconf 91' lang='lat' dir='ltr'><strong>conatu</strong></span> <span class='ocrx_word' id='word_1_324' title='bbox 1335 3358 1371 3402; x_wconf 91' lang='lat' dir='ltr'><strong>ac</strong></span> <span class='ocrx_word' id='word_1_325' title='bbox 1401 3340 1566 3422; x_wconf 88' lang='lat' dir='ltr'><strong>diligentia</strong></span> <span class='ocrx_word' id='word_1_326' title='bbox 1598 3345 1714 3407; x_wconf 83' lang='lat' dir='ltr'><strong>debitia</strong></span> 
     </span>
     <span class='ocr_line' id='line_1_30' title="bbox 162 3436 1715 3526; baseline 0.001 -21"><span class='ocrx_word' id='word_1_327' title='bbox 162 3452 225 3520; x_wconf 88' lang='lat' dir='ltr'><strong>sto,</strong></span> <span class='ocrx_word' id='word_1_328' title='bbox 241 3440 296 3523; x_wconf 91' lang='lat' dir='ltr'><strong>qui</strong></span> <span class='ocrx_word' id='word_1_329' title='bbox 321 3439 382 3503; x_wconf 92' lang='lat' dir='ltr'><strong>fuit</strong></span> <span class='ocrx_word' id='word_1_330' title='bbox 406 3440 502 3504; x_wconf 90' lang='lat' dir='ltr'><strong>totius</strong></span> <span class='ocrx_word' id='word_1_331' title='bbox 523 3440 635 3504; x_wconf 90' lang='lat' dir='ltr'><strong>mundi</strong></span> <span class='ocrx_word' id='word_1_332' title='bbox 661 3440 816 3505; x_wconf 88' lang='lat' dir='ltr'><strong>minister.</strong></span> <span class='ocrx_word' id='word_1_333' title='bbox 832 3442 911 3505; x_wconf 88' lang='lat' dir='ltr'><strong>Hinc</strong></span> <span class='ocrx_word' id='word_1_334' title='bbox 967 3436 1191 3518; x_wconf 87' lang='lat' dir='ltr'><strong>adimpleverit</strong></span> <span class='ocrx_word' id='word_1_335' title='bbox 1217 3437 1359 3500; x_wconf 92' lang='lat' dir='ltr'><strong>debitum</strong></span> <span class='ocrx_word' id='word_1_336' title='bbox 1389 3439 1547 3520; x_wconf 89' lang='lat' dir='ltr'><strong>pontificii</strong></span> <span class='ocrx_word' id='word_1_337' title='bbox 1573 3442 1635 3522; x_wconf 91' lang='lat' dir='ltr'><strong>sui,</strong></span> <span class='ocrx_word' id='word_1_338' title='bbox 1657 3462 1715 3526; x_wconf 92' lang='lat' dir='ltr'><strong>pro</strong></span> 
     </span>
     <span class='ocr_line' id='line_1_31' title="bbox 165 3536 1717 3625; baseline 0.001 -22"><span class='ocrx_word' id='word_1_339' title='bbox 165 3540 279 3603; x_wconf 87' lang='lat' dir='ltr'><strong>scribit</strong></span> <span class='ocrx_word' id='word_1_340' title='bbox 294 3558 327 3602; x_wconf 89' lang='lat' dir='ltr'><strong>se</strong></span> <span class='ocrx_word' id='word_1_341' title='bbox 342 3539 424 3621; x_wconf 86' lang='lat' dir='ltr'><strong>Papa</strong></span> <span class='ocrx_word' id='word_1_342' title='bbox 440 3558 568 3601; x_wconf 89' lang='lat' dir='ltr'><strong>servum</strong></span> <span class='ocrx_word' id='word_1_343' title='bbox 582 3558 762 3619; x_wconf 86' lang='lat' dir='ltr'><strong>servorum;</strong></span> <span class='ocrx_word' id='word_1_344' title='bbox 779 3550 812 3604; x_wconf 92' lang='lat' dir='ltr'><strong>et</strong></span> <span class='ocrx_word' id='word_1_345' title='bbox 824 3560 913 3623; x_wconf 90' lang='lat' dir='ltr'><strong>opor-</strong></span> <span class='ocrx_word' id='word_1_346' title='bbox 969 3536 1193 3599; x_wconf 89' lang='lat' dir='ltr'><strong>reformatione</strong></span> <span class='ocrx_word' id='word_1_347' title='bbox 1208 3536 1304 3598; x_wconf 89' lang='lat' dir='ltr'><strong>totius</strong></span> <span class='ocrx_word' id='word_1_348' title='bbox 1318 3536 1468 3601; x_wconf 77' lang='lat' dir='ltr'><strong>Ecclesia</strong></span> <span class='ocrx_word' id='word_1_349' title='bbox 1481 3540 1632 3622; x_wconf 90' lang='lat' dir='ltr'><strong>omnique</strong></span> <span class='ocrx_word' id='word_1_350' title='bbox 1647 3562 1717 3625; x_wconf 92' lang='lat' dir='ltr'><strong>pro·</strong></span> 
     </span>
     <span class='ocr_line' id='line_1_32' title="bbox 163 3634 1715 3719; baseline 0.001 -17"><span class='ocrx_word' id='word_1_351' title='bbox 163 3648 210 3702; x_wconf 85' lang='lat' dir='ltr'><strong>tet</strong></span> <span class='ocrx_word' id='word_1_352' title='bbox 229 3648 265 3700; x_wconf 95' lang='lat' dir='ltr'><strong>ut</strong></span> <span class='ocrx_word' id='word_1_353' title='bbox 282 3638 378 3701; x_wconf 89' lang='lat' dir='ltr'><strong>talem</strong></span> <span class='ocrx_word' id='word_1_354' title='bbox 400 3658 433 3701; x_wconf 91' lang='lat' dir='ltr'><strong>se</strong></span> <span class='ocrx_word' id='word_1_355' title='bbox 455 3638 579 3718; x_wconf 87' lang='lat' dir='ltr'><strong>sentiat,</strong></span> <span class='ocrx_word' id='word_1_356' title='bbox 596 3639 622 3700; x_wconf 91' lang='lat' dir='ltr'><strong>si</strong></span> <span class='ocrx_word' id='word_1_357' title='bbox 641 3638 754 3701; x_wconf 83' lang='lat' dir='ltr'><strong>Christi</strong></span> <span class='ocrx_word' id='word_1_358' title='bbox 775 3660 845 3703; x_wconf 91' lang='lat' dir='ltr'><strong>esse</strong></span> <span class='ocrx_word' id='word_1_359' title='bbox 859 3641 913 3703; x_wconf 91' lang='lat' dir='ltr'><strong>de·</strong></span> <span class='ocrx_word' id='word_1_360' title='bbox 968 3634 1054 3697; x_wconf 88' lang='lat' dir='ltr'><strong>fectu</strong></span> <span class='ocrx_word' id='word_1_361' title='bbox 1070 3634 1214 3696; x_wconf 91' lang='lat' dir='ltr'><strong>fidelium</strong></span> <span class='ocrx_word' id='word_1_362' title='bbox 1234 3636 1414 3717; x_wconf 89' lang='lat' dir='ltr'><strong>peragendo</strong></span> <span class='ocrx_word' id='word_1_363' title='bbox 1433 3638 1588 3719; x_wconf 91' lang='lat' dir='ltr'><strong>quidquid</strong></span> <span class='ocrx_word' id='word_1_364' title='bbox 1608 3641 1715 3704; x_wconf 91' lang='lat' dir='ltr'><strong>value-</strong></span> 
     </span>
     <span class='ocr_line' id='line_1_33' title="bbox 162 3732 1715 3817; baseline 0.001 -17"><span class='ocrx_word' id='word_1_365' title='bbox 162 3739 238 3801; x_wconf 88' lang='lat' dir='ltr'><strong>beat</strong></span> <span class='ocrx_word' id='word_1_366' title='bbox 263 3737 412 3800; x_wconf 90' lang='lat' dir='ltr'><strong>imitator.</strong></span> <span class='ocrx_word' id='word_1_367' title='bbox 428 3772 469 3785; x_wconf 94' lang='lat'>-</span> <span class='ocrx_word' id='word_1_368' title='bbox 492 3737 571 3799; x_wconf 87' lang='lat' dir='ltr'><strong>Hinc</strong></span> <span class='ocrx_word' id='word_1_369' title='bbox 596 3738 642 3799; x_wconf 90' lang='lat' dir='ltr'><strong>ait</strong></span> <span class='ocrx_word' id='word_1_370' title='bbox 663 3745 694 3799; x_wconf 88' lang='lat' dir='ltr'><strong>ct</strong></span> <span class='ocrx_word' id='word_1_371' title='bbox 717 3738 910 3801; x_wconf 89' lang='lat' dir='ltr'><strong>Ubertinus:</strong></span> <span class='ocrx_word' id='word_1_372' title='bbox 970 3732 1020 3813; x_wconf 88' lang='lat' dir='ltr'><strong>rit,</strong></span> <span class='ocrx_word' id='word_1_373' title='bbox 1028 3732 1079 3795; x_wconf 89' lang='lat' dir='ltr'><strong>die</strong></span> <span class='ocrx_word' id='word_1_374' title='bbox 1093 3752 1129 3795; x_wconf 89' lang='lat' dir='ltr'><strong>ac</strong></span> <span class='ocrx_word' id='word_1_375' title='bbox 1144 3739 1237 3796; x_wconf 91' lang='lat' dir='ltr'><strong>nocte</strong></span> <span class='ocrx_word' id='word_1_376' title='bbox 1251 3734 1383 3812; x_wconf 88' lang='lat' dir='ltr'><strong>orando,</strong></span> <span class='ocrx_word' id='word_1_377' title='bbox 1395 3734 1561 3817; x_wconf 89' lang='lat' dir='ltr'><strong>hortando,</strong></span> <span class='ocrx_word' id='word_1_378' title='bbox 1575 3739 1715 3801; x_wconf 89' lang='lat' dir='ltr'><strong>scriben-</strong></span> 
     </span>
     <span class='ocr_line' id='line_1_34' title="bbox 164 3830 1715 3916; baseline 0.001 -17"><span class='ocrx_word' id='word_1_379' title='bbox 164 3838 272 3899; x_wconf 85' lang='lat' dir='ltr'><strong>Status</strong></span> <span class='ocrx_word' id='word_1_380' title='bbox 296 3834 489 3916; x_wconf 73' lang='lat' dir='ltr'><strong>praelationis</strong></span> <span class='ocrx_word' id='word_1_381' title='bbox 514 3835 636 3899; x_wconf 86' lang='lat' dir='ltr'><strong>ratione</strong></span> <span class='ocrx_word' id='word_1_382' title='bbox 657 3835 861 3898; x_wconf 88' lang='lat' dir='ltr'><strong>sublimitatis</strong></span> <span class='ocrx_word' id='word_1_383' title='bbox 883 3843 914 3899; x_wconf 89' lang='lat' dir='ltr'><strong>et</strong></span> <span class='ocrx_word' id='word_1_384' title='bbox 969 3831 1021 3911; x_wconf 92' lang='lat' dir='ltr'><strong>do,</strong></span> <span class='ocrx_word' id='word_1_385' title='bbox 1038 3838 1068 3893; x_wconf 91' lang='lat' dir='ltr'><strong>et</strong></span> <span class='ocrx_word' id='word_1_386' title='bbox 1080 3830 1276 3895; x_wconf 86' lang='lat' dir='ltr'><strong>consulendo</strong></span> <span class='ocrx_word' id='word_1_387' title='bbox 1291 3840 1384 3913; x_wconf 92' lang='lat' dir='ltr'><strong>atque</strong></span> <span class='ocrx_word' id='word_1_388' title='bbox 1400 3852 1471 3896; x_wconf 89' lang='lat' dir='ltr'><strong>cum</strong></span> <span class='ocrx_word' id='word_1_389' title='bbox 1488 3836 1715 3900; x_wconf 87' lang='lat' dir='ltr'><strong>adsistentibus</strong></span> 
     </span>
     <span class='ocr_line' id='line_1_35' title="bbox 164 3928 1716 4015; baseline 0.005 -25"><span class='ocrx_word' id='word_1_390' title='bbox 164 3933 344 3998; x_wconf 79' lang='lat' dir='ltr'><strong>bonoriset</strong></span> <span class='ocrx_word' id='word_1_391' title='bbox 363 3933 523 4015; x_wconf 69' lang='lat' dir='ltr'><strong>requisitae</strong></span> <span class='ocrx_word' id='word_1_392' title='bbox 543 3933 582 3995; x_wconf 85' lang='lat' dir='ltr'><strong>ad</strong></span> <span class='ocrx_word' id='word_1_393' title='bbox 602 3952 674 3997; x_wconf 88' lang='lat' dir='ltr'><strong>eum</strong></span> <span class='ocrx_word' id='word_1_394' title='bbox 695 3934 912 4015; x_wconf 81' lang='lat' dir='ltr'><strong>perfectionis,</strong></span> <span class='ocrx_word' id='word_1_395' title='bbox 970 3929 1030 3991; x_wconf 88' lang='lat' dir='ltr'><strong>sibi</strong></span> <span class='ocrx_word' id='word_1_396' title='bbox 1055 3928 1197 4011; x_wconf 83' lang='lat' dir='ltr'><strong>quotidie</strong></span> <span class='ocrx_word' id='word_1_397' title='bbox 1222 3930 1382 4012; x_wconf 81' lang='lat' dir='ltr'><strong>sapienter</strong></span> <span class='ocrx_word' id='word_1_398' title='bbox 1412 3951 1449 3994; x_wconf 88' lang='lat' dir='ltr'><strong>ae</strong></span> <span class='ocrx_word' id='word_1_399' title='bbox 1473 3932 1716 4013; x_wconf 82' lang='lat' dir='ltr'><strong>vigilantissime</strong></span> 
     </span>
     <span class='ocr_line' id='line_1_36' title="bbox 165 4026 1716 4115; baseline 0.001 -20"><span class='ocrx_word' id='word_1_400' title='bbox 165 4041 216 4096; x_wconf 88' lang='lat' dir='ltr'><strong>est</strong></span> <span class='ocrx_word' id='word_1_401' title='bbox 235 4030 331 4094; x_wconf 89' lang='lat' dir='ltr'><strong>etiam</strong></span> <span class='ocrx_word' id='word_1_402' title='bbox 352 4031 431 4113; x_wconf 88' lang='lat' dir='ltr'><strong>ipsis</strong></span> <span class='ocrx_word' id='word_1_403' title='bbox 451 4032 585 4094; x_wconf 90' lang='lat' dir='ltr'><strong>summis</strong></span> <span class='ocrx_word' id='word_1_404' title='bbox 610 4032 776 4114; x_wconf 85' lang='lat' dir='ltr'><strong>Seraphim</strong></span> <span class='ocrx_word' id='word_1_405' title='bbox 801 4040 915 4095; x_wconf 88' lang='lat' dir='ltr'><strong>treme·</strong></span> <span class='ocrx_word' id='word_1_406' title='bbox 970 4028 1191 4110; x_wconf 85' lang='lat' dir='ltr'><strong>pertractando</strong></span> <span class='ocrx_word' id='word_1_407' title='bbox 1215 4026 1352 4108; x_wconf 90' lang='lat' dir='ltr'><strong>qualiter</strong></span> <span class='ocrx_word' id='word_1_408' title='bbox 1375 4029 1552 4093; x_wconf 89' lang='lat' dir='ltr'><strong>deformata</strong></span> <span class='ocrx_word' id='word_1_409' title='bbox 1571 4041 1603 4094; x_wconf 89' lang='lat' dir='ltr'><strong>et</strong></span> <span class='ocrx_word' id='word_1_410' title='bbox 1627 4032 1716 4115; x_wconf 87' lang='lat' dir='ltr'><strong>lapsa</strong></span> 
     </span>
     <span class='ocr_line' id='line_1_37' title="bbox 164 4126 1717 4211; baseline 0.001 -17"><span class='ocrx_word' id='word_1_411' title='bbox 164 4131 304 4194; x_wconf 90' lang='lat' dir='ltr'><strong>bundus.</strong></span> <span class='ocrx_word' id='word_1_412' title='bbox 971 4126 1093 4207; x_wconf 89' lang='lat' dir='ltr'><strong>possint</strong></span> <span class='ocrx_word' id='word_1_413' title='bbox 1108 4126 1225 4207; x_wconf 89' lang='lat' dir='ltr'><strong>ubique</strong></span> <span class='ocrx_word' id='word_1_414' title='bbox 1240 4126 1405 4189; x_wconf 85' lang='lat' dir='ltr'><strong>reformari</strong></span> <span class='ocrx_word' id='word_1_415' title='bbox 1417 4137 1449 4190; x_wconf 88' lang='lat' dir='ltr'><strong>et</strong></span> <span class='ocrx_word' id='word_1_416' title='bbox 1462 4128 1717 4211; x_wconf 84' lang='lat' dir='ltr'><strong>erigi,quomodo</strong></span> 
     </span>
    </p>

    <p class='ocr_par' dir='ltr' id='par_1_18' title="bbox 164 4224 1719 5398">
     <span class='ocr_line' id='line_1_38' title="bbox 206 4224 1718 4314; baseline 0.001 -23"><span class='ocrx_word' id='word_1_417' title='bbox 206 4230 340 4309; x_wconf 88' lang='lat' dir='ltr'><strong>Insuper</strong></span> <span class='ocrx_word' id='word_1_418' title='bbox 363 4226 574 4290; x_wconf 68' lang='lat' dir='ltr'><strong>cancellarius</strong></span> <span class='ocrx_word' id='word_1_419' title='bbox 599 4226 643 4290; x_wconf 89' lang='lat' dir='ltr'><strong>ait</strong></span> <span class='ocrx_word' id='word_1_420' title='bbox 660 4252 667 4289; x_wconf 93' lang='lat'>:</span> <span class='ocrx_word' id='word_1_421' title='bbox 683 4228 845 4303; x_wconf 87' lang='lat' dir='ltr'><strong>Quoddam</strong></span> <span class='ocrx_word' id='word_1_422' title='bbox 867 4237 915 4291; x_wconf 89' lang='lat' dir='ltr'><strong>est</strong></span> <span class='ocrx_word' id='word_1_423' title='bbox 930 4234 954 4297; x_wconf 84' lang='lat' dir='ltr'>D</span> <span class='ocrx_word' id='word_1_424' title='bbox 971 4244 1040 4305; x_wconf 80' lang='lat' dir='ltr'><strong>quae</strong></span> <span class='ocrx_word' id='word_1_425' title='bbox 1055 4226 1139 4287; x_wconf 89' lang='lat' dir='ltr'><strong>bona</strong></span> <span class='ocrx_word' id='word_1_426' title='bbox 1153 4232 1227 4286; x_wconf 91' lang='lat' dir='ltr'><strong>sunt</strong></span> <span class='ocrx_word' id='word_1_427' title='bbox 1246 4224 1372 4287; x_wconf 89' lang='lat' dir='ltr'><strong>valcant</strong></span> <span class='ocrx_word' id='word_1_428' title='bbox 1390 4228 1571 4291; x_wconf 85' lang='lat' dir='ltr'><strong>conservari</strong></span> <span class='ocrx_word' id='word_1_429' title='bbox 1594 4248 1631 4293; x_wconf 92' lang='lat' dir='ltr'><strong>ac</strong></span> <span class='ocrx_word' id='word_1_430' title='bbox 1647 4250 1718 4314; x_wconf 91' lang='lat' dir='ltr'><strong>per-</strong></span> 
     </span>
     <span class='ocr_line' id='line_1_39' title="bbox 164 4323 1717 4407; baseline 0.001 -16"><span class='ocrx_word' id='word_1_431' title='bbox 164 4326 345 4391; x_wconf 90' lang='lat' dir='ltr'><strong>dominium</strong></span> <span class='ocrx_word' id='word_1_432' title='bbox 374 4324 606 4407; x_wconf 89' lang='lat' dir='ltr'><strong>evangelicum,</strong></span> <span class='ocrx_word' id='word_1_433' title='bbox 629 4326 712 4407; x_wconf 94' lang='lat' dir='ltr'><strong>quod</strong></span> <span class='ocrx_word' id='word_1_434' title='bbox 738 4327 913 4389; x_wconf 91' lang='lat' dir='ltr'><strong>secuudum</strong></span> <span class='ocrx_word' id='word_1_435' title='bbox 972 4323 1037 4401; x_wconf 88' lang='lat' dir='ltr'><strong>fici,</strong></span> <span class='ocrx_word' id='word_1_436' title='bbox 1054 4323 1191 4403; x_wconf 87' lang='lat' dir='ltr'><strong>qualiter</strong></span> <span class='ocrx_word' id='word_1_437' title='bbox 1205 4324 1307 4387; x_wconf 92' lang='lat' dir='ltr'><strong>bonor</strong></span> <span class='ocrx_word' id='word_1_438' title='bbox 1321 4324 1376 4388; x_wconf 86' lang='lat' dir='ltr'><strong>[lei</strong></span> <span class='ocrx_word' id='word_1_439' title='bbox 1390 4344 1427 4388; x_wconf 93' lang='lat' dir='ltr'><strong>ac</strong></span> <span class='ocrx_word' id='word_1_440' title='bbox 1443 4326 1528 4389; x_wconf 93' lang='lat' dir='ltr'><strong>salus</strong></span> <span class='ocrx_word' id='word_1_441' title='bbox 1538 4329 1717 4393; x_wconf 89' lang='lat' dir='ltr'><strong>animarum</strong></span> 
     </span>
     <span class='ocr_line' id='line_1_40' title="bbox 165 4422 1719 4506; baseline 0.003 -18"><span class='ocrx_word' id='word_1_442' title='bbox 165 4424 384 4506; x_wconf 88' lang='lat' dir='ltr'><strong>evangelicam</strong></span> <span class='ocrx_word' id='word_1_443' title='bbox 401 4423 503 4505; x_wconf 84' lang='lat' dir='ltr'><strong>legem</strong></span> <span class='ocrx_word' id='word_1_444' title='bbox 518 4432 692 4503; x_wconf 80' lang='lat' dir='ltr'><strong>exercetur,</strong></span> <span class='ocrx_word' id='word_1_445' title='bbox 705 4425 788 4506; x_wconf 94' lang='lat' dir='ltr'><strong>quod</strong></span> <span class='ocrx_word' id='word_1_446' title='bbox 804 4426 915 4506; x_wconf 92' lang='lat' dir='ltr'><strong>utique</strong></span> <span class='ocrx_word' id='word_1_447' title='bbox 972 4430 1089 4504; x_wconf 90' lang='lat' dir='ltr'><strong>queant</strong></span> <span class='ocrx_word' id='word_1_448' title='bbox 1104 4422 1299 4485; x_wconf 86' lang='lat' dir='ltr'><strong>incessanter</strong></span> <span class='ocrx_word' id='word_1_449' title='bbox 1314 4424 1513 4505; x_wconf 76' lang='lat' dir='ltr'><strong>augerillaec</strong></span> <span class='ocrx_word' id='word_1_450' title='bbox 1527 4427 1636 4491; x_wconf 91' lang='lat' dir='ltr'><strong>omnia</strong></span> <span class='ocrx_word' id='word_1_451' title='bbox 1651 4436 1719 4492; x_wconf 89' lang='lat' dir='ltr'><strong>tan-</strong></span> 
     </span>
     <span class='ocr_line' id='line_1_41' title="bbox 166 4520 1717 4610; baseline 0.003 -23"><span class='ocrx_word' id='word_1_452' title='bbox 166 4524 305 4589; x_wconf 80' lang='lat' dir='ltr'><strong>maxime</strong></span> <span class='ocrx_word' id='word_1_453' title='bbox 321 4522 472 4603; x_wconf 89' lang='lat' dir='ltr'><strong>competit</strong></span> <span class='ocrx_word' id='word_1_454' title='bbox 487 4540 611 4585; x_wconf 88' lang='lat' dir='ltr'><strong>summo</strong></span> <span class='ocrx_word' id='word_1_455' title='bbox 630 4522 789 4586; x_wconf 81' lang='lat' dir='ltr'><strong>Pontifici.</strong></span> <span class='ocrx_word' id='word_1_456' title='bbox 807 4524 915 4588; x_wconf 84' lang='lat' dir='ltr'><strong>Denuo</strong></span> <span class='ocrx_word' id='word_1_457' title='bbox 974 4530 1005 4583; x_wconf 88' lang='lat' dir='ltr'><strong>to</strong></span> <span class='ocrx_word' id='word_1_458' title='bbox 1023 4520 1256 4601; x_wconf 90' lang='lat' dir='ltr'><strong>infatigabilius</strong></span> <span class='ocrx_word' id='word_1_459' title='bbox 1276 4529 1371 4603; x_wconf 89' lang='lat' dir='ltr'><strong>atque</strong></span> <span class='ocrx_word' id='word_1_460' title='bbox 1390 4521 1567 4588; x_wconf 89' lang='lat' dir='ltr'><strong>ferventius</strong></span> <span class='ocrx_word' id='word_1_461' title='bbox 1588 4529 1717 4610; x_wconf 86' lang='lat' dir='ltr'><strong>exsequi</strong></span> 
     </span>
     <span class='ocr_line' id='line_1_42' title="bbox 166 4619 1718 4704; baseline 0.003 -19"><span class='ocrx_word' id='word_1_462' title='bbox 166 4624 212 4686; x_wconf 87' lang='lat' dir='ltr'><strong>ait</strong></span> <span class='ocrx_word' id='word_1_463' title='bbox 233 4646 240 4683; x_wconf 92' lang='lat'><strong>:</strong></span> <span class='ocrx_word' id='word_1_464' title='bbox 262 4621 374 4683; x_wconf 84' lang='lat' dir='ltr'><strong>Mulier</strong></span> <span class='ocrx_word' id='word_1_465' title='bbox 402 4640 465 4683; x_wconf 93' lang='lat' dir='ltr'><strong>non</strong></span> <span class='ocrx_word' id='word_1_466' title='bbox 495 4628 543 4683; x_wconf 91' lang='lat' dir='ltr'><strong>est</strong></span> <span class='ocrx_word' id='word_1_467' title='bbox 570 4620 691 4683; x_wconf 88' lang='lat' dir='ltr'><strong>ordinis</strong></span> <span class='ocrx_word' id='word_1_468' title='bbox 720 4623 913 4704; x_wconf 87' lang='lat' dir='ltr'><strong>susceptiva,</strong></span> <span class='ocrx_word' id='word_1_469' title='bbox 973 4620 1077 4697; x_wconf 89' lang='lat' dir='ltr'><strong>debet,</strong></span> <span class='ocrx_word' id='word_1_470' title='bbox 1093 4627 1212 4700; x_wconf 88' lang='lat' dir='ltr'><strong>quanto</strong></span> <span class='ocrx_word' id='word_1_471' title='bbox 1233 4639 1272 4681; x_wconf 84' lang='lat' dir='ltr'><strong>ex</strong></span> <span class='ocrx_word' id='word_1_472' title='bbox 1292 4619 1518 4701; x_wconf 89' lang='lat' dir='ltr'><strong>adimpletione</strong></span> <span class='ocrx_word' id='word_1_473' title='bbox 1540 4624 1588 4686; x_wconf 92' lang='lat' dir='ltr'><strong>sui</strong></span> <span class='ocrx_word' id='word_1_474' title='bbox 1613 4625 1718 4690; x_wconf 91' lang='lat' dir='ltr'><strong>officii</strong></span> 
     </span>
     <span class='ocr_line' id='line_1_43' title="bbox 165 4716 1718 4803; baseline 0.003 -20"><span class='ocrx_word' id='word_1_475' title='bbox 165 4722 243 4803; x_wconf 90' lang='lat' dir='ltr'><strong>quia</strong></span> <span class='ocrx_word' id='word_1_476' title='bbox 271 4729 320 4783; x_wconf 89' lang='lat' dir='ltr'><strong>est</strong></span> <span class='ocrx_word' id='word_1_477' title='bbox 346 4738 438 4782; x_wconf 85' lang='lat' dir='ltr'><strong>sexus</strong></span> <span class='ocrx_word' id='word_1_478' title='bbox 464 4718 682 4799; x_wconf 88' lang='lat' dir='ltr'><strong>subjectionis,</strong></span> <span class='ocrx_word' id='word_1_479' title='bbox 709 4740 773 4783; x_wconf 92' lang='lat' dir='ltr'><strong>nou</strong></span> <span class='ocrx_word' id='word_1_480' title='bbox 798 4721 917 4785; x_wconf 89' lang='lat' dir='ltr'><strong>hierar·</strong></span> <span class='ocrx_word' id='word_1_481' title='bbox 974 4719 1076 4799; x_wconf 89' lang='lat' dir='ltr'><strong>major</strong></span> <span class='ocrx_word' id='word_1_482' title='bbox 1094 4718 1195 4781; x_wconf 86' lang='lat' dir='ltr'><strong>oritur</strong></span> <span class='ocrx_word' id='word_1_483' title='bbox 1212 4716 1335 4781; x_wconf 88' lang='lat' dir='ltr'><strong>fructus</strong></span> <span class='ocrx_word' id='word_1_484' title='bbox 1354 4718 1387 4780; x_wconf 92' lang='lat' dir='ltr'><strong>in</strong></span> <span class='ocrx_word' id='word_1_485' title='bbox 1409 4720 1559 4785; x_wconf 89' lang='lat' dir='ltr'><strong>universa</strong></span> <span class='ocrx_word' id='word_1_486' title='bbox 1576 4723 1718 4787; x_wconf 88' lang='lat' dir='ltr'><strong>Ecclesia</strong></span> 
     </span>
     <span class='ocr_line' id='line_1_44' title="bbox 168 4816 1718 4900; baseline 0.001 -17"><span class='ocrx_word' id='word_1_487' title='bbox 168 4820 268 4884; x_wconf 83' lang='lat' dir='ltr'><strong>cbicae</strong></span> <span class='ocrx_word' id='word_1_488' title='bbox 296 4816 535 4880; x_wconf 88' lang='lat' dir='ltr'><strong>dominationis.</strong></span> <span class='ocrx_word' id='word_1_489' title='bbox 559 4818 624 4891; x_wconf 84' lang='lat' dir='ltr'><strong>Quo</strong></span> <span class='ocrx_word' id='word_1_490' title='bbox 654 4827 740 4900; x_wconf 88' lang='lat' dir='ltr'><strong>patet</strong></span> <span class='ocrx_word' id='word_1_491' title='bbox 767 4821 852 4899; x_wconf 93' lang='lat' dir='ltr'><strong>quod</strong></span> <span class='ocrx_word' id='word_1_492' title='bbox 876 4823 916 4884; x_wconf 94' lang='lat' dir='ltr'><strong>ad</strong></span> <span class='ocrx_word' id='word_1_493' title='bbox 974 4818 1040 4897; x_wconf 88' lang='lat' dir='ltr'><strong>Dei,</strong></span> <span class='ocrx_word' id='word_1_494' title='bbox 1057 4825 1176 4898; x_wconf 86' lang='lat' dir='ltr'><strong>quanto</strong></span> <span class='ocrx_word' id='word_1_495' title='bbox 1195 4816 1291 4879; x_wconf 89' lang='lat' dir='ltr'><strong>eliam</strong></span> <span class='ocrx_word' id='word_1_496' title='bbox 1311 4837 1348 4879; x_wconf 83' lang='lat' dir='ltr'><strong>ex</strong></span> <span class='ocrx_word' id='word_1_497' title='bbox 1369 4818 1563 4900; x_wconf 91' lang='lat' dir='ltr'><strong>negligentia</strong></span> <span class='ocrx_word' id='word_1_498' title='bbox 1582 4841 1638 4884; x_wconf 88' lang='lat' dir='ltr'><strong>sua</strong></span> <span class='ocrx_word' id='word_1_499' title='bbox 1653 4842 1718 4886; x_wconf 90' lang='lat' dir='ltr'><strong>ma-</strong></span> 
     </span>
     <span class='ocr_line' id='line_1_45' title="bbox 169 4915 1718 5001; baseline 0.003 -20"><span class='ocrx_word' id='word_1_500' title='bbox 169 4917 370 4981; x_wconf 89' lang='lat' dir='ltr'><strong>bierarcbam</strong></span> <span class='ocrx_word' id='word_1_501' title='bbox 386 4915 542 4978; x_wconf 89' lang='lat' dir='ltr'><strong>dominari</strong></span> <span class='ocrx_word' id='word_1_502' title='bbox 558 4916 704 4997; x_wconf 89' lang='lat' dir='ltr'><strong>pertinet.</strong></span> <span class='ocrx_word' id='word_1_503' title='bbox 722 4918 820 4999; x_wconf 89' lang='lat' dir='ltr'><strong>Unde,</strong></span> <span class='ocrx_word' id='word_1_504' title='bbox 832 4922 916 5001; x_wconf 92' lang='lat' dir='ltr'><strong>quod</strong></span> <span class='ocrx_word' id='word_1_505' title='bbox 971 4917 1024 4999; x_wconf 80' lang='lat' dir='ltr'><strong>jor</strong></span> <span class='ocrx_word' id='word_1_506' title='bbox 1048 4916 1140 4977; x_wconf 90' lang='lat' dir='ltr'><strong>ruina</strong></span> <span class='ocrx_word' id='word_1_507' title='bbox 1163 4924 1196 4978; x_wconf 90' lang='lat' dir='ltr'><strong>et</strong></span> <span class='ocrx_word' id='word_1_508' title='bbox 1219 4916 1358 4998; x_wconf 91' lang='lat' dir='ltr'><strong>plurium</strong></span> <span class='ocrx_word' id='word_1_509' title='bbox 1383 4917 1519 4998; x_wconf 87' lang='lat' dir='ltr'><strong>perditio</strong></span> <span class='ocrx_word' id='word_1_510' title='bbox 1539 4920 1718 4985; x_wconf 90' lang='lat' dir='ltr'><strong>animarum</strong></span> 
     </span>
     <span class='ocr_line' id='line_1_46' title="bbox 169 5014 1719 5099; baseline 0.004 -21"><span class='ocrx_word' id='word_1_511' title='bbox 169 5016 301 5099; x_wconf 89' lang='lat' dir='ltr'><strong>quidam</strong></span> <span class='ocrx_word' id='word_1_512' title='bbox 329 5022 466 5095; x_wconf 90' lang='lat' dir='ltr'><strong>arguunt</strong></span> <span class='ocrx_word' id='word_1_513' title='bbox 495 5014 609 5097; x_wconf 90' lang='lat' dir='ltr'><strong>Papam</strong></span> <span class='ocrx_word' id='word_1_514' title='bbox 634 5034 703 5078; x_wconf 90' lang='lat' dir='ltr'><strong>esse</strong></span> <span class='ocrx_word' id='word_1_515' title='bbox 732 5016 916 5081; x_wconf 85' lang='lat' dir='ltr'><strong>inferiorem</strong></span> <span class='ocrx_word' id='word_1_516' title='bbox 974 5022 1170 5098; x_wconf 81' lang='lat' dir='ltr'><strong>sequuntur3</strong></span> <span class='ocrx_word' id='word_1_517' title='bbox 1187 5034 1295 5076; x_wconf 89' lang='lat' dir='ltr'><strong>rursus</strong></span> <span class='ocrx_word' id='word_1_518' title='bbox 1314 5023 1432 5095; x_wconf 86' lang='lat' dir='ltr'><strong>quanto</strong></span> <span class='ocrx_word' id='word_1_519' title='bbox 1452 5035 1490 5077; x_wconf 87' lang='lat' dir='ltr'><strong>ex</strong></span> <span class='ocrx_word' id='word_1_520' title='bbox 1505 5021 1719 5085; x_wconf 88' lang='lat' dir='ltr'><strong>couversatio-</strong></span> 
     </span>
     <span class='ocr_line' id='line_1_47' title="bbox 170 5111 1719 5198; baseline 0.003 -20"><span class='ocrx_word' id='word_1_521' title='bbox 170 5124 202 5179; x_wconf 87' lang='lat' dir='ltr'><strong>et</strong></span> <span class='ocrx_word' id='word_1_522' title='bbox 217 5113 407 5194; x_wconf 89' lang='lat' dir='ltr'><strong>subjectum,</strong></span> <span class='ocrx_word' id='word_1_523' title='bbox 418 5132 482 5176; x_wconf 92' lang='lat' dir='ltr'><strong>non</strong></span> <span class='ocrx_word' id='word_1_524' title='bbox 498 5113 693 5194; x_wconf 89' lang='lat' dir='ltr'><strong>superiorem</strong></span> <span class='ocrx_word' id='word_1_525' title='bbox 709 5124 739 5177; x_wconf 89' lang='lat' dir='ltr'><strong>et</strong></span> <span class='ocrx_word' id='word_1_526' title='bbox 754 5116 916 5198; x_wconf 83' lang='lat' dir='ltr'><strong>praelatum</strong></span> <span class='ocrx_word' id='word_1_527' title='bbox 974 5136 1014 5179; x_wconf 91' lang='lat' dir='ltr'><strong>ne</strong></span> <span class='ocrx_word' id='word_1_528' title='bbox 1030 5134 1087 5177; x_wconf 90' lang='lat' dir='ltr'><strong>sua</strong></span> <span class='ocrx_word' id='word_1_529' title='bbox 1102 5114 1241 5176; x_wconf 86' lang='lat' dir='ltr'><strong>virtuosa</strong></span> <span class='ocrx_word' id='word_1_530' title='bbox 1260 5121 1292 5175; x_wconf 90' lang='lat' dir='ltr'><strong>et</strong></span> <span class='ocrx_word' id='word_1_531' title='bbox 1310 5111 1408 5175; x_wconf 90' lang='lat' dir='ltr'><strong>debiti</strong></span> <span class='ocrx_word' id='word_1_532' title='bbox 1429 5115 1479 5176; x_wconf 92' lang='lat' dir='ltr'><strong>sui</strong></span> <span class='ocrx_word' id='word_1_533' title='bbox 1494 5116 1719 5198; x_wconf 88' lang='lat' dir='ltr'><strong>adimpletione</strong></span> 
     </span>
     <span class='ocr_line' id='line_1_48' title="bbox 170 5211 1716 5302; baseline 0.003 -25"><span class='ocrx_word' id='word_1_534' title='bbox 170 5212 333 5291; x_wconf 76' lang='lat' dir='ltr'><strong>Ecclesia,</strong></span> <span class='ocrx_word' id='word_1_535' title='bbox 350 5211 499 5294; x_wconf 92' lang='lat' dir='ltr'><strong>quoniam</strong></span> <span class='ocrx_word' id='word_1_536' title='bbox 519 5230 593 5275; x_wconf 89' lang='lat' dir='ltr'><strong>vere</strong></span> <span class='ocrx_word' id='word_1_537' title='bbox 613 5212 721 5276; x_wconf 88' lang='lat' dir='ltr'><strong>scribit</strong></span> <span class='ocrx_word' id='word_1_538' title='bbox 741 5234 774 5277; x_wconf 88' lang='lat' dir='ltr'><strong>se</strong></span> <span class='ocrx_word' id='word_1_539' title='bbox 790 5235 917 5279; x_wconf 89' lang='lat' dir='ltr'><strong>servum</strong></span> <span class='ocrx_word' id='word_1_540' title='bbox 975 5214 1109 5279; x_wconf 90' lang='lat' dir='ltr'><strong>sollicita</strong></span> <span class='ocrx_word' id='word_1_541' title='bbox 1137 5212 1198 5273; x_wconf 90' lang='lat' dir='ltr'><strong>sibi</strong></span> <span class='ocrx_word' id='word_1_542' title='bbox 1228 5211 1388 5294; x_wconf 91' lang='lat' dir='ltr'><strong>copiosior</strong></span> <span class='ocrx_word' id='word_1_543' title='bbox 1414 5212 1515 5294; x_wconf 87' lang='lat' dir='ltr'><strong>gloria</strong></span> <span class='ocrx_word' id='word_1_544' title='bbox 1542 5217 1716 5302; x_wconf 89' lang='lat' dir='ltr'><strong>confertur,</strong></span> 
     </span>
     <span class='ocr_line' id='line_1_49' title="bbox 171 5311 1719 5398; baseline 0.004 -21"><span class='ocrx_word' id='word_1_545' title='bbox 171 5332 349 5391; x_wconf 89' lang='lat' dir='ltr'><strong>servorum,</strong></span> <span class='ocrx_word' id='word_1_546' title='bbox 379 5311 484 5395; x_wconf 88' lang='lat' dir='ltr'><strong>potius</strong></span> <span class='ocrx_word' id='word_1_547' title='bbox 512 5312 552 5375; x_wconf 91' lang='lat' dir='ltr'><strong>ad</strong></span> <span class='ocrx_word' id='word_1_548' title='bbox 580 5313 760 5397; x_wconf 89' lang='lat' dir='ltr'><strong>oppositum</strong></span> <span class='ocrx_word' id='word_1_549' title='bbox 789 5315 916 5398; x_wconf 91' lang='lat' dir='ltr'><strong>militat,</strong></span> <span class='ocrx_word' id='word_1_550' title='bbox 974 5321 1094 5398; x_wconf 86' lang='lat' dir='ltr'><strong>quanto</strong></span> <span class='ocrx_word' id='word_1_551' title='bbox 1116 5312 1190 5373; x_wconf 93' lang='lat' dir='ltr'><strong>item</strong></span> <span class='ocrx_word' id='word_1_552' title='bbox 1212 5311 1410 5393; x_wconf 88' lang='lat' dir='ltr'><strong>negligenter</strong></span> <span class='ocrx_word' id='word_1_553' title='bbox 1430 5315 1553 5397; x_wconf 90' lang='lat' dir='ltr'><strong>agendo</strong></span> <span class='ocrx_word' id='word_1_554' title='bbox 1572 5315 1719 5383; x_wconf 84' lang='lat' dir='ltr'><strong>intolera·</strong></span> 
     </span>
    </p>
   </div>
   <div class='ocr_carea' id='block_1_12' title="bbox 0 0 2173 6244">
    <p class='ocr_par' dir='ltr' id='par_1_19' title="bbox 0 0 2173 6244">
     <span class='ocr_line' id='line_1_50' title="bbox 0 0 2173 6244; baseline 0 0"><span class='ocrx_word' id='word_1_555' title='bbox 0 0 2173 6244; x_wconf 95' lang='lat' dir='ltr'><strong> </strong></span> 
     </span>
    </p>
   </div>
  </div>
 </body>
</html>
