4309 6250
476 533 537 599 532
582 551 622 600 DE
642 548 851 599 auctentum
872 550 966 599 Sffll
988 548 1155 597 rottrtrtcrs
1177 550 1214 596 ΕΤ
1235 549 1405 597 humanatus
1427 550 1566 607 conciuit,
1588 551 1675 597 alban
1696 551 1718 597 1.
1740 568 1782 579 -·
1801 550 1869 597 ΛΒΤ.
1891 550 1914 595 11

477 744 520 786 na
533 724 567 786 in
587 731 741 805 quantum
760 730 809 784 est
827 720 1000 801 defectiva)
1019 729 1068 785 est
1089 720 1224 783 divisiva
1239 722 1265 784 A
1280 720 1358 783 dicit
1385 720 1499 803 Papam
1528 740 1597 783 esse
1626 740 1721 803 supra
1749 718 1928 797 concilium,
1954 719 2004 782 alia

477 821 669 885 abinvicem
684 839 794 883 eorum
812 820 867 902 qui
887 820 973 883 ducti
994 819 1120 881 suntin
1140 836 1226 881 erro-
1280 827 1385 882 autem
1410 818 1549 882 affirmat
1570 820 1654 900 quod
1674 819 1849 882 concilium
1870 819 1907 881 sit
1926 838 2003 900 supra

478 939 529 983 res
564 918 768 1002 multiplices,
800 926 835 980 ut
869 917 903 981 in
938 917 1159 981 baereticorum
1193 924 1225 978 ct
1280 917 1416 999 Papam3
1434 918 1554 982 idcirco
1577 918 1616 981 de
1639 918 1698 979 hac
1724 936 1759 980 re
1782 917 1866 998 quod
1890 916 2003 999 Spiritus

479 1017 754 1081 schismaticorum
779 1016 981 1081 multitudine
1010 1023 1154 1093 constat3
1181 1014 1224 1076 ita
1281 1016 1424 1097 Sanctus,
1442 1016 1578 1098 Spiritus
1593 1015 1702 1097 utique
1718 1015 1860 1078 veritatis
1880 1022 1909 1076 et
1925 1014 2004 1097 pieta-

478 1116 644 1199 praesentia
668 1115 736 1178 sive
764 1115 883 1178 infusio
911 1114 993 1177 lucis
1021 1114 1150 1193 divinat,
1176 1120 1224 1175 est
1280 1114 1333 1195 tis,
1348 1114 1496 1196 dignatus
1509 1122 1626 1177 estant
1643 1114 1718 1177 dare
1740 1112 1926 1196 dignabitur,
1942 1114 2004 1175 scri-

476 1214 686 1279 coadunativa
700 1232 809 1279 eorum
824 1212 879 1295 qui
893 1213 1140 1291 illustrantur,et
1154 1230 1224 1274 con·
1280 1213 1354 1275 berc
1378 1212 1527 1295 cogitavi,
1548 1221 1636 1277 tanto
1658 1212 1813 1276 humilius
1838 1213 1895 1275 hoc
1918 1212 2002 1293 ipsum

476 1312 601 1376 versiva
616 1332 672 1376 seu
688 1312 852 1375 reductiva
869 1330 980 1375 eorum
994 1330 1014 1373 a
1027 1310 1136 1372 multis
1157 1308 1225 1392 opi·
1279 1311 1457 1391 exordiens,
1474 1320 1624 1393 tantoque
1639 1310 1745 1374 minus
1759 1312 1799 1374 de
1813 1310 1929 1373 viribus
1941 1310 2003 1373 meis

477 1411 626 1474 nionibus
650 1411 690 1475 ad
714 1429 822 1488 mam,
839 1428 959 1488 veram,
983 1409 1222 1488 consistentem,
1280 1429 1486 1492 praesumens,
1502 1419 1620 1492 quanto
1636 1410 1795 1473 minorem
1815 1428 1866 1472 mc
1883 1428 1946 1472 csse
1963 1428 2004 1471 cc

399 1568 406 1577 .
476 1508 618 1572 divinam
639 1517 673 1573 et
692 1508 911 1572 inviolabilem
932 1508 1109 1572 veritatem.
1280 1528 1399 1590 gnosco
1424 1517 1454 1571 et
1475 1509 1731 1591 impotentiorem
1756 1508 1796 1571 ad
1822 1508 1890 1586 ista,
1905 1516 2004 1589 quanto

516 1607 624 1691 ltaque
645 1626 741 1670 causa
755 1614 819 1669 tam
835 1606 994 1669 variarum
1014 1614 1142 1687 tamque
1163 1603 1226 1666 dis-
1280 1607 1374 1670 etiam
1399 1606 1566 1672 difficilior
1584 1627 1723 1692 presens
1743 1615 1845 1670 exstat
1868 1606 2001 1668 materia:

478 1704 678 1768 eordantium
693 1702 882 1785 opinionum
900 1702 933 1765 in
952 1702 1003 1765 his
1018 1720 1089 1783 qnae
1109 1708 1224 1763 statum
1280 1725 1395 1789 nempe
1423 1706 1613 1769 altissimum
1641 1715 1673 1769 et
1701 1725 1775 1770 vere
1802 1704 2003 1768 arduissimun

477 1801 627 1865 Ecclesiae
652 1809 684 1863 et
710 1799 888 1863 animarum
917 1806 1116 1863 concernunt
1142 1798 1226 1861 salu·
1279 1812 1328 1865 est
1342 1804 1425 1866 istud
1441 1804 1616 1885 negotium,
1632 1823 1691 1866 nec
1713 1804 1781 1866 sine
1797 1802 2003 1884 specialissima

476 1908 553 1978 mm,
569 1906 618 1962 est
642 1898 783 1962 carentia
807 1896 1028 1961 illustrationis
1052 1916 1198 1979 superne
1215 1920 1222 1958 :
1239 1907 1262 1969 Β
1279 1920 1340 1983 ope
1354 1921 1392 1964 ac
1406 1902 1507 1983 gratia
1521 1901 1657 1983 Spiritus
1672 1901 1779 1964 Sancti
1800 1902 1911 1983 poterit
1927 1918 2004 1981 expe

475 2016 572 2079 quam
599 1997 682 2060 Dens
710 1996 858 2060 sublimis
885 2003 917 2059 et
945 1994 1131 2059 benedictus
1158 1994 1224 2076 jam
1279 1998 1352 2061 diri.
1378 1999 1455 2081 Ejus
1480 2018 1555 2081 crgo
1581 2000 1858 2078 illuminationem,
1878 1998 2004 2061 directio

475 2096 561 2179 justo
583 2096 706 2178 judicio
727 2095 883 2159 subtrahit
905 2094 1027 2173 multis,
1043 2093 1118 2175 quia
1142 2093 1224 2155 indi·
1279 2116 1353 2160 nem
1377 2105 1408 2160 et
1429 2097 1692 2161 confortationem
1717 2097 1750 2160 in
1776 2097 1898 2160 cunctis
1920 2096 2005 2159 coali-

475 2196 530 2277 gni
555 2203 630 2257 sunt
653 2213 701 2257 ea.
717 2194 796 2257 ilinc
821 2203 931 2257 contra
949 2212 983 2255 se
1003 2200 1113 2255 mutuo
1132 2191 1224 2254 alter·
1279 2194 1420 2258 alissime
1454 2196 1579 2275 invoco,
1613 2197 1669 2280 qui
1702 2195 1887 2259 naturaliter
1919 2194 2005 2257 bonus

475 2302 599 2372 cantur,
616 2310 763 2373 unusque
786 2292 920 2354 alterum
944 2291 1085 2370 damnat,
1100 2289 1224 2353 hereti·
1278 2300 1338 2373 est,
1355 2293 1545 2376 inliniteque
1560 2294 1643 2377 pius,
1659 2295 1763 2358 dulcis
1778 2304 1810 2357 et
1823 2293 1965 2357 liberalis.

475 2411 549 2455 cum
573 2399 668 2473 atque
692 2390 933 2453 schismaticum
960 2389 1116 2453 nominat.
1142 2389 1222 2452 ilinc
1754 2404 1756 2407 ·

474 2489 636 2567 fidelibus,
652 2508 694 2552 ne
709 2488 742 2550 in
756 2487 940 2568 hujusmodi
960 2488 1100 2551 schisma
1115 2487 1223 2555 laben-
1494 2521 1740 2587 ARTICULUS
1764 2523 1808 2587 H¹

474 2597 537 2668 tnr,
554 2588 691 2651 maxime
704 2586 886 2650 necessaria
899 2595 948 2651 est
961 2586 1153 2650 illuminatio
1173 2588 1222 2649 in·

474 2686 670 2769 structioque
688 2686 810 2764 divina,
830 2694 866 2748 ut
884 2686 1025 2749 naturale
1045 2686 1153 2749 lumen
1175 2704 1222 2747 ra—
1318 2742 1420 2815 Papoe
1438 2759 1536 2816 super
1555 2748 1653 2800 mam
1670 2743 1859 2811 Ecclesiam,
1874 2762 1928 2801 ,m
1945 2744 2006 2801 ,mg

473 2786 642 2897 ‘imsuper
655 2784 767 2895 lumen·
782 2784 891 2895 8¹55·ae
905 2784 1111 2895 ⁰9¹¹f⁰ft⁰iurt
1128 2792 1222 2865 aum
1319 2848 1426 2889 versos
1438 2831 1550 2907 fideles
1563 2832 1664 2889 simul
1678 2839 1820 2906 acceptos
1847 2832 2004 2891 sectandum

473 2885 648 2948 diffl⁰i¹⁰¹¹⁰
663 2884 770 2946 smil
785 2883 919 2965 simus
933 2902 967 2944 ¹¹¹
982 2882 1132 2945 ⁰¹¹¹¹¹¹b¹¹⁸
1147 2901 1222 2945 ⁰⁰⁰⁸
1319 2928 1444 2978 sanctos
1453 2920 1686 2997 catholicosque
1695 2875 1928 2990 Doctae-eatam
1937 2923 2007 2981 Gra·
2108 2946 2109 2949 ¹

473 2984 615 3048 sordent.
644 2982 732 3057 Quod
764 2980 924 3044 universis
952 2978 1220 3043 christifidelibus
1319 3026 1482 3087 mquam
1497 3009 1644 3068 Latinos·

474 3100 597 3146 summe
611 3080 827 3145 necessarium
842 3098 913 3144 esse
928 3098 1124 3162 cognoscens
1139 3079 1221 3161 Apo-
1236 3077 1258 3142 C

398 3240 404 3252 ,
437 3221 459 3260 ,,
474 3181 584 3259 stolus,
600 3180 645 3242 ait
659 3188 690 3242 et
703 3188 772 3242 orat
788 3201 796 3241 ι
812 3179 895 3241 Deus
911 3177 1071 3260 patientiae
1091 3187 1121 3240 et
1141 3176 1222 3241 sola·
1344 3176 1447 3239 ORUll
1473 3175 1529 3258 qui
1564 3195 1650 3239 nunc
1683 3195 1741 3258 pro
1769 3177 1935 3240 basileensi
1961 3195 2006 3238 scu

378 3301 384 3314 ·
473 3279 510 3341 tii
524 3279 578 3341 det
591 3278 681 3342 vobis
695 3278 729 3340 id
743 3277 848 3359 ipsum
862 3295 974 3358 sapere
988 3276 1022 3337 in
1036 3276 1220 3339 alterutrum
1357 3274 1452 3337 etiam
1468 3292 1526 3357 pro
1541 3292 1743 3356 quocumque
1756 3275 1896 3356 generali
1915 3275 2006 3339 conci·

474 3378 649 3440 secundum
673 3377 779 3439 lesum
804 3375 975 3455 Christum,
995 3383 1030 3437 ut
1053 3374 1220 3438 unanimes
1278 3373 1321 3437 lio
1344 3374 1516 3455 loquuntur
1540 3379 1572 3436 et
1597 3373 1753 3452 scribunt,
1779 3374 1874 3457 aliqui
1899 3373 2004 3451 dicunt,

473 3494 538 3539 uno
551 3494 606 3539 ore
619 3473 839 3540 honorificetis
854 3473 953 3536 Deum
972 3482 1003 3536 ct
1022 3473 1143 3536 Patrem
1162 3474 1221 3537 llo
1277 3474 1361 3554 quod
1389 3472 1471 3554 Papa
1504 3489 1562 3554 pro
1591 3479 1677 3536 tanto
1707 3491 1851 3536 summus
1878 3471 2005 3537 Pontifex

473 3574 553 3636 mini
573 3574 672 3638 nostri
691 3572 904 3637 lesuChristi.
921 3571 1089 3636 Etiterum
1103 3572 1221 3655 Philip
1277 3571 1466 3654 appellatur,
1483 3578 1514 3633 et
1532 3569 1764 3652 plenitudinem
1784 3571 1943 3654 potestatis
1962 3570 2005 3632 ha·
2106 3585 2107 3653 ,

338 3692 441 3751 raama.
469 3689 589 3752 penses
604 3669 871 3733 affectuosissime
885 3670 1069 3732 exhortatur
1086 3692 1093 3731 ι
1110 3668 1142 3731 Si
1158 3688 1220 3749 qua
1277 3673 1351 3734 bere
1367 3669 1529 3749 asseritur,
1544 3669 1620 3750 quia
1634 3687 1867 3752 quamcumque
1887 3669 2007 3752 particu-

326 3769 349 3808 ¹¹.
363 3760 405 3803 ¹⁴·
473 3768 649 3833 consolatio
663 3768 697 3829 in
712 3767 847 3846 Christe,
863 3766 990 3848 siquod
1007 3767 1220 3830 solatiumca-
1276 3768 1373 3831 larem
1390 3767 1563 3830 Ecclesiam
1578 3767 1674 3830 babet
1687 3786 1834 3850 purgare,
1844 3767 2006 3830 illuminare

472 3866 587 3944 ritatis,
617 3866 644 3928 si
672 3883 734 3946 qua
762 3865 897 3929 societas
929 3864 1072 3946 spiritus,
1102 3865 1129 3926 si
1158 3883 1220 3946 qua
1276 3875 1370 3948 atque
1385 3864 1552 3947 perficere,
1568 3875 1600 3927 et
1614 3884 1709 3947 super
1728 3865 1902 3947 quamlibet
1921 3863 2007 3929 eccle
2105 3855 2106 3923 l

472 3966 597 4028 viscera
630 3962 868 4041 misericordiae,
905 3962 1036 4044 implete
1067 3963 1220 4044 gaudium
1276 3963 1437 4028 siasticam
1472 3982 1640 4045 personam
1675 3971 1863 4045 potestatem
1894 3963 2006 4046 plenam

472 4082 600 4142 meum,¹
623 4070 658 4124 ut
691 4061 776 4123 idem
810 4060 951 4141 sapiatis,
982 4061 1162 4141 unanimes,
1188 4061 1218 4123 id
1276 4063 1405 4126 sortitur
1431 4085 1438 4123 ε
1464 4061 1554 4142 quasi
1578 4080 1643 4124 non
1666 4069 1699 4123 et
1722 4069 1821 4125 totam
1846 4061 2003 4125 Ecclesiam

472 4161 579 4244 ipsum
603 4159 786 4238 sentientes,
808 4158 886 4220 nihil
910 4167 1041 4240 agentes
1065 4178 1122 4241 per
1146 4179 1221 4223 con·
1276 4161 1370 4224 simul
1404 4168 1563 4243 sumptam
1596 4161 1711 4224 habeat
1743 4169 1893 4244 tanquam
1925 4179 2004 4223 verm

473 4259 649 4323 tentionem
662 4277 766 4339 neque
781 4276 838 4339 per
852 4257 981 4319 inanem
1000 4257 1146 4339 gloriam,
1164 4259 1219 4322 sed
1234 4269 1259 4330 Ι)
1274 4268 1381 4342 pastor
1409 4259 1510 4342 ipsius
1533 4279 1679 4342 purgare,
1705 4259 1897 4340 illuminare,
1920 4257 2005 4341 perfr-
2103 4249 2104 4284 ³

472 4358 506 4420 in
521 4357 699 4421 humilitate
715 4354 894 4438 superiores
910 4354 971 4417 sibi
987 4354 1125 4418 invicem
1140 4357 1220 4419 arbi·
1274 4377 1357 4439 cere,
1374 4367 1405 4422 et
1419 4358 1508 4439 quasi
1525 4376 1589 4420 non
1604 4358 1753 4422 omnibus
1768 4359 1861 4424 simul
1880 4354 2004 4438 acceptis

471 4464 602 4535 trentes,
619 4473 683 4518 non
697 4472 768 4535 qua
783 4472 839 4515 sua
854 4461 928 4515 sunt
942 4453 1058 4535 singuli
1075 4455 1219 4518 conside
1273 4457 1425 4520 fidelibus
1446 4456 1564 4540 praesit,
1580 4475 1640 4520 nec
1662 4476 1758 4539 super
1770 4475 1881 4520 omnes
1902 4455 2005 4538 pariter
2102 4519 2103 4524 γ

471 4563 589 4636 rantes,
605 4554 660 4616 sed
680 4572 750 4635 quae
771 4552 917 4615 aliorum.
1274 4562 1462 4638 potestatem
1485 4554 1804 4636 jurisdictionemque
1828 4555 1947 4619 habeat.
1963 4551 2006 4614 l'i-

511 4654 674 4730 Praeterea‚
703 4649 779 4732 quia
808 4669 906 4728 nunc,
935 4651 1015 4733 proh
1043 4651 1153 4715 dolort
1185 4643 1235 4714 in'
1274 4653 1389 4716 dentur
1407 4661 1514 4716 autem
1539 4653 1572 4715 hi
1597 4654 1689 4718 valde
1713 4654 1844 4718 extremi
1870 4655 1903 4716 in
1923 4668 2004 4714 causa

469 4751 613 4816 Ecclesia
647 4749 703 4812 [lei
737 4748 1045 4831 periculosissimum
1080 4750 1219 4813 schisma
1273 4751 1344 4831 hac,
1360 4760 1454 4833 atque
1469 4752 1617 4834 potestati
1632 4752 1738 4835 papali
1759 4772 1797 4816 ac
1818 4751 1959 4835 dignitati
1978 4749 2005 4809 in

470 4849 611 4927 emersit,
628 4849 661 4912 in
680 4867 744 4930 quo
765 4848 933 4930 opiniones
958 4847 1130 4911 multifarie
1154 4850 1219 4912 dis·
1273 4849 1380 4931 aliquo
1402 4851 1566 4932 derogare,
1594 4851 1661 4914 sive
1687 4851 1919 4933 quodammodo
1942 4865 2005 4911 cen·

470 4950 645 5014 sentientes
658 4946 1042 5028 nascuntur,quibusdam
1057 4947 1147 5028 quasi
1160 4966 1217 5029 pro
1273 4948 1368 5011 traire
1386 4971 1392 5010 :
1410 4947 1494 5010 sicut
1507 4949 1681 5030 etquidem
1703 4949 1831 5013 illorum
1852 4949 1907 5030 qui
1926 4943 2004 5028 quasi

469 5047 552 5131 Papa
565 5045 770 5129 loquentibus
791 5053 886 5126 atque
907 5045 1129 5126 scribentibus,
1145 5046 1217 5109 aliis
1272 5066 1330 5130 pro
1352 5047 1434 5129 Papa
1454 5047 1628 5130 loquuntur
1648 5057 1680 5112 et
1700 5049 1856 5130 scribunt,
1873 5048 2005 5112 videntur

468 5165 545 5210 vero
562 5145 654 5228 quasi
678 5161 736 5226 pro
760 5142 897 5206 concilio
921 5143 1020 5206 verbo
1044 5151 1075 5205 et
1099 5145 1217 5226 scripto
1272 5145 1369 5208 nimis
1395 5147 1529 5208 multum
1553 5146 1725 5210 attribuere
1749 5147 1850 5230 Papa,
1875 5147 2003 5210 diceutes

468 5244 647 5329 agentibus,
662 5261 798 5324 quorum
814 5249 919 5303 tamen
937 5241 1167 5306 diversificatio
1181 5243 1215 5306 in
1271 5245 1356 5326 quod
1376 5265 1394 5307 a
1418 5245 1507 5308 nullo
1531 5245 1565 5308 in
1590 5254 1684 5325 terra,
1707 5266 1812 5329 neque
1836 5267 1855 5310 a
1878 5241 2003 5329 generali

467 5347 528 5410 hoc
551 5341 726 5427 praesertim
754 5339 910 5417 consistit,
936 5341 1019 5421 quod
1048 5361 1112 5406 una
1139 5361 1212 5424 pars
1272 5344 1410 5408 concilio
1432 5344 1573 5426 legitime
1598 5355 1801 5428 congregato,
1817 5357 1913 5429 queat
1932 5343 2005 5428 judi·

1278 2652 1325 2713 De
1344 2652 1528 2711 uniuersali
1542 2654 1739 2713 auctoritate
1758 2672 1796 2712 ac
1810 2654 2005 2730 praesidentia
