4309 6250
213 506 254 555 nn
273 506 483 555 aumourmrn
504 506 599 554 snm
618 505 786 554 romrmcrs
806 506 845 553 nr
863 506 1034 554 acuminis
1055 506 1195 566 concur,
1217 507 1305 555 amna
1325 507 1347 554 1.
1367 526 1407 537 —
1427 508 1497 553 aar.
1519 506 1639 555 xrxrru
1657 488 1716 555 ccl

172 696 269 760 quam
288 698 348 742 nec
374 696 499 742 summo
522 676 670 741 Pontifici
691 677 778 741 licita
797 685 917 757 exstet3
932 679 959 740 Α
973 686 1049 741 sunt
1067 680 1150 743 mala
1168 704 1174 741 :
1192 686 1227 742 ut
1250 678 1284 742 in
1308 678 1446 763 hisquae
1466 689 1541 743 sunt
1562 679 1720 761 prohibita

172 795 239 839 non
262 784 368 840 tamen
392 777 645 841 descendebatur
663 777 783 839 ibidem
803 777 843 839 ad
866 777 920 838 da·
972 776 1048 859 quia
1062 778 1248 859 simoniaca,
1265 778 1346 841 sicut
1367 780 1505 843 vendere
1524 786 1720 843 sacramenta

171 874 358 938 terminatas
381 876 528 939 materias
552 877 586 938 in
610 874 727 957 quibus
746 875 836 958 Papa
854 892 918 937 uon
974 876 1092 939 atalia
1119 876 1305 959 spiritualia.
1332 876 1393 940 Sed
1418 877 1451 939 in
1475 877 1525 940 his
1549 896 1620 959 qua
1648 884 1722 939 sunt

171 974 277 1037 liceat.
304 972 394 1036 Nunc
417 994 493 1055 ergo
516 975 591 1038 inde
615 974 813 1037 tractandum
836 982 885 1037 est
909 998 917 1037 ι
974 974 1148 1037 simoniaca
1171 975 1246 1056 quia
1270 975 1440 1057 prohibita,
1466 984 1571 1059 potest
1594 976 1722 1059 dispon-

171 1072 349 1153 prasertim
367 1092 466 1155 quum
489 1071 589 1155 aliqui
611 1071 702 1154 quasi
724 1072 757 1134 in
777 1071 919 1135 levorem
974 1090 1044 1135 aare
1059 1096 1069 1135 z
1085 1074 1353 1153 quemadmodum
1374 1074 1450 1137 dare
1472 1074 1642 1156 pecuniam
1664 1092 1721 1156 pro

171 1169 263 1251 Papa
289 1170 356 1252 jam
385 1171 523 1234 clament
546 1171 630 1252 quod
660 1170 829 1233 simoniam
854 1189 918 1233 non
974 1171 1207 1235 renuntiatione
1221 1172 1301 1254 juris
1317 1172 1720 1255 spiritualis,simoniacum

171 1268 274 1348 possit
288 1269 499 1347 committere,
515 1270 590 1351 quia
611 1288 661 1331 res
675 1267 825 1331 Ecclesia
846 1276 920 1331 sunt
973 1277 1022 1331 est
1079 1270 1368 1345 rconstitutionem
1383 1270 1544 1334 Ecclesia.
1561 1270 1721 1335 llacBer-

170 1386 247 1430 sua.
269 1367 403 1450 Insuper
424 1369 536 1431 dicunt
555 1367 663 1449 :Papa
686 1366 729 1429 ita
752 1376 920 1449 estsuper
973 1288 1109 1447 umbris,
1132 1378 1228 1429 cetra
1252 1369 1292 1433 de
1315 1369 1429 1449 Paetis,
1451 1369 1589 1452 capitulo
1613 1374 1720 1439 Quam
1748 1384 1852 1429 oreon.

169 1466 279 1528 omnia
305 1466 379 1547 jura
401 1466 511 1530 divina
536 1475 629 1549 atque
657 1467 808 1544 bumana,
833 1466 918 1547 quod
971 1469 1111 1543 pridem.
1128 1467 1217 1545 ltem,
1235 1487 1293 1531 nec
1309 1466 1342 1529 in
1359 1488 1454 1532 causa
1468 1466 1692 1531 matrimoniali
1711 1492 1718 1531 ε
1734 1448 1867 1555 ffl'lw·

168 1564 355 1645 dispensare
385 1573 490 1647 potest
517 1573 627 1629 contra
660 1584 708 1627 ea.
739 1564 918 1626 Videndum
973 1573 1008 1627 ut
1036 1564 1158 1628 scilicet
1185 1565 1424 1630 matrimonium
1458 1575 1654 1632 contractum
1690 1574 1723 1629 et

169 1670 220 1724 est
240 1662 280 1725 de
301 1663 434 1727 veritate
455 1663 602 1728 istorum.
974 1672 1230 1727 consummatum
1260 1664 1342 1728 solvi
1370 1666 1472 1748 possit
1501 1674 1653 1747 quantum
1682 1666 1722 1728 ad

210 1760 314 1824 Primo
339 1760 446 1842 itaque
470 1761 569 1824 recito
596 1779 667 1842 qua
690 1761 870 1847 [iurandus
884 1761 918 1822 in
973 1760 1149 1842 vinculum,
1172 1772 1268 1823 caera
1292 1764 1332 1825 de
1357 1764 1647 1843 Transactionibus,
1673 1782 1724 1825 ea-

171 1860 304 1922 Summa
317 1878 385 1940 sua,
402 1858 605 1922 distinctione
621 1858 815 1941 sexagesima
830 1878 919 1940 quar·
936 1862 960 1925 B
974 1858 1075 1940 pitulo
1098 1862 1152 1921 aa
1167 1869 1288 1936 porte‚·
1303 1860 1353 1925 vel
1378 1862 1464 1942 quod
1489 1860 1604 1944 aliquis
1629 1859 1723 1923 simul
1739 1882 1871 1937 ruamus,

170 1966 215 2037 ta,
232 1958 271 2020 de
285 1958 345 2020 ista
366 1958 478 2021 scribit
498 1958 641 2021 materia.
658 1957 762 2021 Primo
782 1974 919 2037 namque
974 1956 1089 2019 habeat
1103 1959 1182 2020 duas
1197 1976 1321 2037 uxores,
1337 1969 1434 2019 cetra
1452 1960 1493 2021 de
1511 1959 1662 2041 Digamis,
1675 1978 1726 2021 ca-
1739 1958 1757 1989 0·
1771 1949 1804 1990 ¹¹·

171 2056 218 2118 sic
242 2055 355 2137 quarit
376 2079 383 2117 ε
403 2056 438 2119 ln
463 2055 578 2138 quibus
601 2055 726 2118 casibus
749 2056 832 2137 Papa
856 2073 920 2118 non
975 2054 1077 2136 pitulo
1100 2057 1217 2133 Nuper
1237 2078 1256 2117 a
1279 2058 1379 2119 nobis.
1396 2056 1485 2135 ltem,
1503 2076 1562 2121 nec
1584 2076 1657 2120 cum
1678 2056 1726 2119 bi·
1741 2080 1872 2137 asamar,

173 2162 280 2236 potest
307 2153 515 2237 dispensaret
543 2154 581 2216 Et
610 2154 813 2236 respondet:
839 2153 921 2236 Papa
975 2172 1079 2235 gamo.
1104 2152 1194 2232 Item,
1221 2174 1280 2217 nec
1307 2154 1339 2217 in
1366 2148 1451 2236 voto,
1476 2154 1540 2218 nisi
1566 2174 1605 2218 err
1631 2146 1788 2250 maiali
1825 2211 1837 2252 ²

172 2250 361 2332 dispensare
389 2269 453 2314 non
483 2256 586 2333 potest
614 2250 648 2311 in
675 2250 727 2342 bis
754 2269 824 2331 qna
848 2258 922 2313 sunt
976 2250 1168 2331 necessaria,
1198 2252 1405 2317 distinctione
1437 2252 1488 2334 33,
1520 2252 1659 2335 capitulo
1686 2254 1728 2315 Si
1749 2221 1873 2331 nariam

174 2358 287 2413 contra
301 2349 452 2413 articulos
467 2350 654 2429 fideiltem,
671 2369 730 2413 nec
745 2358 923 2432 contrage
977 2353 1061 2430 quia.
1089 2350 1179 2429 Item,
1210 2370 1269 2413 nec
1297 2351 1328 2412 in
1359 2351 1511 2433 gradibus
1538 2349 1727 2432 consangui-
1742 2336 1873 2395 ‘¹¹⁵l·³³·⁰·¹·

173 2448 284 2511 nerale
298 2456 450 2511 statutum
465 2447 625 2527 Ecclesia,
641 2448 843 2512 distinctione
857 2448 920 2511 lll:
978 2448 1086 2510 nitatis
1114 2448 1224 2511 divina
1248 2448 1318 2530 lege
1346 2447 1525 2530 prohibitis.
1551 2448 1641 2528 Item,
1668 2466 1728 2511 nec
1757 2470 1862 2519 omia.

173 2549 259 2631 quod
274 2547 429 2629 intellige,
442 2546 476 2609 in
491 2546 567 2609 lidei
583 2546 923 2611 subversionemNam
979 2554 1090 2609 contra
1113 2556 1248 2629 quatuor
1273 2547 1421 2628 concilia,
1447 2547 1652 2611 distinctione
1678 2534 1875 2643 1ἔ5,’1“ξ“·ῆ“ι

173 2648 258 2729 Papa
278 2645 464 2728 dispensare
488 2652 597 2727 posset
619 2645 705 2726 qnod
728 2663 840 2707 omnes
861 2644 925 2707 cle-
979 2644 1119 2728 capitulo
1138 2648 1243 2709 Sicut.
1264 2646 1352 2721 Quod
1376 2654 1483 2709 tamen
1502 2664 1729 2728 usquequaque
1759 2612 1849 2715 riolas

173 2745 232 2808 rici
247 2743 589 2825 contraherent,quum
603 2744 664 2806 boc
679 2762 743 2806 non
759 2743 801 2805 sit
814 2751 925 2806 contra
978 2762 1043 2807 non
1071 2752 1119 2807 est
1148 2763 1271 2823 verum,
1299 2746 1476 2807 secundum
1505 2743 1688 2807 [iurandum
1720 2734 1877 2841 :wll-¹⁵·

173 2844 280 2925 legem
294 2841 472 2924 lleizquod
487 2841 630 2923 intellige
644 2842 684 2903 de
699 2841 824 2903 clericis
839 2841 925 2904 lutu-
980 2862 1054 2905 nam
1084 2851 1195 2905 eontra
1224 2842 1324 2905 multa
1352 2862 1423 2924 qua
1452 2850 1528 2905 sunt
1555 2850 1671 2904 statuta
1697 2840 1729 2903 in
1790 2828 1796 2841 ’

174 2943 232 3021 ris,
244 2960 310 3005 non
323 2942 363 3003 de
378 2940 586 3021 presentibus
600 2940 633 3001 in
648 2939 747 3002 sacris
761 2940 925 3003 ordinibus
981 2941 1045 3003 illis
1060 2940 1218 3021 conciliis,
1235 2941 1421 3022 dispensare
1444 2948 1559 3023 potest,
1577 2940 1652 3003 licet
1665 2958 1730 3003 non

174 3038 370 3120 constitutis,
400 3038 552 3121 quoniam
582 3037 660 3101 tales
696 3039 924 3102 continentiam
941 3044 964 3107 G
980 3040 1094 3103 audeat
1115 3058 1152 3102 ea
1173 3040 1353 3120 reprobare.
1374 3040 1445 3102 llac
1466 3039 1660 3115 Bamardus3
1676 3060 1731 3098 ea·-

174 3146 344 3203 vovernnt.
361 3137 532 3201 Enimvero
552 3138 635 3220 Papa
653 3131 839 3220 dispensare
858 3145 926 3220 pot·
982 3139 1090 3202 trade
1106 3140 1193 3201 Statu
1209 3140 1450 3217 monachorum,
1468 3138 1608 3221 capitulo
1624 3142 1730 3208 Quum
1759 3167 1862 3212 Dm,

175 3247 226 3301 est
254 3245 364 3300 contra
386 3237 535 3319 generale
563 3244 713 3298 statutum
739 3236 890 3300 Ecclesia
917 3260 924 3300 ε
980 3241 1285 3300 admonaalerium.
1301 3239 1390 3318 Item,
1407 3257 1465 3300 neo
1488 3238 1521 3298 in
1540 3237 1730 3318 juramentis
1745 3231 1781 3318 ll·
1794 3243 1824 3280 ¹¹¹·
1840 3231 1877 3275 “²-

177 3337 262 3401 sicut
277 3336 481 3399 Innocentius
501 3335 698 3417 dispensavit
716 3337 756 3398 dc
777 3335 927 3416 gradibus
982 3336 1191 3414 voluntariis3
1208 3337 1262 3398 sed
1277 3337 1310 3399 in
1326 3336 1444 3400 coactis
1459 3336 1539 3399 bene
1555 3335 1728 3417 dispensat.
1746 3297 1876 3408 iiiiii...

176 3433 476 3515 consanguinitatis,
506 3433 608 3496 tribus
642 3435 801 3513 resecatis,
830 3443 927 3494 extra
982 3435 1014 3497 Si
1029 3443 1134 3497 tamen
1150 3435 1319 3497 absolvite
1341 3435 1521 3498 voluntario
1535 3435 1729 3515 juramento,
1745 3421 1877 3470 ¹²‘·²⁴¹⁰·⁸·
1967 3425 1981 3437 “

43 3541 143 3618 lm:
176 3535 218 3596 de
243 3531 533 3614 consanguinitate,
559 3531 698 3613 capitulo
721 3534 796 3596 Non
823 3534 925 3593 debet.
982 3533 1141 3596 absolutio
1169 3540 1266 3596 tanat.
1297 3533 1356 3594 Sed
1386 3532 1447 3595 boc
1476 3550 1540 3596 non
1569 3531 1663 3593 credo
1691 3531 1730 3592 de

38 3606 160 3717 lissam
176 3632 269 3710 ltem,
285 3630 393 3693 necin
409 3630 543 3713 bisqua
564 3639 637 3692 sunt
651 3638 763 3694 contra
783 3625 928 3693 substan·
981 3631 1173 3711 juramento,
1199 3630 1245 3692 ait
1268 3630 1444 3708 limandus,
1472 3629 1533 3691 nisi
1557 3637 1641 3691 esset
1669 3627 1731 3691 illi-

179 3731 257 3793 tiam
272 3730 481 3794 monachatus
498 3753 505 3790 ε
522 3736 557 3791 ut
577 3729 661 3809 quod
684 3728 859 3792 monachus
874 3730 929 3791 ha·
983 3730 1094 3809 citum,
1120 3729 1170 3792 vel
1196 3730 1228 3790 in
1257 3729 1343 3792 aliud
1367 3728 1562 3810 aequivalens
1588 3745 1731 3790 commu-

175 3829 252 3892 beat
267 3828 442 3911 proprium,
455 3827 505 3890 vel
521 3828 605 3908 quod
619 3827 750 3908 abjiciat
763 3827 929 3890 continen-
982 3837 1085 3890 taret:
1104 3829 1178 3909 quia
1197 3828 1412 3909 juramentum
1434 3827 1498 3890 lleo
1520 3827 1660 3904 reddere,
1681 3834 1730 3889 est

177 3927 424 4007 tiam,eatrade
438 3927 526 3989 Statu
541 3925 928 4007 monachorum,capitulo
982 3935 1175 4009 preceptum
1199 3925 1309 4008 prima
1334 3925 1460 4003 tabula,
1487 3924 1541 3987 ubi
1564 3943 1623 3988 nec
1648 3926 1729 3988 lleus

38 4035 161 4109 llil-libra
177 4032 288 4098 Quum
316 4030 360 4086 ad
383 4028 630 4087 monasterium.
655 4024 860 4087 Innocentius
884 4033 930 4085 ta·
982 4045 1041 4089 nec
1065 4027 1161 4088 homo
1185 4025 1359 4107 dispensat.
1382 4024 1471 4104 llam,
1499 4023 1532 4085 in
1557 4023 1729 4087 homicidio
1745 4045 1876 4097 larana„

38 4105 161 4152 '¹'³⁵'‘'⁶'
176 4146 255 4190 men
270 4124 358 4202 dicit,
375 4125 460 4206 qnod
482 4142 629 4186 excausa
650 4122 832 4186 necessaria
846 4122 929 4202 Papa
983 4124 1162 4187 voluntario
1178 4141 1242 4187 non
1258 4123 1338 4186 solet
1352 4122 1549 4204 dispensare,
1566 4123 1621 4184 sed
1635 4121 1729 4184 laeile
1744 4109 1821 4216 ᾖξ’·
1835 4114 1874 4154 ⁶·¹

177 4222 585 4308 potest-dispensarequod
606 4222 857 4285 sanctimonialis
872 4222 967 4286 du-ll
983 4224 1015 4285 in
1045 4222 1164 4285 casuali
1190 4221 1240 4284 vel
1265 4221 1374 4284 dubio.
1399 4257 1439 4266 -
1466 4221 1537 4283 llac
1566 4219 1729 4282 recitative

176 4335 232 4390 cat
256 4326 373 4402 virum,
396 4323 473 4386 alias
497 4341 572 4385 non.
593 4323 631 4385 Ut
655 4321 682 4384 si
707 4341 762 4384 rex
786 4322 929 4383 Sarracc-
983 4320 1095 4402 scripsi
1111 4321 1145 4382 in
1160 4320 1263 4382 lorma
1285 4320 1366 4381 sicut
1388 4338 1426 4382 ea
1447 4318 1537 4401 ponit
1552 4317 1727 4380 llurandus.

175 4443 295 4488 norum
311 4423 408 4486 vellet
422 4441 495 4485 cum
510 4430 575 4484 toto
589 4440 688 4502 regno
703 4439 760 4483 suo
775 4418 927 4500 baptizari
983 4420 1027 4482 Er
1050 4419 1166 4501 quibus
1191 4419 1377 4496 ostenditur,
1392 4419 1477 4499 quod
1499 4417 1581 4499 Papa
1602 4417 1731 4498 dispen-

175 4525 203 4588 si
227 4520 480 4586 sanctimonialis
501 4518 561 4582 sibi
585 4520 714 4582 daretur
731 4518 765 4580 in
785 4536 926 4597 uxorem,
983 4538 1052 4580 sare
1066 4536 1130 4581 non
1147 4525 1251 4600 potest
1265 4523 1375 4579 contra
1395 4514 1503 4578 omnia
1517 4515 1589 4596 jura
1609 4515 1750 4578 divina.-

175 4633 258 4687 tunc
286 4623 369 4703 Papa
395 4620 581 4702 dispensare
606 4626 709 4700 potest
735 4641 742 4678 ε
769 4617 844 4699 quia
871 4635 928 4678 sna
1023 4617 1259 4692 Verumtamen,
1278 4615 1453 4676 secundum
1469 4613 1620 4676 'thomam
1636 4633 1732 4696 super
1812 4597 1827 4618 ⁸

175 4720 352 4787 auctoritas
366 4737 494 4800 semper
514 4717 703 4798 intelligitur
723 4723 866 4796 excepta,
882 4714 929 4776 vi·
983 4724 1130 4796 quartum
1155 4714 1402 4792 Sententiarum,
1418 4711 1623 4774 distinctione
1648 4713 1733 4775 vice·

173 4821 299 4886 delicet
321 4819 384 4881 nisi
405 4819 487 4881 Deus
508 4815 558 4879 vel
584 4815 655 4897 ejus
679 4815 816 4878 vicarius
837 4814 929 4877 aliter
984 4815 1065 4876 sima
1080 4813 1225 4896 septima,
1244 4812 1325 4894 Papa
1341 4811 1527 4892 dispensare
1542 4818 1645 4892 potest
1660 4830 1732 4874 cum

173 4918 328 4984 uoluerit.
345 4917 433 4992 Quod
454 4933 519 4978 non
541 4915 647 4992 credo,
671 4915 716 4976 ait
736 4915 926 4976 Durandus:
983 4914 1122 4995 bigamo,
1153 4912 1227 4994 qnia
1255 4913 1304 4990 (ut
1331 4910 1388 4988 ait)
1415 4907 1560 4990 bigamia
1594 4928 1656 4972 non
1685 4917 1733 4972 est

173 5017 333 5102 qnoniam
348 5023 456 5079 votum
471 5013 640 5094 aequivalet
650 5012 929 5094 juramento,quod
983 5013 1135 5093 adjuncta
1150 5008 1363 5091 irregularitas
1378 5008 1418 5070 de
1431 5007 1503 5088 jure
1517 5006 1665 5082 naturali,
1677 5008 1732 5070 sed

174 5135 320 5192 servare,
337 5123 385 5177 est
399 5121 593 5197 praceptum
607 5112 718 5192 prima
733 5112 857 5189 tabula,
875 5110 929 5173 ubi
984 5111 1023 5172 de
1046 5110 1118 5192 jure
1142 5108 1288 5192 positivo,
1315 5107 1400 5187 quod
1427 5105 1506 5167 dixit
1529 5106 1696 5188 Apostolus
1722 5129 1729 5166 ε

175 5235 244 5280 nec
270 5215 353 5277 lleus
381 5232 440 5276 nec
469 5212 565 5276 bomo
592 5210 718 5292 proprie
746 5209 930 5291 dispensare
984 5210 1115 5292 Oportet
1136 5209 1321 5290 episcopum
1346 5224 1415 5266 csse
1439 5203 1533 5266 unius
1557 5205 1663 5266 uxoris
1687 5204 1878 5278 virricum.

176 5321 300 5401 potest.
316 5314 406 5391 ltem,
424 5330 483 5376 nec
497 5311 530 5372 in
544 5308 594 5372 lris
608 5329 680 5391 qua
693 5329 731 5372 er
749 5328 805 5372 sua
819 5317 932 5371 natura
987 5327 1068 5370 rum.
1085 5306 1148 5370 Nec
1163 5307 1277 5406 iterum
1292 5311 1340 5367 est
1354 5304 1394 5365 de
1411 5301 1631 5366 essentialibus
1650 5303 1735 5368 ordi·
