4309 6250
222 536 263 582 ιιι
283 537 493 584 aumoarrarn
515 537 609 586 ιιιιιιι
630 536 796 586 ιοιιιιιιιι
818 538 855 586 nr
875 537 1045 619 canamus
1066 537 1208 598 concaui,
1229 539 1318 586 nmsu
1338 539 1382 586 ιιι.
1404 557 1445 568 -
1465 538 1535 584 ιιι.
1558 537 1636 584 ιιιιιι
1656 517 1714 582 dil

163 706 353 789 episcopum
379 716 564 772 consecrato
585 732 593 770 ε
609 728 680 791 quae
705 709 835 791 quidem
861 727 916 792 po
931 707 956 770 Α
972 708 1029 773 bro
1044 711 1084 773 de
1097 710 1319 774 Ecclesiastico
1333 717 1488 793 potestate
1501 709 1613 772 dicens
1625 731 1633 770 ι
1646 707 1720 790 llpi·

163 813 264 868 testas
292 815 340 869 ιιι
368 807 412 869 ιιι
440 805 622 870 indelebilis
650 809 754 888 quoad
780 827 817 870 ea
846 827 916 888 qua
972 816 1121 890 scopatus
1148 816 1197 872 est
1225 817 1364 891 potestas
1392 807 1592 871 hierarchica
1623 825 1719 888 supra

165 915 408 986 consequuntur
432 905 576 968 ordinem
601 905 814 988 episcopalem
834 907 917 986 (ιιιι
973 907 1207 987 sacerdotium;
1224 907 1279 970 sed
1292 906 1368 988 quia
1382 906 1426 969 nil
1448 905 1536 968 addit
1555 903 1719 986 potestatis

167 1011 301 1066 vocetur
315 1002 454 1084 dignitas
469 1004 537 1066 sive
558 1003 660 1084 aliter,
678 1005 829 1086 quoniam
852 1023 916 1067 non
974 1024 1068 1087 supra
1084 1024 1199 1086 corpus
1213 1005 1327 1069 Christi
1343 1024 1466 1083 verum,
1484 1011 1652 1086 propterea
1672 1003 1720 1065 di-

167 1111 218 1164 est
239 1101 315 1163 mihi
338 1121 414 1164 cura
432 1102 471 1164 de
490 1102 631 1180 nomine,
649 1103 704 1165 sed
723 1104 763 1165 de
785 1105 843 1181 re),
860 1101 914 1179 ita,
974 1111 1051 1166 cunt
1065 1103 1215 1184 theologi,
1229 1105 1313 1187 quod
1329 1103 1455 1185 proprie
1474 1121 1538 1166 non
1558 1102 1601 1164 sit
1618 1119 1721 1164 novus

168 1199 315 1280 inquam,
332 1198 511 1262 indelebilis
526 1208 584 1280 est,
598 1201 680 1262 sicut
695 1208 832 1282 potestas
847 1215 917 1281 quaa
974 1202 1062 1280 ordo,
1079 1203 1134 1264 sed
1156 1202 1237 1264 bene
1258 1220 1342 1266 nova
1362 1209 1511 1282 potestas.

168 1299 203 1360 in
229 1298 302 1360 aliis
326 1298 491 1361 ordinibus
514 1299 648 1362 traditur
672 1299 826 1363 ordinate.
842 1300 916 1362 ldeo
1014 1300 1103 1363 Unde
1131 1308 1162 1362 et
1189 1299 1410 1363 bonaventura
1442 1317 1539 1381 super
1571 1306 1720 1379 quartum

167 1404 317 1458 asserunt
335 1414 446 1458 omnes
466 1395 679 1459 initerabilem
699 1416 769 1460 esse
794 1397 916 1480 episoo-
975 1397 1219 1479 Sententiarum,
1236 1397 1439 1461 distinctione
1454 1396 1608 1460 vicesima
1627 1414 1721 1476 quar·

166 1494 274 1576 palem
301 1494 584 1572 consecrationem,
606 1494 688 1556 sicut
711 1494 764 1557 alii
789 1495 915 1558 ordines
974 1503 1017 1573 ta,
1042 1497 1160 1560 latetur
1186 1496 1270 1578 quod
1298 1515 1357 1559 nec
1385 1496 1588 1576 episcopatus
1615 1513 1720 1575 neque

166 1591 338 1654 interiores
353 1591 548 1655 initerabiles
568 1599 701 1654 exstant.
718 1592 817 1670 Unde,
834 1593 917 1654 sicut
975 1604 1109 1678 papatus
1131 1595 1208 1658 dicit
1230 1596 1312 1657 ultra
1333 1594 1544 1658 sacerdotium
1570 1592 1633 1654 nisi
1653 1592 1720 1675 ple·

166 1689 367 1771 impossibile
389 1697 438 1751 ιιι
461 1697 648 1771 potestatem
670 1690 796 1752 auferre
815 1709 918 1754 sacer·
974 1695 1152 1757 nitudinem
1174 1693 1311 1774 aliquam
1336 1693 1386 1756 vel
1408 1691 1596 1774 dignitatern
1616 1691 1649 1753 in
1671 1709 1721 1754 or-

166 1788 235 1850 doti
251 1788 330 1868 quin
345 1787 371 1849 si
388 1787 602 1865 conficiat,sit
616 1807 690 1850 vere
706 1807 820 1870 corpus
835 1788 919 1850 Chri·
974 1790 1059 1870 dine,
1077 1799 1109 1852 et
1128 1791 1273 1854 ordinem
1296 1789 1419 1852 nullum
1440 1790 1537 1853 addit.

167 1887 209 1948 sti
235 1886 319 1966 quod
339 1885 492 1963 conficit;
510 1885 556 1948 sic
577 1885 776 1968 impossibile
797 1894 844 1948 est
866 1905 920 1949 au·
938 1881 960 1944 B
1014 1888 1157 1969 Denique
1171 1890 1307 1952 l'homas
1322 1896 1592 1971 superquartam,
1608 1889 1722 1951 distin·

167 1983 256 2046 lerre
275 1985 425 2067 episeopo
444 1991 631 2066 potestatem
651 1985 818 2047 ordinandi
840 1985 918 2066 quin
976 1985 1082 2049 ctione
1110 1985 1263 2049 vicesima
1289 1986 1411 2068 quinta,
1437 1986 1583 2049 scribit:
1610 1987 1723 2067 Aliqua

168 2081 195 2144 si
226 2082 352 2144 ordinet
376 2081 409 2143 in
435 2082 537 2146 lorma
562 2083 724 2161 Ecclesiae,
740 2083 918 2146 ordinatum
976 2094 1114 2168 poteslas
1139 2085 1313 2166 spiritualis
1337 2086 1430 2147 datur
1451 2085 1602 2167 episcopo
1617 2085 1651 2146 in
1666 2103 1723 2146 sua

168 2180 224 2256 sit,
241 2189 273 2242 ιι
292 2199 388 2242 verus
410 2180 451 2242 ιιι
472 2181 550 2244 ordo
572 2181 717 2244 collatus.
976 2185 1175 2266 promotione
1190 2193 1336 2266 respectu
1351 2184 1531 2266 aliquorum
1547 2203 1724 2247 sacramen

211 2278 306 2341 Porro
317 2277 445 2358 quidam
470 2277 682 2360 distinguunt,
704 2287 735 2341 ιι
760 2280 852 2357 bene,
874 2279 920 2341 di·
976 2291 1097 2359 torum;
1114 2301 1177 2346 non
1192 2290 1299 2344 tannen
1315 2282 1369 2344 illa
1384 2290 1523 2364 potestas
1538 2283 1635 2344 habet
1649 2281 1724 2344 rati·

168 2383 280 2438 centes
304 2377 388 2456 quod
411 2377 488 2439 ordo
513 2385 617 2458 potest
638 2377 809 2459 importare
834 2385 921 2458 pote·
976 2400 1068 2444 onem
1086 2380 1289 2443 characteris.
1305 2380 1344 2442 Et
1357 2379 1503 2460 sequenti
1519 2379 1637 2442 ibidem
1658 2379 1723 2440 dis-

168 2483 284 2536 statcm
302 2473 447 2536 traditam
462 2474 608 2537 ordinato
625 2474 673 2538 vel
693 2484 839 2556 respectu
855 2476 920 2538 veri
977 2479 1130 2542 tinctione
1159 2477 1300 2540 affirmat
1322 2501 1329 2540 :
1349 2477 1460 2541 Omnis
1486 2485 1626 2559 potestas
1652 2495 1723 2558 quae
1839 2535 1844 2546 ,

169 2572 315 2652 corporis
335 2572 460 2651 Christi,
479 2573 528 2635 ιιι
550 2573 686 2655 mystici.
704 2574 806 2638 Primo
826 2575 921 2637 modo
976 2579 1069 2640 datur
1083 2596 1156 2639 cum
1171 2577 1279 2657 aliqua
1297 2576 1548 2656 consecratione,
1565 2574 1654 2638 nullo
1673 2594 1725 2637 ca-

169 2670 374 2751 episcopatus
394 2689 459 2733 non
481 2680 528 2733 ιιι
547 2671 636 2752 ordo,
653 2672 805 2751 quoniam
828 2673 922 2754 quili-
977 2696 1015 2738 su
1028 2675 1235 2756 contingente
1254 2682 1356 2756 potest
1378 2674 1457 2750 tolli,
1475 2675 1558 2736 sicut
1578 2692 1638 2736 nec
1653 2673 1724 2755 ipsa

169 2769 227 2831 bet
256 2769 402 2831 sacerdos
427 2777 491 2832 tam
518 2770 611 2850 plene
636 2777 740 2852 potest
764 2770 920 2851 quidquid
977 2773 1175 2837 consecratio
1204 2772 1374 2834 annullari.
1402 2772 1500 2848 Unde,
1527 2790 1627 2853 quum
1654 2771 1723 2853 epi-

171 2866 327 2948 possihile
346 2875 394 2929 est
414 2867 499 2928 circa
519 2867 790 2930 consecrationem
811 2887 922 2949 corpo
978 2872 1115 2954 scopulis
1140 2879 1278 2952 potestas
1303 2890 1376 2934 cum
1401 2871 1508 2951 aliqua
1533 2870 1743 2934 consecrati.

172 2966 217 3027 ris
233 2964 348 3026 Christi
364 2965 446 3026 sicut
460 2964 629 3048 episcopus
644 2966 695 3028 vel
707 2965 799 3046 Papa.
809 2966 921 3048 Sicque
977 2989 1038 3033 one
1054 2971 1157 3046 detur,
1174 2976 1299 3050 oportet
1313 2969 1397 3050 quod
1417 2976 1570 3050 perpetuo
1584 2975 1721 3045 maneat,

172 3083 271 3146 super
293 3062 439 3126 ordinem
464 3063 631 3127 sacerdotii
661 3083 723 3127 uon
754 3073 803 3127 est
829 3064 923 3127 altior
940 3059 1270 3151 Cquantumcumque
1289 3066 1404 3148 aliquis
1419 3075 1531 3148 peccet
1547 3065 1597 3130 vel
1613 3066 1653 3129 ah
1667 3065 1724 3129 Ee·

169 3163 271 3238 ordo;
288 3181 347 3224 nec
363 3162 466 3243 quoad
482 3162 541 3224 hoc
563 3180 664 3225 novus
685 3163 848 3225 character
865 3163 922 3224 im·
977 3168 1073 3231 clesia
1101 3166 1299 3249 praecidatur.
1327 3164 1404 3227 Nam
1434 3165 1461 3226 si
1490 3165 1661 3247 episcopus
1691 3164 1723 3226 in

171 3260 323 3343 primitur
347 3268 401 3323 aut
425 3259 595 3341 ampliatur
619 3260 651 3323 in
677 3262 840 3343 episcopo,
867 3262 921 3323 sed
976 3264 1122 3329 haeresim
1142 3264 1249 3345 lapsus
1270 3263 1504 3341 reconcilietur,
1520 3280 1584 3325 non
1609 3262 1724 3324 iterum

171 3368 321 3441 respectu
339 3358 461 3440 mystici
478 3359 632 3441 corporis,
648 3359 723 3441 quia
739 3379 803 3423 non
819 3360 921 3422 solum
977 3370 1192 3427 consecratur.
1212 3362 1293 3424 Hinc
1318 3362 1471 3443 episcopi,
1492 3361 1639 3443 quamvis
1662 3362 1725 3423 haa-

172 3466 278 3542 potest
301 3476 498 3537 consecrare,
516 3458 570 3519 sed
591 3466 623 3520 et
641 3466 827 3539 potestatem
848 3478 922 3521 oon·
977 3462 1079 3538 retici,
1092 3460 1216 3544 pracisi
1242 3469 1273 3523 ιι
1296 3460 1470 3542 degradati,
1488 3468 1622 3541 possunt
1641 3459 1725 3522 ordi-

172 3555 320 3619 secrandi
336 3554 425 3617 alteri
441 3556 526 3616 dare.
544 3554 579 3617 ln
594 3556 922 3637 archiepiscopoque
978 3582 1051 3624 nem
1077 3558 1234 3637 conferre,
1256 3560 1301 3622 ita
1327 3559 1411 3641 quod
1438 3566 1625 3639 potestatem
1654 3557 1726 3619 reti-

173 3674 237 3737 quo
257 3673 314 3736 pro
334 3662 421 3715 tanto
440 3653 621 3733 ampliatur,
639 3655 713 3733 quia
734 3674 799 3717 nou
819 3654 921 3716 solum
978 3668 1056 3723 nent
1081 3668 1113 3722 et
1136 3665 1324 3722 consecrant
1345 3676 1381 3719 ac
1403 3658 1564 3733 ordinant,
1580 3656 1725 3736 quamvis

173 3761 280 3836 potest
302 3751 374 3813 aliis
400 3758 585 3832 potestatem
612 3753 818 3815 consecrandi
849 3772 924 3815 con·
978 3760 1117 3841 graviter
1138 3766 1272 3839 peccent
1293 3757 1360 3818 llaec
1381 3757 1514 3837 agendo.

173 3852 271 3929 ferre,
289 3850 352 3912 imo
372 3849 468 3911 eliam
487 3857 591 3931 potest
615 3850 783 3931 episcopos
805 3849 924 3913 conlir-

173 3946 316 4012 mareln
332 3966 456 4010 summo
471 3956 576 4009 autem
592 3947 746 4011 Pontilice
762 3967 819 4031 pro
836 3957 923 4011 tanto

171 4048 235 4111 dici
253 4054 356 4129 potest
371 4064 493 4107 summe
505 4045 651 4127 ampliari
667 4047 923 4128 character,quia
1149 4065 1394 4129 ARTffiULUg
1423 4063 1549 4127 xvm,

171 4151 223 4225 (ut
243 4144 364 4207 dictum
386 4146 446 4221 est)
462 4151 566 4225 potest
587 4144 754 4207 instituere
776 4154 807 4207 et
828 4146 924 4207 desti-

171 4254 262 4307 tuere
277 4260 404 4306 omnem
420 4241 515 4303 aliam
530 4241 778 4305 ecclesiasticam
792 4252 925 4325 potesta·
939 4237 963 4299 b
978 4238 1032 4296 An
1047 4252 1192 4293 summus
1201 4232 1360 4307 Pontifex
1368 4232 1468 4306 possit
1479 4231 1580 4289 tibere
1586 4230 1728 4305 papatui

172 4353 249 4405 tem.
267 4341 412 4404 Secundo
435 4340 529 4403 modo
554 4340 739 4422 accipiendo
764 4342 919 4419 ordinem,
1160 4324 1355 4382 'enuntiare
1369 4340 1407 4380 αθ
1420 4324 1542 4380 cedere·

174 4440 299 4503 scilicet
314 4458 370 4521 per
381 4446 561 4521 respectum
573 4439 611 4501 ad
628 4447 813 4520 potestatem
828 4460 924 4521 snper

175 4558 293 4621 corpus
312 4536 427 4600 Christi
448 4536 616 4617 mysticum
641 4538 796 4615 traditam,
813 4539 924 4600 dicunt
1043 4538 1170 4600 ACTUll
1185 4544 1233 4600 est
1247 4536 1436 4619 precedenti
1452 4536 1586 4599 articulo
1604 4537 1644 4599 de
1663 4536 1727 4618 spi·

175 4637 261 4720 quod
287 4654 369 4698 nova
398 4634 643 4715 indelebilisque
670 4644 808 4716 potestas
832 4636 925 4697 datur
1058 4637 1162 4699 rituali
1179 4636 1380 4698 matrimonio
1393 4636 1478 4717 quod
1498 4644 1547 4698 est
1565 4636 1649 4698 inter
1662 4635 1728 4716 epi-

176 4737 330 4819 episcopo
345 4743 530 4797 consecrato
546 4754 602 4797 seu
616 4734 842 4817 ordinato,qua
858 4744 926 4816 pot·
981 4756 1095 4818 scopos
1119 4746 1149 4798 et
1172 4734 1378 4817 particulares
1404 4734 1575 4813 Ecclesias,
1590 4743 1622 4797 ιι
1646 4735 1729 4795 iuter

177 4844 227 4899 est
240 4852 352 4897 omnes
366 4831 535 4895 inferiores
551 4832 679 4895 ordines
700 4834 774 4895 dare
794 4834 926 4896 cuilibet
982 4854 1142 4897 summum
1162 4831 1350 4895 Pontificem
1372 4852 1410 4894 ac
1434 4832 1646 4896 universalem
1672 4832 1729 4895 Ec-

177 4932 365 5007 Christiano,
383 4930 457 4992 licet
473 4938 606 5011 peccent
624 4930 702 4992 daus
722 4940 753 4993 et
768 4932 926 5013 recipiens
982 4933 1124 5009 alesiam,
1151 4932 1234 5013 quod
1263 4930 1427 4993 vinculum
1455 4931 1525 5012 ejus
1550 4930 1592 4992 sit
1615 4930 1729 4993 lortius

180 5032 275 5095 modo
300 5027 462 5106 indebito,
485 5028 595 5108 sicque
617 5028 728 5089 dicunt
754 5032 837 5110 quod
860 5030 927 5111 epi·
981 5030 1110 5094 vinculo
1126 5029 1317 5091 matrimonii
1334 5028 1480 5106 carnalis,
1498 5030 1645 5109 quodque
1660 5029 1730 5090 vin-

57 5138 82 5211 ,⁰⁰
99 5140 152 5183 Eccl-
181 5138 330 5212 scopatus
345 5135 393 5189 est
407 5126 495 5203 ordo,
513 5134 544 5187 et
558 5146 576 5187 a
591 5125 624 5187 B.
642 5126 789 5208 Dionysio
811 5128 928 5191 dicitur
983 5128 1090 5191 culum
1108 5128 1189 5189 istud
1206 5127 1287 5189 inter
1300 5127 1415 5207 Papam
1431 5135 1462 5188 et
1474 5126 1646 5188 Ecclesiam
1662 5126 1730 5190 solo

44 5200 166 5305 pecta
181 5230 269 5292 ordo.
286 5226 509 5305 -Hucusque
530 5224 710 5287 Ubertinus.
982 5228 1037 5290 Ilei
1059 5226 1179 5308 judicio
1202 5224 1244 5287 sit
1266 5223 1465 5303 solvendum,
1483 5224 1544 5285 nisi
1568 5224 1650 5305 Papa
1673 5244 1730 5307 per

223 5324 320 5408 Cujus
335 5324 441 5387 verbis
464 5322 636 5386 concordat
650 5323 874 5404 Cancellarius,
892 5326 930 5387 li·
983 5333 1118 5388 mortem
1133 5322 1184 5387 ιιι
1199 5322 1344 5386 haeresim
1360 5322 1400 5384 ab
1418 5322 1562 5385 Ecclesia
1580 5323 1730 5406 praecida—
