4309 6250
451 497 511 567 tat
789 519 910 570 corma
929 520 1098 568 rsarromrr
1117 520 1288 580 naucum,
1311 521 1400 570 crasa
1420 522 1443 568 1.
1465 539 1506 554 -
1526 521 1596 568 aar.
1619 521 1660 570 xv

453 689 512 754 etit
534 709 714 774 personam.
730 691 847 756 Natura
870 713 1007 776 namque
1031 693 1141 756 divina
1165 693 1239 756 inl
1294 693 1456 774 Praeterea,
1477 693 1586 757 omnia
1610 694 1643 757 in
1667 693 1790 759 Christo
1815 700 1999 776 supernatu-

452 788 618 853 inlinitum
632 799 682 855 est
694 792 822 874 dignior
835 801 950 856 natura
963 793 1113 855 humana.
1124 791 1200 874 Sep
1254 791 1333 854 ralia
1356 792 1554 856 exstiterunt.
1582 793 1701 876 Corpus
1724 792 1845 856 etenim
1870 791 1943 874 ejus
1965 810 1999 855 ex

451 887 540 966 tima,
567 888 643 970 quia
669 889 703 952 in
730 889 790 952 hac
818 890 1037 955 incarnatione
1065 891 1200 953 immen-
1253 889 1433 972 purissimis
1447 891 1656 973 sanguinibus
1672 890 1896 955 sacratissimae
1910 891 2000 971 virgi·

452 987 529 1050 silas
556 988 784 1052 misericordia
811 989 866 1052 Ilei
893 990 1083 1067 ostenditur,
1115 989 1199 1070 quod
1255 986 1305 1049 nis
1324 987 1426 1052 blariae
1445 989 1628 1072 operatione
1647 988 1784 1071 Spiritus
1808 989 1917 1052 Sancti
1942 987 1999 1052 lor

452 1085 575 1149 scilicet
589 1085 695 1148 taliter
708 1086 879 1150 subvenire
900 1087 1048 1168 dignatus
1068 1095 1128 1149 est.
1144 1086 1200 1150 Po-
1254 1093 1374 1149 matum
1396 1094 1444 1150 est
1465 1094 1497 1150 et
1515 1087 1657 1168 perlecto
1676 1087 1893 1169 organizatum
1909 1087 1943 1148 in
1957 1087 2000 1148 in-

453 1192 582 1263 stremo,
598 1183 674 1265 quia
688 1185 880 1267 pernullam
895 1204 1008 1268 puram
1022 1193 1199 1249 creaturam
1255 1184 1350 1248 stanti
1377 1208 1384 1246 :
1412 1185 1530 1248 divinas
1554 1185 1641 1248 enim
1666 1184 1778 1249 virtuti
1804 1183 1944 1248 inlinitae
1966 1203 1999 1247 ac

452 1289 517 1344 tam
545 1283 773 1346 convenienter
801 1302 838 1345 ac
872 1284 1051 1347 eminenter
1076 1291 1201 1366 poterat
1254 1283 1465 1364 omnipotenti
1491 1283 1644 1366 competit
1670 1301 1764 1366 agere
1793 1283 1827 1346 in
1858 1283 1997 1346 instanti.

452 1379 638 1443 hominibus
662 1381 874 1443 demonstrari
899 1381 951 1445 via
975 1380 1099 1459 salutis,
1124 1400 1201 1443 vera
1255 1378 1436 1460 Eodemque
1452 1380 1582 1444 instanti
1597 1389 1702 1444 creata
1715 1380 1777 1443 luit
1795 1379 1905 1443 anima
1919 1379 2001 1443 Chri-

452 1478 618 1560 perlectio,
647 1478 835 1542 excellentia
867 1480 974 1543 omnis
1001 1481 1139 1562 virtutis,
1169 1489 1201 1544 et
1255 1477 1295 1539 sti
1310 1484 1342 1540 et
1355 1478 1480 1559 corpori
1501 1477 1547 1540 illi
1567 1476 1743 1542 formaliter
1762 1479 1877 1541 nnita:
1896 1479 2000 1560 sieque

451 1576 605 1658 quidquid
625 1578 666 1640 ad
687 1576 823 1640 salutem
839 1578 1023 1659 requiritur,
1039 1579 1124 1641 sicut
1144 1597 1200 1661 per
1255 1595 1292 1638 cx
1306 1574 1393 1638 illius
1411 1576 1526 1640 animae
1547 1577 1754 1658 corporisque
1774 1575 2001 1658 conjunctione

451 1674 551 1737 ileum
566 1673 859 1756 incamatum.Ejus
873 1676 992 1739 etenim
1006 1675 1198 1755 humiliatio,
1255 1673 1385 1736 resultat
1413 1693 1477 1736 una
1504 1682 1616 1736 natura
1644 1681 1738 1738 certa
1766 1673 1899 1757 speciei,
1930 1682 2001 1757 puta

397 1822 401 1826 Α
451 1772 522 1855 ejus
546 1772 699 1854 patientia
721 1782 754 1837 et
780 1781 961 1857 paupertas,
986 1775 1058 1856 ejus
1087 1775 1200 1838 caritas
1254 1771 1436 1834 humanitas
1465 1790 1550 1850 vera,
1581 1790 1647 1834 non
1674 1780 1781 1836 mmen
1810 1773 2000 1852 eommunis,

451 1878 627 1952 ceteraeque
642 1871 773 1935 virtutes
788 1872 1054 1954 incomparabiles
1069 1879 1155 1951 sunt,
1168 1881 1199 1936 et
1217 1873 1240 1934 B
1255 1869 1310 1932 sed
1332 1869 1533 1952 particularis
1558 1877 1591 1933 et
1613 1869 1791 1934 individua.
1808 1871 1931 1934 Rursus
1954 1890 2003 1934 eo

452 1987 576 2031 summe
596 1967 758 2032 aedificant
779 1989 816 2033 ac
839 1968 1024 2032 informant.
1254 1968 1325 2030 dem
1342 1967 1472 2030 instanti
1488 1966 1670 2031 humanitas
1690 1968 1746 2032 illa
1767 1969 1945 2050 conjuncta
1958 1977 2002 2033 est

492 2066 717 2129 Verumtamen
741 2086 806 2130 non
828 2067 874 2130 sic
895 2067 1030 2130 dicimus
1054 2087 1200 2131 necessa·
1254 2064 1357 2128 Verbo
1381 2073 1498 2129 aeteruo
1522 2066 1719 2148 hypostatica
1742 2067 1874 2146 unione,
1895 2075 2002 2149 utpote

452 2163 535 2226 rium
563 2163 664 2227 fuisse
689 2165 743 2228 Dei
767 2165 883 2228 Filium
912 2166 1083 2243 incarnari,
1109 2166 1198 2248 quasi
1254 2163 1293 2224 ad
1319 2163 1484 2244 personale
1509 2183 1578 2226 esse
1598 2163 1695 2227 Verbi
1717 2165 1858 2228 aVerbo
1882 2183 2003 2228 assum-

451 2281 509 2343 per
534 2261 632 2324 aliurn
655 2264 786 2326 modum
810 2264 992 2345 nequiverit
1014 2284 1114 2346 genus
1139 2265 1200 2327 sal·
1254 2269 1319 2344 pta.
1336 2261 1457 2325 Idcirco
1471 2261 1653 2325 humanitas
1671 2261 1727 2325 illa
1745 2281 1810 2326 non
1825 2261 1927 2326 babet
1946 2282 2003 2326 nee

451 2359 519 2421 vari
534 2359 721 2439 humanum,
738 2361 793 2424 sed
814 2362 965 2443 quoniam
987 2363 1095 2424 nullus
1116 2362 1199 2425 alius
1255 2377 1394 2440 unquam
1426 2358 1539 2421 hahuit
1571 2359 1831 2440 personalitatem
1867 2362 2004 2443 proprie

451 2458 565 2521 modus
579 2457 641 2520 fuit
655 2467 719 2521 tarn
733 2477 906 2540 congruus,
923 2468 1051 2541 tamque
1065 2461 1199 2524 idoneus
1256 2456 1448 2520 conditionis
1462 2480 1470 2536 3
1487 2476 1546 2520 nec
1562 2475 1600 2519 ex
1614 2456 1732 2520 unione
1753 2458 1896 2540 corporis
1919 2458 2005 2522 Chri-

451 2562 484 2618 et
505 2551 721 2635 condignus'
1255 2554 1296 2616 sti
1324 2573 1397 2617 curn
1423 2555 1524 2617 anima
1555 2574 1609 2617 sua
1637 2554 1804 2619 resultavit
1830 2565 1886 2619 aut
1914 2556 2005 2620 fluxit

1255 2653 1458 2715 subsistentia
1487 2653 1663 2734 personalis
1692 2653 1811 2736 proprii
1843 2653 1968 2718 ordinis
1995 2680 2002 2716 :

1254 2751 1399 2831 quoniam
1430 2769 1545 2832 corpus
1578 2760 1610 2814 et
1637 2751 1744 2814 anima
1776 2751 1831 2814 illa
1861 2750 2005 2816 lormali-

652 2826 898 2892 ARTIGULUS
922 2828 997 2891 XV·
1255 2857 1303 2910 ter
1326 2849 1466 2928 counita,
1482 2849 1543 2912 boc
1569 2856 1617 2911 est
1640 2849 1822 2912 humanitas
1848 2849 1920 2931 illa,
1941 2870 2003 2914 non

449 2977 498 3037 De
522 2976 726 3053 hypostatica
748 2977 870 3035 unione
893 2983 1024 3036 natur„
1046 2977 1199 3036 humanae
1254 2946 1494 3026 relinquebatur
1509 2947 1711 3028 sibimetipsi,
1724 2948 1779 3011 sed
1794 2948 1944 3031 protinus
1960 2969 2005 3011 as-
2117 2987 2118 2994 .

489 3084 564 3124 cum
580 3065 676 3128 Verbo
691 3073 834 3134 ceteram·
846 3072 877 3123 et
894 3067 934 3124 de
944 3067 1147 3143 perfectione
1162 3085 1199 3124 ae
1217 3046 1239 3109 G
1255 3044 1440 3106 sumebatur
1463 3045 1501 3106 ad
1525 3063 1595 3107 0⁵⁵0
1617 3044 1723 3108 Vffl'bi·

490 3155 693 3215 beatitudine
707 3163 838 3215 naturae
848 3156 1001 3215 humanae
1012 3157 1047 3214 itt
1058 3156 1196 3217 Christo.
1293 3143 1456 3219 Ptaeittl'ea,
1473 3149 1536 3204 lam
1558 3142 1668 3205 divina
1688 3153 1801 3207 natura
1824 3163 1924 3226 quam
1950 3145 2005 3207 hu-

1254 3259 1349 3303 mana
1369 3249 1476 3304 manet
1498 3241 1531 3303 in
1554 3242 1677 3305 Christo
1698 3241 1943 3325 imperturbata,
1960 3244 2007 3306 in-

521 3339 673 3414 UlDQUlD
687 3358 762 3403 vere
781 3340 937 3421 subsistit,
953 3360 1053 3403 unum
1072 3350 1121 3403 est
1142 3361 1200 3403 nu·
1254 3337 1389 3401 confusa
1403 3347 1435 3401 et
1449 3338 1583 3420 integra,
1600 3348 1695 3421 atque
1710 3339 1743 3402 in
1765 3340 1832 3403 suis
1852 3340 2006 3404 naturali·
2116 3336 2117 3343 '

537 3456 635 3500 mero.
652 3437 754 3512 Quum
769 3456 844 3520 ergo
860 3438 1013 3501 Dominus
1029 3448 1138 3501 noster
1152 3440 1199 3501 le·
1255 3438 1313 3499 bus
1328 3436 1576 3519 proprietatibus
1592 3456 1629 3500 ac
1644 3437 1764 3500 viribus
1780 3456 2002 3520 perseverans.

451 3556 506 3599 sus
524 3535 666 3598 Christus
685 3536 728 3598 sit
751 3555 824 3599 vere
850 3537 1025 3599 subsistens
1050 3556 1196 3618 persona,
1253 3535 1427 3617 Eapropter
1441 3534 1475 3595 in
1491 3533 1614 3597 Christo
1630 3543 1704 3596 sunt
1722 3535 1785 3599 duo
1807 3535 2003 3613 intellectus,

451 3636 590 3699 latemur
604 3635 687 3716 quod
703 3636 772 3716 ipse
787 3642 835 3697 est
849 3654 982 3699 numero
1003 3655 1114 3698 unum.
1131 3635 1199 3697 Est
1254 3632 1323 3695 duaa
1345 3630 1535 3711 voluntates,
1554 3633 1624 3695 duae
1644 3632 1818 3715 sapientia,
1834 3634 1908 3696 duae
1929 3634 2007 3697 dile
2115 3642 2116 3675 ³

451 3752 514 3815 que
528 3733 562 3797 in
581 3750 619 3795 eo
638 3733 801 3795 dumtaxat
815 3752 914 3795 unum
936 3751 1005 3796 esse
1028 3733 1200 3814 hypostati·
1254 3730 1387 3809 ctiones,
1404 3731 1473 3792 dua
1487 3729 1628 3809 justitiae,
1641 3730 1711 3793 duae
1725 3730 1942 3813 operationes.
1954 3732 2006 3794 list

451 3850 525 3895 cum
553 3849 610 3893 seu
638 3830 817 3912 personale,
844 3830 994 3894 videlicet
1022 3831 1198 3894 increatum
1254 3828 1340 3890 enim
1366 3828 1398 3889 in
1419 3827 1488 3909 ipso
1509 3826 1690 3890 intellectus
1709 3836 1857 3908 aeternus,
1873 3830 2005 3893 divinus

450 3948 522 3993 esse
546 3928 740 4010 suppositale
766 3928 859 3991 Verbi
883 3928 1005 4006 aterni,
1033 3948 1090 3992 seu
1112 3930 1199 3992 unici
1254 3934 1285 3988 et
1306 3925 1487 4002 increatus;
1505 3923 1653 3987 similiter
1677 3924 1819 3988 increata
1841 3927 2004 4007 voluntas,
2114 3912 2115 3935 i

450 4027 523 4089 Filii
538 4027 603 4090 Dei.
619 4029 721 4107 Atque
735 4028 775 4090 ad
790 4027 851 4090 boc
866 4046 937 4090 esse
953 4026 1130 4090 increatum
1145 4029 1201 4109 hy·
1255 4024 1395 4086 increata
1423 4021 1591 4104 sapientia,
1618 4022 1759 4086 increata
1786 4024 1925 4106 justitia.
1953 4026 2006 4089 Est

451 4125 642 4207 postaticum
657 4123 752 4186 Verbi
766 4124 876 4187 aterni
891 4135 1055 4207 assumpta
1077 4134 1125 4188 est
1147 4146 1201 4187 na·
1254 4122 1330 4184 item
1353 4121 1386 4182 in
1412 4138 1450 4183 eo
1476 4120 1654 4183 intellectus
1679 4122 1838 4185 humanus
1864 4132 2004 4205 creatus,

451 4232 524 4285 tura
541 4223 691 4299 humana,
707 4230 739 4283 et
758 4221 792 4284 in
810 4223 921 4285 eodem
947 4223 1143 4304 suppositata
1167 4224 1199 4286 in
1215 4223 1239 4285 b
1255 4229 1287 4283 et
1301 4219 1448 4283 voluntas
1463 4218 1602 4281 humana
1617 4228 1733 4299 creata,
1751 4239 1825 4284 cum
1839 4222 2005 4286 habitibus
2113 4232 2114 4245 ¹

453 4320 577 4384 Christo
597 4339 654 4383 seu
673 4318 777 4382 Verbo
800 4319 861 4383 hoe
885 4320 1048 4384 incarnato
1066 4346 1073 4383 :
1092 4322 1200 4402 sicque
1255 4326 1287 4381 et
1300 4316 1537 4399 operationibus
1552 4316 1629 4379 suis.
1645 4317 1846 4400 Unaquaeque
1861 4340 1941 4403 ergo
1956 4340 2007 4383 na·

453 4419 640 4501 Unigenitus
655 4417 709 4480 Dei
722 4418 896 4499 assumpsit
908 4425 941 4481 et
954 4418 1015 4481 sibi
1036 4420 1201 4483 immedia-
1255 4426 1324 4479 tura
1339 4416 1373 4477 in
1388 4416 1509 4478 Christo
1524 4423 1572 4478 est
1587 4422 1715 4498 operata
1729 4418 1813 4498 quod
1828 4438 1925 4484 suum
1945 4428 2004 4497 est,

452 4517 603 4581 teunivit
620 4524 765 4579 naturam
785 4516 969 4596 humanam,
985 4518 1147 4599 propriam
1169 4517 1199 4580 ei
1255 4534 1328 4577 cum
1356 4514 1487 4577 alterius
1515 4513 1753 4578 communione.
1783 4516 1822 4579 Et
1849 4521 2005 4600 quoniam

451 4613 708 4698 personalitatem
723 4613 975 4678 communicans.
993 4615 1134 4696 Denique
1152 4614 1199 4678 la·
1255 4612 1330 4676 unio
1350 4613 1483 4675 duarum
1503 4620 1688 4674 naturarum
1712 4613 1745 4674 iu
1769 4614 1894 4679 Christo
1921 4617 2006 4684 iacta

450 4722 538 4779 ctum
553 4720 602 4775 est
615 4713 675 4775 hoc
691 4712 810 4793 absque
831 4713 919 4774 omni
934 4713 1109 4777 variatione
1123 4714 1199 4776 Ver·
1254 4720 1302 4774 est
1315 4712 1347 4774 in
1362 4728 1509 4793 persona,
1526 4710 1569 4773 ita
1583 4711 1668 4792 quod
1683 4712 1848 4795 utriusque
1862 4724 1913 4779 est
1936 4738 2007 4801 per·

450 4812 482 4876 hi
496 4810 617 4889 aeterni,
634 4818 666 4873 et
679 4809 798 4890 absque
812 4808 884 4890 ejus
899 4810 1108 4891 permixtione
1125 4831 1198 4874 cum
1254 4810 1405 4873 sonalitas
1420 4828 1503 4888 una;
1519 4817 1551 4871 et
1564 4828 1658 4890 agere
1673 4828 1709 4872 ac
1725 4810 1791 4892 pati
1811 4812 1854 4874 sit
1871 4817 2005 4899 proprie

448 4919 561 4973 natura
593 4915 767 4988 assumpta.
798 4906 862 4970 Nec
892 4907 982 4970 unita
1010 4918 1059 4971 est
1086 4917 1198 4972 natura
1253 4907 1514 4990 suppositorum:
1533 4905 1840 4972 idcircoinChristo
1861 4910 2006 4978 humana

447 5009 559 5071 divina
572 5005 762 5069 humanitati
778 5014 930 5087 tanquam
945 5024 1019 5087 pars
1041 5015 1095 5069 aut
1116 5008 1199 5070 sicut
1252 5006 1477 5069 adscribuntur
1504 5003 1579 5084 Deo,
1604 5004 1775 5086 divinaque
1801 5007 1944 5090 homini,
1975 5014 2005 5076 id

447 5107 551 5171 lorma
575 5104 764 5181 informans,
785 5105 841 5167 sed
866 5103 1005 5166 Verbum
1030 5111 1195 5185 aeternum,
1252 5112 1311 5185 est,
1333 5102 1475 5167 actiones
1499 5110 1531 5165 et
1556 5102 1720 5184 passiones
1743 5105 1892 5171 humana
1917 5111 2007 5173 attri-

448 5203 717 5287 quernadmodum
731 5201 773 5265 ab
787 5211 905 5266 aeterno
920 5202 1073 5281 decrevit,
1087 5202 1199 5265 huma·
1253 5203 1393 5266 huuntur
1407 5201 1510 5264 Verbo
1525 5200 1700 5281 incarnato,
1708 5202 1859 5267 attributa
1873 5225 2005 5291 quoque

448 5305 581 5368 nitatem
602 5297 792 5364 invariabile
812 5317 945 5363 manens
966 5299 1150 5382 assumpsit.
1252 5308 1286 5364 et
1307 5318 1404 5383 opera
1423 5298 1518 5363 Verbi
1537 5298 1753 5365 attribuuntur
1771 5302 1894 5369 homini
1915 5306 2006 5373 Chri·
