4309 6250
479 512 597 560 comas
618 513 786 561 rsarmran
805 512 976 573 naucum,
998 514 1087 561 uasa
1107 515 1153 563 ιιι.
1174 532 1217 545 -
1235 515 1305 562 aar.
1328 516 1393 563 nn
1653 496 1711 563 tot

164 684 306 745 illumin
322 685 429 760 apuam
444 686 632 745 detrudent.
650 686 762 763 Hujus
783 686 947 764 quoqueA
1003 688 1114 748 Mater
1137 688 1264 748 Christi
1285 688 1410 756 Maria,
1424 687 1522 764 cujus
1543 695 1642 746 totam
1666 688 1713 745 ui·

163 784 572 852 eonversa,couoersiouem
587 785 756 843 seutentioe
768 786 905 859 pandat.
963 793 1029 845 tum
1052 786 1158 844 mensi
1176 794 1252 845 suut
1272 787 1357 845 nuni
1377 786 1622 864 quinquaqinta
1644 805 1713 855 seu,

164 880 244 943 Istud
272 879 543 963 periculosissime
572 888 675 959 sonat,
706 880 907 962 insipienter·
959 891 1030 959 post
1046 884 1213 943 Christum
1228 903 1354 963 quoque
1367 885 1592 963 quinquennii
1609 884 1714 959 spatio

165 998 223 1061 que
241 979 361 1042 dictum
380 986 438 1042 est.
455 980 512 1042 Dat
535 978 623 1042 enim
647 980 831 1042 hominihus
854 980 907 1042 de-
962 984 1031 1060 suit
1046 990 1217 1057 superstes.
1234 980 1319 1044 Istud
1335 1000 1446 1044 verum
1461 1001 1526 1045 non
1547 981 1711 1045 creditur:

165 1076 351 1159 sperationis
385 1086 440 1140 aut
474 1077 733 1160 presumptionis
768 1078 908 1141 occasio·
965 1079 1029 1160 imo
1052 1078 1139 1141 circa
1163 1079 1347 1160 quindecim
1370 1098 1471 1143 annos
1499 1087 1572 1162 post
1598 1078 1713 1142 Christi

166 1195 245 1253 nem,
263 1176 307 1238 ita
321 1184 356 1238 ut
370 1176 478 1239 dicant
495 1200 501 1237 :
518 1176 598 1251 Quid
614 1176 743 1258 prodest
765 1177 790 1239 si
813 1194 907 1257 egero
963 1176 1182 1239 ascensionem
1198 1176 1315 1239 vixisse
1330 1196 1348 1238 a
1362 1176 1472 1239 multis
1487 1176 1612 1239 Sanctis
1630 1196 1715 1239 asse-

166 1276 251 1354 hcnc‚
268 1275 344 1356 quia
357 1294 489 1337 necesse
504 1282 552 1337 est
566 1274 645 1336 mihi
660 1274 803 1337 accidere
823 1276 907 1355 quod
964 1274 1054 1337 ritur.
1070 1274 1150 1337 Nam
1164 1282 1196 1337 ct
1210 1274 1241 1337 S,
1253 1275 1395 1356 Ignatius
1410 1275 1439 1337 ai
1455 1275 1640 1356 frequenter
1655 1277 1714 1337 mi-

164 1382 208 1436 est
222 1372 441 1455 prescriptum
456 1374 495 1437 de
510 1375 582 1435 mat
598 1372 692 1436 Tollit
708 1392 833 1454 quoque
852 1372 909 1436 hc·
964 1372 1005 1433 sit
1029 1370 1190 1454 epistolas.
1216 1372 1348 1435 Divinus
1368 1391 1495 1453 quoque
1520 1381 1552 1435 ct
1578 1391 1714 1454 magnus

163 1472 236 1534 mini
258 1470 436 1534 libertatem
458 1470 592 1549 arbitrii,
608 1478 639 1533 et
655 1470 907 1533 inevitabilitatis
963 1471 1133 1553 Dionysius
1149 1471 1187 1533 ad
1203 1491 1273 1534 earu
1292 1471 1463 1535 videndam
1483 1472 1601 1553 legitur
1620 1472 1715 1534 adve
1828 1496 1845 1515 ·

164 1570 380 1633 necessitatem
396 1568 520 1631 inducit
536 1564 546 1631 Ξ
561 1568 671 1649 sicque
693 1570 775 1631 licus
796 1588 909 1657 pecca·
965 1570 1050 1633 nisse
1066 1569 1100 1632 iu
1115 1569 1265 1634 iudaeam.
1281 1569 1449 1652 Dionysius
1463 1579 1570 1633 autem
1585 1569 1714 1633 aPaulo

163 1676 242 1731 tores
268 1666 396 1749 puniret
423 1668 554 1748 injuste,
581 1666 658 1748 quia
685 1686 749 1730 non
778 1677 909 1749 possent
964 1669 1106 1749 apostolo
1121 1686 1295 1731 conversus
1314 1666 1377 1730 tuit
1390 1668 1524 1731 Athenis
1542 1675 1615 1750 post
1634 1666 1715 1730 mui-

163 1774 289 1849 peccata
307 1766 417 1829 vitare.
434 1766 540 1847 itaque
561 1765 655 1829 simui
681 1773 766 1829 stam
792 1764 910 1828 inialli-
965 1774 1012 1830 tos
1034 1785 1135 1829 annos
1156 1786 1176 1828 a
1196 1766 1312 1829 Christi
1335 1767 1533 1831 ascensione.

164 1865 232 1927 bitis
246 1884 283 1928 aa
300 1864 441 1947 perlecta
463 1864 661 1945 providentia
682 1863 736 1927 hei
760 1872 791 1926 at
814 1862 950 1926 liber-B
1005 1866 1097 1935 Sella,
1118 1867 1199 1935 Noe,
1215 1867 1397 1936 Abraham,
1416 1869 1555 1936 Esdros,
1574 1867 1715 1942 suerunt

166 1972 208 2025 tas
223 1963 353 2025 humani
368 1961 503 2025 arbitrii.
520 1960 586 2024 lmo
606 1961 689 2023 iutra
707 1981 766 2024 uos
788 1962 909 2045 experi-
965 1966 1107 2027 Hebroei.
1125 1964 1245 2027 Hehraei
1268 1964 1344 2026 dicti
1370 1972 1444 2027 sunt
1466 1964 1506 2025 ab
1530 1964 1644 2041 Heher,
1661 1964 1715 2045 qni

167 2082 233 2124 mur
246 2062 331 2143 quod
347 2061 438 2123 liberi
454 2079 576 2139 sumus,
592 2078 657 2123 non
673 2060 855 2123 necessitati
870 2062 909 2123 ad
964 2071 1037 2145 post
1050 2062 1209 2125 diluvium
1225 2061 1297 2125 tuit.
1313 2062 1476 2137 Quomodo
1491 2081 1566 2143 ergo
1588 2062 1662 2125 Seth
1684 2070 1716 2124 et

166 2161 242 2223 bene
262 2168 318 2222 aut
335 2157 419 2221 male
438 2158 607 2239 agendum.
623 2158 730 2240 ltaque
755 2177 855 2221 unum
879 2166 911 2221 et
965 2160 1041 2239 Noe,
1068 2160 1122 2241 qui
1148 2160 1203 2222 diu
1229 2169 1301 2222 aute
1326 2160 1429 2223 Hcher
1455 2159 1599 2223 deiuncti
1628 2167 1713 2236 suut,

165 2258 244 2321 idem
266 2276 322 2340 par
346 2264 525 2337 respectum
548 2256 588 2319 ad
614 2275 726 2319 causas
751 2257 910 2318 naturales
964 2256 1087 2323 Hehraei
1104 2257 1254 2320 ineruntl
1269 2259 1350 2326 Noe,
1365 2260 1533 2319 Abraham
1553 2267 1583 2317 et
1604 2259 1715 2319 Μαιο-

165 2363 194 2418 et
207 2354 366 2436 proximas
386 2360 572 2436 potestesse
588 2352 723 2416 liberum
739 2362 770 2416 et
791 2353 911 2415 contin·
965 2366 1068 2417 matus
1083 2360 1166 2432 tepea
1180 2357 1308 2415 uiribus
1323 2366 1420 2434 atque
1433 2358 1589 2432 potentiis
1603 2358 1692 2416 intui
1710 2390 1718 2399 ·

164 2472 249 2534 gens,
273 2453 357 2533 quod
384 2460 488 2515 umen
508 2471 565 2534 per
585 2459 763 2533 respectum
786 2452 824 2514 ad
847 2451 911 2533 pri·
966 2462 1057 2515 runt.
1075 2451 1201 2515 Falsum
1217 2460 1267 2513 est
1280 2453 1340 2514 hoc
1355 2453 1394 2514 de
1409 2451 1474 2515 Noe
1489 2460 1521 2514 et
1534 2452 1715 2528 Abraham3

165 2570 244 2613 mam
269 2570 307 2613 ac
331 2568 488 2613 summam
514 2567 642 2612 causam
662 2548 910 2631 providentiam·
966 2552 1020 2615 sed
1041 2551 1152 2613 nacon
1169 2551 1269 2613 instar
1283 2550 1442 2614 latronum
1461 2559 1494 2613 at
1511 2559 1718 2633 tyrannorum

163 2668 221 2731 que
246 2649 389 2712 divinam
418 2648 598 2711 necessario
622 2647 739 2726 evenit,
762 2648 907 2711 ordinem
966 2650 1068 2731 legam
1084 2667 1174 2712 suam
1189 2648 1341 2713 violentia
1356 2648 1475 2727 intulit,
1488 2650 1593 2712 sciens
1608 2668 1642 2711 se
1659 2668 1717 2712 uec

165 2748 281 2811 habens
303 2754 425 2809 certum
446 2764 626 2808 causarum.
967 2748 1089 2811 ratione
1108 2766 1167 2810 nec
1187 2747 1351 2810 miraculis
1373 2767 1432 2810 nec
1456 2768 1514 2830 per
1538 2748 1717 2829 Scripturas

200 2850 296 2907 luter
318 2848 453 2922 Moysen
477 2853 507 2903 et
533 2846 698 2905 Christum
722 2847 807 2922 sueti
834 2856 910 2907 suut
965 2846 1092 2909 divinas
1110 2866 1181 2909 eam
1202 2865 1294 2927 posse
1313 2844 1443 2908 firmare
1464 2855 1518 2909 aut
1537 2847 1714 2929 divulgare.

160 2946 324 3022 prophetea
338 2946 378 3004 de
390 2944 473 3020 filiis
487 2944 593 3003 Israel
607 2946 708 3014 mille,
717 2946 805 3006 iuter
820 2948 912 3007 Chri·
966 2946 1044 3007 ilinc
1060 2954 1092 3007 et
1106 2964 1180 3007 suos
1199 2964 1352 3027 sequaces
1373 2946 1413 3007 ad
1435 2944 1642 3025 preliandum
1660 2947 1715 3008 ad-

164 3054 246 3103 stum
260 3052 293 3102 et
307 3043 529 3103 Mahometum
547 3052 700 3121 quotuor.
717 3042 820 3105 Prima
839 3047 948 3126 parsi}
967 3044 1100 3106 monuit.
1121 3042 1160 3104 Et
1181 3063 1221 3105 ua
1240 3043 1327 3105 solus
1346 3043 1392 3104 sic
1412 3042 1516 3123 egisse
1541 3042 1712 3121 videretur,

165 3142 257 3224 hujus
283 3141 361 3204 dicti
386 3149 485 3203 exstat
511 3141 671 3222 ambigua,
699 3143 839 3205 secunda
864 3151 911 3204 est
966 3144 1059 3206 finxit
1083 3151 1209 3206 saucios
1235 3143 1320 3205 viros
1344 3141 1409 3205 Noe
1434 3151 1465 3204 ct
1489 3142 1647 3205 Abraham
1673 3144 1716 3205 ita

165 3240 252 3304 falsa.
271 3238 436 3303 Probabile
458 3247 564 3302 tamen
583 3240 718 3315 videtur,
736 3242 820 3321 quod
842 3241 912 3322 plu·
968 3243 1093 3306 iecisse.
1119 3243 1198 3302 Seth
1222 3243 1387 3301 diuinitus
1410 3243 1504 3301 missi
1530 3251 1607 3301 sunt
1637 3244 1718 3301 iibri

165 3359 212 3402 res
226 3357 324 3421 quam
340 3338 426 3402 mille
448 3339 487 3401 de
509 3338 588 3400 tiliis
610 3339 704 3401 israel
726 3339 810 3402 inter
830 3339 912 3420 Moy·
966 3342 1219 3422 quinquaqinta.
1237 3339 1267 3401 Si
1284 3359 1394 3401 verum
1415 3347 1464 3402 est
1485 3340 1557 3418 hoc,
1573 3358 1632 3402 cur
1652 3339 1716 3403 Noe

164 3457 217 3500 sen
232 3446 263 3500 et
278 3437 437 3498 Christum
453 3436 627 3518 prophetia
642 3437 791 3518 spiritum
812 3437 911 3499 hahu-
967 3439 1065 3502 libros
1091 3438 1163 3500 illos
1190 3438 1330 3519 desuper
1356 3438 1471 3500 missos
1501 3446 1642 3520 tempore
1670 3438 1717 3500 di-

163 3543 263 3616 eruut‚
292 3535 374 3597 sicut
401 3553 438 3596 cx
467 3533 559 3596 lihris
587 3535 707 3614 Regum
737 3554 794 3617 pro
822 3543 911 3617 parte
968 3536 1046 3600 luvii
1062 3554 1127 3598 uon
1142 3536 1290 3615 servavit,
1308 3555 1366 3597 uec
1389 3543 1499 3615 postea
1517 3535 1716 3615 divulgavit?

163 3635 290 3696 elicitur
307 3657 314 3695 ε
331 3631 405 3714 quia
420 3633 478 3695 suh
499 3632 656 3710 Samuele,
673 3641 704 3694 et
723 3642 833 3715 postea
852 3633 911 3696 sub
1007 3635 1127 3697 Deinde
1146 3634 1199 3696 hic
1219 3635 1348 3716 ponitur
1373 3633 1454 3696 visio
1478 3633 1511 3694 in
1534 3653 1598 3715 qua
1621 3652 1717 3715 appa-

163 3731 228 3796 Elia
242 3753 279 3796 ac
297 3731 411 3812 Eliseo,
429 3750 539 3794 corum
554 3730 705 3814 discipuli
721 3733 811 3813 quasi
827 3751 913 3795 com-
969 3734 1069 3798 ruisse
1098 3733 1225 3796 cuidam
1255 3732 1369 3813 legitur
1392 3733 1587 3794 Mahometus
1614 3755 1621 3793 :
1648 3752 1717 3814 qua

164 3833 302 3896 munitor
326 3832 426 3913 gratia
450 3829 623 3912 prophetiae
649 3830 831 3911 pollebant;
857 3831 925 3893 scd
968 3831 1049 3894 visio
1071 3831 1167 3894 fallax
1186 3830 1248 3893 init
1266 3838 1321 3892 aut
1341 3829 1429 3891 ficta.
1447 3830 1499 3892 Sic
1514 3849 1651 3911 namque
1671 3831 1715 3894 dii

163 3949 316 3994 uumerus
340 3937 389 3992 est
417 3929 568 3992 incertus.
594 3927 689 3992 Porro
715 3927 799 3991 inter
826 3929 914 3991 Chri·
967 3929 1136 4011 gentilium
1160 3929 1225 3990 suis
1245 3928 1431 4010 apparuisse
1450 3927 1600 4009 leguntur
1618 3929 1718 3992 culto·

165 4035 247 4090 stum
272 4035 305 4092 et
329 4027 540 4090 Mahomatum
564 4025 814 4090 innumerabiles
843 4047 914 4090 sau·
969 4030 1067 4091 ribus.
1085 4027 1207 4089 Dicitur
1220 4046 1347 4108 quoque
1363 4027 1396 4088 in
1412 4027 1471 4089 hao
1487 4027 1716 4109 visionc‚quod

165 4127 298 4189 ctissimi
321 4125 489 4188 Christiani
514 4123 616 4206 gratia
640 4127 812 4207 prophetia
836 4146 914 4207 praa·
968 4129 1080 4190 Mahon
1115 4125 1178 4188 tuit
1210 4125 1342 4187 ultimus
1378 4126 1616 4208 prophetarum,
1646 4134 1718 4207 post

166 4225 343 4288 clarissime
368 4231 442 4286 sunt
464 4223 589 4286 ornati:
610 4223 642 4284 in
667 4224 779 4304 primis
803 4243 913 4288 omnes
930 4221 954 4282 D
969 4245 1064 4308 quem
1088 4224 1171 4287 alius
1199 4223 1354 4305 propheta
1381 4243 1445 4286 non
1475 4232 1524 4286 est
1545 4232 1714 4287 uenturus.

167 4324 320 4406 Apostoli,
335 4320 509 4405 pracsertim
524 4320 659 4384 loannes
674 4323 867 4403 evangelista
882 4323 913 4384 iu
969 4324 1056 4400 Quod
1082 4322 1198 4385 falsum
1218 4329 1277 4400 est,
1293 4321 1369 4402 quia
1394 4330 1464 4402 post
1488 4321 1600 4384 Mahon
1624 4322 1716 4384 multi

167 4421 368 4505 Apocalypsi.
391 4418 578 4483 indutibus
602 4439 729 4502 quoque
751 4420 915 4502 Apostolc-
971 4422 1071 4486 sancti
1094 4419 1261 4484 Christiani
1282 4419 1446 4500 utriusque
1466 4439 1560 4482 sexus
1584 4420 1719 4501 prophe-

52 4534 155 4592 tanti.
169 4542 237 4584 rum
252 4521 370 4602 iegitur
385 4518 652 4601 quemadmodum
671 4519 840 4582 Christiani
860 4521 913 4601 qui
970 4521 1021 4583 tia
1047 4518 1162 4600 spiritu
1186 4517 1326 4580 decorati
1352 4516 1493 4593 inerunt,
1514 4518 1719 4598 quemadmo-

46 4599 61 4643 ⁸'
74 4603 123 4643 Μ’·
168 4628 256 4682 erant
276 4619 310 4682 ιιι
325 4619 417 4701 Tyro,
435 4617 587 4698 multique
608 4616 675 4696 alii,
693 4638 750 4699 per
770 4618 914 4700 spiritum
971 4622 1046 4683 dum
1072 4619 1104 4679 S.
1125 4617 1313 4691 heruardus,
1331 4616 1362 4678 S.
1380 4615 1579 4695 Franciscus‚
1596 4624 1720 4678 saucta-

168 4717 343 4802 prophetias
357 4717 567 4802 praedixerunt
580 4717 722 4797 apostolo
733 4716 828 4780 Paulo
840 4717 914 4798 quid
971 4737 1032 4800 que
1046 4717 1265 4796 Brigitta‚quaa
1281 4733 1382 4795 nuper
1397 4713 1460 4777 luit
1473 4733 1510 4776 ac
1525 4715 1634 4776 multis
1648 4723 1720 4796 post

61 4849 66 4861 ·
169 4819 196 4882 ei
212 4820 244 4883 ιιι
258 4817 435 4882 Jerusalem
450 4815 600 4878 eveniret.
618 4815 758 4896 Denique
773 4817 804 4879 S.
822 4817 917 4879 Αιιιο-
972 4825 1105 4878 mortem
1128 4832 1217 4874 suam
1240 4811 1402 4880 miraculis
1423 4812 1547 4874 claruit.

170 4919 252 4997 nius,
269 4925 302 4980 et
316 4915 371 4979 alii
391 4922 555 4996 martyres,
571 4913 770 4977 confessores
792 4933 828 4976 ac
850 4933 917 4976 ere·
1012 4917 1120 4983 Quum
1142 4913 1210 4974 Noe
1226 4921 1291 4971 tres
1305 4913 1392 4988 filios
1411 4913 1554 4981 liaberet,
1571 4913 1720 4971 videlicet

170 5017 253 5080 mitae
278 5012 505 5097 quamplurimi
533 5013 593 5075 hac
621 5013 721 5094 gratia
750 5013 918 5094 splenduc-
970 5017 1059 5082 Seru,
1080 5013 1178 5073 Cheru
1203 5020 1234 5069 et
1256 5011 1384 5084 Japhet,
1405 5030 1445 5067 eu
1469 5012 1545 5070 Sem
1565 5027 1722 5084 processe·

170 5124 253 5192 runt,
285 5111 460 5196 prasertim
488 5120 616 5174 sanctus
646 5111 700 5174 illc
728 5111 916 5174 anachoreta
973 5121 1052 5172 ruut
1069 5112 1145 5169 boui
1158 5130 1195 5168 uc
1211 5110 1307 5168 utiles
1327 5109 1404 5177 oiri,
1421 5108 1720 5175 uidelicetAruhes,

170 5213 318 5288 loannes
339 5210 378 5272 de
401 5227 464 5290 quo
489 5209 521 5270 in
546 5209 673 5272 exordio
697 5208 792 5291 primi
816 5208 917 5271 libelli
971 5210 1115 5272 Romani
1143 5217 1172 5266 et
1202 5210 1336 5272 Persoe,·
1359 5207 1399 5264 de
1423 5207 1520 5264 Cheru
1547 5207 1624 5263 item
1653 5205 1722 5261 viri

173 5312 386 5394 Vitaspatrum
408 5307 551 5370 habetur.
974 5309 1116 5368 bonitate
1131 5303 1418 5382 praedaturum
1436 5303 1616 5377 AEthiopes,
1632 5303 1721 5362 Allo·
