4309 6250
505 509 626 558 oourna
645 511 815 560 rmrroraa
833 509 1007 568 assona,
1029 509 1118 557 unsa
1138 511 1159 557 1.
1182 527 1222 540 -
1243 509 1313 556 aar.
1335 509 1388 556 xrr
1660 487 1720 554 263

170 679 386 762 predixerunt
398 679 572 764 Prophetae.
592 681 681 746 Unde
699 700 757 764 per
770 682 920 763 Aggaeum
935 680 960 742 ll
975 679 1149 744 enormitas
1164 688 1251 745 tanto
1273 680 1314 744 sit
1334 679 1460 762 gravior
1480 685 1599 761 quanto
1620 677 1722 758 maior

48 777 327 848 aaa.n.⁷.llominus
353 777 433 842 dixit
459 779 602 842 :Adhuc
631 798 731 842 uuum
759 779 920 842 modicum
975 786 1025 842 cst
1048 779 1200 843 sanctitas
1228 788 1261 842 et
1287 779 1437 861 majestas
1465 778 1536 860 ejus
1565 777 1598 839 in
1626 793 1721 858 quem

33 862 51 900 ⁸·
170 883 232 954 est,
248 883 283 939 et
301 894 362 958 ego
381 878 516 941 movebo
540 878 657 940 coelum
680 886 714 940 et
737 885 874 951 terram3
890 884 923 938 et
976 885 1138 960 peccatur,
1154 885 1186 940 et
1199 878 1281 940 Deus
1301 876 1391 941 fortis
1412 895 1449 940 ac
1471 873 1661 939 immortalis
1682 872 1724 936 sit

171 973 282 1035 reniet
295 974 495 1039 besideratus
514 975 638 1039 cunctis
656 975 817 1056 gentihus,
834 975 923 1038 vide-
975 993 1107 1058 prorsus
1126 975 1384 1057 incomparabilis
1409 981 1441 1038 et
1465 974 1627 1036 immensa
1652 989 1723 1034 san·

170 1070 250 1134 licet
272 1072 427 1150 Christus,
452 1079 488 1135 ut
510 1091 634 1150 omnes,
660 1081 725 1136 tam
752 1073 920 1137 Christiani
976 1073 1095 1136 ctitatis
1109 1092 1146 1136 ac
1162 1073 1336 1155 majestatis
1350 1094 1359 1150 3
1375 1081 1499 1137 constat
1512 1071 1597 1154 quod
1611 1087 1723 1154 pecca·

169 1188 271 1250 quam
293 1169 404 1250 ludaei,
425 1179 599 1254 exponunt.
623 1171 714 1254 Apud
737 1171 921 1234 Malachiam
976 1178 1044 1234 tum
1067 1189 1132 1253 quo
1156 1170 1224 1253 ipse
1248 1169 1436 1250 offenditur,
1460 1169 1501 1231 sit
1524 1165 1723 1232 enormitatis

46 1285 141 1328 raas.
170 1285 302 1350 qnoque
320 1268 461 1350 loquitur
478 1269 561 1332 llens
584 1278 722 1333 aeternus
739 1268 845 1332 :Ecce
862 1287 922 1350 ego
977 1268 1211 1351 quodammodo
1236 1267 1382 1331 infinite.
1402 1267 1524 1331 Idcirco
1548 1285 1606 1349 pro
1626 1264 1724 1329 totius

34 1361 61 1397 ω’
74 1351 92 1390 ¹·
170 1365 300 1428 mittam
335 1366 483 1448 angelum
515 1385 635 1446 meum,
668 1375 702 1428 et
733 1366 924 1449 praeparabit
976 1365 1110 1428 humani
1138 1365 1265 1446 generis
1293 1366 1433 1448 peccatis
1469 1363 1664 1445 satisfacere,
1694 1363 1723 1426 ci

171 1463 261 1526 viam
275 1472 349 1526 ante
363 1463 480 1528 faciem
494 1483 599 1528 meam
613 1486 622 1540 ;
636 1472 669 1528 et
689 1463 796 1526 statim
815 1463 924 1527 veniet
977 1464 1141 1528 dumtaxat
1155 1465 1306 1546 competit
1325 1463 1418 1544 cujus
1439 1461 1577 1544 dignitas
1598 1467 1647 1524 est
1667 1460 1726 1524 im-

171 1561 212 1622 ad
239 1561 395 1642 templum
416 1581 509 1625 suum
529 1562 723 1641 Dominator,
748 1581 845 1643 qnam
866 1581 923 1626 vos
978 1581 1099 1625 mensa.
1117 1561 1272 1644 Amplius,
1289 1569 1375 1626 tanta
1390 1569 1440 1624 est
1459 1561 1598 1642 dignitas
1616 1559 1726 1642 gratias

171 1659 329 1739 queritis,
346 1667 378 1722 et
391 1659 530 1740 Angelus
548 1660 741 1736 tastamenti,
757 1679 852 1741 quem
867 1677 923 1722 vos
977 1669 1104 1742 gratum
1119 1659 1277 1738 facientis,
1285 1660 1370 1741 quod
1385 1658 1474 1723 nulla
1488 1677 1567 1742 pura
1581 1665 1725 1722 creatura

39 1766 159 1816 vor-uet-
170 1757 285 1820 vultis.
310 1757 404 1820 Porro
431 1757 554 1820 Danieli
581 1759 743 1839 propheta
770 1756 925 1820 revelavit
978 1767 1047 1822 erat
1060 1759 1175 1822 idonea
1196 1777 1266 1822 cam
1288 1758 1345 1822 toti
1367 1758 1507 1821 humano
1526 1755 1635 1839 generi
1654 1773 1727 1839 pro-

35 1831 64 1872 n
170 1853 302 1917 Gabriel
324 1854 456 1936 angelus
480 1864 604 1919 certum
623 1864 750 1937 tempus
767 1855 924 1918 adventus
942 1858 1107 1921 Bmereri.

170 1952 401 2034 passionisque
422 1952 549 2016 Christi.
1020 1957 1100 2018 Sunt
1124 1962 1230 2018 antem
1258 1964 1290 2018 et
1317 1955 1387 2019 alie
1415 1954 1559 2036 plurime
1588 1953 1726 2016 rationes

212 2050 379 2130 Praeterea,
396 2051 440 2114 ita
453 2051 610 2115 redimere
628 2070 729 2133 genus
748 2051 924 2114 humanum
980 2051 1210 2116 incarnationis
1239 2051 1396 2132 unigeniti
1421 2051 1493 2115 Filii
1518 2051 1583 2114 llei.
1610 2049 1724 2128 Prima,

169 2147 265 2210 nulla
280 2167 360 2229 pura
372 2157 517 2211 creatura
530 2148 593 2211 fuit
611 2148 726 2212 idonea
743 2155 799 2211 aut
816 2150 926 2212 condi·
979 2151 1056 2233 quia
1070 2170 1127 2232 per
1141 2151 1203 2214 hoc
1218 2151 1303 2231 quod
1319 2149 1418 2212 Filius
1440 2149 1494 2212 uei
1517 2156 1657 2212 nostram
1679 2168 1728 2211 as-

170 2264 249 2327 gna,
266 2264 328 2308 nec
351 2245 459 2324 homo,
475 2265 535 2310 uec
557 2246 701 2328 angelus.
717 2245 833 2324 Primo,
848 2266 926 2329 quo·
980 2248 1118 2332 sumpsit
1155 2255 1313 2327 naturam,
1354 2245 1596 2326 preclarissime
1635 2245 1728 2308 nobis

170 2343 263 2404 niam
277 2351 366 2405 tanta
378 2350 428 2406 est
440 2343 577 2424 dignitas
590 2343 841 2424 supernaturalis
855 2342 927 2406 feli·
979 2347 1120 2411 ostendit
1134 2365 1223 2410 suam
1239 2346 1278 2408 ad
1293 2363 1351 2409 nos
1367 2345 1543 2422 caritatem,
1560 2353 1591 2406 et
1609 2361 1667 2407 nos
1688 2343 1728 2405 ad

168 2441 282 2504 citatis
301 2441 341 2503 ad
355 2441 548 2521 quambene
562 2441 765 2524 omnipotens
783 2442 926 2505 condidit
980 2465 1014 2510 se
1038 2444 1271 2526 rediligendum
1298 2442 1578 2506 vehementissime
1602 2441 1729 2504 inflam-

168 2557 277 2620 genus
290 2539 478 2616 humanum,
494 2539 579 2620 quod
600 2537 708 2602 nullus
729 2539 833 2620 potuit
854 2559 924 2602 earn
980 2542 1091 2606 mavit.
1114 2543 1270 2620 Secunda,
1291 2541 1365 2622 quia
1388 2560 1446 2623 per
1470 2541 1551 2603 hanc
1576 2539 1648 2602 Filii
1672 2537 1728 2602 Dei

168 2635 229 2698 toti
245 2636 389 2698 humano
402 2633 511 2716 generi
534 2653 721 2716 recuperare
740 2655 778 2698 ac
800 2653 926 2718 prorue-
980 2640 1240 2704 humanationem
1257 2639 1421 2720 potissime
1435 2637 1633 2702 confortatur
1646 2636 1729 2700 fides

168 2733 249 2813 reri,
259 2732 325 2794 nisi
340 2733 478 2796 salvator
490 2731 655 2813 dignitatis
670 2733 924 2796 immensattae
980 2746 1134 2802 nostrast
1149 2737 1314 2800 roboratur
1328 2755 1401 2818 spes
1416 2743 1534 2798 nostra.
1548 2733 1627 2808 Ouid
1642 2733 1729 2796 enim

167 2831 295 2912 quippe
315 2828 488 2908 beatitudo,
504 2837 539 2892 ut
557 2829 641 2891 infra
663 2830 861 2912 probabitur,
877 2838 926 2892 est
981 2855 1097 2917 negare
1121 2835 1237 2916 poterit
1256 2834 1355 2896 Filius
1374 2833 1430 2896 llei
1450 2834 1496 2896 eis
1516 2851 1574 2915 pro
1593 2851 1729 2914 quorum

169 2928 260 2992 clara
281 2936 315 2990 et
335 2926 518 2990 immediata
531 2926 726 3008 fruitivaque
745 2927 827 2992 visio
845 2929 926 2991 diri·
981 2934 1083 2997 salute
1098 2933 1193 2996 homo
1207 2932 1279 2995 fieri
1296 2940 1343 2994 est
1357 2929 1730 3013 dignatuleertia,quia
1797 2927 1803 2938 '

168 3045 221 3088 nae
237 3024 395 3088 vssflssliae·
406 3023 480 3099 01111)
494 3023 577 3087 visio
590 3044 690 3107 (11111111
706 3026 748 3086 Sil
762 3027 880 3088 summi
895 3033 962 3097 etc
981 3032 1049 3095 heac
1069 3031 1247 3093 incarnatio
1267 3031 1456 3093 immensam
1478 3028 1550 3090 Filii
1575 3029 1630 3091 Dei
1655 3045 1730 3091 con·

169 3126 299 3188 infiniti
317 3123 392 3188 boni
412 3122 554 3206 perfecta
571 3124 732 3206 possessio
756 3126 824 3187 sive
848 3124 927 3187 frui·
981 3131 1089 3193 decuit
1103 3129 1275 3193 bonitatem
1290 3154 1296 3191 :
1311 3129 1387 3193 boni
1401 3146 1538 3210 namque
1552 3126 1730 3209 proprietas

171 3226 228 3302 tio,
246 3232 299 3287 est
312 3223 546 3305 quodammodo
559 3222 724 3305 dignitatis
739 3224 923 3287 immensae:
981 3236 1030 3290 est
1048 3248 1082 3289 se
1101 3227 1207 3309 ipsum
1231 3226 1468 3290 communicare
1492 3232 1586 3307 atque
1609 3222 1730 3287 diffun-

170 3323 299 3386 idcirco
313 3341 383 3383 eam
397 3321 456 3385 toti
471 3322 611 3386 humano
625 3323 735 3404 generi
750 3322 925 3403 promereri
981 3326 1067 3387 dere.
1084 3325 1209 3401 Quarta,
1227 3325 1301 3406 quia
1316 3344 1354 3387 cx
1369 3322 1439 3386 Filii
1462 3322 1518 3385 Dei
1540 3321 1731 3385 incarnatio-

171 3420 287 3483 nullus
307 3419 410 3501 potuit
427 3419 490 3481 uisi
508 3418 643 3483 infinitae
661 3420 827 3501 dignitatis
846 3420 927 3483 ersi·
982 3442 1023 3486 ne
1049 3442 1176 3485 summa
1204 3430 1236 3485 et
1264 3422 1401 3484 maxima
1429 3420 1551 3483 utilitas
1578 3418 1731 3483 fidelihus

171 3526 275 3581 stens.
293 3514 406 3579 Nullus
420 3534 495 3580 vero
509 3524 558 3579 est
575 3517 649 3579 talis
668 3517 730 3579 nisi
751 3517 845 3580 Deus.
862 3517 926 3580 lleo
981 3522 1107 3585 oritur:
1124 3520 1385 3602 quoniamopera
1406 3519 1477 3581 Filii
1498 3518 1553 3581 Dei
1575 3517 1730 3581 incarnati

170 3626 284 3679 autem
319 3615 355 3676 in
382 3615 511 3697 propria
538 3624 652 3677 natura
680 3632 745 3678 nou
772 3616 927 3696 competit
981 3628 1072 3682 erant
1087 3617 1378 3699 incomparabiliter
1393 3616 1731 3695 meritoria,etmerita

170 3712 353 3796 promereri
380 3735 388 3773 ε
417 3712 502 3794 quod
530 3732 569 3775 er
597 3731 654 3774 sua
683 3712 925 3793 incomparabili
982 3736 1040 3780 sua
1055 3716 1124 3799 ipse
1140 3716 1232 3779 uobis
1248 3714 1509 3779 communicavit.
1519 3715 1645 3793 Quinta,
1657 3714 1731 3797 quia

170 3810 375 3894 perfectione
389 3810 555 3892 contingit.
571 3810 645 3873 Ideo
659 3810 768 3873 decuit
782 3830 856 3873 eum
871 3830 926 3874 na·
982 3834 1041 3879 nec
1058 3815 1184 3890 melius,
1200 3832 1260 3877 nec
1276 3811 1405 3891 clarius,
1418 3832 1521 3895 neque
1536 3812 1730 3875 eminentius

171 3919 281 3974 turam
306 3909 480 3971 humanam
501 3928 674 3987 assumere,
690 3918 726 3971 ut
745 3909 779 3971 in
807 3928 845 3972 ea
868 3928 925 3991 pro
981 3912 1164 3976 homiuibus
1180 3912 1281 3994 potuit
1297 3910 1451 3974 insinuari
1468 3910 1643 3992 quantieos
1655 3929 1730 3973 suus

170 4010 319 4072 humano
334 4006 530 4071 satisfaceret
544 4026 660 4088 genere
681 4014 713 4070 et
731 4006 810 4070 illud
826 4008 927 4070 salra-
981 4010 1147 4074 aestimarit
1173 4010 1311 4088 Creator,
1340 4016 1460 4091 quauta
1488 4010 1528 4071 sit
1556 4010 1729 4072 electorum

171 4116 233 4170 ret.
250 4107 310 4169 llla
330 4106 448 4169 etenim
472 4113 585 4167 natura
608 4106 712 4169 fuerat
735 4107 926 4169 assumenda
982 4110 1131 4187 felicitas,
1147 4117 1265 4191 quanta
1284 4107 1446 4171 damnatio
1466 4106 1648 4189 impiorum,
1666 4106 1729 4169 nisi

171 4224 247 4287 quae
266 4203 374 4267 fuerat
393 4203 599 4278 redimenda3
614 4212 647 4265 et
670 4221 742 4284 qum
765 4202 923 4281 forefecit,
942 4206 1039 4290 Dper
1053 4208 1305 4271 incarnationem
1326 4214 1358 4269 et
1378 4206 1557 4288 passionem
1573 4205 1643 4267 Filii
1660 4206 1726 4269 llei.

171 4303 364 4366 satisfacere
395 4300 516 4364 debuit.
547 4300 694 4364 Secunda
721 4302 818 4381 hujus
846 4302 926 4364 ratio
981 4306 1144 4388 Siquidem
1163 4325 1201 4368 ex
1219 4304 1373 4386 dignitate
1395 4304 1489 4386 legati
1509 4304 1589 4368 solet
1608 4304 1729 4386 magui-

171 4410 235 4479 est,
265 4400 420 4481 quoniam
448 4399 552 4479 majus
579 4407 630 4461 est
656 4398 839 4462 satisfacere
867 4420 926 4482 pro
981 4405 1057 4467 tudo
1085 4422 1189 4466 causae
1216 4402 1380 4485 perpendi.
1406 4402 1507 4477 Quum
1536 4420 1612 4484 ergo
1639 4402 1729 4466 Pater

171 4498 338 4582 pluribus,
354 4506 386 4559 et
399 4496 507 4578 plures
521 4496 585 4559 Deo
600 4496 925 4579 reconciliare‚quam
981 4501 1184 4582 Unigenitum
1204 4519 1297 4563 suum
1322 4500 1444 4563 miserit
1468 4500 1500 4563 in
1525 4501 1611 4563 hunc
1637 4520 1728 4563 mun·
1755 4520 1874 4569 raanan.

172 4617 234 4679 pro
255 4596 462 4680 paucioribus
483 4594 679 4668 satisfacere,
697 4595 805 4675 eisque
827 4597 925 4659 llcum
980 4600 1069 4675 dum,
1086 4606 1120 4661 ut
1135 4598 1274 4661 salvetur
1295 4598 1431 4660 mundus
1455 4618 1511 4680 per
1532 4598 1648 4679 ipsum,
1665 4598 1729 4661 cla·
1743 4584 1776 4625 ¹⁷·

171 4696 317 4779 placare.
333 4693 450 4756 Natura
462 4701 569 4755 autem
584 4692 735 4774 specifica
749 4695 925 4757 secuudum
981 4696 1107 4759 rissimc
1123 4696 1293 4759 innotescit
1307 4704 1424 4776 quanta
1439 4696 1480 4757 sit
1494 4696 1633 4777 dignitas
1654 4714 1730 4759 con-

172 4814 207 4857 se
223 4792 439 4869 considerata,
455 4798 567 4873 utputa
588 4790 657 4871 ipsa
678 4791 869 4869 humanitas,
886 4792 926 4854 de
980 4794 1110 4856 ditionis
1136 4794 1292 4869 humanae,
1318 4793 1357 4855 ad
1383 4800 1533 4873 quantam
1562 4792 1729 4856 beatitudi-

172 4913 208 4955 se
224 4890 324 4955 estin
339 4888 504 4953 infinitum
518 4888 796 4952 communicabilis
810 4913 817 4951 :
833 4890 928 4953 idcir·
982 4912 1056 4954 nem
1070 4891 1112 4953 sit
1131 4898 1247 4968 creata,
1262 4898 1412 4973 quantam
1436 4890 1531 4953 etiam
1554 4890 1730 4953 incurrerat

173 5010 214 5054 co
230 5007 291 5071 pro
305 4987 464 5051 universis
478 4987 624 5049 humanae
643 4994 762 5051 naturae
782 4989 929 5070 supposi-
981 4990 1143 5053 miseriam
1163 5008 1220 5071 per
1239 4996 1379 5071 peccata.
1398 4989 1499 5068 Sexta,
1516 4988 1591 5070 quia
1614 4988 1647 5050 in
1669 4988 1728 5051 hac

174 5091 217 5153 tis
240 5086 429 5151 satisfacere
447 5093 479 5147 et
495 5086 603 5149 omnia
622 5086 685 5148 Deo
707 5086 926 5165 reconciliare,
982 5088 1150 5150 benedicta
1176 5087 1393 5149 incarnatione
1418 5086 1649 5169 omnipotentia
1674 5087 1728 5149 llei

174 5206 244 5249 non
264 5183 420 5265 competit
439 5182 503 5245 nisi
526 5181 676 5247 salvatori
696 5184 879 5247 idoneitatis
897 5196 930 5248 et
983 5185 1148 5267 potissime
1162 5185 1351 5263 declaratur,
1367 5185 1442 5247 dum
1463 5193 1592 5247 naturas
1608 5184 1641 5245 in
1656 5183 1730 5245 infi-

175 5282 340 5349 efficaciae
360 5280 508 5347 infinitae,
523 5280 667 5364 lnsuper,
686 5300 786 5363 quum
807 5283 929 5365 peccati
984 5284 1087 5349 uitum
1106 5284 1147 5346 ah
1166 5283 1305 5347 invicem
1324 5283 1477 5347 distantes
1497 5284 1531 5345 in
1556 5300 1652 5345 uuam
1677 5301 1732 5345 no·
