4309 6250
483 475 628 523 arrsroaa
649 476 692 521 an
712 472 869 521 camenas
890 469 1086 519 samoneos.
1109 486 1150 501 -
1170 471 1241 517 aar.
1265 470 1319 525 ru,
1342 470 1396 515 vnr
1474 476 1478 483 ·
1659 450 1716 516 tttl

365 669 611 735 ARTIGULUS
635 667 710 731 vn·
929 644 1263 725 Aquantumcumque
1278 639 1396 703 subditi
1419 640 1489 721 ejus
1508 658 1527 701 a
1548 637 1600 702 via
1623 638 1721 701 virtu-

971 748 1037 802 tum
1053 739 1251 819 recesserint,
1260 738 1330 821 ipse
1343 738 1462 820 jugiter
1477 737 1509 798 in
1526 744 1611 800 recto
1627 736 1720 799 ratio-

969 839 1020 900 nis
1047 837 1181 919 judieio,
1207 838 1239 899 in
1268 836 1489 900 observatione
1515 834 1656 917 justitie,
1686 834 1719 896 in

970 956 1046 999 vera
1060 936 1227 1018 prudentia
1247 934 1402 999 stabiliter
1423 942 1614 1016 perseveret.
1632 932 1720 995 Absit

166 1040 500 1243 QOEMADMODUM
525 1043 558 1105 in
587 1039 805 1105 ecclesiastico
833 1045 916 1101 statu
969 1054 1045 1117 ergo
1064 1055 1083 1097 a
1103 1034 1249 1118 principe
1264 1034 1437 1098 christiano
1458 1034 1563 1099 omnis
1585 1032 1720 1095 inconti-

220 797 324 862 Quom
341 795 484 853 virtuosi
496 801 526 852 et
534 792 626 868 justi
643 810 709 849 esse
726 790 863 848 debcant

354 884 522 959 principes
537 881 725 940 christiani.

253 1143 472 1223 unusquisque
487 1141 635 1222 praelatus
650 1138 745 1201 debet
758 1156 829 1201 esse
849 1145 917 1199 tan-
970 1134 1090 1211 nentia,
1106 1134 1211 1197 omnis
1227 1133 1482 1215 intemperantia,
1499 1132 1644 1211 avaritia,
1662 1140 1720 1195 tor-

165 1247 197 1302 to
225 1240 368 1303 inomni
394 1240 511 1302 virtute
535 1237 718 1321 perfectior,
738 1242 857 1317 quanto
883 1234 915 1296 in
970 1251 1041 1315 por,
1058 1232 1165 1295 elatio.

165 1339 322 1421 dignitate
336 1337 497 1420 praelatica
509 1346 610 1399 exstat
625 1335 807 1412 sublimior3
824 1334 868 1396 ita
882 1334 915 1395 in
1010 1331 1094 1409 llaec,
1110 1350 1129 1394 o
1144 1330 1306 1413 Principes
1327 1330 1467 1411 gloriosi,
1486 1337 1669 1411 tanguntur,
1685 1338 1720 1392 ut

165 1446 252 1500 statu
279 1436 367 1499 civili
403 1435 622 1517 unusquisque
651 1433 800 1517 princeps
829 1440 917 1496 tanto
970 1429 1189 1511 unusquisque
1212 1437 1352 1491 vestrum
1377 1428 1604 1492 conscientiam
1629 1448 1719 1491 suam

165 1536 263 1598 debet
287 1534 455 1617 prudentia
478 1542 571 1615 atque
595 1531 766 1595 virtutibus
790 1529 918 1612 praeful-
970 1528 1063 1610 plene
1087 1526 1248 1607 disentiat,
1264 1527 1373 1609 sieque
1392 1527 1531 1590 animam
1556 1546 1646 1589 suam
1672 1546 1719 1589 ar-

164 1653 255 1715 gere,
271 1641 390 1714 quanto
412 1652 445 1695 se
467 1632 624 1714 conspicit
644 1630 789 1712 pluribus
812 1628 918 1711 praesi-
970 1636 1046 1705 met,
1063 1626 1177 1689 vestiat
1192 1646 1228 1689 ac
1248 1634 1397 1709 perornet
1416 1626 1587 1689 virtutibus
1610 1634 1719 1689 contra

164 1733 243 1795 dere
261 1740 294 1794 et
312 1730 545 1794 excellentioris
564 1729 728 1811 dignitatis
751 1727 914 1790 exsistere.
970 1724 1149 1788 invisibiles
1163 1726 1281 1805 hostes,
1298 1724 1381 1787 sieut
1403 1742 1517 1807 corpus
1537 1744 1628 1787 suum
1651 1744 1720 1788 mu·
1776 1732 1779 1739 '

163 1830 293 1911 Alioqui
313 1830 450 1911 qualiter
469 1829 531 1892 erit
551 1828 685 1891 idoneus
704 1827 784 1890 alios
804 1825 917 1889 effice·
933 1823 956 1885 B
971 1824 1019 1886 nit
1032 1824 1130 1887 armis
1146 1832 1255 1886 contra
1270 1823 1377 1887 hostes
1392 1823 1544 1887 visibiles.
1562 1822 1721 1886 Periculo-

163 1928 247 1990 citer
260 1928 495 2009 gubemare,ad
504 1926 623 2008 justam
638 1933 733 2007 atque
748 1923 916 2007 pacificam
971 1942 1041 1985 sum
1071 1931 1120 1985 est
1153 1922 1291 2004 principi
1326 1922 1364 1985 ad
1401 1922 1520 1985 bellum
1548 1922 1719 2004 procedere

102 2069 107 2079 ·
164 2026 443 2089 conversationem
459 2026 623 2102 inducere,
639 2033 671 2087 et
689 2023 775 2104 justa
796 2022 918 2105 profer·
970 2021 1123 2103 quamdiu
1145 2020 1300 2084 obnoxius
1320 2029 1369 2084 est
1390 2021 1485 2084 alicui
1509 2020 1650 2084 evidenti
1676 2020 1720 2083 la-

164 2144 199 2187 re
214 2124 337 2205 judicia
352 2123 448 2187 etiam
463 2123 495 2185 in
510 2122 664 2185 intricatis
679 2130 709 2184 et
724 2121 832 2184 arduis
848 2141 918 2183 cau·
971 2120 1089 2183 tentire
1114 2119 1253 2183 crimini.
1282 2121 1505 2183 Verumtamen
1531 2120 1638 2182 multae
1666 2118 1720 2182 ab

165 2223 229 2284 sisi
242 2222 396 2303 Denique,
412 2221 680 2303 quemadmodum
694 2220 795 2282 sancti
812 2228 918 2301 patres
971 2220 1112 2299 usiones,
1130 2219 1296 2299 vanitates,
1319 2218 1531 2298 crudelitates,
1553 2218 1721 2281 carnalita-

164 2320 353 2383 Ambrosius
385 2320 584 2401 Basiliusque
619 2318 770 2397 fatentur,
799 2317 855 2398 qui
884 2310 919 2379 iri
971 2326 1029 2398 tes,
1059 2318 1273 2399 negligentia,
1311 2318 1511 2399 eupiditateS,
1542 2316 1718 2398 injustitiae,

163 2420 290 2482 eisdem
304 2427 358 2481 aut
377 2418 553 2499 majoribus
574 2424 648 2479 sunt
668 2417 819 2499 peccatis,
835 2414 919 2477 indi·
972 2416 1198 2500 pompositates
1214 2436 1311 2496 nunc,
1325 2416 1405 2501 prob
1419 2415 1525 2480 dolorr
1539 2425 1672 2498 regnant
1687 2415 1720 2478 in

161 2518 218 2599 gui
250 2527 326 2580 sunt
348 2518 428 2580 alios
456 2535 527 2579 reos
551 2514 739 2597 dijudicare.
766 2514 917 2597 Princeps
972 2516 1161 2597 quibusdam
1187 2514 1385 2597 principibus
1405 2534 1578 2597 eorumque
1597 2513 1722 2578 officia-

162 2636 244 2699 ergo
268 2636 331 2698 quo
354 2616 461 2698 plures
485 2614 629 2697 judicare
654 2613 811 2693 babuerit,
838 2633 876 2677 eo
898 2635 917 2676 a
972 2614 1064 2676 tiaza
1080 2613 1196 2694 quibus
1211 2613 1360 2678 omnibus
1375 2613 1436 2676 nisi
1451 2634 1484 2676 se
1500 2615 1586 2695 ipsos
1601 2623 1634 2676 et
1647 2632 1721 2676 suos

163 2716 254 2777 vitiis
267 2716 377 2797 purior
391 2714 451 2777 erit
461 2738 467 2775 :
478 2714 543 2776 imo
556 2713 700 2777 omnium
717 2712 917 2775 subditorum
971 2712 1131 2776 officiatos
1147 2732 1283 2794 purgare
1298 2722 1330 2775 et
1344 2714 1513 2775 emendare
1529 2711 1719 2791 studuerint,

162 2813 253 2876 vitiis
266 2822 391 2895 oportet
405 2832 478 2876 eum
498 2832 615 2889 carere,
632 2812 686 2893 qui
708 2812 747 2874 de
768 2810 918 2874 omnibus
972 2810 1130 2892 adjutorio
1155 2811 1210 2873 Dei
1233 2819 1327 2874 erunt
1346 2810 1489 2893 indigni3
1506 2830 1566 2873 nec
1589 2812 1649 2873 erit
1670 2830 1722 2873 ex-

162 2932 278 2975 eorum
303 2910 484 2974 excessibus
509 2910 603 2973 babet
626 2911 809 2972 decernere.
830 2909 918 2971 lusu·
972 2910 1105 2991 pediens
1129 2908 1223 2992 justis
1248 2909 1458 2991 principibus,
1481 2910 1558 2972 tales
1584 2909 1720 2990 injustos

161 3031 234 3093 per,
253 3010 371 3073 subditi
385 3010 425 3073 ad
441 3008 599 3090 principis
613 3008 662 3071 sui
676 3006 834 3088 judicium
850 3017 918 3069 tau-
934 3008 956 3072 C
972 3027 1081 3071 seeum
1097 3008 1224 3071 habere.
1241 3007 1424 3071 Necessaria
1445 3026 1520 3089 ergo
1535 3016 1566 3070 et
1581 3008 1722 3071 saluber-

162 3129 264 3192 quem
288 3109 327 3171 ad
356 3108 526 3190 quamdam
553 3105 778 3170 indeviabilem
807 3105 919 3170 eonfu-
971 3108 1052 3170 rima
1066 3114 1151 3171 esset
1166 3127 1252 3170 nunc
1273 3106 1444 3171 celebratio
1465 3106 1623 3188 generalis
1646 3126 1721 3169 eon-

162 3209 261 3290 giunt
285 3207 429 3288 regulam
455 3231 462 3269 ε
488 3207 561 3270 ideo
585 3206 765 3289 principem
794 3213 918 3289 oportet
971 3207 1046 3285 cilii,
1062 3207 1095 3268 in
1120 3224 1183 3287 quo
1208 3207 1247 3269 de
1271 3205 1414 3270 omnium
1437 3206 1550 3270 borum
1572 3206 1722 3268 emenda-

106 3360 113 3372 .
162 3327 236 3370 esse
251 3305 466 3388 justissimum
480 3304 749 3386 immobiliterque
771 3313 918 3368 constan·
971 3307 1057 3368 tione
1072 3325 1109 3368 ac
1126 3303 1349 3368 reformatione
1365 3304 1722 3386 communi,diligentis·

161 3415 230 3469 tem
245 3405 279 3466 in
295 3405 383 3468 omui
397 3404 546 3485 equitate
567 3423 604 3467 ac
626 3403 769 3466 veritate.
786 3403 917 3484 Propter
970 3405 1050 3466 sime
1073 3411 1261 3467 tractaretur
1281 3423 1317 3466 ac
1339 3403 1570 3485 provideretur.

160 3505 251 3586 quod
275 3503 371 3566 etiam
395 3501 579 3564 Aristoteles
602 3501 693 3579 dixit,
719 3500 805 3582 quod
830 3500 918 3583 prin-

161 3621 242 3684 ceps
263 3609 296 3664 et
317 3601 415 3682 judex
433 3598 552 3662 debent
569 3618 639 3662 esse
659 3599 750 3680 quasi
769 3597 843 3662 viva
866 3599 917 3661 lex
1121 3631 1130 3648 ·
1164 3615 1409 3680 ARTICULUS
1429 3614 1521 3678 vffl,

160 3721 200 3764 ac
222 3700 366 3763 animata
385 3697 519 3781 justitia.

202 3799 285 3862 llinc
305 3797 465 3879 sapientes
486 3797 644 3876 dixerunt,
660 3796 743 3878 quod
766 3795 916 3880 princeps

162 3907 213 3963 est
232 3897 367 3960 evidens
385 3896 440 3959 Dei
460 3896 565 3977 imago
590 3895 624 3957 in
648 3904 743 3972 terra,
760 3902 792 3957 et
815 3896 858 3957 ita
882 3914 917 3958 se

162 3997 286 4060 habere
314 3995 408 4058 debet
432 3995 466 4056 in
491 3995 582 4076 regni
605 3993 837 4075 gubernatione
860 4012 917 4056 seu
1031 3995 1169 4059 EGlTUR
1198 3995 1291 4059 Josue
1320 3994 1467 4076 septimo,
1494 3994 1629 4076 qualiter
1656 3995 1717 4058 filii
1745 4025 1812 4070 am,
1829 4039 1865 4078 m,

164 4093 319 4159 territorii
333 4093 393 4171 sui,
410 4094 492 4156 sicut
505 4112 540 4155 se
555 4092 651 4154 babet
670 4092 752 4154 Deus
774 4092 918 4174 omnipo-
1044 4094 1139 4156 lsrael
1159 4092 1246 4156 missi
1265 4113 1284 4154 a
1303 4092 1397 4155 Josue
1417 4093 1455 4156 ad
1481 4093 1718 4157 demoliendum
1734 4090 1788 4132 ¹⁴²·

163 4205 238 4257 tens
273 4194 308 4255 in
338 4191 493 4274 regimine
521 4190 753 4253 universorum.
783 4190 829 4252 Ob
856 4191 916 4253 boc
931 4190 956 4252 b
972 4193 1082 4256 urbem
1098 4192 1165 4271 llai,
1182 4192 1214 4254 in
1231 4191 1339 4272 fugam
1355 4193 1501 4254 conversi
1522 4193 1596 4272 sint,
1613 4201 1644 4255 et
1664 4194 1721 4255 tri·

162 4311 296 4375 quoque
321 4291 367 4353 ait
389 4289 531 4371 AEgidius
554 4313 561 4350 :
583 4289 706 4363 Quanto
729 4289 799 4370 quis
823 4288 918 4352 altior
970 4292 1060 4373 ginta
1084 4310 1138 4354 sex
1159 4310 1197 4354 ex
1218 4289 1262 4352 eis
1285 4289 1488 4354 corruerint:
1505 4299 1537 4354 et
1559 4292 1631 4370 boc,
1648 4309 1721 4373 pro-

161 4400 213 4454 est
228 4390 393 4472 princeps,
410 4397 497 4451 tanto
512 4387 591 4450 alios
605 4387 761 4450 excellere
776 4388 870 4450 debet
884 4387 916 4449 in
971 4400 1041 4472 pter
1056 4387 1339 4471 transgressionem
1356 4389 1450 4452 unius
1472 4409 1593 4472 eorum,
1610 4391 1721 4454 videli-

161 4489 324 4571 dignitate
359 4485 607 4551 conversationis
638 4494 670 4549 et
699 4486 917 4567 magnitudine
971 4497 1023 4551 cet
1045 4498 1174 4570 propter
1199 4507 1364 4552 excessum
1388 4488 1509 4567 Acban,
1531 4490 1584 4570 qui
1609 4499 1718 4553 contra

162 4585 332 4651 bonitatis.
362 4585 401 4647 Et
428 4585 533 4647 denuo
564 4607 571 4646 :
601 4584 758 4665 Principis
788 4584 917 4665 (inquit)
971 4588 1024 4650 Ilei
1042 4595 1234 4668 praeceptum
1251 4586 1372 4668 aliquid
1394 4606 1433 4650 ex
1453 4587 1574 4650 divitiis
1592 4589 1718 4653 Jericbo

162 4694 271 4750 status
289 4683 423 4766 requirit
440 4693 475 4746 ut
494 4684 536 4745 sit
555 4682 750 4746 conformior
774 4684 837 4747 lleo
860 4703 918 4765 per
970 4685 1031 4748 fuit
1055 4685 1188 4748 furatus.
1211 4685 1376 4766 Quumque
1397 4693 1525 4748 sanctus
1545 4687 1595 4750 vir
1613 4687 1718 4768 losue,

163 4784 357 4868 sapientiam
376 4791 408 4845 et
422 4783 567 4860 virtutes,
583 4801 679 4863 quam
694 4781 812 4844 subditi
833 4781 915 4863 ejus.
972 4784 1120 4866 princeps
1144 4783 1325 4846 lsraelitieae
1354 4783 1467 4866 plebis,
1493 4784 1561 4848 visa
1590 4805 1720 4850 suorum

162 4883 247 4948 Nam
263 4883 397 4945 virtutes
412 4882 529 4944 habere
542 4881 637 4943 debet
651 4881 826 4942 secundum
848 4900 920 4962 per·
972 4882 1048 4964 fuga
1071 4901 1108 4944 ac
1134 4889 1249 4962 strage,
1266 4882 1434 4946 cecidisset
1457 4902 1576 4964 pronus
1602 4883 1634 4946 in
1660 4895 1723 4947 ter·

162 4984 290 5046 fectum
312 4981 445 5062 gradum
471 4980 634 5060 virtutum,
650 4988 759 5060 utpote
783 4979 918 5042 virtutes
973 5001 1050 5058 ram,
1077 4981 1231 5042 invocans
1256 4980 1437 5058 Dominum,
1465 4980 1617 5044 [lominus
1642 4982 1722 5045 dixit

162 5081 326 5146 heroicas.
342 5079 387 5141 llx
401 5077 517 5159 quibus
536 5078 709 5155 concludit,
726 5079 811 5159 quod
832 5079 920 5161 prin·
972 5080 1010 5143 ad
1026 5099 1099 5142 eum
1118 5102 1124 5140 :
1141 5077 1210 5141 Non
1225 5079 1341 5160 poterit
1354 5078 1448 5142 lsrael
1469 5087 1551 5142 stare
1572 5088 1645 5143 ante
1667 5081 1723 5145 ho-

163 5201 244 5263 ceps
260 5179 376 5242 debeat
390 5197 460 5240 esse
475 5159 571 5259 supra
584 5176 759 5256 bominem,
771 5186 802 5239 et
815 5177 919 5241 omni·
973 5186 1036 5240 stes
1058 5196 1143 5255 suos,
1161 5196 1219 5240 nec
1242 5196 1297 5240 ero
1320 5178 1403 5240 ultra
1426 5177 1601 5257 vobiscum,
1620 5179 1720 5243 donee

162 5301 207 5345 no
232 5278 376 5357 divinus,
400 5277 464 5340 imo
488 5286 520 5339 et
543 5277 702 5340 semideus
728 5299 735 5337 :
761 5285 918 5359 quatenus
974 5277 1145 5340 conteratis
1160 5295 1232 5339 eum
1248 5276 1301 5358 qui
1318 5276 1414 5358 hujus
1429 5276 1556 5340 sceleris
1572 5297 1644 5341 rous
1660 5287 1717 5346 est.

971 3751 1074 3817 Quam
1092 3747 1312 3823 periculosum
1331 3747 1373 3805 sr't
1388 3746 1533 3806 homiues
1551 3749 1720 3806 sceleratos

1170 3837 1287 3894 babere
1308 3837 1343 3893 a'rt
1358 3836 1516 3896 accercito.
