4309 6250
471 485 532 554 848
770 509 890 559 usuras
910 511 1078 559 remorsu
1099 512 1271 572 nunonem,
1292 512 1380 559 urana
1402 513 1434 560 u.
1458 531 1498 544 -
1518 513 1588 565 aar.
1611 515 1660 576 xo,
1683 516 1734 563 xm

1234 683 1260 746 Α
1276 682 1358 747 simo
1383 684 1524 748 seeundo
1547 685 1682 749 habetur
1697 711 1706 750 z
1722 691 1827 750 Deum
1842 692 1948 753 tironi
1960 711 2003 752 su
2106 730 2107 754 t

673 739 917 805 ARTICULUS
944 742 1017 805 XL·
1276 784 1385 843 blimis
1409 793 1440 844 et
1463 785 1615 845 immensi
1637 789 1783 848 adorate.
1808 788 1863 851 Sed
1886 789 2003 852 thronus
2106 789 2107 864 i

487 879 608 939 Contra
621 880 785 956 falsitates
797 881 940 957 capituli
956 881 1101 940 vicesimi
1115 882 1203 940 noni.
1275 880 1331 944 Dei
1346 881 1522 945 immensus
1537 902 1602 948 non
1617 892 1676 964 est,
1692 884 1835 950 absolute
1849 887 2001 970 loquendo,
2106 891 2107 894 ’

1275 997 1375 1060 quum
1395 979 1500 1043 omnis
1521 990 1664 1044 creature
1684 983 1776 1047 finita
1791 985 1840 1048 sit.

473 1070 664 1232 DICITUR
686 1072 750 1150 hie,
767 1073 851 1153 quod
866 1095 959 1135 soror
971 1077 1096 1154 Moysis
1109 1095 1219 1138 coram
1315 1079 1355 1140 At
1377 1097 1453 1142 vero
1477 1081 1617 1161 capitulo
1642 1081 1806 1146 tricesimo
1829 1085 1918 1148 tertio
1937 1085 2003 1148 dici·
2106 1097 2107 1172 ᾗ

557 1189 630 1247 repe
652 1173 743 1231 dreit
763 1191 775 1231 .·
788 1173 857 1249 Epo
881 1174 956 1244 sibi,
975 1172 1101 1236 seilicet
1123 1174 1218 1256 Moysi
1274 1185 1326 1238 tur
1342 1200 1349 1238 :
1367 1179 1479 1240 Omnis
1493 1182 1686 1241 adulterans
1700 1191 1828 1242 centum
1842 1185 1922 1244 ictus
1936 1187 2002 1244 reci·
2106 1173 2107 1202 i

473 1266 601 1346 infanti,
618 1271 781 1330 nutricem
795 1272 972 1332 inveniam.
989 1270 1074 1334 Istud
1099 1291 1162 1336 non
1174 1273 1220 1335 di·
1270 1276 1344 1351 piat
1365 1277 1400 1335 in
1424 1281 1604 1338 multorum
1620 1281 1812 1354 prasentia,
1833 1290 1868 1341 ut
1886 1283 1930 1341 sic
1947 1303 2002 1342 cor-

473 1366 518 1428 xit
536 1385 626 1431 soror
642 1367 754 1450 Moysis
778 1387 885 1432 coram
908 1389 983 1452 rege
1002 1371 1147 1454 AEgypti3
1164 1373 1219 1435 sed
1276 1381 1382 1433 rectus
1405 1393 1443 1434 ac
1467 1361 1717 1446 verecundatus,
1739 1380 1877 1438 ulterius
1898 1380 1935 1438 ab
1956 1381 2002 1438 illo

475 1484 582 1528 eoram
605 1465 673 1529 filia
696 1467 766 1548 ejus
791 1469 922 1550 protulit
943 1469 1062 1550 aliquid
1087 1471 1160 1550 tale,
1187 1479 1222 1534 ut
1272 1479 1399 1546 peccato
1413 1475 1563 1534 omnibns
1576 1475 1681 1534 modis
1696 1476 1815 1538 illicito
1832 1487 1932 1537 cesset.
1947 1479 2003 1538 Nec

327 1576 460 1628 amur.
475 1573 561 1646 patet
580 1565 614 1626 in
634 1565 751 1630 Exodo,
1275 1570 1350 1647 quis
1363 1571 1514 1631 divinam
1533 1575 1633 1649 lepem
1654 1574 1773 1634 timens
1794 1574 1903 1654 aliqua
1921 1593 2003 1651 super

514 1662 637 1726 Dicitur
650 1683 776 1747 quoque
791 1666 856 1746 hie,
872 1668 956 1748 quod
971 1670 1063 1746 mapi
1075 1671 1222 1730 Pharao·
1275 1667 1333 1726 doc
1345 1669 1467 1744 pietate
1481 1679 1660 1731 moveatur.

474 1761 527 1819 nis
536 1763 746 1840 projecerunt
763 1765 874 1842 virpas
883 1774 997 1826 suaset
1011 1767 1222 1826 vertebantur
1315 1765 1458 1849 Insuper,
1476 1765 1617 1850 capitulo
1631 1767 1794 1832 tricesimo
1807 1778 1915 1851 quarto
1927 1770 2002 1852 quasi

475 1858 511 1918 in
538 1870 702 1936 serpentes
728 1872 905 1942 antequam
932 1866 1058 1941 Moyses
1093 1866 1221 1941 virpom
1236 1867 1259 1930 Β
1277 1882 1314 1925 ex
1337 1862 1392 1926 Dei
1418 1883 1553 1945 persona
1576 1865 1696 1929 dieitur
1718 1867 1890 1932 Mahometo
1910 1873 2003 1931 :Ante

473 1977 566 2017 nram
576 1959 728 2036 projecit.
740 1958 779 2020 Et
793 1959 852 2023 hoo
867 1969 915 2023 est
928 1960 1097 2023 manifeste
1113 1969 1223 2026 eontra
1277 1971 1307 2022 te
1326 1967 1455 2022 nullum
1471 1966 1664 2040 proplietam
1689 1967 1837 2026 misimus
1859 1969 1924 2027 nesi
1937 1969 2004 2026 cibis

475 2055 682 2137 Scripturam.
708 2057 785 2139 lmo,
816 2065 850 2120 ut
879 2057 911 2120 in
939 2059 1045 2122 Exodo
1074 2059 1219 2139 habetur,
1277 2068 1419 2121 utentem
1434 2070 1464 2121 et
1479 2065 1523 2122 ad
1535 2064 1612 2139 sora
1623 2064 2002 2140 perpentem.iloeiulsum

474 2153 594 2236 Moyses
609 2155 731 2238 virgam
746 2175 835 2218 suam
851 2157 1060 2238 personaliter
1074 2177 1138 2222 non
1154 2177 1222 2240 pro·
1277 2157 1402 2221 videtur
1422 2180 1430 2219 ι
1451 2159 1525 2240 quia
1546 2160 1682 2222 loannes
1703 2160 1854 2243 Baptista,
1869 2162 2003 2245 prophete

473 2252 562 2333 jecit,
588 2252 643 2315 sed
672 2255 786 2333 Aaron,
813 2255 916 2336 Moyse
943 2257 1160 2337 precipiente,
1190 2265 1223 2320 et
1277 2255 1506 2336 sanctissimus,
1524 2257 1557 2318 in
1582 2257 1718 2340 pueritia
1742 2278 1800 2321 sua
1823 2260 1951 2342 perrexit
1970 2261 2001 2322 ad

475 2358 584 2432 postea
605 2352 700 2434 magi.
716 2353 834 2416 Deinde
858 2354 911 2416 hie
935 2355 1034 2417 muita
1055 2355 1222 2418 mendavia
1276 2373 1430 2435 eremum,
1449 2353 1501 2416 ubi
1523 2365 1555 2418 ot
1577 2356 1661 2419 eirea
1680 2357 1751 2421 loen
1770 2358 2002 2422 Jordanisextn

327 2467 458 2523 patruos
474 2449 722 2531 subjunguntur,
739 2451 990 2533 quereprobata
1005 2461 1177 2516 suntante.
1277 2455 1371 2517 urbes
1400 2455 1527 2536 mansit,
1556 2474 1722 2539 quousque
1755 2456 1795 2520 ab
1822 2458 1936 2521 Herode
1965 2465 2003 2520 est

513 2547 778 2629 Insuperdioitur
799 2549 863 2627 hio,
879 2550 1080 2630 quodquam
1096 2555 1221 2629 itlvyses
1278 2554 1537 2635 comprehensus.
1567 2554 1650 2618 Elias
1678 2574 1805 2637 quoque
1833 2555 1950 2619 videtur
1972 2556 2002 2618 ad

471 2668 531 2707 sua
551 2657 647 2725 pente
670 2650 770 2708 citius
794 2651 942 2718 venisset,
958 2671 978 2709 a
997 2653 1062 2711 Deo
1082 2652 1221 2710 interro·
1277 2650 1347 2713 fora
1370 2659 1424 2714 aut
1448 2671 1612 2734 nunquam
1637 2661 1693 2716 aut
1715 2653 1875 2718 rarissime
1897 2673 2003 2735 proces-

467 2756 578 2822 patus,
592 2748 640 2806 ait
657 2767 668 2805 .·
681 2730 748 2808 Illa
768 2767 817 2806 me
837 2749 1009 2826 sequitur,·
1024 2769 1079 2825 epo
1101 2769 1176 2808 vero
1191 2757 1221 2807 te
1278 2748 1368 2812 sisso.

470 2855 636 2905 annuente
656 2847 855 2921 praecedens,
880 2855 971 2905 ticam
992 2848 1112 2924 sociem
1139 2865 1221 2924 prce·

470 2944 590 3018 optavi.
615 2946 742 3021 Moyses
770 2952 890 3014 tamen,
914 2947 979 3006 Deo
1003 2945 1067 3004 sibi
1094 2947 1221 3004 dicente

471 3043 558 3120 quod
571 3045 767 3103 Astemellus
781 3051 910 3119 pentem
932 3064 1025 3103 suam
1036 3052 1109 3120 post
1123 3037 1257 3104 svumss
1472 3013 1716 3078 ARTICULUS
1740 3015 1827 3078 XLI·

470 3141 644 3200 dimisum
666 3160 782 3201 errare
801 3142 893 3218 fecii»
914 3162 1062 3203 revertat
1081 3151 1140 3213 ⁶³⁸,
1155 3162 1220 3202 ”0²2
1277 3156 1398 3215 Contra
1416 3173 1544 3215 errores
1566 3155 1726 3237 tricesimi
1743 3155 1855 3234 quinti
1872 3153 2000 3231 capituli.

470 3239 607 3298 minime
621 3259 688 3300 sua
698 3241 792 3317 penti
806 3240 992 3301 iratusllli
1005 3260 1080 3300 vero
1096 3258 1222 3316 respon·
1678 3286 1684 3294 ,

471 3338 593 3397 derunt
603 3339 696 3401 :Non
712 3347 823 3415 sponte
833 3340 1049 3414 peccavimus,
1060 3340 1116 3398 sed
1131 3340 1221 3399 nobis
1338 3341 1463 3405 MRTUR
1487 3340 1609 3404 in'isto
1638 3340 1791 3423 capitulo,
1814 3342 1897 3422 quod
1919 3360 2002 3420 quum

470 3437 605 3515 quidam
622 3456 663 3495 ea
677 3438 849 3498 ornatibus
858 3438 1077 3514 popularibus
1091 3438 1222 3517 aliquid
1351 3443 1478 3518 Moyses
1492 3441 1664 3502 Pharaoni
1677 3442 1815 3501 (linisset
1831 3450 1866 3501 ul
1879 3441 1957 3518 filios
1968 3440 2004 3498 Is·

470 3534 639 3609 fabricare
652 3545 881 3612 preceperunt
895 3556 907 3595 .·
920 3537 977 3595 cui
990 3545 1152 3612 praeopto
1166 3555 1221 3595 nu·
1279 3541 1348 3598 rael
1376 3558 1482 3597 secum
1511 3540 1551 3597 de
1577 3540 1720 3616 AEqyplo
1748 3540 1862 3616 epredi
1890 3538 2003 3601 sineret,

474 3635 522 3693 bis
538 3635 737 3710 faventibus,
753 3637 948 3696 Astemellus
967 3643 1103 3693 taurum
1116 3637 1218 3712 fudit.
1277 3638 1411 3699 Pharao
1429 3638 1461 3695 ei
1480 3636 1644 3711 respondit
1660 3637 1805 3699 :Nonne
1824 3645 1861 3696 tu
1880 3656 1911 3695 es
1926 3650 2002 3713 quem

378 3721 386 3732 ⁸
474 3732 558 3795 Eece
578 3740 643 3795 tota
662 3732 721 3795 ista
746 3731 883 3794 narratio
902 3752 999 3795 sscrae
1018 3740 1120 3795 exstat
1139 3732 1222 3794 Seri-
1278 3734 2005 3810 nutrivipuerumlNobiscumperannosnv

473 3839 572 3912 pturae
587 3830 890 3911 contraria.iegitur
900 3849 1037 3911 namque
1052 3830 1086 3891 iu
1102 3830 1219 3909 Exodo,
1279 3842 1372 3894 ratus
1393 3853 1424 3892 es
1433 3854 1447 3902 ,·
1463 3834 1611 3912 illudque
1621 3822 1835 3909 perpetrasti,
1849 3827 2003 3895 occidendo

400 3974 404 3981 .
429 3954 458 3992 ιι,
473 3928 557 4011 quod
572 3948 670 4010 quum
686 3928 805 4010 Moyses
821 3928 916 3991 simul
936 3948 1009 3991 cum
1030 3928 1149 4011 populo
1164 3948 1221 3993 suo
1278 3929 1399 3993 seilicet
1427 3930 1617 4012 AEgyptium,
1642 3932 1730 3991 unde
1758 3934 1864 3991 malus
1890 3938 1917 3991 et
1943 3945 2003 3987 reus

339 4026 369 4046 ''
473 4030 512 4092 ad
527 4036 667 4091 montem
683 4026 770 4089 Sinai
788 4025 997 4109 pervenisset,
1010 4028 1074 4090 Meo
1089 4027 1221 4110 jubente
1276 4032 1385 4107 sactus
1407 4048 1450 4091 es.
1470 4031 1649 4105 Respondit
1671 4031 1779 4091 :Feci
1801 4031 1938 4109 quiden,
1959 4026 2003 4084 sed

474 4135 615 4191 montem
648 4125 802 4188 aseendit.
832 4126 997 4207 Quumque
1032 4125 1065 4189 in
1102 4126 1220 4189 vertice
1276 4128 1415 4187 erravi:
1429 4129 1517 4187 vnde
1540 4146 1657 4187 manus
1681 4136 1755 4189 tuas
1777 4128 1912 4188 timidus
1930 4122 2000 4202 [uqi.

362 4235 368 4246 ‘
473 4225 591 4289 montis
614 4225 734 4287 diutius
756 4231 943 4301 moraretur,
968 4223 1029 4286 tilii
1053 4223 1148 4287 lsrael
1174 4225 1221 4287 di·
1236 4226 1260 4288 D
1277 4226 1388 4287 Totum
1405 4224 1489 4286 istud
1504 4232 1552 4286 est
1566 4223 1733 4305 falsum,et
1748 4244 1844 4288 saera
1855 4223 2001 4305 Scriptura

472 4334 587 4389 xerunt
607 4325 645 4386 sd
668 4325 771 4385 Aaron
789 4346 795 4383 :
813 4323 873 4385 Mac
889 4322 982 4385 nobis
996 4324 1072 4385 deos
1093 4324 1148 4405 qui
1162 4343 1220 4386 nos
1277 4322 1482 4386 eontrarium.
1499 4320 1601 4395 Quum
1616 4322 1702 4384 enim
1718 4322 1800 4387 Deus
1813 4322 1905 4405 Moysi
1922 4317 2003 4405 jussit¹

473 4423 672 4507 precedant3
695 4421 791 4503 Moysi
817 4421 914 4497 enim,
938 4421 993 4503 qui
1019 4440 1077 4485 nos
1102 4422 1219 4499 eduxit,
1276 4422 1322 4484 ire
1347 4422 1386 4484 ad
1409 4421 1616 4499 Pharaonem,
1633 4420 1762 4501 adjecit,
1778 4419 1919 4484 Deiuuoti
1941 4422 2095 4479 summast

473 4522 633 4585 nescimus
652 4520 728 4603 quid
748 4520 911 4583 acciderit.
927 4521 1071 4602 Dixitque
1089 4523 1192 4585 Aaron
1212 4546 1218 4583 ι
1277 4520 1456 4601 omnesqui
1472 4519 1656 4600 querebant
1670 4519 1811 4582 animam
1824 4527 1919 4597 tuam,
1933 4524 1963 4578 ut
1974 4515 1999 4576 io

473 4620 586 4683 Tollite
612 4620 739 4681 inaures
764 4638 886 4697 aureas,
903 4629 934 4682 et
958 4619 1072 4682 afferte
1097 4621 1135 4682 ad
1158 4640 1219 4682 me.
1277 4619 1382 4682 Exodo
1404 4618 1622 4682 dieitur.1deo
1644 4617 1765 4681 Pharao
1787 4618 1846 4681 iste
1867 4618 2001 4696 adquam

472 4720 539 4794 Quo
558 4718 654 4798 iacto,
671 4718 820 4780 formavit
838 4737 934 4800 opere
953 4716 1075 4781 fusorio
1095 4725 1127 4780 et
1145 4716 1222 4780 ieeit
1277 4718 1393 4780 missus
1418 4726 1466 4781 est
1488 4718 1619 4799 Moyses,
1636 4717 1719 4796 alius
1738 4716 1800 4780 tuit
1819 4718 1858 4781 ab
1876 4716 1925 4779 iilo
1942 4731 2001 4777 cum

473 4838 512 4883 ex
533 4817 580 4881 eis
600 4817 736 4880 vitulum
757 4815 965 4880 conflatitem.
986 4816 1025 4878 Et
1043 4824 1119 4879 tunc
1139 4816 1221 4879 Deus
1276 4835 1340 4898 quo
1360 4816 1480 4898 Moyses
1504 4816 1669 4895 habitavit,
1685 4826 1718 4879 et
1741 4818 1883 4900 subque
1905 4810 2002 4878 occidit

365 4930 423 4974 ltil-
436 4934 456 4973 ⁷·
473 4919 597 4983 loeutus
612 4925 661 4980 est
674 4916 772 4998 Moysi
786 4916 977 4993 :Descende
987 4916 1063 4997 quia
1077 4915 1222 4998 peccavit
1278 4916 1467 4999 AEgyptium.
1485 4915 1678 4996 Factumque
1697 4914 1776 4978 illud
1790 4912 1936 4980 oblivioni
1955 4908 2001 4973 luit

473 5016 611 5101 populns
626 5023 712 5093 tuus,
729 5022 790 5077 etc.
1277 5014 1342 5096 jam
1367 5014 1528 5077 traditum.
1546 5012 1708 5097 Siquidem
1734 5022 1807 5098 post
1825 5015 1884 5079 hoe
1903 5012 2002 5092 Moyses

511 5116 546 5179 in
575 5113 781 5196 sequentibus
809 5120 915 5174 autent
943 5111 1046 5174 tribus
1073 5113 1221 5176 disereni
1278 5114 1371 5176 annis
1394 5113 1604 5195 quadraginta
1628 5113 1782 5176 habitavit
1805 5113 1838 5175 in
1859 5122 1935 5176 terre
1955 5107 2002 5171 Ma·
2019 5102 2090 5215 “fii

471 5216 620 5299 capitulis
648 5212 765 5278 diversi
796 5218 959 5293 ponuntur
981 5230 1105 5275 errores
1130 5231 1224 5294 supe-
1279 5212 1364 5289 dian,
1382 5220 1416 5274 ut
1440 5220 1525 5294 patet
1549 5212 1584 5274 in
1607 5210 1713 5275 Exodo
1731 5235 1737 5273 :
1754 5211 1870 5294 quibus
1892 5206 2000 5292 elapsis.
2012 5199 2089 5288 2:1¹2th

472 5316 537 5379 rius
551 5312 735 5397 improbati.
751 5312 954 5375 intercutem
974 5310 1113 5393 capitulo
1132 5311 1223 5375 trive·
1280 5313 1319 5376 ad
1338 5310 1533 5376 Pharaonem
1555 5318 1603 5376 est
1623 5310 1751 5375 missus.
2012 5308 2064 5357 Μ’
