4309 6250
439 484 479 548 32
636 499 677 547 nn
698 497 861 547 oronnam
882 497 920 544 rr
942 495 1091 545 crunnus
1112 497 1139 542 a.
1163 496 1192 542 v.
1215 495 1333 560 nonin,
1354 496 1444 544 uana
1463 497 1484 544 ι.
1507 515 1548 527 -
1567 499 1637 547 aar.
1660 499 1717 563 ru,
1738 501 1795 548 xur

440 668 592 754 figuravit
614 669 708 732 Maria
730 687 820 733 soror
843 665 967 750 Moysis,
990 664 1190 748 prophetissa
1204 665 1229 727 Α
1243 673 1295 728 cto
1309 673 1341 728 et
1355 685 1470 748 magno
1486 668 1621 748 praesule
1635 667 1750 732 Christi
1764 670 1917 750 Servatio,
1933 671 1988 755 qui

440 769 540 848 Jahol,
570 768 702 846 llchora,
738 767 823 844 Sara,
858 765 981 842 Esther,
1016 762 1124 827 Iudith
1158 771 1191 825 ct
1243 763 1277 826 in
1292 783 1350 826 sua
1364 763 1500 827 infantia
1513 773 1607 846 atque
1622 765 1791 832 lactatione
1806 768 1990 851 frequenter

440 866 624 930 bethsabee.
648 864 714 928 lmo
739 865 778 928 de
807 863 857 925 his
879 859 1189 944 prefigurationibus
1243 879 1300 943 per
1313 861 1393 924 duos
1407 870 1462 924 aut
1477 870 1540 926 tres
1555 863 1624 927 dies
1639 865 1679 927 ab
1694 865 1828 928 uberum
1844 866 1989 930 suctione

440 963 685 1028 innumerabilia
699 982 736 1026 ac
752 962 903 1045 praciam
916 968 1047 1043 possent
1060 959 1186 1022 induci:
1242 957 1403 1039 abstinuit,
1426 967 1458 1021 et
1482 959 1567 1022 inter
1593 961 1760 1024 nutrientis
1779 963 1989 1047 lactantisque

439 1063 479 1125 de
507 1061 623 1143 quibus
647 1061 715 1124 haec
740 1077 842 1143 pauca
866 1056 1009 1120 sufficiat
1032 1055 1186 1138 tetigisse.
1242 1053 1374 1117 brachia
1400 1055 1510 1120 oculos
1538 1076 1621 1139 saepe
1648 1059 1689 1121 ad
1716 1058 1834 1123 eoelum
1858 1061 1986 1126 levavit.

438 1160 546 1243 Neque
566 1159 779 1241 incongruum
798 1165 847 1221 est
861 1155 1125 1238 gratiosissimam
1139 1153 1188 1215 in·
1242 1151 1293 1215 Sic
1308 1153 1474 1216 etelectus
1489 1155 1543 1217 Dei
1559 1155 1701 1237 pontifex
1715 1156 1875 1238 Nicolaus,
1890 1179 1990 1241 quum

438 1255 891 1340 comparabilemqueltlariam
906 1261 1041 1337 portam
1060 1253 1188 1315 diversa
1242 1249 1420 1312 infantulus
1435 1252 1658 1333 baptizaretur,
1675 1254 1762 1317 stetit
1780 1264 1925 1336 erectus3
1942 1276 1990 1320 se-

437 1365 531 1439 atque
556 1374 613 1439 per
638 1355 824 1437 conjugatas
848 1372 884 1416 ae
910 1351 1020 1416 viduas
1041 1350 1184 1432 figurari.
1242 1350 1347 1411 cunda
1360 1367 1487 1431 quoque
1501 1360 1674 1434 quormque
1688 1351 1778 1416 feriis
1790 1355 1888 1417 semel
1902 1356 1991 1419 dum-

438 1456 537 1518 Tanta
550 1454 669 1536 quippe
684 1460 733 1516 est
747 1451 934 1515 excellentia
947 1449 1029 1530 ejus,
1042 1457 1088 1512 tot
1102 1467 1188 1511 eom·
1241 1453 1326 1508 taxat
1340 1446 1438 1510 ubera
1452 1448 1588 1510 suntsi
1603 1457 1668 1512 tam
1682 1451 1820 1531 gratiose
1835 1453 1988 1534 praeventi

438 1552 634 1616 mondnbiles
650 1551 858 1635 proprietates
874 1549 984 1631 ipsius,
997 1555 1044 1611 tot
1057 1547 1188 1630 praela·
1242 1552 1327 1624 sunt,
1349 1543 1511 1625 illustrati,
1532 1545 1701 1610 confortati
1723 1557 1756 1611 et
1775 1549 1853 1614 moti
1876 1549 1988 1614 famuli

437 1650 557 1714 rissimi
573 1658 645 1713 sunt
658 1649 745 1712 illins
761 1646 999 1728 effectus,quod
1014 1663 1188 1728 perpauca
1241 1642 1425 1722 Salvatoris,
1441 1644 1480 1706 ad
1495 1645 1752 1727 praesignandum
1767 1646 1989 1712 excellentiam

438 1749 513 1813 satis
533 1747 732 1832 praefigurari
751 1765 788 1809 ac
806 1744 965 1827 designari
988 1744 1057 1826 ipsa
1076 1743 1188 1825 nequi·
1240 1740 1356 1804 futurae
1379 1759 1490 1804 eorum
1514 1743 1693 1807 devotionis
1716 1763 1753 1808 ae
1776 1746 1953 1810 sanctitatis
1978 1771 1985 1810 ε

437 1848 484 1912 vit
509 1870 516 1910 ε
542 1847 606 1911 imo
635 1854 750 1910 cuncta
776 1851 927 1927 praetacta
950 1850 1044 1925 atquc
1068 1842 1187 1906 omissa
1204 1839 1318 1921 Bquid
1338 1838 1538 1903 sentiendum
1559 1848 1607 1904 est
1627 1841 1667 1905 de
1687 1841 1879 1907 electissima
1893 1845 1988 1910 ldatre

436 1947 554 2030 pariter
568 1952 705 2028 sumpta,
722 1944 850 2027 aplena
864 1950 895 2006 et
910 1942 1068 2023 condigna
1088 1940 1187 2022 signi-
1241 1936 1483 2018 Omnipotentis,
1499 1938 1554 2020 qui
1575 1938 1940 2022 incomprehensibiliter
1957 1952 1990 2007 ct

436 2045 587 2108 flectione
606 2063 643 2107 ao
666 2039 959 2126 praemonstratione
981 2039 1051 2121 ejus
1072 2037 1188 2102 ineffa-
1240 2035 1482 2118 incomparabili
1509 2037 1703 2119 gratiositate
1730 2039 1921 2121 operabatur
1954 2042 1989 2104 in

437 2142 544 2207 biliter
564 2141 722 2206 deficiunt
743 2149 775 2202 et
795 2139 1000 2203 occumbunt.
1241 2133 1439 2196 sanctissima
1453 2134 1509 2198 illa
1520 2136 1715 2217 virguncula
1727 2157 1802 2202 mox
1816 2147 1917 2203 matre
1932 2159 1989 2203 sua

1241 2232 1359 2312 futura,
1386 2232 1479 2314 cujus
1507 2242 1647 2297 mentem
1675 2243 1707 2298 et
1735 2254 1852 2320 eorpus
1879 2256 1989 2321 super-
2129 2176 2134 2449 Ι

1242 2331 1425 2394 naturaliter
1439 2351 1476 2395 ac
1496 2333 1725 2414 specialissime
1743 2335 1932 2416 gubernavit
1950 2355 1988 2401 ac

636 2402 882 2470 ARTIGULUS
909 2401 987 2465 ΧΠ·
1241 2430 1420 2494 roboravitt
1433 2431 1473 2492 Et
1486 2431 1513 2493 si
1527 2431 1685 2513 gloriosus
1699 2433 1835 2497 loannes
1849 2434 1988 2518 Bnptista
2001 2461 2079 2514 em,
2089 2463 2127 2505 ιι,

437 2558 485 2617 De
512 2556 673 2615 oblatione
698 2573 736 2613 ac
761 2552 1012 2613 commoratione
1042 2549 1187 2626 Virginis
1241 2530 1344 2592 adhuc
1358 2529 1393 2591 5¹¹
1408 2538 1497 2592 utem
1516 2531 1627 2593 mallis
1645 2530 1805 2595 Christum
1825 2535 1985 2615 ⁰⁰8¹¹⁰Vit2

624 2643 799 2703 &medicem
817 2643 852 2701 in
874 2642 999 2715 templo,
1241 2634 1272 2689 ct
1296 2628 1335 2690 de
1359 2627 1431 2708 ejus
1453 2629 1621 2711 prasentia
1644 2631 1825 2710 exsultavit,
1852 2652 1913 2695 usu
1940 2651 1989 2694 ra-

1240 2726 1336 2789 tionis
1365 2726 1556 2790 miraculose
1585 2737 1765 2809 praeventus
1796 2752 1803 2791 ε
1834 2750 1893 2794 cur
1923 2749 1988 2794 non

291 2833 343 2938 ¹2²·-
360 2845 423 2885 aava.
503 2831 769 2898 USCEPIMUS,
798 2829 896 2896 Deus,
924 2823 1187 2884 misericordiam
1240 2825 1457 2889 amantissima
1479 2826 1547 2907 Ilei,
1567 2845 1638 2908 quac
1662 2847 1681 2891 a
1705 2828 1794 2892 nullo
1817 2829 1988 2892 illustrium

319 2925 325 2938 “
514 2937 605 2989 tuom
630 2927 667 2986 in
690 2927 797 2986 medio
820 2924 934 2999 tempti
956 2923 1016 2982 tui.
1039 2919 1127 2982 Sicut
1149 2937 1188 2982 ex
1241 2923 1391 3003 vincitur,
1417 2923 1483 2986 imo
1506 2932 1539 2986 et
1565 2933 1694 3006 superat
1717 2926 1895 3006 universos,
1922 2945 1989 2990 cre·

329 3057 423 3098 m..
437 3024 621 3110 praehabitis
637 3021 818 3099 innotescit,
828 3018 1025 3084 devotissimi
1038 3025 1187 3100 parentes
1202 3021 1223 3084 (l
1241 3022 1335 3084 datur
1351 3041 1390 3084 ex
1409 3023 1641 3103 supernaturali
1665 3023 1897 3088 illuminatione
1915 3034 1988 3088 anto

439 3123 636 3189 suavissimas
670 3129 704 3185 et
741 3116 1001 3202 incomparabilis
1036 3114 1186 3199 Virginis,
1242 3120 1370 3185 solitum
1398 3130 1523 3202 tempus
1552 3142 1612 3185 usu
1642 3121 1772 3186 rationis
1804 3123 1990 3205 frequenter

438 3242 534 3305 quam
559 3242 597 3286 ex
620 3218 862 3284 annuntiatione
886 3216 1032 3299 angelica
1055 3234 1092 3278 ac
1117 3232 1189 3295 pro-
1241 3227 1413 3301 praeventa,
1443 3228 1475 3281 et
1501 3228 1575 3283 anto
1603 3228 1778 3283 coetaneus
1811 3241 1884 3285 snas
1912 3222 1990 3285 assi-

438 3321 591 3385 missione
614 3324 807 3400 acceperunt
830 3316 950 3396 divina,
974 3319 1132 3377 voverunt
1154 3330 1188 3374 se
1241 3317 1340 3379 duum
1354 3324 1386 3379 et
1400 3318 1594 3398 completum
1609 3318 1739 3381 rationis
1753 3338 1847 3381 usum
1862 3320 1989 3383 sortitat

438 3418 502 3482 Deo
521 3418 683 3481 oblaturos
703 3425 735 3478 et
754 3414 824 3496 ejus
843 3412 1080 3494 mancipaturos
1098 3410 1190 3474 obse·
1281 3415 1454 3495 Postremo,
1479 3416 1737 3479 decentissimum
1767 3416 1828 3480 fuit
1854 3426 1889 3480 ut
1913 3436 1991 3499 prea-

437 3516 520 3599 qniis
542 3538 549 3577 :
571 3515 655 3596 quod
677 3520 710 3576 et
729 3510 871 3575 fideliter
891 3509 1115 3592 impleverunt.
1137 3507 1190 3570 Et·
1243 3512 1343 3576 electa
1358 3513 1526 3595 concipere
1541 3514 1709 3577 Dominum
1726 3513 1850 3597 templi,
1867 3515 1902 3578 in
1921 3515 1990 3597 ipso

438 3615 523 3677 enim
539 3612 729 3677 ablactatum
748 3616 982 3674 sacrosanctam
1001 3605 1190 3689 gratiosissi·
1243 3610 1362 3691 templo
1377 3620 1617 3674 consecraretur
1630 3611 1922 3695 obsequereturque
1935 3614 1991 3677 llo

438 3731 587 3794 mamque
599 3710 791 3773 infantulam
802 3709 960 3771 duxerunt
969 3706 1009 3768 ad
1021 3703 1186 3787 templum,
1242 3707 1342 3785 mino,
1360 3716 1392 3770 et
1410 3727 1500 3770 suam
1520 3708 1686 3772 infantiam
1708 3709 1742 3771 in
1761 3710 1918 3775 exercitiis
1938 3731 1990 3774 ex-

437 3819 470 3874 et
485 3810 581 3891 (sicut
594 3828 659 3872 non
675 3808 778 3871 solum
793 3806 826 3869 in
841 3805 923 3868 libro
937 3804 978 3867 de
991 3803 1066 3866 0rtu
1088 3802 1188 3885 ipsius
1242 3806 1396 3887 penderet
1410 3807 1520 3886 sacris,
1536 3815 1629 3888 atque
1646 3807 1764 3870 ibidem
1780 3808 1990 3872 instrueretur

438 3907 620 3991 apocrypho
644 3905 770 3989 legitur,
797 3904 852 3967 sed
876 3922 895 3966 a
919 3902 1038 3966 sanctis
1062 3919 1188 3983 quoquc
1243 3904 1356 3966 litteris
1378 3904 1506 3967 sanctis.

437 4005 626 4088 quibusdam
651 4003 808 4081 Patribus,
832 3999 1013 4084 Epiphanio
1036 4017 1073 4061 ac
1102 3998 1186 4079 aliis,

437 4102 601 4181 recitatur)
622 4107 799 4183 posuerunt
817 4098 988 4180 gloriosam
1009 4096 1189 4178 Virguncu-

437 4201 501 4263 lam
530 4200 658 4263 circiter
685 4198 782 4260 trium
811 4214 979 4276 annorum,
1010 4194 1043 4256 in
1072 4193 1226 4260 infimoll
1431 4176 1675 4242 ARTICULUS
1698 4178 1792 4241 ΧῙΠ·

437 4298 619 4381 qundecim
642 4296 798 4379 graduum
818 4313 877 4376 por
895 4311 975 4375 qu⁰⁸
995 4292 1187 4355 ⁸⁸⁰⁰¹¹d⁰b³‘
1241 4327 1309 4387 Cur
1326 4326 1437 4387 Filius
1455 4326 1518 4387 Dei
1540 4345 1605 4385 aron
1629 4328 1725 4402 etegit
1750 4328 1843 4386 nosci
1860 4344 1902 4385 ee
1921 4328 1989 4386 oir-

436 4405 488 4460 tlff
501 4398 536 4459 in
551 4396 705 4478 t(implum
719 4395 752 4456 iu
768 4400 875 4457 “¹⁰¹¹oe
890 4392 984 4455 Situm
995 4408 1074 4472 ²q⁰⁰
1088 4390 1185 4470 ΜΟ,
1276 4416 1355 4491 pirae
1372 4418 1538 4491 opulento,
1549 4417 1688 4490 potenti,
1702 4418 1988 4495 temporaliterque

437 4491 545 4555 Puella
573 4491 785 4571 sanctissima,
815 4509 874 4572 per
901 4508 946 4567 se,
977 4488 1097 4570 absque
1128 4488 1187 4551 du·
1280 4513 1447 4581 mnam,

437 4591 538 4655 centis
561 4610 598 4654 ae
624 4590 758 4654 levantis
782 4587 935 4667 subsidio,
963 4587 1107 4650 ascendit
1129 4606 1187 4669 per

435 4691 603 4755 universos
626 4688 743 4772 gradus
767 4688 849 4767 illos,
876 4706 940 4750 non
969 4685 1039 4748 sine
1063 4683 1185 4767 ingenti
1276 4693 1453 4754 NFIRMA
1484 4700 1515 4751 et
1544 4693 1702 4767 ignobilia
1737 4693 1857 4752 mundi
1890 4693 1985 4769 clepit
1999 4707 2120 4762 teratu.

434 4789 627 4854 intuentium
656 4788 876 4867 admiratione,
907 4806 943 4849 ac
972 4785 999 4847 si
1034 4783 1184 4867 perfectas
1290 4793 1386 4850 Deus.
1417 4788 1541 4851 Dictum
1566 4797 1626 4867 est,
1657 4789 1741 4870 qnod
1771 4788 1868 4852 totius
1896 4788 1985 4853 nobi·
1998 4774 2038 4878 ff,
2053 4850 2080 4880 ῃ,

434 4889 549 4953 fuisset
569 4888 682 4951 atatis.
1238 4885 1336 4949 litatis
1350 4886 1472 4949 fontem
1487 4886 1691 4968 Unigenitum
1712 4887 1780 4965 Dei,
1798 4887 1916 4968 llegem
1938 4906 1985 4949 re-

475 4986 538 5051 Nec
552 4986 614 5051 hoc
629 4984 815 5049 incredibile
830 4984 1089 5065 videatur,quum
1105 4980 1184 5044 etin
1238 4985 1500 5066 gum,praesulem
1515 4985 1863 5066 summum,Dominum
1878 4986 1984 5049 lesum

434 5086 624 5169 quibusdam
637 5083 806 5147 infantulis
817 5084 915 5147 ubera
927 5082 1030 5145 adhuc
1041 5090 1185 5145 materna
1238 5083 1396 5147 Christum
1419 5083 1527 5146 decuit
1550 5102 1588 5147 ex
1612 5083 1728 5146 illustri
1752 5092 1784 5147 et
1808 5084 1906 5166 regia,
1930 5103 1986 5167 pa·

434 5184 633 5266 sugentibus,
650 5182 719 5245 visa
740 5181 804 5244 sint
825 5180 916 5262 signa
935 5186 967 5243 et
987 5198 1086 5261 opera
1105 5198 1185 5261 prae-
1237 5181 1397 5245 triarehali
1412 5180 1651 5263 pontificalique
1665 5182 1764 5265 stirpe
1778 5183 1867 5246 nasei
1881 5206 1888 5245 :
1901 5186 1985 5249 unde

435 5284 536 5368 cipue
550 5282 729 5347 devotionis
747 5304 754 5343 ε
771 5278 1038 5362 quemadmodum
1058 5278 1093 5341 in
1113 5298 1185 5341 san·
1238 5280 1431 5345 conveniens
1445 5278 1546 5343 fuisse
1560 5280 1687 5343 videtur
1699 5288 1734 5343 ut
1747 5299 1786 5344 ex
1800 5281 1985 5346 immediata
