4309 6250
327 528 476 577 omnoous
497 528 726 576 nrsrmarrours
749 528 839 575 rursu
860 528 1067 577 cunrsrmunu
1088 530 1126 575 m
1146 528 1361 577 sermonumt.
1384 549 1426 561 -
1446 530 1515 578 aar.
1539 532 1558 578 x
1659 513 1717 577 tet

169 696 253 758 tauri
268 696 461 759 fortissimus
477 703 508 759 ct
523 695 756 760 lubricissimus
771 696 848 773 fuit3
864 697 959 761 had
1014 698 1227 763 sincerans.
1257 734 1298 745 -
1330 698 1441 779 David,
1471 707 1507 761 ut
1539 698 1633 778 dicis,
1663 717 1721 780 pro

168 793 304 875 buitque
318 793 501 875 quindecim
521 812 635 857 uxores
656 794 825 876 legitimas,
840 796 919 857 duas
973 796 1130 860 adulterio
1144 816 1218 861 cum
1232 816 1297 859 una
1310 796 1378 860 sola
1397 796 1568 860 commisso
1582 796 1722 878 graviter

168 891 265 954 etiam
291 891 486 955 concubinas
503 914 509 952 :
526 898 558 953 et
576 898 683 954 tamen
702 892 752 954 his
771 892 919 955 omuibus
973 902 1022 957 cst
1041 913 1223 977 percussus.
1248 895 1350 969 Quum
1376 913 1453 977 ergo
1477 894 1591 977 legifer
1614 902 1722 958 noster

167 1007 234 1051 non
250 998 431 1069 contentus,
447 988 527 1051 dixit
541 988 602 1051 sibi
619 989 760 1053 incestus
782 998 813 1053 et
832 989 919 1052 adul·
973 991 1109 1056 aliorum
1124 993 1274 1055 uxoribus
1288 1000 1321 1055 et
1334 992 1479 1075 cognatis
1494 992 1560 1055 suis
1575 993 1723 1075 frequen-

168 1086 251 1150 teria
265 1086 351 1150 licita
365 1106 445 1150 esse.
462 1086 572 1150 Libido
590 1087 676 1149 enim
698 1105 761 1168 quo
782 1087 918 1170 amplius
974 1098 1022 1153 ter
1035 1090 1309 1170 commixtus,non
1324 1091 1427 1154 solum
1442 1110 1507 1154 non
1523 1090 1565 1153 sit
1578 1091 1720 1173 punitus,

166 1185 328 1249 relaxatur
349 1194 382 1249 et
408 1204 465 1267 per
492 1183 584 1266 plura
611 1193 754 1266 vagatur,
780 1203 817 1249 eo
845 1185 918 1267 plus
973 1186 1029 1251 sed
1052 1186 1085 1248 in
1106 1187 1256 1250 omnibus
1281 1196 1484 1270 prosperatus
1508 1207 1546 1251 ac
1570 1187 1722 1252 sublima-

166 1282 312 1347 irritatur
331 1290 364 1347 et
383 1282 614 1361 inflammatur,
631 1301 690 1345 nec
704 1290 915 1348 contentatur.
973 1292 1035 1365 tus,
1064 1283 1230 1349 evidenter
1259 1294 1391 1368 apparet
1422 1287 1508 1368 quod
1542 1306 1580 1349 ex
1613 1286 1723 1351 divina

165 1381 256 1445 Unde
285 1390 317 1444 et
343 1380 479 1463 ipsemet
506 1379 618 1444 hlabon
649 1380 918 1463 concupiscentiis
974 1381 1191 1446 licentiatione
1211 1382 1244 1446 id
1266 1383 1378 1465 egerit.

165 1498 200 1542 se
227 1480 371 1561 pandens
399 1478 575 1557 subditum,
601 1479 645 1541 ait
667 1478 701 1541 in
727 1479 881 1543 Alcorano
908 1503 915 1543 :
1013 1482 1230 1548 Cnmsrtauus.
1246 1518 1287 1531 -
1300 1483 1382 1546 Deus
1397 1502 1472 1547 suos
1491 1483 1610 1547 electos
1628 1481 1723 1547 casti·

164 1576 346 1641 Nocturnas
366 1576 467 1641 coitus
488 1596 561 1639 curn
583 1577 767 1641 mulieribus
789 1578 918 1660 permit·
972 1590 1036 1663 gat,
1049 1581 1154 1664 arguit
1167 1590 1199 1645 et
1212 1590 1366 1664 expurgat
1381 1583 1415 1644 in
1430 1582 1497 1645 vita
1510 1582 1669 1663 praesenti,
1680 1601 1721 1644 ne

165 1675 203 1738 tit
220 1674 312 1739 uobis
331 1675 425 1754 Deus,
442 1674 545 1739 sciens
567 1675 658 1739 nobis
671 1675 768 1760 hujus
783 1676 828 1740 rei
848 1677 918 1739 abs-
972 1680 1164 1743 astemalitcr
1181 1682 1443 1744 condemnentur.
1460 1680 1622 1763 lleprobos
1646 1698 1722 1744 vero

164 1773 335 1837 tinentiam
359 1781 424 1836 tum
444 1773 626 1853 diffinitam,
649 1783 714 1837 tum
737 1774 918 1856 impossibi-
973 1777 1156 1860 frequenter
1168 1778 1325 1861 permittit
1338 1778 1372 1840 in
1392 1779 1458 1841 suis
1472 1778 1650 1857 desideriis,
1666 1779 1721 1842 ad-

165 1871 232 1935 lem
255 1892 337 1935 esse.
934 1872 1213 1940 Binventienibus
1233 1896 1271 1939 ac
1293 1876 1379 1939 vitiis
1403 1877 1535 1959 impune
1557 1876 1720 1939 ambulare

204 1970 353 2053 Insuper,
392 1970 610 2053 voluptatibus
649 1970 716 2033 istis
755 1970 914 2050 obscenis,
972 1993 1009 2037 ac
1024 1974 1216 2057 prosperari,
1229 1975 1380 2056 qnoniam
1394 1974 1481 2056 justo
1495 1974 1618 2056 judicio
1632 1983 1722 2039 aeter-

163 2069 323 2151 porcinis,
340 2070 475 2149 caninis,
497 2070 593 2134 bomo
618 2069 672 2132 ille
697 2070 849 2133 vaccinus
872 2071 916 2133 sic
973 2092 1022 2136 nra
1042 2091 1098 2136 eos
1117 2072 1313 2136 damnationi
1338 2082 1489 2137 reservat.

162 2167 228 2231 fuit
262 2168 379 2246 victus,
410 2168 584 2231 inebriatus
618 2176 649 2231 et
681 2167 801 2246 furens,
831 2170 915 2251 quod
1012 2170 1335 2234 Sinuessanus—Ex
1350 2171 1508 2253 praetactis
1521 2172 1627 2250 elicio,
1637 2170 1721 2253 quod

162 2268 264 2330 etiam
285 2268 511 2330 beatitudinem
531 2266 698 2331 hominum
721 2268 753 2330 in
775 2268 822 2331 eis
842 2287 917 2331 con·
973 2278 1003 2331 ot
1018 2268 1155 2331 felicitas
1175 2287 1271 2350 quam
1284 2270 1442 2333 ldahomet
1462 2270 1555 2333 nobis
1577 2269 1610 2332 in
1632 2288 1722 2352 para·

162 2366 281 2444 stituit,
299 2374 392 2447 prout
405 2366 445 2429 de
459 2366 520 2429 boc
535 2364 620 2429 infra
635 2366 761 2447 plenius
776 2374 914 2448 tangam.
972 2367 1042 2430 diso
1065 2367 1224 2449 promisit,
1241 2366 1298 2429 tibi
1322 2366 1490 2450 displiceat
1511 2392 1518 2429 ε
1540 2367 1659 2431 idcirco
1682 2368 1722 2430 de

162 2464 262 2528 Porro
278 2464 317 2527 ad
333 2483 442 2527 verum
458 2464 512 2527 llei
528 2464 727 2545 Pmphetam,
737 2464 776 2527 ad
791 2464 917 2546 legisla-
972 2466 1032 2528 boc
1055 2474 1085 2527 te
1106 2465 1217 2528 audire
1238 2465 1396 2530 desidem.

164 2570 269 2625 torem
284 2562 428 2625 divinum
444 2570 475 2625 et
490 2561 593 2625 virum
607 2561 772 2637 bemicum
795 2570 918 2645 spectat
1012 2563 1279 2627 fflnrsrrauusa-
1291 2564 1399 2638 Qualis
1413 2564 1547 2646 quisque
1563 2564 1719 2643 consistit,

161 2660 351 2723 divinorum
373 2660 635 2742 contemplationi
657 2660 814 2739 insistere,
830 2680 917 2724 exer·
972 2661 1068 2724 talem
1083 2661 1145 2725 sibi
1160 2662 1327 2743 prostituit
1345 2661 1457 2726 finem.
1474 2661 1628 2744 Denique,
1645 2681 1723 2744 qua-

162 2759 250 2821 citiis
266 2757 486 2839 spiritualibus
505 2758 671 2836 inhaerere,
688 2758 917 2841 concupiscen-
972 2758 1012 2822 lis
1026 2759 1089 2822 fuit
1102 2759 1216 2841 legifer
1229 2768 1347 2839 vester,
1363 2760 1436 2823 talis
1450 2768 1482 2823 et
1496 2760 1546 2823 lex
1560 2760 1642 2844 ejus,
1659 2760 1723 2823 tale

162 2857 219 2919 tiis
244 2856 418 2937 dominari,
444 2856 582 2919 carnalia
609 2857 786 2938 aspemari‚
812 2876 917 2920 exem·
972 2876 1099 2940 quoque
1113 2858 1260 2940 promisit
1278 2860 1446 2940 premium
1468 2857 1547 2939 legis
1568 2876 1634 2921 snae
1655 2859 1722 2921 cul-

160 2956 289 3039 plarem
314 2954 501 3033 consistere,
517 2962 549 3017 et
573 2954 703 3038 propria
725 2957 917 3019 documenta
971 2956 1104 3019 toribus.
1118 2957 1161 3019 lle
1175 2974 1239 3038 que
1253 2957 1330 3040 quid
1345 2957 1485 3019 sentiant
1498 2956 1566 3019 veri
1580 2957 1720 3039 theologi

161 3055 312 3138 implere.
328 3055 354 3115 a
369 3053 691 3136 contemplationibus
706 3062 811 3117 autem
826 3058 954 3123 occu-C
972 3062 1004 3117 et
1030 3053 1200 3117 Christiani
1229 3054 1391 3136 catholici,
1421 3054 1555 3119 articulo
1583 3055 1720 3136 pandam

160 3153 412 3236 potionibusque
426 3153 546 3216 divinis
564 3161 595 3216 et
609 3152 769 3216 exercitiis
790 3153 917 3236 spiritu·
972 3153 1129 3234 sequenti.

159 3253 280 3332 alibus,
298 3252 459 3330 virtuosis,
476 3251 622 3332 internis,
639 3251 805 3334 potissime
820 3252 918 3333 impe·

160 3352 210 3414 dit
234 3359 302 3414 tam
327 3350 515 3414 irrelrenata
537 3350 722 3414 commixtio
745 3350 916 3414 mulierum

162 3458 195 3513 et
211 3449 535 3513 immoderatissimus
549 3465 759 3512 venereorum
773 3468 860 3512 usus.
1188 3444 1435 3510 ARTIGULUS
1453 3445 1497 3508 X.

203 3547 422 3612 sumerum.
437 3583 479 3594 ·“
491 3545 586 3609 mum
600 3547 689 3610 ⁰¹i⁰i⁸
705 3555 815 3611 (ΨΜ
833 3547 915 3610 hm
970 3586 1018 3645 De
1043 3585 1135 3653 rudi,
1159 3585 1309 3643 mendoso
1335 3585 1582 3663 detestabilique
1608 3603 1722 3644 errore

160 3645 351 3728 80¹¹0ffl¹0ffl
376 3644 537 3708 lissffltiffl
562 3645 775 3727 ⁰⁰8¹¹⁰⁸⁰⁰¹¹di
799 3645 917 3728 ‘lumi'
1010 3673 1201 3742 Mammea,
1228 3674 1463 3733 beatitudinem
1494 3675 1721 3733 constituentia

161 3745 219 3808 bct
233 3743 386 3806 mulieres
403 3766 410 3804 ε
427 3743 530 3807 nihilo
550 3743 658 3807 minus
677 3743 784 3806 dicere
805 3762 916 3827 possu·
1011 3764 1046 3822 in
1065 3763 1257 3822 carnalibus
1274 3763 1542 3823 delectationibus
1556 3771 1674 3838 pastus
1688 3771 1719 3823 ec

159 3863 247 3920 mus,
270 3842 357 3923 quod
377 3841 460 3904 sicut
478 3841 576 3922 aliqui
598 3841 705 3905 Sancti
725 3842 840 3905 veteris
860 3842 917 3906 Te·
1011 3860 1127 3912 tactus.

161 3940 317 4004 stameuti
332 3939 448 4003 multas
462 3940 642 4002 habuerunt
659 3958 784 4020 uxores,
800 3941 916 4022 quibus

160 4047 273 4104 tamen
290 4038 340 4101 usi
360 4045 434 4101 sunt
454 4038 626 4119 moderate,
648 4038 692 4100 ita
712 4047 744 4102 et
761 4039 917 4102 hlahomet
1011 4038 1285 4102 Caesarianus-
1304 4036 1394 4100 Sicut
1415 4037 1450 4098 in
1473 4036 1608 4100 diversis
1628 4037 1721 4101 Alco-

160 4147 285 4202 noster.
971 4137 1039 4200 rani
1065 4135 1215 4218 capitulis
1240 4136 1432 4215 continetur,
1448 4136 1624 4199 secundum
1647 4154 1720 4218 pro·

200 4236 426 4300 Caursrmuus.
442 4269 482 4280 —
500 4233 613 4298 Nullus
634 4236 822 4299 Sanctorum
846 4235 916 4300 illo·
930 4241 955 4304 lt
971 4235 1069 4299 missa
1086 4234 1253 4298 ldahometi
1275 4234 1421 4298 homines
1441 4233 1517 4298 boui
1538 4252 1576 4297 ac
1596 4233 1718 4297 creduli

160 4353 234 4398 rum
258 4351 400 4415 unquam
418 4334 554 4397 asseruit
576 4332 637 4397 sibi
660 4333 756 4398 licere
780 4335 915 4398 aliorum
970 4341 1063 4398 emnt
1081 4341 1154 4415 post
1172 4333 1269 4395 vitam
1287 4331 1370 4395 hanc
1392 4331 1427 4394 in
1451 4331 1598 4414 paradiso
1621 4340 1719 4396 terre-

159 4449 281 4496 uxores
296 4449 500 4513 cognoscere,
516 4441 572 4496 aut
591 4431 734 4514 cognatis
753 4431 823 4515 lege
844 4451 916 4514 pro·
971 4432 1037 4510 stri,
1055 4431 1164 4513 ibique
1179 4430 1290 4493 sericis
1305 4429 1448 4494 vestibus
1462 4429 1719 4510 induentur,tor·

26 4551 143 4604 am.
158 4530 277 4595 bibitis
307 4530 519 4594 commisceri.
544 4531 670 4593 Dictum
699 4539 747 4594 est
773 4551 912 4614 qnoque,
969 4531 1087 4614 quibus
1101 4529 1205 4592 aureis
1219 4530 1431 4606 ornabuntur,
1444 4529 1478 4591 in
1493 4529 1584 4593 lectis
1598 4530 1671 4592 altis
1686 4538 1718 4593 et

28 5145 43 5190 ll
51 5149 126 5204 fleam

26 5211 49 5260 Ιῠ.
62 5215 94 5254 ll.

158 4631 299 4694 Sanctus
329 4629 401 4693 illos
428 4649 493 4693 non
521 4629 592 4692 sine
619 4629 855 4713 dispensatione
884 4639 915 4694 et
969 4628 1128 4693 deaumtis
1141 4627 1305 4710 jacebunt,
1321 4636 1353 4690 et
1366 4647 1405 4690 ex
1419 4628 1541 4691 eisdem
1555 4647 1594 4691 ax
1607 4629 1718 4692 adver·

157 4727 377 4813 inspiratione
398 4728 509 4792 diviua
533 4727 641 4810 plures
665 4728 814 4792 habuisse
840 4751 915 4794 uxo-
970 4748 1005 4793 so
1019 4728 1164 4792 ordinate
1177 4726 1340 4808 dispositis
1355 4726 1414 4787 viri
1431 4745 1465 4788 se
1480 4726 1618 4789 invicem
1634 4725 1718 4790 intu-

158 4848 223 4910 res,
244 4837 278 4889 et
291 4845 419 4889 causam
434 4826 476 4890 ob
489 4845 585 4908 quam
600 4825 765 4907 pluralitas
780 4847 913 4892 uxorum
969 4827 1117 4906 ebuntur,
1133 4825 1261 4888 feminae
1275 4834 1381 4888 autem
1401 4843 1558 4906 nusquam
1579 4825 1718 4906 dirigent

156 4935 239 4990 tunc
263 4925 326 4988 fuit
346 4925 511 5007 permissa,
528 4932 601 5007 post
621 4927 813 5008 evangelicas
834 4928 914 5010 legis
968 4925 1079 4990 oculos
1093 4943 1168 4988 suos
1182 4923 1244 4986 nisi
1258 4923 1298 4986 ad
1313 4941 1388 4986 suos
1403 4922 1654 5004 maritoshtque
1668 4926 1718 5004 (ut

156 5024 455 5108 promulgationem
477 5023 582 5088 locum
605 5043 804 5107 nequaquam
819 5027 914 5091 babe-
969 5025 1024 5105 ait)
1039 5023 1143 5087 fluent
1156 5023 1191 5085 in
1205 5023 1351 5105 paradiso
1372 5023 1428 5085 illo
1449 5022 1589 5085 terrestri
1611 5022 1718 5106 copio-

127 5163 142 5202 ι,
157 5143 205 5187 re.
223 5123 401 5199 Postremo,
416 5141 513 5202 quam
534 5123 603 5186 dire
624 5124 797 5205 castigatus
819 5125 914 5190 fuerit
969 5123 1086 5188 sissimi
1111 5122 1172 5185 rivi
1201 5122 1304 5200 lactis,
1330 5121 1436 5184 mellis
1463 5141 1501 5183 ac
1530 5121 1609 5185 vini.
1635 5121 1715 5183 llinc

157 5229 295 5285 sanctus
310 5219 410 5282 David
424 5239 482 5301 pro
495 5221 652 5286 adulterio
666 5241 740 5286 cum
760 5243 823 5287 una
845 5243 914 5289 mu·
969 5224 1073 5307 primo
1098 5221 1245 5284 alcorani
1273 5221 1413 5302 capitulo
1441 5220 1557 5302 legitur
1582 5243 1589 5281 :
1615 5220 1715 5283 ileum

156 5320 239 5384 liora
263 5325 399 5403 patrato,
416 5337 480 5382 non
502 5319 588 5385 latet.
969 5323 1136 5408 predicate
1150 5321 1251 5384 bonos
1265 5320 1470 5381 inductumm
1485 5318 1643 5402 paradiso,
1659 5317 1715 5382 ubi
