4309 6250
459 499 521 564 592
561 519 602 564 na
622 517 831 565 aumonrrars
853 515 947 565 som
968 513 1136 562 nominoio
1156 513 1194 559 ar
1214 514 1383 562 causamn
1405 515 1544 576 sanctur,
1566 519 1654 567 tram
1675 521 1709 567 ιι.
1730 539 1773 550 -
1791 524 1862 569 aar.
1884 525 1906 570 ιι

461 707 649 753 concessum
665 687 775 766 luerit)
791 686 1015 750 sollicitudinis
1036 685 1141 748 studio
1162 685 1211 747 in·
1225 685 1250 746 A
1266 689 1437 751 monarcha
1452 699 1564 770 quarto
1577 691 1630 754 die
1648 692 1698 754 sui
1720 693 1929 776 baptismatis,
1942 715 1993 758 una

325 801 446 878 sacrun.
462 789 641 850 tendamus.
661 787 794 868 Insuper
818 785 862 848 ait
885 807 892 846 ε
916 784 1018 859 Οιιιιιιι
1043 782 1148 865 egitur
1171 784 1211 846 de
1266 803 1338 846 cum
1355 787 1505 850 omnibus
1519 789 1653 872 satrapis
1668 799 1700 853 ct
1720 792 1872 854 universo
1885 803 1991 869 senatu,

314 869 436 918 ”⁸·⁶·⁶·³·
461 885 621 949 creatione
642 883 754 948 vicarii
776 883 850 947 lesu
872 882 999 960 Christi,
1016 881 1211 945 successoris
1264 883 1471 964 optimatibus
1498 887 1595 949 etiam
1621 895 1653 950 et
1680 897 1798 952 cuncto
1823 892 1943 972 populo,
1965 892 1991 954 in

461 985 554 1066 Petri,
572 983 703 1047 rectoris
725 981 914 1046 universalis
928 979 1089 1061 Ecclesia,
1105 980 1211 1062 gregis
1264 998 1400 1062 persona
1424 983 1456 1046 S.
1483 983 1627 1048 Silvestri
1654 986 1715 1068 ipsi
1738 988 1870 1051 Romam
1896 1009 1992 1053 conce

460 1082 612 1146 dominici
628 1082 805 1160 directoris,
815 1079 991 1144 cardinales
1006 1079 1137 1142 electuri
1153 1098 1210 1141 seu
1264 1079 1379 1159 dendo,
1402 1081 1513 1144 urbem
1535 1083 1730 1165 relinquens,
1753 1086 1795 1148 ah
1818 1105 1856 1150 eo
1874 1088 1992 1168 (scilicet

460 1181 493 1244 id
508 1180 622 1260 acturi,
640 1189 798 1242 uteorum
820 1177 1000 1240 ministerio
1015 1176 1210 1240 acceleretur
1264 1175 1432 1258 Silvestro)
1450 1188 1482 1241 et
1504 1183 1742 1245 successoribus
1766 1182 1839 1265 eius
1862 1205 1915 1267 per
1935 1206 1993 1268 pra

460 1278 548 1343 utilis
573 1287 605 1342 et
628 1276 864 1359 pernecessaria
888 1275 984 1339 totius
1006 1275 1116 1337 mundi
1138 1293 1210 1357 pro·
1264 1277 1437 1356 gmaticum
1462 1278 1669 1342 constitutum
1694 1282 1917 1363 disponendam
1934 1305 1992 1348 esse

459 1377 553 1455 visio,
589 1376 704 1439 idoneo
739 1374 886 1438 celeriter
920 1373 1024 1436 eidem
1059 1373 1209 1468 Ecclesia
1264 1375 1453 1454 (decernens
1478 1376 1510 1439 in
1534 1377 1605 1459 ipsa
1628 1378 1706 1441 urbe
1734 1380 1896 1462 utriusque
1920 1391 1993 1465 pote·

460 1494 577 1558 sponso
592 1476 676 1554 dato,
693 1482 753 1538 etc.
771 1472 912 1537 Notanda
927 1479 1001 1534 suut
1017 1472 1126 1553 utique
1145 1471 1210 1534 sin·
1265 1472 1354 1535 statis
1378 1475 1596 1538 monarchiam
1619 1477 1770 1540 Romanis
1791 1481 1992 1561 pontificibus)

459 1575 533 1658 gula
550 1575 646 1638 verbe
660 1575 727 1636 haec
742 1571 931 1653 diligenter:
949 1571 981 1634 in
997 1571 1114 1653 quibus
1128 1571 1210 1653 Papa
1264 1571 1436 1635 declaravit
1457 1592 1546 1636 :non
1569 1575 1690 1655 justum
1716 1577 1874 1641 arbitrans
1895 1589 1926 1642 ut
1946 1581 1991 1643 uhi

461 1681 592 1736 vocatur
606 1671 719 1734 Christi
735 1670 886 1749 vicarius,
903 1679 933 1734 et
948 1669 1029 1732 Petri
1045 1687 1211 1731 successor
1265 1671 1431 1734 sacerdotii
1452 1671 1665 1754 principatum
1688 1683 1720 1738 et
1741 1676 1914 1741 christianae
1932 1681 1992 1742 reli

459 1771 493 1834 in
522 1770 678 1854 regimine
707 1768 896 1832 universalis
925 1767 1074 1832 Ecclesia
1103 1775 1135 1830 et
1162 1767 1210 1829 di·
1263 1768 1369 1849 gionis
1390 1777 1486 1852 caput
1506 1770 1646 1835 coelestis
1666 1773 1841 1856 lmperator
1860 1777 1990 1857 instituit,

459 1870 600 1933 rectione
627 1868 731 1952 gregis
760 1867 925 1945 dominici,
954 1867 1038 1929 haud
1073 1866 1208 1928 dubium
1225 1867 1250 1931 B
1265 1865 1331 1928 illic
1344 1866 1515 1950 imperator
1525 1877 1670 1933 terrenus
1681 1871 1797 1936 haheat
1811 1883 1989 1955 potestatem.

458 1969 536 2052 quin
564 1968 681 2046 totius;
713 1967 865 2047 itemque,
892 1965 977 2048 quod
1006 1965 1063 2028 teti
1088 1966 1209 2028 mundo
1303 1965 1358 2027 llis
1385 1965 1538 2030 Bonilacii
1566 1968 1658 2052 Papae
1691 1971 1800 2034 verbis
1835 1984 1992 2037 consonant

459 2066 546 2130 utilis
561 2075 592 2130 et
612 2065 850 2149 pernecessaria
869 2073 917 2126 est
938 2065 977 2126 de
999 2063 1083 2146 Papa
1103 2063 1210 2146 provi·
1264 2063 1497 2145 praecipuorum
1535 2066 1726 2130 documenta
1764 2070 1933 2149 doctorum,
1962 2081 1992 2134 ut

459 2167 564 2244 si03et
578 2184 698 2244 rursus,
706 2164 790 2246 quod
801 2163 884 2246 Papa
898 2171 945 2226 est
960 2181 1097 2244 sponsus
1111 2162 1209 2225 totius
1264 2178 1363 2240 quum
1386 2163 1499 2226 asserit
1521 2164 1735 2229 Damascenus
1758 2190 1765 2228 :
1787 2168 1842 2249 Te,
1866 2188 1885 2232 o
1906 2170 1990 2249 Petne,

459 2285 515 2328 seu
537 2262 725 2327 universalis
748 2262 897 2326 Ecclesiae
915 2286 923 2324 ι
940 2281 1003 2343 quo
1025 2262 1209 2325 testimonio
1265 2278 1328 2322 nou
1343 2260 1555 2324 materialium
1571 2264 1861 2348 tebemaculorum,
1872 2270 1922 2330 sed
1935 2270 1992 2330 uni·

458 2364 712 2445 comprimuntur
733 2381 789 2426 ora
813 2361 1001 2440 dicentium,
1017 2362 1102 2441 quod
1126 2360 1209 2442 Papa
1264 2358 1396 2421 versalis
1410 2358 1562 2424 Ecclesiae
1581 2371 1834 2428 constructorem
1848 2368 1991 2429 constituit
2107 2414 2108 2439 ,

459 2482 523 2526 non
543 2471 590 2526 est
612 2469 717 2525 rector
738 2469 768 2524 et
790 2479 925 2542 sponsus
946 2459 1133 2522 universalis
1152 2460 1209 2521 Ec·
1263 2457 1415 2520 Christus.
1430 2458 1468 2520 Et
1483 2460 1677 2543 Theophilus
1691 2461 1826 2544 loquens
1840 2467 1878 2528 de
1892 2466 1988 2528 Petro:
2107 2516 2108 2557 ,

459 2561 576 2639 clesiae,
602 2568 634 2622 et
661 2560 744 2641 quod
769 2559 838 2641 ipsa
862 2557 1016 2639 Ecclesia,
1036 2558 1120 2640 Papa
1144 2576 1208 2620 uon
1264 2558 1321 2634 Tu,
1337 2557 1452 2638 inquit,
1470 2578 1543 2621 cum
1558 2558 1682 2624 Christo
1696 2562 1795 2625 robur
1813 2583 1847 2626 es
1867 2583 1901 2626 ac
1916 2574 1990 2646 petra
2107 2576 2108 2637 l

458 2660 641 2737 exsistente,
671 2657 773 2720 nihilo
802 2656 908 2718 minus
934 2656 975 2719 sit
997 2655 1151 2738 perlecta,
1177 2665 1209 2718 et
1262 2654 1422 2718 Ecclesia.
1446 2655 1641 2722 Raimuudus
1661 2678 1800 2741 quoque,
1823 2663 1947 2725 Thomas
1964 2672 1989 2724 et
2107 2646 2108 2675 ¹

460 2777 516 2820 sua
532 2757 672 2840 perfecte
694 2773 845 2819 exercens
867 2753 989 2818 cilicia.
1007 2754 1067 2817 Sed
1089 2755 1128 2818 de
1147 2755 1208 2817 hoc
1262 2752 1316 2815 alii
1331 2762 1477 2817 assemnt
1491 2755 1654 2838 utriusque
1675 2759 1904 2839 plenitudinem
1917 2771 1989 2843 pote·
2107 2842 2108 2873 1

459 2855 543 2919 infra
557 2854 741 2936 diligentius
756 2863 805 2916 est
819 2854 1029 2916 tractandum.
1263 2852 1353 2914 statis
1377 2871 1446 2916 esse
1476 2853 1508 2915 iu
1536 2854 1668 2918 domiuo
1691 2856 1785 2939 Papa.
1811 2858 1942 2940 Denique
1962 2860 1988 2921 in
2107 2884 2108 2911 ι

317 2983 443 3028 pragu,
497 2956 648 3020 Praeterea
673 2953 757 3016 idem
783 2952 965 3016 Bouilacius
989 2953 1034 3014 ait
1055 2975 1062 3014 :
1084 2951 1207 3014 Veritas
1263 2951 1467 3014 Clementinis
1488 2951 1622 3016 habetur
1638 2976 1645 3015 :
1661 2953 1830 3018 Pastoralis
1852 2977 1922 3020 cura
1939 2957 1989 3020 sol·
2009 2981 2108 3031 mag

458 3074 527 3138 quae
541 3063 634 3117 antea
649 3051 728 3134 legis
743 3060 774 3114 et
788 3051 1014 3134 Prophetarum
1033 3049 1244 3114 vehebaturd
1263 3044 1440 3108 licitudinis
1464 3047 1557 3110 nobis
1580 3049 1735 3114 divinitus
1760 3071 1857 3136 super
1877 3063 1989 3117 cunctas
1998 3044 2088 3155 &2²2⁸

459 3152 630 3236 praeconi0,
654 3170 711 3234 per
734 3149 942 3234 apostolicam
968 3151 1077 3213 tubam
1103 3150 1136 3212 in
1159 3170 1208 3213 sa·
1263 3144 1428 3208 christiani
1457 3148 1566 3228 populi
1595 3149 1741 3213 nationes
1769 3152 1920 3233 injuncta,
1942 3172 1988 3216 nos

459 3251 557 3315 lutem
583 3249 798 3313 universitatis
822 3249 932 3330 exivit,
949 3249 1031 3312 sicut
1053 3249 1207 3331 scriptum
1262 3243 1430 3325 invigilare
1444 3245 1641 3309 subditorum
1664 3250 1828 3331 compellit
1848 3252 1987 3314 remediis.

309 3366 442 3421 rauna.
457 3349 569 3414 estzln
584 3368 712 3412 omnem
729 3356 844 3410 terram
859 3347 958 3411 exivit
972 3366 1069 3410 sonus
1084 3366 1205 3411 eorum.
1261 3341 1377 3404 lterum
1405 3342 1438 3403 in
1473 3342 1593 3406 eisdem
1623 3368 1630 3406 :
1661 3345 1892 3412 Plenitudinem
1916 3358 1989 3431 pote
1998 3361 2060 3404 tib·

457 3448 558 3529 lluius
587 3454 693 3509 autem
722 3446 863 3509 muneris
891 3444 1029 3526 (scilicet
1057 3445 1208 3527 praedica-
1263 3440 1350 3501 statis
1363 3438 1505 3503 Christus
1519 3442 1583 3504 Rex
1604 3462 1714 3525 regum
1735 3446 1927 3510 etDominus
1944 3448 1989 3510 tle
2006 3462 2087 3513 tra-¹¹·

457 3547 565 3624 tionis,
594 3545 769 3609 secundum
793 3544 950 3622 Glossam)
974 3552 1207 3606 sacramentum
1262 3537 1463 3617 minantium,
1480 3540 1573 3603 nobis
1595 3539 1671 3604 licet
1692 3542 1861 3607 immeritis
1881 3546 1912 3607 in
1931 3528 2022 3627 pcr'“

457 3645 502 3707 ita
525 3646 607 3707 Deus
632 3644 671 3706 ad
695 3642 839 3707 omnium
864 3641 1087 3724 Apostolorum
1107 3641 1209 3705 voluit
1263 3655 1341 3699 sona
1361 3636 1393 3699 S.
1409 3637 1491 3699 Petri
1514 3640 1684 3703 concessit.

458 3744 616 3827 pertinere
631 3740 789 3819 officium,
807 3748 841 3802 ut
860 3740 893 3801 in
907 3739 941 3802 B.
959 3740 1059 3819 Petro,
1076 3742 1208 3821 Aposto-
1302 3734 1413 3796 Adhuc
1435 3744 1542 3799 autem
1566 3736 1597 3799 S·
1613 3738 1677 3802 leo
1699 3740 1783 3823 Papa
1807 3741 1840 3803 in
1862 3761 1987 3805 sermone
2106 3819 2107 3830 ἵ

458 3842 561 3905 lorum
586 3839 731 3905 omnium
755 3857 891 3916 summo,
909 3837 1125 3920 principaliter
1144 3839 1209 3902 (301-
1262 3831 1514 3895 beatissimorum
1540 3834 1621 3897 Polli
1647 3846 1679 3899 θῐ
1702 3838 1803 3918 Pauli,
1828 3841 1867 3903 de
1889 3841 1931 3903 Cis
1951 3841 1987 3902 il)-

458 3942 588 4021 locaret,
605 3947 639 4001 ut
653 3939 694 4001 ab
708 3938 778 4021 ipso
799 3936 890 4019 quasi
913 3955 931 3998 a
951 3936 1090 4017 quodam
1104 3937 1208 4019 capite
1262 3949 1385 4012 quens:
1400 3932 1454 3996 lsti
1477 3941 1561 4012 suut,
1584 3936 1640 4016 ait,
1664 3955 1683 4000 o
1706 3938 1816 4019 Roma,
1833 3940 1886 4022 qui
1909 3948 1934 4002 tc
1953 3940 1985 4002 ad

458 4041 541 4103 dona
570 4058 627 4101 sua
656 4035 743 4100 velut
770 4035 804 4097 in
829 4053 945 4116 corpus
968 4054 1062 4099 omne
1087 4034 1209 4098 dillun-
1261 4030 1344 4091 hanc
1364 4030 1498 4111 gloriam
1519 4046 1743 4116 provexerunt,
1760 4047 1866 4122 utper
1882 4056 1984 4102 meram

458 4138 556 4201 deret.
587 4137 675 4198 Hunc
710 4133 796 4197 enim
829 4132 967 4213 (scilicet
1000 4134 1140 4211 Petrum)
1174 4133 1207 4195 in
1262 4128 1296 4191 B.
1322 4128 1403 4191 Petri
1432 4130 1545 4194 Sedem
1570 4143 1667 4216 caput
1693 4135 1782 4199 orbis
1810 4137 1928 4218 ellectu,
1950 4138 1986 4199 la·
2106 4173 2107 4176 =

337 4249 444 4294 murm·
459 4235 653 4300 consortium
679 4231 853 4296 individuae
877 4230 1063 4293 Trinitatis*
1087 4252 1208 4294 assum·
1222 4234 1248 4296 l)
1264 4226 1326 4289 lius
1347 4228 1532 4307 praesideres
1547 4231 1699 4314 religione
1713 4233 1824 4299 divina
1837 4254 1924 4317 quarn
1940 4235 1986 4297 dc

458 4342 559 4417 ptum,
577 4333 608 4396 id
633 4333 717 4413 quod
742 4331 812 4413 ipse
836 4338 913 4411 erat,
930 4330 1083 4393 llominus
1107 4330 1209 4393 voluit
1262 4324 1437 4390 minatione
1461 4336 1596 4393 terrena.
1613 4330 1763 4405 Quamvis
1787 4334 1872 4397 euim
1894 4332 1985 4396 multis
2106 4409 2107 4414 ἵ

339 4446 428 4491 uarat.
459 4431 627 4509 nominari,
643 4430 790 4508 dicendo,
807 4429 853 4491 l'u
875 4448 908 4491 es
923 4428 1043 4508 Petrus,
1060 4436 1092 4491 et
1113 4447 1209 4510 super
1263 4432 1354 4485 aucte
1375 4424 1530 4506 victoriis,
1551 4426 1604 4508 jus
1626 4428 1752 4511 imperii
1774 4431 1822 4493 tui
1842 4440 1918 4495 terra
1935 4449 1987 4493 ma·
2106 4447 2108 4482 r

310 4522 354 4561 ”¹¹
371 4513 403 4553 ¹⁸·
458 4532 541 4594 hanc
556 4538 678 4614 petram
699 4526 866 4593 aedilicabo
880 4526 1055 4589 Ecclesiam
1077 4546 1205 4591 meam:
1262 4522 1354 4603 rique
1382 4524 1564 4606 protuleris,
1590 4526 1697 4591 minus
1722 4537 1829 4593 tamen
1853 4528 1987 4611 estquod

458 4638 495 4693 ut
514 4628 622 4693 aeterni
644 4628 753 4709 templi
768 4634 927 4689 structura
946 4625 1009 4688 Deo
1028 4624 1208 4689 aedificante
1263 4621 1318 4684 tibi
1346 4621 1481 4685 bellicus
1508 4624 1598 4689 labor
1625 4626 1777 4707 subdidit,
1802 4648 1893 4711 quem
1918 4627 1987 4710 quod

458 4736 651 4807 constructa,
667 4723 805 4789 mirabili
828 4742 959 4788 munere
973 4724 1083 4805 gratiae
1105 4724 1208 4787 consi·
1262 4739 1323 4801 pax
1350 4720 1520 4784 christiana
1549 4722 1700 4804 subiecit,
1727 4726 1766 4788 Et
1794 4728 1895 4792 denuo
1919 4727 1985 4789 ait:

458 4835 554 4891 steret
569 4826 602 4888 iu
618 4826 698 4889 Petri
721 4823 884 4886 firmitate.
903 4822 957 4885 Cui
973 4822 1117 4886 Salvator
1130 4823 1207 4885 Pau·
1261 4818 1466 4881 Roatissimus
1481 4820 1600 4901 Petrus,
1615 4822 1766 4907 princeps
1781 4824 1935 4908 apostolici
1948 4843 1988 4887 or·

458 4926 524 4988 lum
553 4923 707 5006 adiunxit.
737 4922 792 4985 lsti
822 4931 897 4983 suut
923 4921 978 5001 qui
1008 4921 1140 4985 Romam
1172 4922 1206 4983 iu
1260 4916 1355 4998 diuis,
1363 4918 1401 4979 ad
1417 4937 1523 4981 arcem
1533 4919 1667 4983 Romani
1681 4922 1857 4986 destinatur
1869 4922 1985 5006 imperii,

456 5024 539 5087 hanc
564 5024 699 5105 gloriam
724 5027 947 5103 provexerunt,
965 5028 999 5081 ut
1023 5019 1064 5081 sit
1084 5038 1140 5101 per
1158 5040 1208 5083 sa·
1261 5024 1295 5077 ut
1310 5016 1362 5078 lux
1384 5016 1623 5099 veritatisque
1645 5018 1678 5081 in
1700 5022 1845 5085 omnium
1862 5022 1985 5105 gentium

458 5140 544 5186 cram
569 5122 602 5184 B.
629 5119 711 5183 Petri
741 5119 854 5183 Sedem
878 5126 974 5199 caput
997 5118 1093 5181 totius
1118 5118 1205 5182 orbis
1260 5115 1458 5178 revelabatur
1472 5116 1618 5195 salutem,
1635 5117 1805 5183 efficacius
1823 5140 1857 5184 se
1874 5122 1912 5184 ab
1929 5121 1985 5201 ipso

457 5221 585 5285 effecta.
602 5219 647 5283 Ne
669 5229 774 5283 autem
796 5220 865 5301 ipsa
880 5227 980 5280 mater
993 5216 1134 5281 Romana
1147 5217 1206 5281 Ec·
1260 5214 1363 5296 capite
1383 5214 1521 5295 (scilicet
1546 5215 1635 5279 Petro
1659 5216 1795 5299 ejusque
1819 5216 1986 5283 successori

457 5321 555 5387 alesia
588 5319 620 5382 in
650 5318 757 5401 aliquo
784 5316 949 5398 deiiceret,
979 5316 1203 5381 Constantinus
1260 5313 1406 5397 hus)per
1426 5322 1525 5377 totum
1549 5314 1659 5378 mundi
1680 5316 1982 5400 corpusellunderct.
