4309 6250
500 561 621 612 couraa
641 563 811 612 emron!
830 563 1003 622 unacum,
1025 563 1114 612 uana
1136 565 1157 612 r.
1180 583 1221 596 -
1240 567 1313 614 aar.
1334 567 1367 614 nr
1646 550 1705 616 stt

153 751 216 795 non
231 732 339 797 solum
357 731 505 798 humana
519 734 574 797 sed
594 741 627 796 et
645 733 798 816 angelica
814 735 945 797 men-ll
999 734 1081 799 ilinc
1096 735 1203 816 itaque
1217 735 1257 799 ad
1273 735 1498 818 inquirendum
1513 755 1550 798 ac
1565 754 1707 817 perscru-

152 830 191 891 tis
220 831 433 914 capacitatem
466 842 561 914 atque
594 831 739 895 notitiam
773 830 902 895 inlinite
958 833 1090 896 undum
1104 833 1240 915 qualiter
1253 833 1286 895 in
1301 834 1365 896 Deo
1380 833 1420 896 sit
1433 833 1596 916 generatio
1612 833 1707 896 Verbi

155 929 363 1009 transcendit,
379 937 411 991 et
429 948 448 991 a
467 948 501 992 se
526 929 595 992 solo
619 929 904 1010 comprehenditur
957 930 1067 992 aterni
1083 939 1177 1012 atque
1192 931 1446 1012 consempiterna
1461 930 1623 1014 processio
1638 929 1709 1012 Spi-

152 1025 257 1106 plcne,
289 1033 417 1089 uttam
452 1027 635 1109 philosophi
668 1045 765 1108 quam
800 1027 902 1090 sancti
958 1026 1038 1090 ritus
1050 1029 1169 1105 Sancti,
1187 1047 1251 1092 non
1263 1027 1357 1092 debet
1371 1030 1467 1094 homo
1483 1029 1706 1107 irreverenter,

152 1123 293 1206 theologi
321 1133 546 1206 protestantur.
573 1125 676 1198 Quum
703 1125 791 1188 enim
820 1125 903 1188 scire
958 1125 1014 1186 sed
1028 1125 1190 1188 moderate
1201 1125 1429 1208 humiliterque
1443 1126 1627 1209 procedere,
1639 1143 1709 1208 pro·

152 1221 191 1284 sit
204 1240 275 1284 rem
290 1241 349 1304 per
362 1241 492 1286 causam
512 1240 718 1304 cognoscere,
733 1222 806 1304 quis
827 1241 902 1286 eum
957 1222 1020 1304 prii
1039 1221 1221 1286 intellectus
1241 1223 1516 1288 delectuositatem
1537 1242 1575 1288 ae
1589 1223 1706 1286 divinae

151 1321 423 1402 comprehendere
443 1320 560 1403 poterit
578 1322 633 1402 qui
653 1319 740 1384 solua
764 1329 903 1384 aternus
958 1319 1135 1400 majestatis
1163 1319 1411 1382 immensitatem
1440 1320 1615 1401 pensando,
1644 1320 1707 1382 sic·

151 1425 209 1495 est,
224 1437 288 1480 nec
307 1419 449 1500 aliquam
468 1419 517 1481 sui
542 1437 672 1482 causam
696 1427 770 1481 ante
794 1437 829 1482 se
847 1419 903 1482 ha·
957 1435 1020 1498 que
1033 1417 1213 1481 auctoritati
1230 1437 1326 1482 saerae
1341 1417 1510 1500 Scriptura
1523 1426 1555 1480 et
1570 1419 1707 1482 miracu-

151 1515 220 1579 beti
234 1515 391 1598 Denique,
401 1535 500 1598 quum
515 1517 764 1600 unumquodque
778 1525 902 1580 unium
958 1514 1035 1578 losis
1048 1515 1303 1580 attestationibus
1322 1515 1377 1579 liei
1398 1517 1562 1599 proprium
1582 1515 1707 1580 intelle·

151 1613 267 1676 habeat
280 1615 321 1678 de
340 1614 599 1696 intelligibilitate
618 1623 772 1696 quantum
792 1616 832 1678 do
851 1636 903 1679 ac·
957 1621 1044 1676 otum
1069 1614 1123 1697 pie
1147 1633 1184 1678 ae
1209 1621 1354 1696 prompte
1377 1613 1586 1696 subjiciendo.
1603 1615 1705 1689 Ouum

151 1711 297 1775 tualitate
311 1720 344 1775 et
357 1711 562 1791 formalitate,
578 1721 704 1776 constat
718 1714 803 1794 quod
818 1713 903 1776 sicut
956 1731 1033 1794 ergo
1050 1713 1161 1775 divina
1181 1713 1342 1794 Scriptura
1365 1713 1489 1791 doceat,
1510 1722 1605 1794 prout
1628 1733 1707 1796 prte-

150 1809 232 1872 Deus
246 1809 424 1873 altissimus
442 1809 579 1873 infinita
593 1820 643 1873 est
660 1811 852 1874 actualitatis
870 1819 903 1874 et
957 1811 1082 1873 cedenti
1098 1811 1231 1874 articulo
1245 1819 1293 1874 est
1307 1819 1482 1890 ostensum,
1498 1830 1569 1874 esse
1588 1811 1622 1873 in
1643 1812 1706 1876 heo

150 1907 366 1986 formalitatis,
382 1907 426 1969 ita
444 1916 476 1970 et
493 1907 629 1971 infinite
648 1917 696 1972 est
718 1907 939 1990 intelligibili
956 1909 1195 1992 generationem
1221 1909 1449 1972 immanentem
1476 1909 1570 1972 Verbi
1595 1912 1705 1973 aeterni

150 2006 249 2070 litatis
265 2030 274 2069 ι
291 2007 412 2071 idcirco
427 2005 568 2088 perfecte
588 2008 815 2090 comprehendi
837 2027 901 2072 non
956 2027 993 2070 ac
1016 2007 1253 2091 processionem
1277 2007 1413 2090 Spiritus
1437 2009 1543 2072 Sancti
1562 2011 1706 2092 (prason

150 2113 254 2186 potest
269 2104 334 2167 nisi
349 2105 390 2167 ab
408 2104 573 2168 intellectu
593 2105 729 2168 inlinitra
747 2107 903 2188 capacite·
956 2105 1014 2167 tim
1028 2125 1127 2187 quum
1143 2125 1200 2188 per
1214 2104 1327 2168 isaiam
1342 2107 1424 2170 Deus
1439 2105 1846 2188 loquaturrNum·10.m·.r.

150 2203 190 2264 tis
203 2211 236 2266 et
250 2203 516 2286 perspicacitatis,
532 2209 644 2286 utputa
658 2223 677 2267 a
690 2223 725 2266 se
740 2205 821 2285 ipso.
956 2203 1033 2286 quid
1053 2223 1113 2286 ego
1133 2205 1187 2286 qui
1207 2205 1286 2268 alios
1305 2223 1417 2287 parere
1437 2204 1531 2286 lacio,
1548 2206 1617 2289 ipse
1640 2225 1705 2270 non

35 2319 138 2366 ruma.
188 2301 315 2365 idcirco
330 2302 363 2363 in
378 2301 461 2365 libro
475 2301 533 2366 Job
547 2303 702 2385 scriptum
718 2312 767 2366 est
780 2327 787 2366 :
801 2304 902 2386 Digne
956 2301 1100 2383 pamaml
1116 2302 1147 2364 Si
1171 2321 1230 2386 ego
1250 2303 1304 2384 qui
1325 2303 1439 2366 ceteris
1463 2305 1706 2384 generationem

36 2385 53 2426 ³'
149 2419 223 2464 eum
239 2401 388 2463 invenire
402 2419 467 2465 non
482 2421 673 2484 possumus;
689 2422 825 2484 magnus
840 2402 903 2466 lor·
956 2399 1074 2480 tribuo,
1092 2401 1209 2464 sterilis
1234 2401 1453 2483 remanebat),
1468 2403 1706 2466 consideremus

150 2499 302 2579 titudine,
328 2505 361 2560 et
383 2498 517 2580 judicio,
542 2508 575 2562 et
597 2498 733 2580 justitia,
758 2510 791 2564 et
813 2521 904 2564 enar·
956 2499 1132 2578 humiliter,
1156 2501 1294 2581 qualiter
1318 2501 1525 2582 intelligenda
1549 2501 1590 2563 sit
1612 2521 1708 2584 gene-

151 2597 213 2660 rari
227 2615 296 2660 non
315 2605 429 2679 potest.
447 2597 601 2660 ieremias
619 2617 747 2680 quoque
767 2601 904 2682 prophe·
957 2598 1038 2661 ratio
1061 2599 1218 2681 unigeniti
1247 2599 1318 2663 Filii
1347 2599 1403 2662 Dei
1427 2607 1522 2682 atque
1547 2601 1708 2683 processio

35 2703 138 2759 ter-mn.
151 2704 183 2758 ta
211 2695 356 2777 loquitur
379 2695 444 2758 lieo
464 2719 472 2756 ε
494 2695 628 2758 Domine
653 2697 747 2776 Deus,
768 2716 903 2779 magnus
958 2695 1096 2776 Spiritus
1112 2697 1232 2760 Sancti.

35 2771 91 2820 Μ’·
152 2793 303 2872 consilio,
326 2801 359 2855 et
386 2794 720 2876 incomprehensibilis
749 2795 901 2878 cogitatu.
996 2793 1116 2875 ltaque,
1132 2813 1231 2876 quum
1249 2793 1333 2857 Deus
1354 2793 1464 2878 gloria
1484 2795 1525 2858 sit
1543 2814 1600 2858 ens
1615 2795 1708 2860 intel·

35 2908 139 2958 uasta.
151 2891 231 2954 ilinc
247 2899 379 2954 sanctus
398 2891 561 2974 apostolus
575 2891 690 2955 Paulus
706 2916 714 2954 ε
730 2893 903 2958 Oaltitudo
957 2890 1103 2955 lectualia
1122 2901 1252 2972 nature,
1269 2913 1327 2956 ens
1349 2893 1458 2976 utique
1482 2895 1708 2977 superpurissi-

150 2993 285 3076 (inqnit)
309 2991 493 3057 divitiarum
517 2994 681 3075 sapientire
704 3002 736 3057 et
763 2995 903 3060 scientia)
957 3010 1058 3070 mum,
1080 2991 1300 3072 immateriale,
1324 2991 1524 3074 invariabile,
1552 2993 1708 3076 simplici·

149 3091 226 3155 heir
258 3110 357 3175 qnam
385 3091 722 3174 incomprehensibilia
752 3101 826 3157 sunt
852 3094 903 3177 ju·
921 3087 943 3153 G
958 3098 1068 3173 terque
1095 3089 1295 3173 perlectum3
1320 3092 1483 3175 generatio
1511 3091 1571 3155 ista
1598 3092 1707 3156 divina

148 3189 232 3255 dicia
253 3191 340 3273 ejus,
355 3198 388 3253 et
402 3190 642 3273 investigabiles
656 3190 716 3254 viat
731 3190 821 3273 ejus!
957 3207 1022 3251 non
1046 3196 1096 3251 est
1118 3189 1240 3253 ruditer
1263 3190 1468 3273 imaginando
1490 3209 1549 3275 per
1575 3192 1706 3255 modum

187 3289 346 3371 lienique,
361 3288 538 3369 unicuique
558 3289 713 3371 competit
736 3310 830 3373 agere
854 3310 903 3354 se-
957 3286 1171 3369 generationis
1186 3288 1347 3351 sensibilis
1362 3296 1416 3351 aut
1430 3289 1578 3368 carnalis,
1596 3288 1708 3372 inqua

149 3388 294 3451 cundum
309 3387 441 3451 modum
455 3394 488 3449 et
501 3388 634 3469 gradum
650 3408 716 3451 sum
730 3398 851 3453 natura
865 3408 902 3455 ac
957 3394 1005 3447 est
1019 3386 1120 3449 exitus
1134 3388 1174 3449 de
1190 3387 1331 3469 potentia
1351 3386 1384 3449 in
1399 3394 1517 3450 aetum.
1534 3386 1595 3451 Sed
1610 3387 1704 3465 Deus,

148 3504 213 3549 suae
228 3485 392 3568 potentin,
405 3485 450 3547 ita
463 3485 548 3567 quod
562 3486 676 3549 modus
690 3487 804 3569 agendi
818 3488 903 3569 pari·
957 3482 1013 3565 qui
1027 3493 1075 3546 est
1091 3483 1453 3567 supersapientissimus,
1471 3485 1706 3549 actualissimus
1802 3484 1807 3495 “

149 3583 266 3648 fucatur
291 3602 350 3647 sen
371 3583 629 3666 proportionetur
646 3584 741 3649 modo
761 3586 899 3650 essendi.
957 3598 994 3643 ac
1010 3580 1260 3645 fecundissimus
1275 3582 1470 3665 intellectus,
1487 3602 1522 3646 se
1536 3583 1642 3667 ipsum
1657 3583 1707 3646 in-

147 3680 284 3761 ldcirco,
302 3682 572 3764 quemadmodum
587 3682 726 3745 essentia
740 3702 798 3746 seu
812 3692 903 3747 natu·
958 3680 1076 3742 tuendo
1100 3698 1136 3742 ao
1159 3680 1379 3763 intelligendo,
1395 3681 1481 3762 quod
1503 3680 1537 3743 in
1558 3700 1592 3745 se
1614 3688 1646 3743 et
1665 3680 1705 3744 de

149 3798 183 3841 ra
206 3788 306 3862 atque
319 3778 464 3860 potentia
478 3778 675 3842 [leiomnem
693 3788 836 3843 nostram
850 3801 903 3845 ca·
956 3796 991 3839 se
1015 3777 1158 3841 intuetur
1180 3788 1276 3861 atque
1300 3778 1463 3861 intelligit,
1478 3780 1539 3843 hoc
1564 3779 1647 3841 intra
1671 3796 1705 3841 se

148 3876 323 3958 pacitatem
346 3876 380 3939 iu
401 3874 566 3939 inlinitum
589 3878 796 3959 transcendit,
813 3878 857 3941 ita
870 3887 903 3942 at
956 3874 1215 3939 intellectualiter
1234 3894 1270 3939 ao
1295 3877 1486 3941 eternaliter
1508 3876 1642 3959 profert,
1657 3876 1706 3941 di·

147 3976 231 4039 actio
250 3976 325 4056 ejus
349 3980 479 4052 aterna,
493 3992 590 4057 quam
610 3974 644 4037 in
666 3994 700 4039 se
721 3976 792 4059 ipse
813 3976 903 4040 inre·
956 3972 1000 4035 cit
1022 3981 1055 4036 et
1073 3974 1158 4056 parit
1173 3997 1181 4036 ε
1199 3974 1308 4055 sicque
1334 3974 1471 4038 Verbum
1495 3982 1650 4039 aternum
1674 3982 1706 4039 et

148 4073 309 4137 riabiliter
322 4072 598 4157 immanenterque
611 4072 717 4137 habet.
956 4072 1131 4151 internum,
1157 4091 1222 4136 non
1251 4072 1360 4138 vocale
1389 4081 1421 4137 et
1448 4072 1617 4155 transiens,
1648 4074 1704 4137 sed

185 4172 232 4235 Ex
246 4172 301 4234 his
314 4178 439 4234 constat
456 4189 552 4252 quam
572 4170 669 4234 stulta
690 4171 752 4235 luit
770 4172 901 4236 heresis
955 4171 1094 4235 mentale
1108 4178 1141 4234 et
1154 4170 1345 4250 immanens,
1361 4172 1476 4256 gignit.

148 4268 408 4350 llanichuorum,
421 4288 517 4351 quam
532 4268 760 4333 irrationabilis
774 4272 942 4353 quoquell
996 4268 1159 4347 Praeterea,
1177 4266 1261 4331 sieut
1283 4267 1482 4349 Peripatetici
1504 4268 1605 4349 aiunt,
1621 4268 1704 4333 Deus

148 4386 238 4433 error
252 4366 354 4431 luerit
367 4366 632 4450 philosophorum
647 4366 776 4432 illorum
790 4368 845 4451 qui
860 4371 900 4434 de
955 4375 1005 4429 est
1019 4365 1199 4429 intellectus
1217 4364 1441 4430 universaliter
1453 4386 1562 4450 agens,
1577 4386 1705 4450 semper

148 4464 212 4531 Deo
234 4466 285 4529 nil
308 4464 437 4528 credere
458 4464 629 4529 voluerunt
648 4463 712 4529 nisi
737 4466 823 4549 quod
842 4486 902 4552 per
955 4464 990 4527 in
1014 4473 1099 4544 actu,
1115 4484 1303 4547 summeque
1329 4464 1475 4550 simplex,
1491 4485 1525 4529 se
1546 4466 1651 4548 ipsum
1672 4474 1705 4530 et

149 4565 310 4629 rationem
338 4570 443 4647 potest
471 4564 713 4647 comprehendi,
739 4573 834 4647 atque
861 4586 900 4631 ex
955 4564 1062 4626 omnia
1076 4564 1169 4645 plene
1189 4563 1484 4646 invariabiliterque
1504 4564 1701 4649 intelligens.

148 4664 245 4727 rebus
260 4662 378 4728 creatis
392 4663 517 4746 regulas
532 4664 680 4746 accipere
694 4682 900 4747 praesumpsc·
955 4662 1050 4727 Porro
1070 4663 1150 4726 ratio
1171 4663 1332 4727 intellecta
1351 4663 1527 4727 secundum
1549 4684 1619 4729 esse
1639 4683 1703 4747 quo

148 4770 224 4826 runt
238 4761 408 4845 judicandi
425 4762 466 4824 de
485 4758 631 4827 creatore
648 4781 771 4844 :quum
793 4771 899 4827 tamen
955 4762 990 4825 in
1009 4762 1131 4825 lumine
1154 4762 1362 4845 intelligentis
1386 4763 1544 4845 consistit,
1561 4772 1609 4829 est
1633 4784 1703 4829 ver·

148 4861 302 4925 universa
316 4867 422 4923 creata
436 4860 478 4923 ab
490 4861 679 4925 excellentia
692 4861 899 4945 perfectionis
956 4863 1032 4926 bum
1047 4870 1079 4926 et
1098 4862 1202 4945 imago
1217 4862 1329 4945 ipsius.
1346 4862 1429 4927 Deus
1448 4882 1523 4945 ergo
1543 4884 1577 4927 se
1597 4865 1702 4946 ipsum

148 4977 185 5023 ac
208 4958 453 5042 omnipotentia
476 4958 631 5023 Creatoris
658 4961 778 5023 distent
804 4970 899 5043 atque
955 4970 988 5025 ct
1010 4961 1121 5025 omnia
1143 4962 1240 5025 unico
1261 4970 1334 5025 aotu
1355 4960 1549 5045 intelligens,
1565 4964 1605 5026 de
1630 4963 1700 5044 ipsa

148 5058 307 5122 deliciunt
325 5055 462 5134 infinite,
479 5056 524 5119 ita
541 5058 626 5140 quod
645 5057 728 5122 Deus
752 5059 900 5122 sublimia
955 5082 1013 5126 sua
1033 5062 1190 5145 sapientia
1204 5061 1321 5126 lormat
1334 5070 1525 5143 conceptum
1546 5070 1578 5126 et
1599 5062 1703 5145 expri-

147 5166 179 5219 et
199 5154 392 5220 benedictus
413 5154 447 5217 in
466 5154 628 5220 infinitum
649 5158 753 5240 plura,
777 5161 900 5242 majora
955 5160 1013 5225 mit
1032 5161 1211 5224 immanens
1231 5160 1375 5223 verbum.
1391 5160 1430 5223 Et
1448 5160 1599 5243 quoniam
1618 5162 1701 5224 Deua

147 5264 179 5317 et
199 5253 402 5318 mirabiliora
420 5260 524 5335 potest
540 5253 674 5318 allicere
692 5274 788 5337 quam
807 5278 899 5323 mens
954 5278 990 5323 se
1003 5260 1111 5343 ipsum
1125 5258 1257 5323 omnino
1271 5258 1412 5343 perfecte
1427 5258 1579 5341 intelligit
1597 5259 1702 5342 perle-

145 5353 250 5437 possit
263 5352 409 5416 humana
422 5351 601 5435 concipere.
955 5366 1067 5441 cteque
1081 5358 1243 5444 exprimit,
1255 5358 1327 5423 ideo
1342 5358 1498 5440 quidquid
1512 5358 1545 5421 in
1560 5356 1702 5421 increata

275 5484 311 5539 Τ.
328 5486 370 5537 tc.
1546 5493 1577 5547 17
