4309 6250
434 482 495 547 398
763 500 880 548 norrun
901 502 1070 549 ιιιιιιυιιι
1090 502 1260 559 ιιιιιοιιιτι,
1284 503 1372 550 crena
1393 505 1438 551 ιιι.
1461 522 1503 533 -
1522 503 1595 551 aar.
1617 504 1671 550 xrr

438 670 531 733 coelo.
547 670 604 733 Ubi
621 688 677 753 per
692 670 799 735 tubam
814 671 1003 754 intelligitur
1017 671 1187 755 imperium
1203 674 1228 735 A
1243 675 1328 755 quod
1352 693 1409 756 per
1431 697 1448 734 u
1473 693 1585 738 omnes
1609 682 1770 737 creaturas
1795 696 1813 733 a
1837 674 1991 756 intelligat

438 767 505 846 hei,
523 768 615 849 cujus
630 776 709 832 nutu
723 770 912 834 resurrectio
933 769 1011 849 fiet3
1028 779 1084 833 aut
1102 779 1188 835 certe
1243 790 1354 836 omnes
1368 772 1516 837 homines
1532 794 1541 834 τ
1556 772 1611 855 qui
1625 792 1690 837 non
1704 771 1879 855 agitatione
1898 773 1989 855 ignis,

364 895 386 925 a.
403 899 424 937 ι,
439 885 500 929 vox
514 864 640 945 Christi,
656 867 711 949 qui
727 867 761 930 in
775 868 894 932 Joanne
910 868 965 949 ait,
981 870 1065 951 quod
1083 870 1190 933 veniat
1243 870 1298 933 sed
1324 869 1502 934 ministerio
1528 871 1715 954 angelorum
1743 872 1782 935 cd
1810 871 1918 934 locum
1944 870 1991 951 ju-

294 954 328 993 ⁹·
438 966 517 1029 hora
540 966 573 1027 in
598 984 661 1047 qua
685 985 796 1029 omnes
825 968 879 1049 qui
911 967 942 1029 in
973 968 1188 1031 monumentis
1243 968 1320 1030 dicii
1345 968 1541 1048 deferentur,
1563 969 1653 1050 juxta
1676 969 1897 1051 evangelicam
1920 988 1990 1051 apo

439 1073 523 1144 sunt,
545 1062 676 1127 audient
700 1083 811 1128 vocem
836 1065 917 1146 ejus.
933 1067 1037 1129 Potest
1060 1085 1187 1148 quoque
1244 1065 1453 1148 stolicamquc
1468 1066 1657 1130 doctrinam.
1674 1066 1837 1146 Praeterea,
1856 1066 1940 1149 ignis
1953 1070 1991 1132 ab

438 1182 496 1245 per
520 1162 627 1225 tubam
654 1158 790 1245 intelligi
814 1182 874 1227 vox
893 1163 1029 1245 alicujus
1048 1165 1189 1227 Archan-
1244 1164 1409 1227 occidente
1429 1184 1603 1229 succensus
1620 1167 1781 1247 quomodo
1794 1165 1928 1246 agitabit
1941 1185 1990 1229 eos

439 1260 513 1343 geli,
530 1260 768 1344 praesertimque
783 1262 954 1341 Michaelis,
970 1262 1024 1345 qui
1039 1271 1089 1327 est
1102 1264 1189 1345 prin·
1244 1263 1283 1325 ad
1299 1262 1473 1325 Jerusalem
1494 1263 1549 1345 qui
1564 1264 1605 1326 ab
1626 1263 1749 1327 oriente
1763 1272 1795 1327 et
1809 1264 1882 1326 aliis
1904 1272 1990 1329 terra

439 1379 515 1441 ceps
543 1368 574 1423 et
602 1367 708 1423 custos
736 1359 898 1439 Ecclesia,
929 1370 1023 1443 atque
1054 1362 1188 1444 jubente
1244 1360 1347 1442 plagis
1361 1361 1558 1424 consistenti
1574 1361 1635 1424 nisi
1650 1360 1784 1424 forsitan
1803 1369 1835 1423 et
1852 1362 1990 1445 undiquc

439 1458 513 1536 Deo,
535 1466 611 1521 tunc
635 1458 718 1521 dicet
739 1482 747 1521 ε
768 1458 904 1541 Surgite,
930 1461 1057 1540 mortni,
1081 1462 1188 1524 venite
1244 1458 1454 1523 diffundatur.
1471 1446 1599 1541 lterum,
1616 1460 1734 1523 falsum
1747 1460 1896 1541 estquod
1911 1461 1990 1544 ignis

439 1557 478 1619 ad
492 1556 661 1638 iudicium.
679 1556 739 1620 Sed
754 1564 848 1619 tantae
863 1558 1091 1640 magnitudinis
1113 1560 1188 1622 tuba
1244 1558 1487 1621 succendendus
1506 1558 1644 1622 cessabit
1661 1577 1761 1641 quum
1780 1577 1892 1623 omnes
1911 1561 1991 1624 lero

439 1656 514 1738 quid
550 1655 731 1720 necessaria
764 1660 870 1720 essetf
903 1658 1036 1739 lnsuper
1069 1657 1187 1721 falsum
1245 1656 1398 1737 solymam
1424 1656 1582 1719 venerint.
1603 1656 1681 1734 lme,
1702 1656 1836 1719 durante
1859 1657 1989 1739 judicio,

438 1756 568 1821 omnino
593 1764 625 1819 et
648 1775 776 1838 prorsus
799 1754 1008 1819 falsissimum
1031 1766 1079 1819 est
1103 1758 1187 1839 quod
1245 1754 1340 1817 stabit
1354 1756 1492 1817 mundus
1507 1754 1540 1817 in
1563 1755 1637 1837 igne
1653 1753 1924 1837 conflagrationis,
1939 1758 1989 1839 qui

438 1855 553 1917 asserit
576 1854 763 1919 maledictus
788 1854 841 1918 hic
869 1864 900 1919 et
925 1856 1188 1919 mendacissimus
1203 1857 1226 1919 B
1246 1862 1367 1916 tantum
1383 1854 1534 1917 ascendet
1548 1854 1581 1916 in
1596 1874 1669 1917 aere
1683 1862 1838 1935 quantum
1852 1857 1991 1919 ascendit

438 1954 563 2033 llahon,
579 1955 664 2035 quod
683 1954 856 2037 Seraphuel
876 1974 914 2019 ex
934 1956 1008 2017 tuba
1028 1955 1083 2017 illa
1097 1955 1189 2018 clfla-
1244 1971 1327 2034 aqua
1340 1952 1464 2030 diluvii,
1479 1961 1554 2035 puta
1569 1952 1752 2034 quindecim
1769 1953 1886 2016 cubitis
1900 1974 1993 2036 super
2005 1985 2109 2033 σπι,

440 2052 485 2115 bit
499 2071 612 2116 omnes
631 2053 754 2115 animas
773 2052 886 2135 justas.
902 2054 968 2117 lmo
988 2054 1100 2117 animae
1118 2073 1189 2116 san·
1245 2060 1380 2132 montes,
1397 2051 1589 2134 stabuntque
1610 2051 1758 2115 homines
1778 2052 1834 2116 illo
1853 2052 1887 2116 in
1908 2052 1989 2135 igne.
2120 2073 2121 2076 ¹

315 2212 322 2221 ,
404 2218 411 2231 ,
440 2160 498 2214 ctae
525 2170 594 2233 quae
618 2153 682 2214 Deo
710 2170 796 2214 nunc
820 2152 1038 2234 perfruuntur,
1064 2161 1097 2215 ιι
1119 2172 1189 2234 quae
1245 2150 1303 2225 Qui
1329 2159 1433 2213 tamen
1458 2150 1583 2213 Sanctis
1608 2151 1730 2214 nullam
1754 2150 1872 2215 inferet
1894 2152 1992 2215 lesio

440 2250 568 2314 interim
591 2250 620 2313 ei
638 2250 767 2313 fruitive
785 2250 972 2333 jungentur,
988 2270 1187 2333 nequaquam
1246 2268 1331 2327 nem,
1357 2248 1473 2332 impios
1502 2268 1578 2314 vero
1606 2258 1728 2327 exuret,
1755 2250 1840 2313 sicut
1866 2260 1992 2313 sanctus

441 2349 549 2412 tubam
579 2348 665 2413 illam
694 2349 906 2431 egredientur,
936 2351 991 2413 sed
1020 2351 1053 2412 in
1086 2370 1190 2413 resur·
1246 2348 1401 2430 propheta
1415 2348 1514 2410 David
1529 2347 1787 2431 predixit:lgnis
1802 2357 1875 2413 ante
1890 2350 1991 2431 ipsum
2005 2370 2105 2414 rame.

441 2446 593 2511 rectionis
609 2456 770 2511 momento
794 2448 1024 2512 descendentes
1045 2450 1085 2511 de
1108 2450 1189 2513 coelo
1246 2446 1383 2526 (scilicet
1405 2446 1549 2528 judicem
1574 2446 1747 2526 Christum)
1769 2448 1939 2530 precedet,
1963 2459 1993 2511 ct

441 2565 601 2628 empyreo,
624 2547 689 2609 suis
714 2554 844 2628 repente
869 2548 1053 2631 corporibus
1079 2548 1190 2611 unien-
1245 2543 1458 2607 inflammabit
1487 2544 1521 2607 in
1549 2543 1686 2607 circuitu
1720 2545 1870 2609 inimicos
1902 2546 1992 2627 ejus3

441 2654 504 2709 tur.
520 2646 586 2708 lmo
603 2664 661 2709 nec
677 2646 792 2709 animae
806 2646 933 2728 injustae
948 2647 1053 2710 exient
1067 2648 1187 2725 tubam,
1246 2662 1417 2725 rursusque
1434 2666 1441 2703 ε
1457 2643 1543 2724 Ignis
1565 2642 1598 2705 in
1619 2652 1793 2726 conspectu
1814 2644 1887 2726 ejus
1910 2664 1994 2707 exar-
2006 2674 2107 2716 auur.

442 2744 496 2806 scd
519 2743 588 2806 loca
613 2743 750 2825 poenalia
776 2744 809 2806 in
834 2744 950 2826 quibus
971 2745 1077 2808 dehita
1099 2746 1191 2808 luunt
1245 2743 1364 2822 descet,
1380 2749 1413 2805 ct
1435 2742 1468 2804 in
1493 2741 1629 2805 circuitu
1652 2742 1723 2824 ejus
1745 2750 1921 2825 tempestas
1944 2762 1994 2807 va·

442 2842 609 2924 supplicia.
626 2842 664 2904 Et
687 2828 768 2906 dato
781 2844 865 2925 quod
888 2844 1001 2907 animae
1021 2854 1128 2907 essent
1150 2846 1190 2908 ab
1245 2840 1321 2903 lida.
1342 2839 1509 2923 Quumque
1528 2841 1628 2903 ludex
1649 2841 1839 2905 sententiam
1859 2842 1993 2919 dederit,

441 2940 556 3021 angelo
581 2942 692 3004 mortis
716 2943 840 3023 occisae,
864 2951 970 3005 tamen
994 2963 1052 3025 per
1075 2962 1189 3007 sonum
1246 2956 1318 3002 mox
1338 2938 1423 3020 ignis
1441 2938 1495 3001 ille
1514 2940 1680 3002 damnatos
1699 2938 1879 3019 involvens,
1901 2939 1994 3002 simul

440 3038 525 3101 tuba
554 3039 699 3102 suscitari
728 3058 790 3103 non
820 3050 961 3122 possent,
992 3042 1046 3105 sed
1079 3041 1190 3105 divina
1208 3044 1230 3107 C
1246 3057 1319 3101 cum
1341 3037 1389 3101 eis
1411 3038 1443 3100 in
1467 3037 1630 3101 infernum
1651 3039 1834 3102 descendet.

442 3140 603 3202 dumtaxat
624 3138 750 3203 virtute.
1286 3137 1329 3200 lix
1345 3137 1551 3219 praeinductis
1564 3138 1694 3200 demum
1714 3145 1838 3201 constat
1851 3157 1925 3200 esse
1939 3137 1996 3200 fal-

481 3237 610 3315 Deinde,
632 3238 717 3319 quod
741 3238 785 3300 ait
809 3238 1044 3321 perditissimus
1064 3241 1189 3318 llahcn,
1246 3236 1410 3298 sissimum
1434 3235 1518 3316 quod
1542 3235 1690 3299 falsitatis
1714 3237 1879 3318 magister,
1901 3236 1996 3299 sacri-

430 3335 525 3418 ¹quod
554 3336 592 3397 ad
625 3336 763 3418 primum
798 3337 879 3400 tnhae
913 3337 1052 3400 sonitum
1086 3338 1191 3401 omnia
1247 3335 1337 3416 legus
1351 3335 1475 3413 Mahou,
1494 3334 1647 3413 affirmat,
1660 3336 1744 3416 quud
1759 3335 1909 3398 hemines
1924 3345 1996 3398 tunc

442 3452 612 3516 corporum
648 3453 720 3498 ossa
753 3436 1041 3518 congregabuntur,
1076 3436 1192 3500 deinde
1248 3453 1305 3515 per
1318 3433 1527 3515 quadraginta
1540 3452 1643 3497 annos
1657 3433 1691 3496 in
1706 3452 1764 3498 suo
1779 3433 1897 3498 sudore
1912 3441 1997 3496 nata·

442 3541 513 3614 post
531 3551 632 3596 annos
651 3533 871 3615 quadraginta,
889 3535 965 3596 tuba
984 3534 1124 3597 secundo
1144 3554 1193 3597 so
1249 3533 1338 3611 bunt,
1353 3531 1512 3613 judicium
1528 3531 1758 3616 praestolantes.
1771 3532 1885 3596 Subito
1899 3532 1996 3612 enim,

442 3639 549 3711 nante,
566 3631 673 3696 nervis
688 3651 725 3694 ac
748 3632 897 3695 carnibus
906 3619 1108 3714 ¹operientur,
1126 3653 1193 3695 rur·
1248 3631 1360 3693 eodem
1384 3638 1546 3694 momento
1567 3649 1631 3713 quo
1654 3630 1796 3694 defuncti
1820 3639 1996 3713 resurgent,

443 3748 559 3811 susque
588 3729 720 3794 totidem
750 3729 843 3792 annis
872 3731 1051 3810 transactis,
1076 3731 1192 3794 anima
1248 3730 1349 3792 ludex
1375 3728 1550 3791 altissimus
1570 3730 1610 3792 ad
1633 3728 1842 3810 judicandum
1865 3730 1998 3794 descen-

441 3845 575 3909 corpora
599 3827 743 3908 induent,
770 3828 858 3890 omni
883 3827 1020 3891 falsitate
1046 3828 1192 3909 plenissi-
1248 3829 1313 3908 det,
1334 3847 1393 3891 nec
1411 3827 1514 3910 justos
1529 3847 1566 3890 ac
1581 3827 1715 3891 Sanctos
1737 3829 1886 3892 mercede
1901 3847 1996 3910 quam

441 3945 530 3989 mum
546 3927 784 4008 estllerogaret
799 3945 938 4009 namque
953 3927 1192 4008 omnipotentiae
1249 3935 1443 4007 meruerunt,
1474 3934 1538 3988 tam
1566 3925 1623 3988 diu
1650 3934 1794 3989 carentes
1827 3926 1994 4010 relinquet.

440 4023 507 4101 bet,
532 4024 583 4087 cui
609 4024 762 4106 competit
785 4044 879 4106 agere
902 4025 1029 4106 quando
1054 4024 1135 4104 vult,
1157 4026 1191 4088 ia
1248 4025 1328 4089 Hinc
1353 4033 1452 4088 toturn
1476 4025 1560 4106 quod
1585 4025 1733 4088 subditur
1755 4026 1795 4088 de
1816 4025 1997 4109 interpella-

348 4157 389 4188 υ.
404 4156 425 4188 v.
441 4121 571 4185 instanti
585 4146 593 4200 ;
610 4129 641 4185 et
662 4123 745 4185 sieut
767 4143 862 4205 supra
883 4122 1003 4186 diffuse
1023 4123 1192 4204 probatum
1250 4125 1336 4187 tione
1350 4122 1517 4186 hominum
1532 4131 1564 4186 ιι
1578 4123 1703 4204 refugio
1716 4141 1827 4187 eorum
1842 4124 1882 4187 ad
1898 4127 1995 4188 Adam

440 4229 500 4301 est,
517 4229 604 4285 tanta
626 4222 814 4286 Sanctorum
835 4221 945 4285 dilatio
960 4241 979 4284 ι
1000 4222 1096 4304 plena
1109 4241 1192 4285 mer·
1206 4226 1230 4289 D
1250 4231 1435 4303 cetemsque
1450 4221 1607 4304 praefatos,
1624 4221 1833 4285 falsissimum
1848 4233 1908 4286 ιιι.
1920 4223 1996 4286 Prre

441 4320 529 4398 cede,
553 4321 684 4402 demgat
708 4329 773 4383 tarn
798 4321 907 4402 pietati
930 4339 1026 4402 quam
1051 4321 1190 4402 aequitati
1250 4331 1346 4401 terea,
1376 4339 1482 4403 quaero
1510 4339 1551 4383 an
1580 4320 1676 4384 etiam
1706 4319 1799 4384 electi
1833 4323 1997 4405 sanctique

440 4419 567 4482 divina.
594 4419 716 4483 ldcirco
739 4427 868 4482 sanctus
893 4419 1054 4501 apostolus
1077 4419 1192 4482 Paulus
1248 4422 1395 4486 homines
1415 4421 1448 4482 in
1470 4420 1526 4484 illo
1543 4421 1795 4502 quadragenario
1814 4421 1847 4484 in
1866 4441 1927 4486 suo
1944 4443 1997 4484 na-

441 4519 707 4582 rcsurreetionem
732 4527 928 4582 mortuorum
951 4519 1044 4582 docet
1064 4518 1193 4582 celerri-
1247 4520 1360 4584 tabunt
1372 4519 1655 4599 sudore‚videlicct
1669 4539 1733 4602 praa
1744 4521 1857 4584 timore
1869 4521 1993 4602 judicii.

441 4634 493 4678 me
518 4635 554 4678 ac
581 4624 803 4679 momentanee
831 4635 901 4679 esse
931 4617 1154 4699 complendam
1182 4641 1189 4681 ε
1248 4621 1335 4695 Quod
1370 4619 1433 4683 dici
1467 4638 1531 4683 non
1564 4626 1680 4701 potest,
1709 4619 1860 4700 quoniam
1896 4619 1995 4683 sancti

441 4713 525 4778 Ecce
553 4715 729 4796 (inquiens)
757 4717 944 4797 mysterium
974 4715 1063 4779 vobis
1091 4717 1190 4796 dico;
1248 4716 1446 4797 Patriarchae,
1463 4717 1636 4799 Propheta,
1652 4715 1807 4798 Apostoli,
1823 4726 1855 4780 et
1873 4717 1930 4780 alii
1951 4717 1997 4779 in·

441 4832 552 4879 omues
581 4813 709 4895 quidem
733 4833 935 4896 resurgemus
959 4814 992 4876 in
1017 4824 1189 4894 momento,
1248 4815 1341 4879 terim
1366 4815 1505 4878 feliciter
1529 4815 1646 4878 mortui
1672 4833 1708 4877 ac
1733 4815 1859 4896 salvati,
1874 4817 1916 4879 dc
1942 4835 1996 4878 sua

441 4913 475 4976 in
504 4913 568 4977 ictu
593 4912 690 4993 oculi,
717 4913 949 4976 innovissima
974 4915 1072 4994 tuba;
1099 4924 1192 4978 canet
1247 4913 1482 4997 glorificatione
1497 4913 1997 4995 tunceruntsecuri;injustum-

441 5012 527 5075 enim
543 5011 629 5090 tuba,
642 5021 673 5074 et
688 5012 805 5075 mortui
820 5021 987 5093 resurgent
1001 5012 1187 5094 incorrupti.
1247 5032 1308 5094 que
1323 5020 1407 5075 asset
1420 5031 1475 5075 eos
1489 5012 1609 5093 absque
1622 5030 1731 5075 eorum
1743 5010 1838 5094 culpa
1848 5019 1914 5075 ιιιι
1929 5012 1995 5074 diro

439 5171 440 5174 ,
481 5112 638 5194 Amplius,
655 5109 772 5173 falsum
793 5118 842 5173 est
862 5111 984 5174 dictum
999 5112 1190 5193 ldahonquc
1248 5130 1285 5174 ac
1306 5112 1455 5175 diuturne
1477 5109 1593 5192 affligi.

440 5210 486 5274 ait
501 5234 508 5274 :
522 5233 538 5270 ι
554 5211 639 5292 lgnis
655 5210 695 5273 ab
708 5209 874 5274 occidente
891 5229 1064 5273 succensus
1078 5230 1190 5274 omnes
1287 5209 1441 5293 Amplius,
1472 5208 1589 5272 falsum
1616 5217 1665 5272 est
1698 5210 1783 5291 quod
1819 5207 1885 5273 Noe
1919 5218 1993 5272 tunc

441 5317 600 5376 creaturas
615 5307 841 5392 Jemsolymam
863 5307 994 5392 agitabit
1011 5331 1038 5372 a.
1055 5309 1094 5372 Et
1112 5319 1189 5393 puto
1246 5309 1430 5373 hominibus
1454 5309 1540 5378 dicct
1560 5331 1568 5371 ε
1589 5331 1607 5368 ι
1629 5308 1755 5372 Salvavi
1778 5327 1835 5372 vos
1859 5309 1892 5372 in
1913 5309 1993 5372 dilu-
