4309 6250
461 417 502 481 48
687 432 728 480 ΒΕ
749 431 913 480 otuurraru
933 430 971 478 ut
992 429 1142 478 autumus
1163 430 1191 476 Β.
1214 430 1243 481 V·
1267 427 1384 488 ΚΑΜ,
1406 431 1495 478 tmen
1515 431 1535 478 1.
1558 451 1599 462 -
1619 434 1690 480 Aur.
1712 434 1786 481 1le

461 624 519 688 per
546 601 742 667 nativitatem
769 621 806 665 ex
829 609 883 664 tua
911 599 1087 664 substantia
1113 623 1121 662 ε
1147 617 1210 681 quo
1225 598 1250 661 Α
1265 600 1386 663 ramine
1420 600 1615 683 fecundavit,
1645 603 1782 668 induens
1809 605 1998 690 Unigenitum

461 704 571 785 utique
606 704 700 766 modo
733 701 852 764 nullius
887 707 946 778 est,
982 706 1053 781 post
1087 699 1210 762 Patrem
1265 717 1358 760 suum
1386 699 1562 762 substantia
1587 701 1691 762 carnis
1716 703 1855 786 Virginis
1882 705 2000 767 benedi·

461 809 626 878 aeternum,
652 799 715 862 nisi
744 799 790 862 tui
814 797 922 861 solius.
949 797 1038 859 llunc
1062 795 1211 878 Unigeni-
1265 803 1333 872 ctae,
1349 815 1420 877 quae
1442 804 1516 859 tunc
1541 797 1573 859 in
1600 799 1731 861 instanti
1756 801 1866 881 Deum,
1882 803 1934 865 Ilei
1957 802 2001 863 ui-

462 909 529 962 tum
549 918 641 962 suum
661 896 722 960 sibi
746 896 876 959 infinita
898 895 1070 958 dilectione
1092 893 1211 957 amabi·
1265 892 1354 970 lium,
1375 913 1485 956 verum
1514 895 1625 976 Deum,
1648 898 1805 980 concepit.
1826 899 1850 962 0
1878 898 1950 962 felix
1974 909 2002 962 et

462 997 524 1062 lem
547 1005 579 1060 et
598 1004 750 1073 amatum,
772 993 842 1073 tihi,
867 1012 886 1058 o
912 993 1127 1056 sacratissima
1149 992 1211 1054 lla-
1264 990 1532 1055 desideratissima
1547 993 1636 1075 bora,
1653 995 1732 1059 hora
1745 997 1786 1058 ab
1800 1005 1917 1061 eterno
1931 1017 2003 1080 pra

462 1096 519 1174 ria,
546 1093 682 1170 nuntiat,
708 1091 816 1172 offert,
846 1091 952 1170 mittit,
979 1089 1151 1154 committit
1178 1097 1211 1151 et
1264 1088 1418 1170 ordinata,
1435 1089 1624 1153 Patriarcbis
1642 1111 1680 1155 ac
1701 1093 1865 1176 Prophetis
1885 1095 1919 1158 in
1939 1096 2003 1177 lege

461 1201 588 1275 prestat
605 1193 638 1254 in
663 1190 780 1253 filium.
799 1190 877 1252 Vide
895 1189 1030 1270 qualiter
1052 1188 1150 1250 sentit
1170 1189 1210 1250 de
1264 1193 1383 1273 naturas
1407 1206 1444 1249 ac
1469 1187 1540 1269 lege
1564 1189 1680 1271 scripta
1705 1192 1873 1274 promissa,
1890 1194 1923 1256 in
1945 1212 2004 1275 qua

460 1299 502 1371 te,
519 1309 614 1373 quam
629 1289 759 1372 dignam
780 1307 817 1350 ac
839 1288 1053 1351 venerandam
1075 1294 1106 1348 te
1128 1285 1211 1348 arbi·
1265 1283 1353 1345 misit
1366 1284 1447 1347 Deus
1461 1285 1578 1348 Filium
1593 1307 1687 1351 suum
1702 1289 1735 1351 in
1754 1298 1883 1373 terram,
1899 1301 1934 1355 ut
1953 1292 2005 1355 ho·
2027 1327 2074 1370 m

459 1397 570 1468 tratur,
587 1389 642 1470 qui
662 1396 693 1450 te
713 1386 773 1450 sibi
798 1395 862 1450 tam
888 1385 1092 1464 familiarem,
1109 1383 1210 1445 simil·
1265 1381 1368 1445 mines
1389 1381 1509 1446 faceret
1529 1382 1616 1448 filios
1637 1387 1714 1449 lleit
2016 1394 2058 1439 tt

459 1487 568 1550 limam
600 1505 638 1549 ac
673 1483 976 1568 propinquissimam
1012 1481 1130 1544 habere
1164 1482 1211 1544 di·
1303 1480 1468 1560 Praeterea,
1493 1482 1698 1564 praeinductis
1723 1488 1918 1551 concordant
1939 1507 2005 1570 qua

459 1593 586 1668 gnatur.
1265 1577 1298 1639 in
1312 1579 1569 1643 Revelationibus
1583 1582 1614 1644 S.
1630 1582 1769 1665 Brigittae
1782 1586 1961 1649 recitantur.
1974 1587 2007 1649 lu

499 1683 618 1766 ltaque,
634 1681 698 1744 Deo
714 1680 930 1763 precipiente,
949 1678 1081 1760 angelus
1094 1678 1211 1759 jucun·
1263 1695 1398 1757 quarum
1414 1698 1477 1740 una
1491 1678 1608 1759 legitur
1620 1682 1715 1745 Maria
1730 1683 1874 1765 piissima
1892 1686 1931 1748 ad
1945 1684 2008 1748 Bri·

459 1782 607 1846 dissimcs
629 1779 917 1860 saluberrimosque
937 1796 1080 1839 rumores
1095 1797 1113 1839 a
1129 1776 1210 1840 coelo
1228 1775 1377 1856 Bgittam
1409 1775 1533 1840 elocuta
1563 1801 1571 1840 :
1601 1778 1703 1852 Quum
1736 1781 1895 1846 audissem
1925 1783 2006 1866 quod

459 1881 622 1944 delaturus
637 1879 671 1940 in
686 1878 853 1954 mundum,
870 1895 943 1940 mox
963 1875 1140 1953 descendit,
1162 1895 1211 1938 sa·
1264 1874 1346 1936 Deus
1361 1874 1439 1955 legis
1459 1876 1680 1958 redempturus
1700 1888 1784 1942 esset
1802 1882 1957 1944 mundum
1978 1888 2009 1943 et

460 1981 539 2043 lutat
553 1977 780 2060 virgunculam
796 1974 1211 2058 pudicissimam,honestis-
1264 1972 1443 2035 nasciturus
1476 1993 1514 2036 ex
1545 1974 1679 2056 virgine,
1710 1985 1795 2040 tauta
1824 1978 1908 2042 circa
1936 1999 2007 2042 eum

461 2079 573 2140 simam
608 2075 748 2139 Puellam
780 2073 1013 2155 jucundissimo
1041 2080 1212 2136 veneratur
1265 2070 1393 2134 caritate
1408 2070 1455 2133 fui
1475 2072 1604 2151 affecta,
1620 2076 1705 2155 quod
1730 2094 1794 2139 uon
1817 2077 1881 2140 nisi
1905 2077 2009 2160 ipsum

460 2175 573 2257 elogio.
589 2174 664 2248 Quae
678 2171 786 2235 audito
800 2172 894 2234 modo
909 2170 1047 2252 qualiter
1066 2188 1139 2233 mox
1162 2168 1211 2232 ln·
1265 2169 1401 2251 cogitavi
1427 2190 1464 2233 ac
1488 2171 1587 2249 volui,
1608 2180 1640 2234 et
1662 2173 1783 2255 jugiter
1805 2174 1954 2238 affectavi
1978 2185 2011 2238 ut

460 2282 531 2336 tura
555 2280 640 2336 esset
662 2269 798 2353 genitrix
822 2269 891 2332 Filii
916 2269 983 2348 Dei,
1006 2268 1132 2330 dicente
1155 2269 1211 2330 hr—
1265 2267 1407 2330 viverem
1423 2288 1523 2351 usque
1543 2271 1582 2332 ad
1599 2278 1724 2354 tempus
1739 2292 1803 2336 suae
1824 2274 2008 2355 nativitatis,

327 2395 377 2440 cua
389 2397 445 2447 aas.
460 2372 627 2454 changelo,
644 2370 779 2453 Spiritus
795 2369 930 2431 Sanctus
950 2367 1156 2449 superveniet
1177 2367 1209 2429 in
1265 2364 1292 2427 si
1307 2363 1390 2428 forte
1404 2365 1476 2429 lieri
1493 2386 1691 2449 promererer
1709 2371 1840 2454 indigna
1861 2392 1926 2436 sua
1948 2393 2012 2435 ma·

460 2481 503 2550 te,
533 2478 565 2533 et
593 2470 693 2532 virtus
723 2467 879 2531 altissimi
908 2465 1109 2530 obumbrabit
1137 2465 1208 2543 tibi,
1264 2465 1322 2526 tris
1336 2464 1463 2527 ancilla.
1481 2465 1646 2547 Quumque
1660 2468 1796 2547 quadam
1813 2469 1883 2533 vice
1898 2470 2012 2535 sollici·

460 2569 595 2651 ideoque
610 2567 694 2650 quod
711 2573 859 2630 nascetur
873 2584 911 2628 ex
930 2572 961 2626 te
981 2571 1139 2641 sanctum,
1157 2582 1211 2626 vo-
1264 2571 1295 2624 te
1311 2563 1483 2644 cogitarem
1497 2564 1601 2644 qualis
1619 2572 1652 2627 et
1669 2575 1788 2646 quanta
1808 2577 1892 2631 esset
1912 2570 2012 2651 gloria

335 2680 394 2726 uu.
411 2684 445 2726 ru.
460 2668 584 2732 cabitur
598 2665 697 2729 Pilius
710 2664 784 2741 θοῆς
802 2663 931 2745 cognita
943 2680 1070 2743 quoque
1086 2662 1211 2742 impra-
1264 2659 1439 2723 ineffabilis
1454 2669 1486 2724 et
1500 2661 1744 2725 interminabilis
1759 2665 1826 2746 Dei,
1841 2675 1874 2729 et
1887 2666 1926 2730 de
1940 2667 2011 2750 ejus

458 2765 609 2849 gnatione
637 2763 740 2827 felicis
769 2781 834 2825 suae
866 2768 1007 2842 cognatae
1035 2759 1208 2840 Elisabeth,
1265 2758 1457 2821 beatitudine
1471 2760 1655 2839 admirarer,
1672 2761 1739 2824 vidi
1755 2763 1914 2828 mirabilia
1928 2767 2009 2830 tria:

459 2864 568 2946 gavisa
596 2870 644 2926 est
672 2861 878 2924 vehementer
908 2879 914 2918 :
946 2868 978 2921 et
1005 2866 1115 2921 sancta
1144 2878 1210 2921 ma·
1265 2857 1330 2920 vidi
1345 2858 1461 2921 etenim
1477 2859 1577 2938 sidus,
1594 2860 1650 2922 sed
1665 2879 1729 2923 non
1750 2863 1813 2925 tale
1834 2864 1928 2945 quale
1949 2865 2012 2928 ful-

459 2961 665 3044 gnanimitate
693 2966 867 3040 assumpta,
892 2957 1084 3039 praevalente
1111 2956 1144 3017 in
1172 2960 1245 3021 eat}
1263 2964 1317 3036 get
1340 2954 1373 3017 in
1397 2956 1498 3036 coelo;
1520 2956 1585 3018 vidi
1611 2957 1732 3039 lumen,
1749 2961 1805 3022 sed
1829 2980 1893 3025 non
1917 2964 2012 3045 quale

460 3059 665 3123 sanctissime
680 3055 817 3121 caritatis
831 3057 944 3119 ardore
958 3053 1144 3133 fortissimo,
1161 3073 1211 3117 ze·
1264 3053 1348 3117 lucet
1370 3054 1404 3116 in
1429 3056 1569 3134 mundo,
1586 3057 1671 3118 sensi
1695 3058 1837 3139 odorem,
1864 3061 1920 3122 sed
1944 3080 2011 3127 uon

459 3161 490 3223 lo
509 3177 636 3241 quoque
657 3156 804 3220 fratemae
825 3154 936 3217 salutis
959 3173 996 3217 ac
1019 3153 1210 3235 redemptio-
1263 3153 1353 3234 quasi
1371 3154 1541 3217 herbarum
1560 3163 1615 3217 aut
1634 3174 1740 3218 rerum
1764 3156 1928 3238 similium,
1945 3161 2012 3225 imo

459 3258 509 3319 nis
523 3256 703 3321 communis
725 3253 821 3317 totius
840 3252 972 3316 humani
987 3252 1126 3334 generiS,
1143 3259 1209 3314 toto
1264 3270 1338 3314 vere
1359 3251 1560 3315 ineffabilem
1580 3261 1673 3335 atque
1698 3254 2012 3340 dulcissimumque

458 3355 579 3419 affectu
594 3352 778 3435 concupivit
797 3351 870 3415 fieri
891 3350 988 3413 llater
1007 3350 1073 3430 hei,
1089 3369 1127 3413 ac
1143 3349 1209 3412 Sal·
1263 3357 1329 3413 tota
1349 3349 1507 3431 replebar,
1523 3358 1555 3414 et
1572 3370 1637 3433 prae
1659 3352 1776 3433 gaudio
1800 3353 2009 3420 exsultabam.

459 3461 600 3518 vetarem
620 3450 788 3533 concipere
810 3447 921 3512 mundi
935 3472 944 3527 ς
960 3456 992 3511 et
1013 3447 1209 3511 modestissi-
1263 3449 1338 3511 lnde
1353 3448 1458 3510 statim
1473 3448 1580 3510 audivi
1596 3467 1716 3530 vocem,
1734 3452 1789 3513 sed
1808 3470 1873 3516 non
1894 3455 1934 3516 de
1954 3472 2011 3519 ore

459 3570 547 3614 mum
562 3557 656 3632 atque
671 3547 890 3612 humillimum
904 3545 991 3609 dedit
1006 3563 1205 3628 responsum,
1263 3546 1403 3609 humano
1430 3569 1437 3608 :
1462 3566 1526 3628 qua
1553 3547 1671 3628 audita,
1698 3549 1831 3612 verebar
1857 3569 1899 3613 ne
1926 3550 2011 3616 forte

339 3650 594 3713 rasuradiceudo
617 3672 625 3711 ε
648 3649 729 3711 Ecce
758 3645 875 3710 ancilla
898 3644 1044 3724 Domini3
1067 3644 1126 3707 fiat
1149 3644 1209 3706 mi·
1263 3651 1345 3708 esset
1364 3644 1482 3708 illusio.
1503 3644 1542 3707 Et
1565 3646 1672 3708 statim
1695 3647 1842 3729 apparuit
1859 3657 1933 3713 ante
1956 3670 2010 3714 me

458 3747 492 3810 hi
519 3746 695 3810 secundum
721 3744 854 3807 verbum
879 3751 980 3806 tuum.
996 3742 1035 3806 lit
1059 3742 1106 3805 sic
1131 3751 1207 3806 tunc
1263 3744 1394 3826 angelus
1419 3743 1474 3806 Dei
1500 3743 1533 3805 in
1559 3744 1665 3826 specie
1694 3746 1833 3809 hominis
1861 3748 2010 3830 pulcher-

320 3859 444 3913 caam.
459 3845 687 3927 aequivalenter
719 3844 825 3907 locuta
860 3850 919 3921 est,
955 3841 1122 3904 Osculetur
1156 3859 1208 3903 me
1264 3843 1347 3924 rimi,
1363 3842 1473 3906 dicens
1495 3866 1502 3905 ε
1523 3844 1601 3923 Ave,
1617 3844 1719 3926 gratia
1742 3846 1847 3928 plena.
1863 3847 1929 3921 Quo
1953 3868 2011 3912 au·
2035 3875 2119 3927 mr

459 3944 568 4008 osculo
593 3941 658 4005 oris
682 3941 731 4004 sui
757 3964 763 4003 :
789 3941 849 4005 hoc
874 3948 931 4018 cst,
956 3939 1024 4021 ipse
1049 3938 1105 4020 qui
1131 3938 1208 4001 olim
1263 3942 1338 4020 dito,
1368 3942 1506 4004 mirabar
1539 3960 1597 4003 cur
1631 3962 1682 4005 me
1715 3944 1819 4008 taliter
1846 3946 2007 4027 salutaret,
2023 3948 2096 3997 ⁰⁴¹⁸*-

313 4058 384 4103 Πρω.
398 4072 413 4109 ι,
424 4062 443 4103 r.
458 4040 633 4105 multifarie
648 4040 820 4121 multisque
835 4038 937 4102 modis
952 4038 1076 4101 locutus
1092 4045 1141 4100 est
1154 4056 1209 4120 pa·
1262 4040 1412 4122 quoniam
1428 4039 1612 4120 reputabam
1628 4060 1678 4104 me
1693 4042 1857 4125 indignam
1872 4046 1910 4107 ad
1926 4045 2012 4109 salu-

459 4140 561 4204 tribus
581 4140 614 4201 in
633 4138 808 4221 Prophetis,
825 4138 891 4199 imo
910 4136 1050 4219 patribus
1074 4154 1112 4198 ac
1137 4135 1246 4201 Pro-ll
1263 4138 1415 4202 tationem
1440 4137 1635 4218 hujusmodi.
1659 4139 1824 4221 Quumque
1848 4144 2010 4208 audissem

458 4237 564 4321 phctis
588 4254 645 4317 per
668 4234 799 4316 angelos
824 4241 961 4311 sanctos,
978 4233 1043 4314 jam
1068 4233 1208 4296 instante
1262 4235 1303 4299 ab
1317 4236 1429 4317 angelo
1444 4234 1581 4316 qualiter
1594 4235 1709 4298 Filium
1723 4238 1778 4301 Dei
1794 4241 2009 4323 conciperem,

458 4334 656 4419 plenitudine
681 4332 845 4415 temporis,
861 4332 893 4393 in
921 4330 1048 4413 propria
1071 4348 1207 4413 persona
1262 4333 1534 4397 ferventissimum
1556 4332 1708 4397 affectum
1733 4337 1830 4401 habui
1854 4358 1925 4403 esse
1950 4341 2013 4404 lda-

457 4435 630 4497 descendat
644 4432 683 4496 ad
697 4451 761 4511 me,
778 4438 810 4494 et
823 4448 881 4512 per
895 4429 1123 4492 incarnationis
1142 4448 1207 4492 suae
1262 4441 1342 4496 trem
1363 4431 1429 4510 liei,
1446 4440 1478 4494 et
1501 4450 1565 4512 prae
1588 4451 1695 4497 amore
1720 4443 1796 4499 tunc
1823 4438 1887 4500 dixi
1905 4462 1912 4501 :
1928 4439 2011 4504 Ecce

456 4532 643 4614 mysterium
667 4530 848 4594 immediate
873 4529 951 4591 mihi
975 4528 1138 4611 jungatur,
1155 4547 1206 4592 me
1261 4529 1378 4593 ancilla
1412 4530 1549 4611 Domini,
1579 4538 1640 4593 ete.
1675 4532 1721 4594 Ad
1755 4536 1840 4615 quod
1876 4537 2010 4601 verbum

457 4629 676 4711 amplectatur,
703 4647 837 4709 meoque
866 4636 955 4691 utero
979 4627 1204 4706 circumdetur,
1261 4627 1502 4709 concipiebatur
1515 4628 1613 4691 Pilius
1629 4630 1683 4693 Dei
1699 4631 1732 4693 in
1747 4641 1837 4697 utero
1850 4654 1923 4699 meo
1938 4656 2010 4699 cum

457 4747 495 4791 ac
509 4728 638 4791 demum
654 4735 748 4791 natus
763 4746 801 4790 ex
816 4746 878 4808 me,
892 4745 943 4789 me
957 4744 1083 4807 quoque
1098 4744 1207 4808 corpo
1262 4725 1418 4790 ineffabili
1450 4726 1659 4791 exsultatione
1692 4731 1806 4795 animae
1838 4752 1916 4797 mete
1943 4754 2010 4799 orn·

456 4826 567 4889 raliter
587 4825 760 4890 osculetur.
1260 4824 1414 4907 niumque
1446 4826 1661 4890 membrorum
1694 4831 1837 4912 eorporis
1870 4834 1948 4913 mei,
1977 4842 2009 4898 et

496 4922 629 4987 Prolatis
651 4932 756 4987 autem
779 4943 798 4986 a
819 4930 1019 4987 sacrosancta
1032 4922 1206 5002 juvencula
1260 4924 1382 5007 portavi
1397 4942 1471 4987 eum
1486 4923 1519 4986 in
1534 4933 1624 4989 utero
1638 4926 1707 4991 siue
1721 4928 1841 5011 dolore,
1857 4950 2008 5013 aggrava-

456 5022 562 5087 verbis
578 5022 748 5104 praetactis,
756 5020 837 5083 llcce
852 5020 969 5082 ancilla
984 5020 1119 5100 Domini,
1128 5030 1202 5099 etc,
1260 5024 1346 5086 tione
1370 5042 1408 5085 ac
1431 5024 1522 5087 tedio
1534 5044 1543 5105 ;
1558 5024 1724 5089 humiliavi
1746 5047 1798 5091 me
1823 5048 1948 5112 quoque
1973 5032 2004 5093 in

456 5119 601 5203 pmtinus
617 5120 698 5181 Deus
713 5117 804 5180 Pater
818 5118 991 5198 assumpsit
1005 5117 1065 5180 sibi
1079 5137 1150 5181 eam
1170 5118 1204 5181 in
1258 5120 1418 5200 omnibus,
1431 5119 1536 5185 sciens
1550 5142 1623 5187 eum
1637 5143 1734 5204 quem
1747 5128 1923 5208 portabam,
1936 5149 2005 5194 esse

456 5236 605 5303 sponsam
620 5215 826 5300 precipuum,
843 5234 976 5298 eamque
991 5217 1126 5299 mystico
1140 5219 1206 5302 spi·
1259 5221 1526 5303 Omnipotentem.
