4309 6250
465 479 525 544 162
610 498 761 545 61116666
782 498 1014 545 nrsromrrorns
1036 498 1128 545 16666
1149 497 1356 545 6661666666
1377 499 1648 547 6161161666611.
1671 518 1712 529 -
1733 500 1801 545 aar.
1824 499 1864 545 vu

467 667 570 730 reditu
586 667 728 732 filiorum
748 670 849 753 ipsius
869 670 965 733 Jacob
984 670 1022 730 ad
1043 669 1255 751 6611616661
1310 670 1527 733 (1661666666.
1543 707 1583 717 -
1607 670 1675 735 Non
1700 670 1810 751 611666
1823 695 1829 732 :
1844 670 1907 733 imo
1927 689 1995 753 pene

467 765 563 829 Jacob
585 786 622 829 61
643 768 710 849 jugi
733 768 812 831 fletu
835 776 964 850 propter
984 767 1099 849 loseph
1122 768 1217 829 amis·
1270 768 1303 829 in
1328 767 1462 850 singulis
1487 770 1637 851 capitulis
1661 769 1848 833 contradicit
1870 769 1994 846 eisdem,

467 863 602 942 sionem,
630 863 765 929 incurrit
788 866 952 929 oculorum
977 864 1160 946 albuginem
1185 873 1216 927 et
1269 867 1323 929 sed
1339 866 1434 929 unius
1449 868 1580 950 capituli
1595 867 1751 930 falsitates
1770 886 1861 930 causa
1875 867 1995 950 exempli

467 963 708 1026 excaecationem
723 988 730 1041 ;
747 965 875 1046 616661
899 972 975 1026 tunc
992 964 1113 1045 6666611
1128 963 1216 1026 filios
1270 963 1390 1027 induxi.
1407 964 1505 1047 Leges
1529 984 1655 1047 666666
1678 985 1758 1047 quas
1782 966 1911 1044 tradidit,
1926 966 1996 1047 inju-

467 1079 552 1138 suos‚
569 1060 679 1123 dicens
697 1085 703 1123 :
721 1062 857 1125 Obsecro
878 1079 945 1139 ros,
962 1060 1037 1139 filii,
1053 1067 1088 1122 ut
1111 1079 1216 1123 66166-
1269 1062 1416 1126 611661166
1433 1083 1508 1126 6666
1529 1064 1715 1147 probantur.

466 1176 516 1219 res
531 1158 570 1221 16
585 1157 701 1240 166661
715 1158 876 1241 166166666
896 1160 966 1240 ejus
982 1169 1214 1241 perscrutatum
1310 1162 1524 1225 8166166666.
1541 1199 1582 1208 -
1599 1163 1693 1237 Quat

465 1253 729 1337 proficiscamini.
744 1257 892 1339 Sequitur
906 1258 939 1319 in
955 1258 1111 1321 Alcorano
1124 1280 1131 1318 ε
1143 1260 1216 1321 166-

465 1353 508 1417 116
527 1354 632 1435 111666
648 1354 813 1437 666166116,
830 1363 861 1417 61
881 1356 920 1418 61
935 1355 1049 1437 166661
1068 1356 1215 1438 6666661-

464 1452 602 1531 6611166,
620 1454 687 1536 1666
703 1454 866 1535 rospondit
882 1478 889 1516 ι
903 1456 949 1517 An
965 1456 1003 1518 de
1018 1456 1134 1538 Josoph
1151 1475 1216 1517 me·
1464 1436 1709 1501 ARTICULUS
1740 1438 1812 1501 VII·

464 1570 569 1614 mores
594 1551 670 1615 facti
700 1553 794 1615 estist
819 1552 1062 1635 Responderunt
1088 1577 1095 1615 :
1126 1554 1214 1616 Tune
1296 1574 1527 1651 &injusticia
1542 1584 1572 1634 eg
1588 1577 1754 1652 impietate
1769 1581 1972 1657 quarumdam

464 1669 498 1711 es
523 1650 577 1713 ille
601 1651 739 1732 Josephl
755 1651 828 1714 Ait:
846 1652 911 1732 Ego
938 1671 1029 1729 sum;
1050 1653 1104 1713 sed
1130 1652 1213 1714 hano
1485 1667 1593 1740 layum
1606 1666 1795 1727 Madameti.

464 1768 568 1812 meam
591 1750 753 1812 camisiam
777 1750 857 1833 patri
879 1760 987 1813 nostro
1011 1751 1162 1831 ferentes,
1179 1752 1212 1812 in

464 1848 535 1928 ejus
558 1847 686 1926 faciem,
704 1858 738 1911 ut
758 1849 866 1911 lumen
891 1849 1032 1931 recipiat,
1050 1849 1210 1932 projicite.
1229 1846 1253 1908 B
1308 1848 1993 1935 6611661166.-16611611666616666
2099 1905 2100 1912 ,

464 1945 545 2009 Eece
571 1945 678 2009 omnia
702 1946 761 2008 ista
788 1956 861 2009 sunt
880 1946 958 2009 ficta
980 1956 1011 2009 et
1029 1946 1121 2025 falsa,
1138 1947 1214 2028 6616
1268 1948 1361 2010 16166
1375 1947 1426 2009 lex
1445 1949 1484 2010 de
1500 1967 1633 2012 uxorum
1648 1951 1794 2032 repudio,
1811 1952 1852 2014 116
1870 1961 1905 2014 ut
1916 1952 1994 2025 116611
2099 1985 2100 2038 3

464 2052 496 2107 et
520 2045 588 2126 ipse
611 2045 708 2107 Jacob
733 2045 872 2109 sanctior
900 2046 969 2108 filio
998 2065 1055 2108 suo
1084 2046 1211 2128 loseph,
1268 2045 1389 2108 maritis
1409 2066 1482 2110 suas
1503 2048 1670 2129 repudiare
1691 2059 1995 2114 61666661666666
2099 2101 2100 2120 2

465 2144 619 2226 potuisset
633 2144 694 2205 sibi
714 2144 834 2207 meritis
854 2144 990 2226 propriis
1010 2146 1071 2207 tale
1092 2145 1214 2208 166611-
1269 2162 1323 2206 666
1343 2146 1485 2227 66616666
1505 2165 1606 2227 66666
1628 2148 1668 2209 61
1688 2148 1814 2211 16611616
1833 2149 1942 2227 616616,
1955 2149 1993 2210 616
2099 2203 2100 2206 ,

466 2243 551 2305 cium
581 2242 789 2325 impetrasse;
819 2263 878 2305 neo
907 2262 1018 2306 verum
1053 2253 1101 2306 est
1128 2245 1211 2326 6661
1268 2251 1303 2303 ut
1325 2243 1562 2323 quaternarium
1585 2263 1755 2307 numerum
1780 2264 1842 2309 nen
1861 2248 1994 2309 excedant

464 2341 619 2423 plorando
651 2340 753 2403 fuerat
786 2350 981 2420 excaecatus3
1011 2362 1069 2405 nee
1100 2343 1212 2407 fratres
1268 2339 1301 2401 in
1317 2340 1513 2423 repudiando
1528 2349 1560 2403 et
1574 2342 1900 2425 recipiendo.0quam
1912 2345 1994 2407 scole
2099 2353 2100 2360 ’

464 2440 558 2504 tertio
582 2439 670 2501 missi
695 2439 824 2502 fuerunt
852 2440 890 2501 ad
919 2440 1144 2521 inquirendum
1173 2442 1212 2504 de
1268 2447 1333 2500 rata
1348 2448 1379 2501 et
1393 2439 1489 2521 impia
1503 2447 1552 2502 est
1570 2441 1621 2502 lex
1638 2440 1716 2503 16161
1733 2440 1799 2504 Nec
1819 2450 1867 2506 est
1878 2443 1933 2521 161,
1948 2443 1992 2505 scd

464 2538 579 2620 Joseph
606 2558 641 2601 66
666 2538 845 2619 Beniamin.
866 2574 906 2584 -—
929 2539 1064 2602 Additur
1086 2559 1212 2621 666666
1268 2537 1452 2619 turpissima
1475 2538 1546 2617 faex,
1573 2546 1605 2601 et
1629 2539 1906 2604 innumerabilium
1927 2542 1993 2604 inci·

464 2638 498 2700 in
522 2637 690 2715 Aleorano,
711 2637 795 2718 quod
821 2638 936 2720 loseph
966 2647 1112 2719 parentes
1137 2657 1212 2701 suos
1267 2644 1442 2698 tamentum
1457 2644 1551 2718 atque
1566 2637 1692 2701 occasio
1705 2638 1990 2721 vitiorumNempe,
2099 2677 2100 2698 2

465 2735 642 2798 honorifice
667 2736 817 2817 suscepit,
840 2754 939 2816 quum
964 2744 1069 2799 tamen
1095 2736 1213 2799 61116-
1266 2754 1364 2816 quum
1380 2734 1490 2797 viriae
1508 2735 1642 2816 juvenes
1657 2736 1722 2798 sint
1739 2738 1779 2799 ad
1798 2757 1891 2821 opera
1904 2738 1992 2802 carnis

465 2833 533 2895 nesi
563 2840 696 2910 constet,
723 2833 807 2914 quod
836 2842 937 2895 mater
963 2833 1034 2914 ejus
1061 2834 1127 2915 jam
1155 2834 1211 2896 diu
1267 2831 1436 2913 proclives,
1453 2832 1566 2913 siquis
1581 2834 1697 2896 viderit
1710 2835 1850 2917 puellam
1869 2837 1992 2917 sibipla-

465 2940 538 2993 ante
557 2931 619 2993 fnit
637 2931 788 2994 defuncta
804 2955 811 2992 :
829 2950 902 2996 nam
923 2931 1028 3012 ipsum
1042 2931 1211 3014 Beniamin
1267 2932 1992 3017 66616111,661616616,6(661116111,116661666616

346 3039 352 3051 ’
466 3030 769 3112 666166166116661.
1228 3030 1305 3093 Cea
1328 3028 1411 3093 velle
1435 3030 1621 3112 conjugium
1649 3030 1751 3093 fixum
1774 3035 1949 3096 contrahere
1967 3041 1993 3094 et

504 3130 585 3193 Ecce
600 3138 678 3212 quot
692 3138 723 3193 et
737 3139 854 3212 666616
868 3130 1033 3192 (66616616
1047 3131 1145 3194 refert
1158 3131 1213 3194 fal·
1266 3138 1542 3210 perseveraturum
1557 3149 1630 3192 eum
1650 3129 1716 3210 illa,
1732 3149 1833 3212 quum
1847 3141 1944 3196 tamen
1954 3132 1993 3192 in·

464 3227 610 3290 sissimus
625 3228 737 3291 116166
756 3229 790 3290 16
805 3248 869 3292 666
889 3228 1029 3310 66611616
1044 3237 1050 3290 1
1068 3238 1100 3292 61
1113 3231 1211 3311 (6661
1266 3227 1375 3290 166161
1389 3247 1460 3290 6616
1475 3229 1643 3310 666611666
1656 3248 1757 3310 66661
1771 3229 1869 3293 166611
1882 3231 1992 3293 satiatus

464 3326 743 3390 sceleratissimum
763 3331 824 3406 est)
847 3327 909 3390 Deo
930 3347 967 3390 ea
988 3328 1141 3390 attribuit.
1266 3325 1464 3407 amplexibus
1488 3326 1559 3407 ejus
1583 3327 1729 3409 :sicque,
1750 3347 1849 3410 quum
1877 3328 1993 3392 deflera-

503 3426 717 3488 81161166666.
734 3425 908 3507 —Negare
934 3445 998 3490 non
1022 3426 1110 3489 valeo
1131 3427 1211 3508 quin
1266 3425 1348 3488 verit
1372 3444 1410 3486 ac
1436 3424 1506 3486 aliis
1529 3425 1764 3507 aspamabilem
1790 3426 1901 3490 1666611
1923 3445 1991 3503 eam,

463 3524 607 3586 recitatio
623 3523 769 3587 hlcorani
785 3524 920 3586 multum
936 3525 1097 3587 discordet
1112 3525 1145 3586 in
1160 3525 1211 3586 his
1265 3523 1396 3604 abjiciet
1418 3523 1532 3604 ipsam,
1548 3525 1633 3605 quod
1657 3533 1706 3587 661
1724 3527 1861 3589 maxime
1881 3525 1992 3607 injurio

462 3641 481 3684 a
503 3622 667 3705 scripturis
687 3623 803 3684 veteris
823 3623 1026 3686 Testamenti.
1044 3623 1079 3684 16
1100 3623 1211 3704 aliqui·
1266 3640 1404 3683 6616-
1421 3619 1565 3703 Insuper,
1581 3621 1671 3701 juxta
1691 3622 1774 3685 hanc
1796 3623 1914 3702 faecem,
1928 3642 1990 3685 con·

463 3723 731 3785 1661616666616
754 3721 819 3784 illis
839 3722 1025 3785 concordari
1048 3740 1142 3802 posse
1165 3722 1211 3785 vi·
1264 3720 1390 3801 jngium
1409 3738 1473 3782 non
1493 3719 1553 3781 erit
1569 3719 1631 3781 nisi
1651 3722 1990 3804 666166161166661661

461 3822 563 3884 detur.
1264 3827 1359 3898 atque
1382 3816 1756 3899 6661611616161666616,
1781 3820 1861 3901 ipsis
1884 3819 1991 3882 feminis

501 3920 719 3982 Cunrsrrauus.
741 3955 782 3965 -
804 3919 839 3980 ln
866 3918 1030 4001 seripturis
1055 3919 1210 3982 divinitus
1264 3915 1424 3998 precipue
1451 3915 1643 3997 periculosa,
1672 3936 1771 3998 quum
1801 3918 1991 3982 communiter

461 4017 608 4082 revelatis
642 4036 700 4080 nec
734 4036 832 4080 unum
868 4017 1049 4080 continetur
1081 4019 1211 4081 menda·
1265 4014 1325 4077 viri
1339 4013 1432 4097 proni
1447 4013 1531 4076 fiant
1549 4034 1622 4076 suas
1640 4014 1782 4096 abjicere
1802 4018 1955 4100 conjuges,
1968 4014 1990 4076 si

460 4117 546 4179 cium
572 4141 578 4178 :
602 4125 633 4178 et
662 4135 719 4178 cur
747 4135 814 4194 vos,
843 4123 1013 4178 sectatores
1042 4116 1122 4198 16616
1150 4118 1210 4180 116-
1264 4113 1296 4175 11
1310 4112 1989 4194 6666161.-11661166,16616161661616611111

460 4214 590 4295 1616611,
607 4233 670 4278 666
692 4213 797 4295 legitis
819 4233 878 4276 nec
897 4214 1022 4276 habetis
1037 4215 1210 4297 scripturas
1225 4223 1249 4286 1)
1263 4214 1303 4275 (16
1328 4213 1398 4292 1666
1420 4219 1541 4273 naturae
1564 4211 1729 4275 ordinatur
1756 4214 1795 4276 ad
1820 4214 1990 4278 convenien-

460 4314 534 4378 novi
557 4333 592 4377 66
614 4314 729 4377 6616616
752 4313 967 4377 Testamentil
1264 4319 1328 4374 tem
1343 4309 1441 4392 prolis
1456 4309 1676 4373 educationem
1695 4330 1733 4374 ac
1752 4312 1989 4377 informationem
2099 4322 2100 4403 1

500 4413 712 4476 1166166666.
729 4411 907 4494 -1661166
925 4420 1034 4474 666166
1048 4413 1210 4496 666111611
1264 4409 1297 4472 16
1327 4408 1479 4490 moribus,
1506 4416 1538 4471 et
1565 4408 1605 4470 ad
1633 4409 1704 4490 ejus
1733 4411 1942 4492 provisionem
1965 4419 1989 4472 61
2099 4414 2100 4493 l

460 4531 513 4576 eas
535 4512 798 4594 6611616666661
821 4519 985 4592 corruptas
1006 4519 1038 4574 et
1059 4512 1206 4576 infectas.
1264 4509 1497 4590 eorreptionem
1520 4531 1526 4568 :
1550 4508 1589 4570 ad
1613 4525 1684 4588 quae
1708 4510 1816 4573 omnia
1839 4511 1989 4575 6611666
2099 4514 2100 4565 l

499 4611 717 4674 (1116(6611666.
742 4645 782 4656 -
810 4610 861 4672 Sia
890 4629 980 4673 suam
1009 4611 1127 4674 velavit
1154 4633 1210 4677 ne·
1264 4607 1436 4672 cessarium
1462 4615 1510 4669 est
1533 4615 1738 4688 6166666166
1763 4608 1860 4672 simul
1885 4629 1990 4694 perma·
2099 4620 2100 4691 ᾗ

459 4709 620 4793 quitiam:
642 4709 717 4789 1166,
743 4709 815 4771 1166
838 4708 929 4771 66116
954 4728 1007 4771 666
1032 4710 1205 4792 666111611,
1263 4714 1369 4785 neant,
1386 4726 1451 4769 non
1466 4707 1505 4768 61
1519 4705 1644 4768 11111616
1664 4717 1862 4789 separentur.
1878 4709 1990 4770 -Pre-
2099 4710 2100 4761 ἶ

460 4829 500 4872 66
521 4828 559 4872 61
580 4827 689 4871 666616
709 4808 846 4870 16611666
865 4807 1144 4889 166661661666116
1159 4829 1208 4872 er·
1263 4818 1359 4887 terea,
1376 4825 1432 4887 666
1450 4805 1689 4868 matrimonium
1709 4809 1926 4872 contrahentes
1939 4807 1988 4870 sibi
2099 4836 2100 4855 1

459 4927 546 4971 66666
561 4915 655 4990 61666
671 4906 838 4969 (66616616
857 4906 1004 4969 11666161
1019 4915 1051 4970 61
1071 4908 1206 4971 aliorum
1262 4907 1400 4968 invicem
1417 4905 1494 4967 dant
1508 4905 1556 4966 sui
1570 4905 1713 4986 corporis
1731 4915 1915 4988 potestatem
1928 4908 1989 4970 sim·

459 5025 529 5091 quae
550 5007 668 5069 (166611.
1261 5005 1398 5087 pliciter,
1409 5023 1473 5068 non
1488 5005 1527 5066 ad
1542 5012 1668 5086 tempus
1681 5007 1933 5086 determinatum,
1944 5003 1988 5068 sed

499 5103 1063 5170 1166166666-161661166666616
1080 5105 1113 5167 in
1127 5125 1208 5187 6661-
1261 5103 1415 5185 6666661
1430 5103 1858 5186 16661166166111616666616.
1875 5105 1989 5170 Tradere

459 5205 594 5288 allegato
613 5212 736 5267 tantum
758 5203 897 5286 capitulo
916 5203 1109 5266 eontrarium
1130 5204 1207 5268 scri·
1262 5203 1348 5266 enim
1362 5201 1452 5265 611661
1467 5209 1654 5284 potestatem
1674 5203 1794 5285 proprii
1814 5200 1988 5288 eorporisad
2099 5252 2101 5281 ,

458 5306 559 5393 616616
584 5304 663 5387 16616
689 5311 749 5366 tuae
774 5321 810 5365 ac
831 5302 966 5386 lloysisl
1262 5312 1399 5386 tempus,
1417 5301 1649 5366 meretricabile
1663 5321 1733 5365 esse
1749 5303 1885 5368 videtur.
1899 5301 1988 5364 -16
2099 5290 2101 5339 l
