<?xml version="1.0" encoding="UTF-8"?>
<!DOCTYPE html PUBLIC "-//W3C//DTD XHTML 1.0 Transitional//EN"
    "http://www.w3.org/TR/xhtml1/DTD/xhtml1-transitional.dtd">
<html xmlns="http://www.w3.org/1999/xhtml" xml:lang="en" lang="en">
 <head>
  <title>
</title>
<meta http-equiv="Content-Type" content="text/html;charset=utf-8" />
  <meta name='ocr-system' content='tesseract 3.04.00' />
  <meta name='ocr-capabilities' content='ocr_page ocr_carea ocr_par ocr_line ocrx_word'/>
</head>
<body>
  <div class='ocr_page' id='page_1' title='image "./doctorisecstati03unkngoog_0411.png"; bbox 0 0 4309 6250; ppageno 0'>
   <div class='ocr_carea' id='block_1_1' title="bbox 507 382 1739 468">
    <p class='ocr_par' dir='ltr' id='par_1_1' title="bbox 507 382 1739 468">
     <span class='ocr_line' id='line_1_1' title="bbox 507 382 1739 468; baseline -0.003 -15"><span class='ocrx_word' id='word_1_1' title='bbox 507 404 625 453; x_wconf 79' lang='lat' dir='ltr'><strong>comm</strong></span> <span class='ocrx_word' id='word_1_2' title='bbox 646 404 814 453; x_wconf 82' lang='lat' dir='ltr'><strong>rnarrnraa</strong></span> <span class='ocrx_word' id='word_1_3' title='bbox 835 404 1009 468; x_wconf 74' lang='lat' dir='ltr'><strong>amoram,</strong></span> <span class='ocrx_word' id='word_1_4' title='bbox 1030 402 1119 451; x_wconf 80' lang='lat' dir='ltr'><strong>arnan</strong></span> <span class='ocrx_word' id='word_1_5' title='bbox 1140 405 1183 452; x_wconf 89' lang='grc' dir='ltr'><strong>ιιι.</strong></span> <span class='ocrx_word' id='word_1_6' title='bbox 1204 424 1246 435; x_wconf 98' lang='grc'>-</span> <span class='ocrx_word' id='word_1_7' title='bbox 1265 404 1337 451; x_wconf 80' lang='lat' dir='ltr'><strong>aar.</strong></span> <span class='ocrx_word' id='word_1_8' title='bbox 1359 405 1416 453; x_wconf 82' lang='lat' dir='ltr'><strong>xm</strong></span> <span class='ocrx_word' id='word_1_9' title='bbox 1680 382 1739 450; x_wconf 79' lang='lat' dir='ltr'><strong>aar·</strong></span> 
     </span>
    </p>
   </div>
   <div class='ocr_carea' id='block_1_2' title="bbox 183 574 1884 1646">
    <p class='ocr_par' dir='ltr' id='par_1_2' title="bbox 183 574 1884 1551">
     <span class='ocr_line' id='line_1_2' title="bbox 184 574 1741 661; baseline -0.001 -22"><span class='ocrx_word' id='word_1_10' title='bbox 184 576 325 656; x_wconf 90' lang='lat' dir='ltr'><strong>aliquam</strong></span> <span class='ocrx_word' id='word_1_11' title='bbox 344 576 445 659; x_wconf 81' lang='lat' dir='ltr'><strong>gigni,</strong></span> <span class='ocrx_word' id='word_1_12' title='bbox 461 576 523 642; x_wconf 90' lang='lat' dir='ltr'><strong>nisi</strong></span> <span class='ocrx_word' id='word_1_13' title='bbox 543 577 651 644; x_wconf 89' lang='lat' dir='ltr'><strong>lorsan</strong></span> <span class='ocrx_word' id='word_1_14' title='bbox 670 584 799 661; x_wconf 88' lang='lat' dir='ltr'><strong>propter</strong></span> <span class='ocrx_word' id='word_1_15' title='bbox 820 596 933 641; x_wconf 83' lang='lat' dir='ltr'><strong>massa</strong></span> <span class='ocrx_word' id='word_1_16' title='bbox 949 574 975 639; x_wconf 79' lang='grc' dir='ltr'><strong>Α</strong></span> <span class='ocrx_word' id='word_1_17' title='bbox 992 576 1131 661; x_wconf 81' lang='lat' dir='ltr'><strong>paradisi</strong></span> <span class='ocrx_word' id='word_1_18' title='bbox 1157 586 1241 642; x_wconf 88' lang='lat' dir='ltr'><strong>esset</strong></span> <span class='ocrx_word' id='word_1_19' title='bbox 1266 596 1418 642; x_wconf 88' lang='lat' dir='ltr'><strong>numerus</strong></span> <span class='ocrx_word' id='word_1_20' title='bbox 1442 584 1569 657; x_wconf 79' lang='lat' dir='ltr'><strong>certus3</strong></span> <span class='ocrx_word' id='word_1_21' title='bbox 1591 595 1651 641; x_wconf 90' lang='lat' dir='ltr'><strong>nec</strong></span> <span class='ocrx_word' id='word_1_22' title='bbox 1671 582 1741 658; x_wconf 88' lang='lat' dir='ltr'><strong>pot-</strong></span> 
     </span>
     <span class='ocr_line' id='line_1_3' title="bbox 185 676 1740 759; baseline -0.001 -22"><span class='ocrx_word' id='word_1_23' title='bbox 185 676 360 738; x_wconf 78' lang='lat' dir='ltr'><strong>immunde</strong></span> <span class='ocrx_word' id='word_1_24' title='bbox 384 676 627 759; x_wconf 79' lang='lat' dir='ltr'><strong>dispersionem.</strong></span> <span class='ocrx_word' id='word_1_25' title='bbox 649 677 686 739; x_wconf 86' lang='lat' dir='ltr'><strong>Et</strong></span> <span class='ocrx_word' id='word_1_26' title='bbox 710 677 856 759; x_wconf 90' lang='lat' dir='ltr'><strong>quamvis</strong></span> <span class='ocrx_word' id='word_1_27' title='bbox 881 696 934 739; x_wconf 91' lang='lat' dir='ltr'><strong>sus</strong></span> <span class='ocrx_word' id='word_1_28' title='bbox 990 686 1084 741; x_wconf 89' lang='lat' dir='ltr'><strong>erunt</strong></span> <span class='ocrx_word' id='word_1_29' title='bbox 1108 676 1168 740; x_wconf 87' lang='lat' dir='ltr'><strong>viri</strong></span> <span class='ocrx_word' id='word_1_30' title='bbox 1191 678 1328 740; x_wconf 86' lang='lat' dir='ltr'><strong>laminas</strong></span> <span class='ocrx_word' id='word_1_31' title='bbox 1352 685 1399 741; x_wconf 90' lang='lat' dir='ltr'><strong>tot</strong></span> <span class='ocrx_word' id='word_1_32' title='bbox 1421 676 1538 740; x_wconf 86' lang='lat' dir='ltr'><strong>habere</strong></span> <span class='ocrx_word' id='word_1_33' title='bbox 1563 683 1598 739; x_wconf 91' lang='lat' dir='ltr'><strong>ut</strong></span> <span class='ocrx_word' id='word_1_34' title='bbox 1625 681 1740 739; x_wconf 88' lang='lat' dir='ltr'><strong>sonant</strong></span> 
     </span>
     <span class='ocr_line' id='line_1_4' title="bbox 186 773 1738 859; baseline 0.001 -23"><span class='ocrx_word' id='word_1_35' title='bbox 186 774 242 838; x_wconf 92' lang='lat' dir='ltr'><strong>illa</strong></span> <span class='ocrx_word' id='word_1_36' title='bbox 272 774 396 853; x_wconf 88' lang='lat' dir='ltr'><strong>luisset,</strong></span> <span class='ocrx_word' id='word_1_37' title='bbox 426 795 491 839; x_wconf 91' lang='lat' dir='ltr'><strong>non</strong></span> <span class='ocrx_word' id='word_1_38' title='bbox 520 784 625 839; x_wconf 85' lang='lat' dir='ltr'><strong>tamen</strong></span> <span class='ocrx_word' id='word_1_39' title='bbox 653 794 691 839; x_wconf 84' lang='lat' dir='ltr'><strong>ex</strong></span> <span class='ocrx_word' id='word_1_40' title='bbox 720 794 757 839; x_wconf 87' lang='lat' dir='ltr'><strong>ea</strong></span> <span class='ocrx_word' id='word_1_41' title='bbox 792 775 933 859; x_wconf 67' lang='lat' dir='ltr'><strong>generati</strong></span> <span class='ocrx_word' id='word_1_42' title='bbox 989 776 1056 840; x_wconf 80' lang='lat' dir='ltr'><strong>hasa</strong></span> <span class='ocrx_word' id='word_1_43' title='bbox 1072 776 1363 859; x_wconf 79' lang='lat' dir='ltr'><strong>verba,praesortim</strong></span> <span class='ocrx_word' id='word_1_44' title='bbox 1377 775 1453 859; x_wconf 91' lang='lat' dir='ltr'><strong>quia</strong></span> <span class='ocrx_word' id='word_1_45' title='bbox 1468 775 1602 840; x_wconf 88' lang='lat' dir='ltr'><strong>tortasse</strong></span> <span class='ocrx_word' id='word_1_46' title='bbox 1616 773 1738 838; x_wconf 88' lang='lat' dir='ltr'><strong>totviri</strong></span> 
     </span>
     <span class='ocr_line' id='line_1_5' title="bbox 185 874 1884 957; baseline 0.001 -20"><span class='ocrx_word' id='word_1_47' title='bbox 185 882 295 937; x_wconf 87' lang='lat' dir='ltr'><strong>essent</strong></span> <span class='ocrx_word' id='word_1_48' title='bbox 318 874 407 956; x_wconf 89' lang='lat' dir='ltr'><strong>porci</strong></span> <span class='ocrx_word' id='word_1_49' title='bbox 430 882 610 956; x_wconf 64' lang='lat' dir='ltr'><strong>sequentes</strong></span> <span class='ocrx_word' id='word_1_50' title='bbox 636 876 690 937; x_wconf 90' lang='lat' dir='ltr'><strong>sed</strong></span> <span class='ocrx_word' id='word_1_51' title='bbox 716 892 755 937; x_wconf 90' lang='lat' dir='ltr'><strong>ex</strong></span> <span class='ocrx_word' id='word_1_52' title='bbox 779 894 816 937; x_wconf 90' lang='lat' dir='ltr'><strong>ea</strong></span> <span class='ocrx_word' id='word_1_53' title='bbox 838 892 934 957; x_wconf 89' lang='lat' dir='ltr'><strong>quam</strong></span> <span class='ocrx_word' id='word_1_54' title='bbox 990 884 1099 939; x_wconf 90' lang='lat' dir='ltr'><strong>essent</strong></span> <span class='ocrx_word' id='word_1_55' title='bbox 1112 875 1231 939; x_wconf 78' lang='lat' dir='ltr'>ibidem</span> <span class='ocrx_word' id='word_1_56' title='bbox 1253 883 1331 957; x_wconf 92' lang='lat' dir='ltr'><strong>quot</strong></span> <span class='ocrx_word' id='word_1_57' title='bbox 1345 874 1484 937; x_wconf 76' lang='lat' dir='ltr'><strong>lemine.</strong></span> <span class='ocrx_word' id='word_1_58' title='bbox 1500 874 1669 937; x_wconf 85' lang='lat' dir='ltr'><strong>Probatum</strong></span> <span class='ocrx_word' id='word_1_59' title='bbox 1690 881 1739 935; x_wconf 92' lang='lat' dir='ltr'><strong>est</strong></span> <span class='ocrx_word' id='word_1_60' title='bbox 1760 894 1884 947; x_wconf 69' lang='lat' dir='ltr'><strong>uarius</strong></span> 
     </span>
     <span class='ocr_line' id='line_1_6' title="bbox 186 970 1795 1057; baseline -0.001 -22"><span class='ocrx_word' id='word_1_61' title='bbox 186 971 253 1035; x_wconf 87' lang='lat' dir='ltr'><strong>Noe</strong></span> <span class='ocrx_word' id='word_1_62' title='bbox 276 972 406 1035; x_wconf 84' lang='lat' dir='ltr'><strong>adduxit</strong></span> <span class='ocrx_word' id='word_1_63' title='bbox 430 972 463 1035; x_wconf 95' lang='lat' dir='ltr'><strong>in</strong></span> <span class='ocrx_word' id='word_1_64' title='bbox 489 992 595 1035; x_wconf 90' lang='lat' dir='ltr'><strong>arcam</strong></span> <span class='ocrx_word' id='word_1_65' title='bbox 618 996 625 1035; x_wconf 91' lang='lat'><strong>:</strong></span> <span class='ocrx_word' id='word_1_66' title='bbox 647 980 679 1035; x_wconf 92' lang='lat' dir='ltr'><strong>et</strong></span> <span class='ocrx_word' id='word_1_67' title='bbox 702 972 748 1035; x_wconf 88' lang='lat' dir='ltr'><strong>sie</strong></span> <span class='ocrx_word' id='word_1_68' title='bbox 774 972 853 1035; x_wconf 92' lang='lat' dir='ltr'><strong>ratio</strong></span> <span class='ocrx_word' id='word_1_69' title='bbox 875 972 935 1034; x_wconf 84' lang='lat' dir='ltr'><strong>ista</strong></span> <span class='ocrx_word' id='word_1_70' title='bbox 951 1021 974 1037; x_wconf 83' lang='grc'><strong>.</strong></span> <span class='ocrx_word' id='word_1_71' title='bbox 990 992 1128 1055; x_wconf 87' lang='lat' dir='ltr'><strong>quoque,</strong></span> <span class='ocrx_word' id='word_1_72' title='bbox 1153 974 1237 1057; x_wconf 90' lang='lat' dir='ltr'><strong>quod</strong></span> <span class='ocrx_word' id='word_1_73' title='bbox 1260 973 1429 1036; x_wconf 91' lang='lat' dir='ltr'><strong>multitudo</strong></span> <span class='ocrx_word' id='word_1_74' title='bbox 1452 971 1635 1054; x_wconf 87' lang='lat' dir='ltr'><strong>hujusmodi</strong></span> <span class='ocrx_word' id='word_1_75' title='bbox 1664 970 1795 1034; x_wconf 61' lang='lat' dir='ltr'><strong>uxo-²¹¹L</strong></span> 
     </span>
     <span class='ocr_line' id='line_1_7' title="bbox 186 1070 1740 1153; baseline -0.001 -20"><span class='ocrx_word' id='word_1_76' title='bbox 186 1071 295 1135; x_wconf 88' lang='lat' dir='ltr'><strong>laeum</strong></span> <span class='ocrx_word' id='word_1_77' title='bbox 317 1090 380 1135; x_wconf 92' lang='lat' dir='ltr'><strong>non</strong></span> <span class='ocrx_word' id='word_1_78' title='bbox 401 1071 507 1135; x_wconf 88' lang='lat' dir='ltr'><strong>habet.</strong></span> <span class='ocrx_word' id='word_1_79' title='bbox 524 1072 687 1151; x_wconf 81' lang='lat' dir='ltr'><strong>Praeterea,</strong></span> <span class='ocrx_word' id='word_1_80' title='bbox 703 1071 866 1153; x_wconf 78' lang='lat' dir='ltr'><strong>generatio</strong></span> <span class='ocrx_word' id='word_1_81' title='bbox 881 1070 935 1132; x_wconf 92' lang='lat' dir='ltr'><strong>illa</strong></span> <span class='ocrx_word' id='word_1_82' title='bbox 991 1092 1061 1135; x_wconf 92' lang='lat' dir='ltr'><strong>rum</strong></span> <span class='ocrx_word' id='word_1_83' title='bbox 1090 1081 1123 1135; x_wconf 93' lang='lat' dir='ltr'><strong>et</strong></span> <span class='ocrx_word' id='word_1_84' title='bbox 1149 1072 1400 1136; x_wconf 84' lang='lat' dir='ltr'><strong>concubinarum</strong></span> <span class='ocrx_word' id='word_1_85' title='bbox 1425 1090 1461 1135; x_wconf 87' lang='lat' dir='ltr'><strong>ac</strong></span> <span class='ocrx_word' id='word_1_86' title='bbox 1486 1070 1674 1135; x_wconf 89' lang='lat' dir='ltr'><strong>ancillarum</strong></span> <span class='ocrx_word' id='word_1_87' title='bbox 1698 1070 1740 1133; x_wconf 90' lang='lat' dir='ltr'><strong>sit</strong></span> 
     </span>
     <span class='ocr_line' id='line_1_8' title="bbox 186 1168 1739 1252; baseline 0 -21"><span class='ocrx_word' id='word_1_88' title='bbox 186 1188 292 1251; x_wconf 77' lang='lat' dir='ltr'><strong>porca</strong></span> <span class='ocrx_word' id='word_1_89' title='bbox 315 1188 353 1233; x_wconf 88' lang='lat' dir='ltr'><strong>ex</strong></span> <span class='ocrx_word' id='word_1_90' title='bbox 376 1168 456 1233; x_wconf 88' lang='lat' dir='ltr'><strong>timo</strong></span> <span class='ocrx_word' id='word_1_91' title='bbox 479 1168 658 1251; x_wconf 88' lang='lat' dir='ltr'><strong>elephantis</strong></span> <span class='ocrx_word' id='word_1_92' title='bbox 683 1178 715 1231; x_wconf 89' lang='lat' dir='ltr'><strong>et</strong></span> <span class='ocrx_word' id='word_1_93' title='bbox 742 1168 934 1233; x_wconf 88' lang='lat' dir='ltr'><strong>stercoribus</strong></span> <span class='ocrx_word' id='word_1_94' title='bbox 991 1190 1122 1252; x_wconf 88' lang='lat' dir='ltr'><strong>prorsus</strong></span> <span class='ocrx_word' id='word_1_95' title='bbox 1137 1170 1259 1234; x_wconf 86' lang='lat' dir='ltr'><strong>illicita.</strong></span> <span class='ocrx_word' id='word_1_96' title='bbox 1276 1171 1354 1252; x_wconf 92' lang='lat' dir='ltr'><strong>lmo,</strong></span> <span class='ocrx_word' id='word_1_97' title='bbox 1371 1172 1547 1233; x_wconf 89' lang='lat' dir='ltr'><strong>seeundum</strong></span> <span class='ocrx_word' id='word_1_98' title='bbox 1561 1169 1739 1233; x_wconf 88' lang='lat' dir='ltr'><strong>doctrinam</strong></span> 
     </span>
     <span class='ocr_line' id='line_1_9' title="bbox 184 1266 1741 1352; baseline -0.001 -22"><span class='ocrx_word' id='word_1_99' title='bbox 184 1268 366 1345; x_wconf 91' lang='lat' dir='ltr'><strong>hominum,</strong></span> <span class='ocrx_word' id='word_1_100' title='bbox 388 1286 451 1332; x_wconf 90' lang='lat' dir='ltr'><strong>non</strong></span> <span class='ocrx_word' id='word_1_101' title='bbox 477 1266 591 1331; x_wconf 87' lang='lat' dir='ltr'><strong>luisset</strong></span> <span class='ocrx_word' id='word_1_102' title='bbox 614 1266 768 1331; x_wconf 91' lang='lat' dir='ltr'><strong>naturalis</strong></span> <span class='ocrx_word' id='word_1_103' title='bbox 790 1291 797 1329; x_wconf 92' lang='lat'><strong>:</strong></span> <span class='ocrx_word' id='word_1_104' title='bbox 818 1266 935 1347; x_wconf 85' lang='lat' dir='ltr'><strong>alioqui</strong></span> <span class='ocrx_word' id='word_1_105' title='bbox 991 1270 1073 1333; x_wconf 89' lang='lat' dir='ltr'><strong>hane</strong></span> <span class='ocrx_word' id='word_1_106' title='bbox 1093 1270 1171 1352; x_wconf 93' lang='lat' dir='ltr'><strong>quid</strong></span> <span class='ocrx_word' id='word_1_107' title='bbox 1190 1278 1274 1333; x_wconf 90' lang='lat' dir='ltr'><strong>esset</strong></span> <span class='ocrx_word' id='word_1_108' title='bbox 1295 1269 1472 1352; x_wconf 73' lang='lat' dir='ltr'><strong>paradisus,</strong></span> <span class='ocrx_word' id='word_1_109' title='bbox 1489 1268 1552 1332; x_wconf 92' lang='lat' dir='ltr'><strong>nisi</strong></span> <span class='ocrx_word' id='word_1_110' title='bbox 1571 1266 1741 1350; x_wconf 87' lang='lat' dir='ltr'><strong>spurcissi-</strong></span> 
     </span>
     <span class='ocr_line' id='line_1_10' title="bbox 183 1366 1740 1451; baseline 0.002 -22"><span class='ocrx_word' id='word_1_111' title='bbox 183 1367 329 1448; x_wconf 88' lang='lat' dir='ltr'><strong>quotidie</strong></span> <span class='ocrx_word' id='word_1_112' title='bbox 350 1366 453 1431; x_wconf 89' lang='lat' dir='ltr'><strong>lieret.</strong></span> <span class='ocrx_word' id='word_1_113' title='bbox 475 1366 540 1431; x_wconf 87' lang='lat' dir='ltr'><strong>Neo</strong></span> <span class='ocrx_word' id='word_1_114' title='bbox 561 1375 611 1430; x_wconf 88' lang='lat' dir='ltr'><strong>est</strong></span> <span class='ocrx_word' id='word_1_115' title='bbox 631 1366 824 1429; x_wconf 86' lang='lat' dir='ltr'><strong>eredendum</strong></span> <span class='ocrx_word' id='word_1_116' title='bbox 850 1366 935 1448; x_wconf 89' lang='lat' dir='ltr'><strong>quod</strong></span> <span class='ocrx_word' id='word_1_117' title='bbox 992 1388 1074 1447; x_wconf 90' lang='lat' dir='ltr'><strong>mus,</strong></span> <span class='ocrx_word' id='word_1_118' title='bbox 1100 1369 1338 1451; x_wconf 82' lang='lat' dir='ltr'><strong>impurissimus</strong></span> <span class='ocrx_word' id='word_1_119' title='bbox 1361 1388 1398 1433; x_wconf 91' lang='lat' dir='ltr'><strong>ao</strong></span> <span class='ocrx_word' id='word_1_120' title='bbox 1426 1367 1670 1431; x_wconf 77' lang='lat' dir='ltr'><strong>bestialissimus</strong></span> <span class='ocrx_word' id='word_1_121' title='bbox 1695 1367 1740 1432; x_wconf 91' lang='lat' dir='ltr'><strong>lo·</strong></span> 
     </span>
     <span class='ocr_line' id='line_1_11' title="bbox 184 1464 1524 1551; baseline -0.001 -24"><span class='ocrx_word' id='word_1_122' title='bbox 184 1464 252 1529; x_wconf 82' lang='lat' dir='ltr'><strong>Noe</strong></span> <span class='ocrx_word' id='word_1_123' title='bbox 266 1473 298 1527; x_wconf 91' lang='lat' dir='ltr'><strong>et</strong></span> <span class='ocrx_word' id='word_1_124' title='bbox 312 1464 497 1529; x_wconf 83' lang='lat' dir='ltr'><strong>exsistentes</strong></span> <span class='ocrx_word' id='word_1_125' title='bbox 512 1484 586 1528; x_wconf 88' lang='lat' dir='ltr'><strong>cum</strong></span> <span class='ocrx_word' id='word_1_126' title='bbox 600 1484 650 1545; x_wconf 90' lang='lat' dir='ltr'><strong>eo,</strong></span> <span class='ocrx_word' id='word_1_127' title='bbox 666 1464 840 1529; x_wconf 89' lang='lat' dir='ltr'><strong>timuerunt</strong></span> <span class='ocrx_word' id='word_1_128' title='bbox 854 1464 936 1547; x_wconf 91' lang='lat' dir='ltr'><strong>peri·</strong></span> <span class='ocrx_word' id='word_1_129' title='bbox 991 1488 1059 1549; x_wconf 80' lang='lat' dir='ltr'><strong>cus,</strong></span> <span class='ocrx_word' id='word_1_130' title='bbox 1076 1467 1289 1551; x_wconf 84' lang='lat' dir='ltr'><strong>prostibulum</strong></span> <span class='ocrx_word' id='word_1_131' title='bbox 1310 1487 1347 1532; x_wconf 85' lang='lat' dir='ltr'><strong>ao</strong></span> <span class='ocrx_word' id='word_1_132' title='bbox 1369 1469 1524 1549; x_wconf 77' lang='lat' dir='ltr'><strong>lupanari</strong></span> 
     </span>
    </p>

    <p class='ocr_par' dir='ltr' id='par_1_3' title="bbox 185 1562 936 1646">
     <span class='ocr_line' id='line_1_12' title="bbox 185 1562 936 1646; baseline -0.003 -19"><span class='ocrx_word' id='word_1_133' title='bbox 185 1564 292 1627; x_wconf 80' lang='lat' dir='ltr'><strong>aliteri</strong></span> <span class='ocrx_word' id='word_1_134' title='bbox 307 1563 341 1627; x_wconf 93' lang='lat' dir='ltr'><strong>in</strong></span> <span class='ocrx_word' id='word_1_135' title='bbox 355 1583 429 1627; x_wconf 83' lang='lat' dir='ltr'><strong>area</strong></span> <span class='ocrx_word' id='word_1_136' title='bbox 443 1583 481 1627; x_wconf 84' lang='lat' dir='ltr'><strong>ex</strong></span> <span class='ocrx_word' id='word_1_137' title='bbox 495 1563 566 1645; x_wconf 85' lang='lat' dir='ltr'><strong>ejus</strong></span> <span class='ocrx_word' id='word_1_138' title='bbox 587 1582 787 1646; x_wconf 87' lang='lat' dir='ltr'><strong>quacumque</strong></span> <span class='ocrx_word' id='word_1_139' title='bbox 804 1562 936 1627; x_wconf 86' lang='lat' dir='ltr'><strong>inelina-</strong></span> 
     </span>
    </p>
   </div>
   <div class='ocr_carea' id='block_1_3' title="bbox 184 1661 1549 1844">
    <p class='ocr_par' dir='ltr' id='par_1_4' title="bbox 184 1661 1549 1844">
     <span class='ocr_line' id='line_1_13' title="bbox 184 1661 936 1745; baseline -0.004 -19"><span class='ocrx_word' id='word_1_140' title='bbox 184 1663 284 1743; x_wconf 85' lang='lat' dir='ltr'><strong>tione,</strong></span> <span class='ocrx_word' id='word_1_141' title='bbox 314 1662 389 1745; x_wconf 91' lang='lat' dir='ltr'><strong>quia</strong></span> <span class='ocrx_word' id='word_1_142' title='bbox 416 1662 572 1725; x_wconf 89' lang='lat' dir='ltr'><strong>divinitus</strong></span> <span class='ocrx_word' id='word_1_143' title='bbox 601 1661 771 1727; x_wconf 80' lang='lat' dir='ltr'><strong>certificati</strong></span> <span class='ocrx_word' id='word_1_144' title='bbox 805 1662 936 1725; x_wconf 89' lang='lat' dir='ltr'><strong>luerunt</strong></span> 
     </span>
     <span class='ocr_line' id='line_1_14' title="bbox 184 1741 1549 1844; baseline -0.001 -19"><span class='ocrx_word' id='word_1_145' title='bbox 184 1763 225 1826; x_wconf 93' lang='lat' dir='ltr'><strong>de</strong></span> <span class='ocrx_word' id='word_1_146' title='bbox 249 1782 307 1825; x_wconf 89' lang='lat' dir='ltr'><strong>sua</strong></span> <span class='ocrx_word' id='word_1_147' title='bbox 330 1760 576 1844; x_wconf 78' lang='lat' dir='ltr'><strong>preservatione</strong></span> <span class='ocrx_word' id='word_1_148' title='bbox 600 1760 645 1824; x_wconf 87' lang='lat' dir='ltr'><strong>ibi</strong></span> <span class='ocrx_word' id='word_1_149' title='bbox 670 1760 710 1824; x_wconf 90' lang='lat' dir='ltr'><strong>ab</strong></span> <span class='ocrx_word' id='word_1_150' title='bbox 735 1759 823 1824; x_wconf 89' lang='lat' dir='ltr'><strong>omni</strong></span> <span class='ocrx_word' id='word_1_151' title='bbox 853 1760 976 1842; x_wconf 88' lang='lat' dir='ltr'><strong>peri-B</strong></span> <span class='ocrx_word' id='word_1_152' title='bbox 1185 1741 1430 1807; x_wconf 69' lang='lat' dir='ltr'>ARTICULUS</span> <span class='ocrx_word' id='word_1_153' title='bbox 1454 1741 1549 1828; x_wconf 74' lang='lat' dir='ltr'><strong>XIII,-</strong></span> 
     </span>
    </p>
   </div>
   <div class='ocr_carea' id='block_1_4' title="bbox 106 1860 1752 5286">
    <p class='ocr_par' dir='ltr' id='par_1_5' title="bbox 106 1860 1752 5286">
     <span class='ocr_line' id='line_1_15' title="bbox 184 1860 1683 1958; baseline -0.003 -12"><span class='ocrx_word' id='word_1_154' title='bbox 184 1860 270 1925; x_wconf 74' lang='lat'><strong>⁰⁰¹⁰·</strong></span> <span class='ocrx_word' id='word_1_155' title='bbox 1052 1883 1227 1958; x_wconf 78' lang='lat' dir='ltr'><strong>Responsio</strong></span> <span class='ocrx_word' id='word_1_156' title='bbox 1242 1882 1407 1943; x_wconf 86' lang='lat' dir='ltr'><strong>Mabomet</strong></span> <span class='ocrx_word' id='word_1_157' title='bbox 1424 1900 1486 1941; x_wconf 90' lang='lat' dir='ltr'><strong>cur</strong></span> <span class='ocrx_word' id='word_1_158' title='bbox 1498 1890 1595 1957; x_wconf 88' lang='lat' dir='ltr'><strong>potus</strong></span> <span class='ocrx_word' id='word_1_159' title='bbox 1609 1882 1683 1943; x_wconf 87' lang='lat' dir='ltr'><strong>vini</strong></span> 
     </span>
     <span class='ocr_line' id='line_1_16' title="bbox 226 1958 1526 2042; baseline -0.003 -21"><span class='ocrx_word' id='word_1_160' title='bbox 226 1958 374 2042; x_wconf 65' lang='lat' dir='ltr'><strong>sequitui*</strong></span> <span class='ocrx_word' id='word_1_161' title='bbox 390 1982 398 2021; x_wconf 86' lang='lat'>:</span> <span class='ocrx_word' id='word_1_162' title='bbox 416 1962 506 2030; x_wconf 65' lang='grc' dir='ltr'><strong>ΟΜ,</strong></span> <span class='ocrx_word' id='word_1_163' title='bbox 523 1958 646 2022; x_wconf 67' lang='lat' dir='ltr'><strong>Scilicet</strong></span> <span class='ocrx_word' id='word_1_164' title='bbox 660 1978 725 2037; x_wconf 78' lang='lat' dir='ltr'><strong>sua,</strong></span> <span class='ocrx_word' id='word_1_165' title='bbox 737 1980 839 2039; x_wconf 71' lang='lat' dir='ltr'><strong>quum</strong></span> <span class='ocrx_word' id='word_1_166' title='bbox 849 1980 937 2019; x_wconf 77' lang='lat' dir='ltr'><strong>mas·</strong></span> <span class='ocrx_word' id='word_1_167' title='bbox 1209 1972 1252 2031; x_wconf 67' lang='lat' dir='ltr'><strong>sic</strong></span> <span class='ocrx_word' id='word_1_168' title='bbox 1269 1973 1361 2031; x_wconf 76' lang='lat' dir='ltr'><strong>modo</strong></span> <span class='ocrx_word' id='word_1_169' title='bbox 1376 1971 1526 2032; x_wconf 57' lang='lat' dir='ltr'><strong>illidius.</strong></span> 
     </span>
     <span class='ocr_line' id='line_1_17' title="bbox 184 2059 937 2135; baseline -0.003 -16"><span class='ocrx_word' id='word_1_170' title='bbox 184 2080 255 2119; x_wconf 88' lang='lat' dir='ltr'><strong>sam</strong></span> <span class='ocrx_word' id='word_1_171' title='bbox 284 2078 409 2119; x_wconf 87' lang='lat' dir='ltr'><strong>omnem</strong></span> <span class='ocrx_word' id='word_1_172' title='bbox 438 2059 652 2135; x_wconf 85' lang='lat' dir='ltr'><strong>disperqeret,</strong></span> <span class='ocrx_word' id='word_1_173' title='bbox 677 2067 861 2135; x_wconf 87' lang='lat' dir='ltr'><strong>conceptum</strong></span> <span class='ocrx_word' id='word_1_174' title='bbox 887 2060 937 2117; x_wconf 91' lang='lat' dir='ltr'><strong>in-</strong></span> 
     </span>
     <span class='ocr_line' id='line_1_18' title="bbox 185 2156 1744 2237; baseline 0.002 -19"><span class='ocrx_word' id='word_1_175' title='bbox 185 2159 287 2219; x_wconf 82' lang='lat' dir='ltr'><strong>suetis</strong></span> <span class='ocrx_word' id='word_1_176' title='bbox 307 2158 447 2217; x_wconf 85' lang='lat' dir='ltr'><strong>naribus</strong></span> <span class='ocrx_word' id='word_1_177' title='bbox 467 2157 573 2217; x_wconf 79' lang='lat' dir='ltr'><strong>edidit</strong></span> <span class='ocrx_word' id='word_1_178' title='bbox 588 2176 715 2217; x_wconf 87' lang='lat' dir='ltr'><strong>murem</strong></span> <span class='ocrx_word' id='word_1_179' title='bbox 731 2176 742 2215; x_wconf 93' lang='lat'><strong>.·</strong></span> <span class='ocrx_word' id='word_1_180' title='bbox 757 2158 816 2235; x_wconf 89' lang='lat' dir='ltr'><strong>qui</strong></span> <span class='ocrx_word' id='word_1_181' title='bbox 836 2176 937 2237; x_wconf 87' lang='lat' dir='ltr'><strong>quum</strong></span> <span class='ocrx_word' id='word_1_182' title='bbox 1063 2161 1113 2220; x_wconf 83' lang='lat' dir='ltr'><strong>IT</strong></span> <span class='ocrx_word' id='word_1_183' title='bbox 1124 2156 1239 2220; x_wconf 84' lang='lat' dir='ltr'><strong>Abdias</strong></span> <span class='ocrx_word' id='word_1_184' title='bbox 1255 2157 1380 2220; x_wconf 72' lang='lat' dir='ltr'><strong>iudaeus</strong></span> <span class='ocrx_word' id='word_1_185' title='bbox 1397 2160 1523 2227; x_wconf 85' lang='lat' dir='ltr'><strong>:Quum</strong></span> <span class='ocrx_word' id='word_1_186' title='bbox 1538 2161 1573 2219; x_wconf 90' lang='lat' dir='ltr'><strong>in</strong></span> <span class='ocrx_word' id='word_1_187' title='bbox 1585 2161 1744 2236; x_wconf 85' lang='lat' dir='ltr'><strong>paradiso</strong></span> 
     </span>
     <span class='ocr_line' id='line_1_19' title="bbox 186 2254 1745 2337; baseline 0.003 -24"><span class='ocrx_word' id='word_1_188' title='bbox 186 2256 315 2314; x_wconf 87' lang='lat' dir='ltr'><strong>tabutas</strong></span> <span class='ocrx_word' id='word_1_189' title='bbox 331 2255 470 2321; x_wconf 88' lang='lat' dir='ltr'><strong>roderet,</strong></span> <span class='ocrx_word' id='word_1_190' title='bbox 485 2256 630 2313; x_wconf 85' lang='lat' dir='ltr'><strong>cartsulto</strong></span> <span class='ocrx_word' id='word_1_191' title='bbox 644 2254 796 2322; x_wconf 88' lang='lat' dir='ltr'><strong>Domino,</strong></span> <span class='ocrx_word' id='word_1_192' title='bbox 808 2270 938 2328; x_wconf 87' lang='lat' dir='ltr'><strong>percus·</strong></span> <span class='ocrx_word' id='word_1_193' title='bbox 1077 2258 1193 2317; x_wconf 87' lang='lat' dir='ltr'><strong>vinum</strong></span> <span class='ocrx_word' id='word_1_194' title='bbox 1207 2276 1273 2317; x_wconf 90' lang='lat' dir='ltr'><strong>esse</strong></span> <span class='ocrx_word' id='word_1_195' title='bbox 1286 2258 1463 2327; x_wconf 82' lang='lat' dir='ltr'><strong>describas,</strong></span> <span class='ocrx_word' id='word_1_196' title='bbox 1478 2259 1562 2337; x_wconf 90' lang='lat' dir='ltr'><strong>quid</strong></span> <span class='ocrx_word' id='word_1_197' title='bbox 1574 2260 1682 2333; x_wconf 84' lang='lat' dir='ltr'><strong>operis</strong></span> <span class='ocrx_word' id='word_1_198' title='bbox 1696 2260 1745 2317; x_wconf 88' lang='lat' dir='ltr'><strong>ibi</strong></span> 
     </span>
     <span class='ocr_line' id='line_1_20' title="bbox 185 2352 1742 2428; baseline 0.003 -16"><span class='ocrx_word' id='word_1_199' title='bbox 185 2356 228 2413; x_wconf 88' lang='lat' dir='ltr'><strong>sil</strong></span> <span class='ocrx_word' id='word_1_200' title='bbox 241 2362 339 2428; x_wconf 85' lang='lat' dir='ltr'><strong>pater</strong></span> <span class='ocrx_word' id='word_1_201' title='bbox 353 2352 422 2413; x_wconf 90' lang='lat' dir='ltr'><strong>Nae</strong></span> <span class='ocrx_word' id='word_1_202' title='bbox 437 2353 559 2411; x_wconf 85' lang='lat' dir='ltr'><strong>leonem</strong></span> <span class='ocrx_word' id='word_1_203' title='bbox 574 2352 611 2410; x_wconf 91' lang='lat' dir='ltr'><strong>in</strong></span> <span class='ocrx_word' id='word_1_204' title='bbox 624 2353 744 2428; x_wconf 81' lang='lat' dir='ltr'><strong>fronte.</strong></span> <span class='ocrx_word' id='word_1_205' title='bbox 761 2353 939 2413; x_wconf 79' lang='lat' dir='ltr'><strong>Percussus</strong></span> <span class='ocrx_word' id='word_1_206' title='bbox 993 2356 1099 2426; x_wconf 82' lang='lat' dir='ltr'><strong>babet,</strong></span> <span class='ocrx_word' id='word_1_207' title='bbox 1118 2356 1149 2415; x_wconf 89' lang='lat' dir='ltr'><strong>si</strong></span> <span class='ocrx_word' id='word_1_208' title='bbox 1174 2357 1287 2415; x_wconf 86' lang='lat' dir='ltr'><strong>oin-um</strong></span> <span class='ocrx_word' id='word_1_209' title='bbox 1311 2355 1465 2415; x_wconf 83' lang='lat' dir='ltr'><strong>illicitum</strong></span> <span class='ocrx_word' id='word_1_210' title='bbox 1480 2356 1553 2415; x_wconf 85' lang='lat' dir='ltr'><strong>est?</strong></span> <span class='ocrx_word' id='word_1_211' title='bbox 1570 2356 1612 2418; x_wconf 86' lang='lat' dir='ltr'><strong>Si</strong></span> <span class='ocrx_word' id='word_1_212' title='bbox 1634 2366 1742 2417; x_wconf 88' lang='lat' dir='ltr'><strong>autem</strong></span> 
     </span>
     <span class='ocr_line' id='line_1_21' title="bbox 186 2451 1745 2529; baseline 0.001 -17"><span class='ocrx_word' id='word_1_213' title='bbox 186 2456 232 2512; x_wconf 89' lang='lat' dir='ltr'><strong>leo</strong></span> <span class='ocrx_word' id='word_1_214' title='bbox 246 2451 790 2525; x_wconf 77' lang='lat' dir='ltr'><strong>concitus,flamineanniocattum</strong></span> <span class='ocrx_word' id='word_1_215' title='bbox 801 2451 940 2509; x_wconf 89' lang='lat' dir='ltr'><strong>naribus</strong></span> <span class='ocrx_word' id='word_1_216' title='bbox 993 2454 1135 2523; x_wconf 87' lang='lat' dir='ltr'><strong>licitum,</strong></span> <span class='ocrx_word' id='word_1_217' title='bbox 1156 2472 1218 2512; x_wconf 92' lang='lat' dir='ltr'><strong>cur</strong></span> <span class='ocrx_word' id='word_1_218' title='bbox 1242 2455 1280 2513; x_wconf 92' lang='lat' dir='ltr'><strong>in</strong></span> <span class='ocrx_word' id='word_1_219' title='bbox 1303 2454 1362 2512; x_wconf 85' lang='lat' dir='ltr'><strong>boc</strong></span> <span class='ocrx_word' id='word_1_220' title='bbox 1383 2456 1500 2513; x_wconf 86' lang='lat' dir='ltr'><strong>saeculo</strong></span> <span class='ocrx_word' id='word_1_221' title='bbox 1520 2453 1673 2529; x_wconf 74' lang='lat' dir='ltr'><strong>prohibes</strong></span> <span class='ocrx_word' id='word_1_222' title='bbox 1697 2455 1745 2513; x_wconf 86' lang='lat' dir='ltr'><strong>ni-</strong></span> 
     </span>
     <span class='ocr_line' id='line_1_22' title="bbox 186 2545 1745 2631; baseline 0.003 -22"><span class='ocrx_word' id='word_1_223' title='bbox 186 2552 290 2627; x_wconf 83' lang='lat' dir='ltr'><strong>ejecit.</strong></span> <span class='ocrx_word' id='word_1_224' title='bbox 313 2547 337 2610; x_wconf 91' lang='grc'>0</span> <span class='ocrx_word' id='word_1_225' title='bbox 358 2566 453 2629; x_wconf 91' lang='lat' dir='ltr'><strong>quam</strong></span> <span class='ocrx_word' id='word_1_226' title='bbox 476 2546 571 2609; x_wconf 88' lang='lat' dir='ltr'><strong>stulta</strong></span> <span class='ocrx_word' id='word_1_227' title='bbox 592 2555 625 2609; x_wconf 89' lang='lat' dir='ltr'><strong>et</strong></span> <span class='ocrx_word' id='word_1_228' title='bbox 648 2545 729 2610; x_wconf 81' lang='lat' dir='ltr'><strong>falsa</strong></span> <span class='ocrx_word' id='word_1_229' title='bbox 751 2554 825 2610; x_wconf 92' lang='lat' dir='ltr'><strong>sunt</strong></span> <span class='ocrx_word' id='word_1_230' title='bbox 848 2546 936 2611; x_wconf 82' lang='lat' dir='ltr'><strong>heeel</strong></span> <span class='ocrx_word' id='word_1_231' title='bbox 993 2570 1071 2611; x_wconf 90' lang='lat' dir='ltr'><strong>num</strong></span> <span class='ocrx_word' id='word_1_232' title='bbox 1085 2552 1289 2627; x_wconf 78' lang='lat' dir='ltr'><strong>iltespondit</strong></span> <span class='ocrx_word' id='word_1_233' title='bbox 1304 2572 1315 2611; x_wconf 94' lang='grc'><strong>.·</strong></span> <span class='ocrx_word' id='word_1_234' title='bbox 1332 2554 1409 2613; x_wconf 83' lang='lat' dir='ltr'><strong>Tam</strong></span> <span class='ocrx_word' id='word_1_235' title='bbox 1425 2560 1544 2628; x_wconf 83' lang='lat' dir='ltr'><strong>arqute</strong></span> <span class='ocrx_word' id='word_1_236' title='bbox 1558 2553 1692 2631; x_wconf 74' lang='lat' dir='ltr'><strong>queris,</strong></span> <span class='ocrx_word' id='word_1_237' title='bbox 1707 2561 1745 2613; x_wconf 88' lang='lat' dir='ltr'><strong>ut</strong></span> 
     </span>
     <span class='ocr_line' id='line_1_23' title="bbox 188 2644 1745 2729; baseline 0.001 -19"><span class='ocrx_word' id='word_1_238' title='bbox 188 2647 297 2729; x_wconf 81' lang='lat' dir='ltr'><strong>Neque</strong></span> <span class='ocrx_word' id='word_1_239' title='bbox 312 2645 380 2709; x_wconf 75' lang='lat' dir='ltr'><strong>hare</strong></span> <span class='ocrx_word' id='word_1_240' title='bbox 401 2644 587 2708; x_wconf 88' lang='lat' dir='ltr'><strong>naturaliter</strong></span> <span class='ocrx_word' id='word_1_241' title='bbox 608 2644 679 2708; x_wconf 80' lang='lat' dir='ltr'><strong>fieri</strong></span> <span class='ocrx_word' id='word_1_242' title='bbox 696 2652 862 2727; x_wconf 82' lang='lat' dir='ltr'><strong>poterant3</strong></span> <span class='ocrx_word' id='word_1_243' title='bbox 878 2664 938 2708; x_wconf 84' lang='lat' dir='ltr'><strong>nec</strong></span> <span class='ocrx_word' id='word_1_244' title='bbox 993 2668 1061 2709; x_wconf 89' lang='lat' dir='ltr'><strong>una</strong></span> <span class='ocrx_word' id='word_1_245' title='bbox 1089 2651 1346 2727; x_wconf 84' lang='lat' dir='ltr'><strong>interroqatione</strong></span> <span class='ocrx_word' id='word_1_246' title='bbox 1370 2651 1536 2727; x_wconf 86' lang='lat' dir='ltr'><strong>qeminam</strong></span> <span class='ocrx_word' id='word_1_247' title='bbox 1565 2651 1745 2711; x_wconf 88' lang='lat' dir='ltr'><strong>necessario</strong></span> 
     </span>
     <span class='ocr_line' id='line_1_24' title="bbox 188 2743 1745 2828; baseline -0.001 -20"><span class='ocrx_word' id='word_1_248' title='bbox 188 2748 269 2809; x_wconf 84' lang='lat' dir='ltr'><strong>Deus</strong></span> <span class='ocrx_word' id='word_1_249' title='bbox 284 2765 322 2809; x_wconf 88' lang='lat' dir='ltr'><strong>ea</strong></span> <span class='ocrx_word' id='word_1_250' title='bbox 341 2745 411 2807; x_wconf 92' lang='lat' dir='ltr'><strong>sine</strong></span> <span class='ocrx_word' id='word_1_251' title='bbox 431 2743 612 2808; x_wconf 89' lang='lat' dir='ltr'><strong>rationabili</strong></span> <span class='ocrx_word' id='word_1_252' title='bbox 635 2764 731 2807; x_wconf 89' lang='lat' dir='ltr'><strong>causa</strong></span> <span class='ocrx_word' id='word_1_253' title='bbox 755 2745 801 2807; x_wconf 88' lang='lat' dir='ltr'><strong>sic</strong></span> <span class='ocrx_word' id='word_1_254' title='bbox 829 2764 938 2826; x_wconf 89' lang='lat' dir='ltr'><strong>super·</strong></span> <span class='ocrx_word' id='word_1_255' title='bbox 994 2749 1232 2823; x_wconf 81' lang='lat' dir='ltr'><strong>responsionem</strong></span> <span class='ocrx_word' id='word_1_256' title='bbox 1251 2758 1453 2827; x_wconf 67' lang='lat' dir='ltr'><strong>extorqueas.</strong></span> <span class='ocrx_word' id='word_1_257' title='bbox 1475 2751 1656 2828; x_wconf 80' lang='lat' dir='ltr'><strong>Utrumque</strong></span> <span class='ocrx_word' id='word_1_258' title='bbox 1669 2768 1745 2825; x_wconf 82' lang='lat' dir='ltr'><strong>erqo</strong></span> 
     </span>
     <span class='ocr_line' id='line_1_25' title="bbox 188 2842 1746 2925; baseline -0.001 -18"><span class='ocrx_word' id='word_1_259' title='bbox 188 2843 374 2907; x_wconf 82' lang='lat' dir='ltr'><strong>naturaliter</strong></span> <span class='ocrx_word' id='word_1_260' title='bbox 397 2842 476 2905; x_wconf 82' lang='lat' dir='ltr'><strong>lecit</strong></span> <span class='ocrx_word' id='word_1_261' title='bbox 492 2866 498 2904; x_wconf 93' lang='lat'><strong>:</strong></span> <span class='ocrx_word' id='word_1_262' title='bbox 515 2843 590 2925; x_wconf 89' lang='lat' dir='ltr'><strong>quia</strong></span> <span class='ocrx_word' id='word_1_263' title='bbox 613 2851 645 2905; x_wconf 90' lang='lat' dir='ltr'><strong>et</strong></span> <span class='ocrx_word' id='word_1_264' title='bbox 669 2844 743 2905; x_wconf 84' lang='lat' dir='ltr'><strong>catti</strong></span> <span class='ocrx_word' id='word_1_265' title='bbox 770 2862 806 2905; x_wconf 85' lang='lat' dir='ltr'><strong>aa</strong></span> <span class='ocrx_word' id='word_1_266' title='bbox 831 2862 938 2905; x_wconf 85' lang='lat' dir='ltr'><strong>mures</strong></span> <span class='ocrx_word' id='word_1_267' title='bbox 993 2864 1165 2921; x_wconf 79' lang='lat' dir='ltr'><strong>eaponam,</strong></span> <span class='ocrx_word' id='word_1_268' title='bbox 1180 2855 1210 2905; x_wconf 90' lang='lat' dir='ltr'><strong>et</strong></span> <span class='ocrx_word' id='word_1_269' title='bbox 1230 2846 1301 2905; x_wconf 85' lang='lat' dir='ltr'><strong>illic</strong></span> <span class='ocrx_word' id='word_1_270' title='bbox 1316 2866 1380 2905; x_wconf 91' lang='lat' dir='ltr'><strong>esse</strong></span> <span class='ocrx_word' id='word_1_271' title='bbox 1395 2848 1536 2917; x_wconf 88' lang='lat' dir='ltr'><strong>licitum,</strong></span> <span class='ocrx_word' id='word_1_272' title='bbox 1551 2855 1581 2905; x_wconf 93' lang='lat' dir='ltr'><strong>et</strong></span> <span class='ocrx_word' id='word_1_273' title='bbox 1603 2848 1658 2906; x_wconf 82' lang='lat' dir='ltr'><strong>bic</strong></span> <span class='ocrx_word' id='word_1_274' title='bbox 1677 2848 1746 2905; x_wconf 88' lang='lat' dir='ltr'><strong>ilti-</strong></span> 
     </span>
     <span class='ocr_line' id='line_1_26' title="bbox 189 2940 1744 3021; baseline 0 -17"><span class='ocrx_word' id='word_1_275' title='bbox 189 2942 354 3005; x_wconf 84' lang='lat' dir='ltr'><strong>individua</strong></span> <span class='ocrx_word' id='word_1_276' title='bbox 372 2948 471 3007; x_wconf 68' lang='lat' dir='ltr'><strong>,erant</strong></span> <span class='ocrx_word' id='word_1_277' title='bbox 500 2940 531 3002; x_wconf 87' lang='lat' dir='ltr'><strong>in</strong></span> <span class='ocrx_word' id='word_1_278' title='bbox 561 2960 667 3003; x_wconf 85' lang='lat' dir='ltr'><strong>arcam</strong></span> <span class='ocrx_word' id='word_1_279' title='bbox 698 2940 842 3003; x_wconf 84' lang='lat' dir='ltr'><strong>adducta.</strong></span> <span class='ocrx_word' id='word_1_280' title='bbox 873 2940 937 3003; x_wconf 81' lang='lat' dir='ltr'><strong>Nea</strong></span> <span class='ocrx_word' id='word_1_281' title='bbox 955 2942 976 3007; x_wconf 86' lang='lat' dir='ltr'>C</span> <span class='ocrx_word' id='word_1_282' title='bbox 992 2946 1223 3006; x_wconf 80' lang='lat' dir='ltr'><strong>citum.Erant</strong></span> <span class='ocrx_word' id='word_1_283' title='bbox 1233 2946 1321 3004; x_wconf 86' lang='lat' dir='ltr'><strong>enim</strong></span> <span class='ocrx_word' id='word_1_284' title='bbox 1336 2946 1447 3021; x_wconf 84' lang='lat' dir='ltr'><strong>anqeli</strong></span> <span class='ocrx_word' id='word_1_285' title='bbox 1455 2945 1518 3005; x_wconf 88' lang='lat' dir='ltr'><strong>Dei</strong></span> <span class='ocrx_word' id='word_1_286' title='bbox 1530 2946 1744 3014; x_wconf 82' lang='lat' dir='ltr'><strong>duo,Harotb</strong></span> 
     </span>
     <span class='ocr_line' id='line_1_27' title="bbox 187 3038 1742 3122; baseline -0.001 -19"><span class='ocrx_word' id='word_1_287' title='bbox 187 3041 295 3122; x_wconf 91' lang='lat' dir='ltr'><strong>aliquo</strong></span> <span class='ocrx_word' id='word_1_288' title='bbox 310 3040 404 3103; x_wconf 92' lang='lat' dir='ltr'><strong>modo</strong></span> <span class='ocrx_word' id='word_1_289' title='bbox 419 3040 594 3121; x_wconf 89' lang='lat' dir='ltr'><strong>putandum</strong></span> <span class='ocrx_word' id='word_1_290' title='bbox 616 3039 700 3121; x_wconf 92' lang='lat' dir='ltr'><strong>quod</strong></span> <span class='ocrx_word' id='word_1_291' title='bbox 716 3058 788 3101; x_wconf 91' lang='lat' dir='ltr'><strong>mus</strong></span> <span class='ocrx_word' id='word_1_292' title='bbox 809 3038 841 3101; x_wconf 90' lang='lat' dir='ltr'><strong>in</strong></span> <span class='ocrx_word' id='word_1_293' title='bbox 864 3058 938 3101; x_wconf 89' lang='lat' dir='ltr'><strong>arca</strong></span> <span class='ocrx_word' id='word_1_294' title='bbox 993 3051 1023 3102; x_wconf 89' lang='lat' dir='ltr'><strong>et</strong></span> <span class='ocrx_word' id='word_1_295' title='bbox 1043 3044 1187 3113; x_wconf 82' lang='lat' dir='ltr'><strong>Marotlr,</strong></span> <span class='ocrx_word' id='word_1_296' title='bbox 1203 3044 1297 3102; x_wconf 87' lang='lat' dir='ltr'><strong>missi</strong></span> <span class='ocrx_word' id='word_1_297' title='bbox 1314 3045 1392 3101; x_wconf 89' lang='lat' dir='ltr'><strong>olim</strong></span> <span class='ocrx_word' id='word_1_298' title='bbox 1410 3062 1431 3100; x_wconf 92' lang='lat' dir='ltr'><strong>a</strong></span> <span class='ocrx_word' id='word_1_299' title='bbox 1451 3046 1517 3104; x_wconf 88' lang='lat' dir='ltr'><strong>Deo</strong></span> <span class='ocrx_word' id='word_1_300' title='bbox 1538 3044 1578 3102; x_wconf 89' lang='lat' dir='ltr'><strong>de</strong></span> <span class='ocrx_word' id='word_1_301' title='bbox 1599 3044 1687 3102; x_wconf 81' lang='lat' dir='ltr'><strong>coelis</strong></span> <span class='ocrx_word' id='word_1_302' title='bbox 1706 3043 1742 3102; x_wconf 89' lang='lat' dir='ltr'><strong>in</strong></span> 
     </span>
     <span class='ocr_line' id='line_1_28' title="bbox 189 3139 1746 3221; baseline -0.001 -17"><span class='ocrx_word' id='word_1_303' title='bbox 189 3141 328 3204; x_wconf 85' lang='lat' dir='ltr'><strong>tabulam</strong></span> <span class='ocrx_word' id='word_1_304' title='bbox 356 3157 590 3221; x_wconf 85' lang='lat' dir='ltr'><strong>quamcumque</strong></span> <span class='ocrx_word' id='word_1_305' title='bbox 619 3139 730 3202; x_wconf 84' lang='lat' dir='ltr'><strong>rodere</strong></span> <span class='ocrx_word' id='word_1_306' title='bbox 758 3139 935 3216; x_wconf 82' lang='lat' dir='ltr'><strong>attentavit,</strong></span> <span class='ocrx_word' id='word_1_307' title='bbox 993 3151 1130 3211; x_wconf 86' lang='lat' dir='ltr'><strong>terram,</strong></span> <span class='ocrx_word' id='word_1_308' title='bbox 1142 3143 1357 3219; x_wconf 86' lang='lat' dir='ltr'><strong>qubernando</strong></span> <span class='ocrx_word' id='word_1_309' title='bbox 1372 3150 1403 3201; x_wconf 87' lang='lat' dir='ltr'><strong>et</strong></span> <span class='ocrx_word' id='word_1_310' title='bbox 1424 3143 1746 3218; x_wconf 86' lang='lat' dir='ltr'><strong>instruendoqeneri</strong></span> 
     </span>
     <span class='ocr_line' id='line_1_29' title="bbox 189 3236 1743 3322; baseline -0.003 -19"><span class='ocrx_word' id='word_1_311' title='bbox 189 3259 285 3322; x_wconf 91' lang='lat' dir='ltr'><strong>quum</strong></span> <span class='ocrx_word' id='word_1_312' title='bbox 310 3258 370 3302; x_wconf 86' lang='lat' dir='ltr'><strong>neo</strong></span> <span class='ocrx_word' id='word_1_313' title='bbox 397 3237 533 3300; x_wconf 87' lang='lat' dir='ltr'><strong>immitia</strong></span> <span class='ocrx_word' id='word_1_314' title='bbox 559 3237 709 3299; x_wconf 86' lang='lat' dir='ltr'><strong>animalia</strong></span> <span class='ocrx_word' id='word_1_315' title='bbox 735 3256 768 3299; x_wconf 88' lang='lat' dir='ltr'><strong>se</strong></span> <span class='ocrx_word' id='word_1_316' title='bbox 797 3236 936 3300; x_wconf 86' lang='lat' dir='ltr'><strong>invicem</strong></span> <span class='ocrx_word' id='word_1_317' title='bbox 992 3242 1135 3300; x_wconf 84' lang='lat' dir='ltr'><strong>bumana</strong></span> <span class='ocrx_word' id='word_1_318' title='bbox 1160 3241 1290 3310; x_wconf 88' lang='lat' dir='ltr'><strong>tributi,</strong></span> <span class='ocrx_word' id='word_1_319' title='bbox 1306 3241 1358 3298; x_wconf 81' lang='lat' dir='ltr'><strong>bis</strong></span> <span class='ocrx_word' id='word_1_320' title='bbox 1381 3240 1581 3308; x_wconf 88' lang='lat' dir='ltr'><strong>interdictis,</strong></span> <span class='ocrx_word' id='word_1_321' title='bbox 1596 3259 1637 3298; x_wconf 87' lang='lat' dir='ltr'><strong>ne</strong></span> <span class='ocrx_word' id='word_1_322' title='bbox 1664 3241 1743 3299; x_wconf 90' lang='lat' dir='ltr'><strong>occi·</strong></span> 
     </span>
     <span class='ocr_line' id='line_1_30' title="bbox 190 3335 1745 3418; baseline -0.003 -16"><span class='ocrx_word' id='word_1_323' title='bbox 190 3337 328 3403; x_wconf 83' lang='lat' dir='ltr'><strong>laeserint</strong></span> <span class='ocrx_word' id='word_1_324' title='bbox 348 3361 355 3398; x_wconf 95' lang='lat'><strong>:</strong></span> <span class='ocrx_word' id='word_1_325' title='bbox 377 3337 417 3400; x_wconf 84' lang='lat' dir='ltr'><strong>ab</strong></span> <span class='ocrx_word' id='word_1_326' title='bbox 437 3335 561 3400; x_wconf 83' lang='lat' dir='ltr'><strong>actibus</strong></span> <span class='ocrx_word' id='word_1_327' title='bbox 584 3355 720 3418; x_wconf 89' lang='lat' dir='ltr'><strong>namque</strong></span> <span class='ocrx_word' id='word_1_328' title='bbox 743 3335 867 3400; x_wconf 86' lang='lat' dir='ltr'><strong>nocivis</strong></span> <span class='ocrx_word' id='word_1_329' title='bbox 890 3337 939 3398; x_wconf 93' lang='lat' dir='ltr'><strong>di·</strong></span> <span class='ocrx_word' id='word_1_330' title='bbox 992 3341 1121 3406; x_wconf 86' lang='lat' dir='ltr'><strong>darent,</strong></span> <span class='ocrx_word' id='word_1_331' title='bbox 1137 3357 1240 3416; x_wconf 89' lang='lat' dir='ltr'><strong>neque</strong></span> <span class='ocrx_word' id='word_1_332' title='bbox 1261 3338 1384 3414; x_wconf 87' lang='lat' dir='ltr'><strong>injuste</strong></span> <span class='ocrx_word' id='word_1_333' title='bbox 1398 3337 1607 3414; x_wconf 87' lang='lat' dir='ltr'><strong>judicarent,</strong></span> <span class='ocrx_word' id='word_1_334' title='bbox 1623 3357 1681 3397; x_wconf 90' lang='lat' dir='ltr'><strong>nec</strong></span> <span class='ocrx_word' id='word_1_335' title='bbox 1700 3339 1745 3396; x_wconf 86' lang='lat' dir='ltr'><strong>vi-</strong></span> 
     </span>
     <span class='ocr_line' id='line_1_31' title="bbox 190 3434 1745 3518; baseline -0.004 -17"><span class='ocrx_word' id='word_1_336' title='bbox 190 3438 265 3501; x_wconf 84' lang='lat' dir='ltr'><strong>vina</strong></span> <span class='ocrx_word' id='word_1_337' title='bbox 285 3435 571 3518; x_wconf 82' lang='lat' dir='ltr'><strong>compescebantur</strong></span> <span class='ocrx_word' id='word_1_338' title='bbox 591 3434 718 3498; x_wconf 89' lang='lat' dir='ltr'><strong>virtute.</strong></span> <span class='ocrx_word' id='word_1_339' title='bbox 993 3457 1072 3497; x_wconf 86' lang='lat' dir='ltr'><strong>nam</strong></span> <span class='ocrx_word' id='word_1_340' title='bbox 1098 3437 1254 3498; x_wconf 84' lang='lat' dir='ltr'><strong>biberent.</strong></span> <span class='ocrx_word' id='word_1_341' title='bbox 1271 3438 1378 3497; x_wconf 90' lang='lat' dir='ltr'><strong>Multo</strong></span> <span class='ocrx_word' id='word_1_342' title='bbox 1402 3437 1514 3514; x_wconf 90' lang='lat' dir='ltr'><strong>itaque</strong></span> <span class='ocrx_word' id='word_1_343' title='bbox 1538 3444 1680 3512; x_wconf 87' lang='lat' dir='ltr'><strong>tempore</strong></span> <span class='ocrx_word' id='word_1_344' title='bbox 1698 3437 1745 3496; x_wconf 88' lang='lat' dir='ltr'><strong>sic</strong></span> 
     </span>
     <span class='ocr_line' id='line_1_32' title="bbox 228 3535 1745 3614; baseline -0.005 -14"><span class='ocrx_word' id='word_1_345' title='bbox 228 3539 291 3600; x_wconf 86' lang='lat' dir='ltr'><strong>Dic</strong></span> <span class='ocrx_word' id='word_1_346' title='bbox 317 3537 347 3596; x_wconf 85' lang='lat' dir='ltr'><strong>si</strong></span> <span class='ocrx_word' id='word_1_347' title='bbox 374 3537 473 3596; x_wconf 87' lang='lat' dir='ltr'><strong>etiam</strong></span> <span class='ocrx_word' id='word_1_348' title='bbox 502 3535 696 3594; x_wconf 87' lang='lat' dir='ltr'><strong>mulieribus</strong></span> <span class='ocrx_word' id='word_1_349' title='bbox 720 3536 755 3594; x_wconf 90' lang='lat' dir='ltr'><strong>in</strong></span> <span class='ocrx_word' id='word_1_350' title='bbox 780 3536 938 3610; x_wconf 74' lang='lat' dir='ltr'><strong>paradiso</strong></span> <span class='ocrx_word' id='word_1_351' title='bbox 994 3536 1115 3604; x_wconf 84' lang='lat' dir='ltr'><strong>babilo,</strong></span> <span class='ocrx_word' id='word_1_352' title='bbox 1131 3555 1230 3614; x_wconf 87' lang='lat' dir='ltr'><strong>quum</strong></span> <span class='ocrx_word' id='word_1_353' title='bbox 1251 3535 1575 3611; x_wconf 84' lang='lat' dir='ltr'><strong>notijudicesessenl</strong></span> <span class='ocrx_word' id='word_1_354' title='bbox 1591 3535 1745 3594; x_wconf 86' lang='lat' dir='ltr'><strong>universo</strong></span> 
     </span>
     <span class='ocr_line' id='line_1_33' title="bbox 191 3633 1746 3712; baseline -0.004 -14"><span class='ocrx_word' id='word_1_355' title='bbox 191 3637 470 3704; x_wconf 81' lang='lat' dir='ltr'><strong>commisceantur,</strong></span> <span class='ocrx_word' id='word_1_356' title='bbox 485 3633 584 3712; x_wconf 84' lang='lat' dir='ltr'><strong>idque</strong></span> <span class='ocrx_word' id='word_1_357' title='bbox 598 3635 812 3702; x_wconf 86' lang='lat' dir='ltr'><strong>naturaliter,</strong></span> <span class='ocrx_word' id='word_1_358' title='bbox 828 3642 858 3692; x_wconf 91' lang='lat' dir='ltr'><strong>et</strong></span> <span class='ocrx_word' id='word_1_359' title='bbox 873 3653 938 3712; x_wconf 90' lang='lat' dir='ltr'><strong>qua</strong></span> <span class='ocrx_word' id='word_1_360' title='bbox 993 3635 1172 3704; x_wconf 85' lang='lat' dir='ltr'><strong>orbi,venit</strong></span> <span class='ocrx_word' id='word_1_361' title='bbox 1186 3635 1230 3692; x_wconf 89' lang='lat' dir='ltr'><strong>ad</strong></span> <span class='ocrx_word' id='word_1_362' title='bbox 1243 3652 1294 3691; x_wconf 88' lang='lat' dir='ltr'><strong>eos</strong></span> <span class='ocrx_word' id='word_1_363' title='bbox 1308 3634 1451 3711; x_wconf 86' lang='lat' dir='ltr'><strong>quadam</strong></span> <span class='ocrx_word' id='word_1_364' title='bbox 1465 3633 1520 3691; x_wconf 87' lang='lat' dir='ltr'><strong>die</strong></span> <span class='ocrx_word' id='word_1_365' title='bbox 1535 3633 1655 3692; x_wconf 88' lang='lat' dir='ltr'><strong>mulier</strong></span> <span class='ocrx_word' id='word_1_366' title='bbox 1674 3651 1746 3708; x_wconf 81' lang='lat' dir='ltr'><strong>proe</strong></span> 
     </span>
     <span class='ocr_line' id='line_1_34' title="bbox 194 3731 1744 3814; baseline -0.005 -17"><span class='ocrx_word' id='word_1_367' title='bbox 194 3740 267 3814; x_wconf 85' lang='lat' dir='ltr'><strong>leqe.</strong></span> <span class='ocrx_word' id='word_1_368' title='bbox 290 3734 469 3810; x_wconf 85' lang='lat' dir='ltr'><strong>Respondit</strong></span> <span class='ocrx_word' id='word_1_369' title='bbox 488 3752 499 3791; x_wconf 93' lang='lat'><strong>.·</strong></span> <span class='ocrx_word' id='word_1_370' title='bbox 518 3733 560 3794; x_wconf 88' lang='lat' dir='ltr'><strong>Si</strong></span> <span class='ocrx_word' id='word_1_371' title='bbox 586 3734 690 3791; x_wconf 88' lang='lat' dir='ltr'><strong>ullum</strong></span> <span class='ocrx_word' id='word_1_372' title='bbox 715 3733 939 3791; x_wconf 88' lang='lat' dir='ltr'><strong>oblectamenti</strong></span> <span class='ocrx_word' id='word_1_373' title='bbox 993 3733 1119 3796; x_wconf 84' lang='lat' dir='ltr'><strong>cunctis</strong></span> <span class='ocrx_word' id='word_1_374' title='bbox 1141 3732 1277 3808; x_wconf 76' lang='lat' dir='ltr'><strong>seminis</strong></span> <span class='ocrx_word' id='word_1_375' title='bbox 1299 3731 1481 3790; x_wconf 88' lang='lat' dir='ltr'><strong>omnimode</strong></span> <span class='ocrx_word' id='word_1_376' title='bbox 1504 3731 1744 3806; x_wconf 74' lang='lat' dir='ltr'><strong>pulcherrima,</strong></span> 
     </span>
     <span class='ocr_line' id='line_1_35' title="bbox 189 3830 1745 3912; baseline -0.003 -17"><span class='ocrx_word' id='word_1_377' title='bbox 189 3855 290 3912; x_wconf 77' lang='lat' dir='ltr'><strong>penus</strong></span> <span class='ocrx_word' id='word_1_378' title='bbox 313 3835 445 3900; x_wconf 86' lang='lat' dir='ltr'><strong>deesset,</strong></span> <span class='ocrx_word' id='word_1_379' title='bbox 469 3831 604 3890; x_wconf 89' lang='lat' dir='ltr'><strong>minime</strong></span> <span class='ocrx_word' id='word_1_380' title='bbox 627 3837 705 3889; x_wconf 88' lang='lat' dir='ltr'><strong>esset</strong></span> <span class='ocrx_word' id='word_1_381' title='bbox 723 3833 824 3906; x_wconf 87' lang='lat' dir='ltr'><strong>plena</strong></span> <span class='ocrx_word' id='word_1_382' title='bbox 853 3833 940 3889; x_wconf 87' lang='lat' dir='ltr'><strong>nolu·</strong></span> <span class='ocrx_word' id='word_1_383' title='bbox 995 3853 1126 3896; x_wconf 88' lang='lat' dir='ltr'><strong>causam</strong></span> <span class='ocrx_word' id='word_1_384' title='bbox 1141 3831 1261 3890; x_wconf 80' lang='lat' dir='ltr'><strong>tabens</strong></span> <span class='ocrx_word' id='word_1_385' title='bbox 1280 3831 1438 3888; x_wconf 86' lang='lat' dir='ltr'><strong>adversus</strong></span> <span class='ocrx_word' id='word_1_386' title='bbox 1459 3830 1619 3888; x_wconf 89' lang='lat' dir='ltr'><strong>maritum</strong></span> <span class='ocrx_word' id='word_1_387' title='bbox 1634 3848 1646 3887; x_wconf 91' lang='lat'><strong>.·</strong></span> <span class='ocrx_word' id='word_1_388' title='bbox 1660 3849 1745 3908; x_wconf 81' lang='lat' dir='ltr'><strong>qua,</strong></span> 
     </span>
     <span class='ocr_line' id='line_1_36' title="bbox 190 3929 1747 4010; baseline -0.005 -16"><span class='ocrx_word' id='word_1_389' title='bbox 190 3943 271 4010; x_wconf 90' lang='lat' dir='ltr'><strong>ptas.</strong></span> <span class='ocrx_word' id='word_1_390' title='bbox 283 3933 371 4001; x_wconf 83' lang='lat' dir='ltr'><strong>Quin</strong></span> <span class='ocrx_word' id='word_1_391' title='bbox 386 3931 450 3990; x_wconf 89' lang='lat' dir='ltr'><strong>imo</strong></span> <span class='ocrx_word' id='word_1_392' title='bbox 460 3947 678 4008; x_wconf 89' lang='lat' dir='ltr'><strong>quascumque</strong></span> <span class='ocrx_word' id='word_1_393' title='bbox 688 3937 718 3988; x_wconf 87' lang='lat' dir='ltr'><strong>et</strong></span> <span class='ocrx_word' id='word_1_394' title='bbox 729 3937 941 4008; x_wconf 85' lang='lat' dir='ltr'><strong>quotcumque</strong></span> <span class='ocrx_word' id='word_1_395' title='bbox 996 3943 1032 3996; x_wconf 85' lang='lat' dir='ltr'><strong>ut</strong></span> <span class='ocrx_word' id='word_1_396' title='bbox 1047 3951 1153 3992; x_wconf 75' lang='lat' dir='ltr'><strong>causas</strong></span> <span class='ocrx_word' id='word_1_397' title='bbox 1166 3949 1233 3990; x_wconf 85' lang='lat' dir='ltr'><strong>suoe</strong></span> <span class='ocrx_word' id='word_1_398' title='bbox 1248 3930 1501 3987; x_wconf 85' lang='lat' dir='ltr'><strong>accommodaret</strong></span> <span class='ocrx_word' id='word_1_399' title='bbox 1508 3929 1653 4004; x_wconf 88' lang='lat' dir='ltr'><strong>judices,</strong></span> <span class='ocrx_word' id='word_1_400' title='bbox 1669 3947 1747 4006; x_wconf 91' lang='lat' dir='ltr'><strong>qua·</strong></span> 
     </span>
     <span class='ocr_line' id='line_1_37' title="bbox 194 4026 1746 4106; baseline -0.005 -15"><span class='ocrx_word' id='word_1_401' title='bbox 194 4035 317 4100; x_wconf 88' lang='lat' dir='ltr'><strong>volunt,</strong></span> <span class='ocrx_word' id='word_1_402' title='bbox 332 4029 462 4097; x_wconf 82' lang='lat' dir='ltr'><strong>babent,</strong></span> <span class='ocrx_word' id='word_1_403' title='bbox 477 4035 507 4086; x_wconf 90' lang='lat' dir='ltr'><strong>et</strong></span> <span class='ocrx_word' id='word_1_404' title='bbox 522 4027 666 4106; x_wconf 81' lang='lat' dir='ltr'><strong>qualiter</strong></span> <span class='ocrx_word' id='word_1_405' title='bbox 680 4035 709 4086; x_wconf 92' lang='lat' dir='ltr'><strong>el</strong></span> <span class='ocrx_word' id='word_1_406' title='bbox 723 4029 781 4086; x_wconf 90' lang='lat' dir='ltr'><strong>ubi</strong></span> <span class='ocrx_word' id='word_1_407' title='bbox 795 4035 824 4086; x_wconf 89' lang='lat' dir='ltr'><strong>el</strong></span> <span class='ocrx_word' id='word_1_408' title='bbox 840 4047 941 4106; x_wconf 90' lang='lat' dir='ltr'><strong>quan·</strong></span> <span class='ocrx_word' id='word_1_409' title='bbox 996 4035 1072 4092; x_wconf 86' lang='lat' dir='ltr'><strong>darn</strong></span> <span class='ocrx_word' id='word_1_410' title='bbox 1087 4029 1141 4088; x_wconf 86' lang='lat' dir='ltr'><strong>die</strong></span> <span class='ocrx_word' id='word_1_411' title='bbox 1163 4028 1318 4086; x_wconf 82' lang='lat' dir='ltr'><strong>incitavit</strong></span> <span class='ocrx_word' id='word_1_412' title='bbox 1337 4045 1388 4085; x_wconf 91' lang='lat' dir='ltr'><strong>eos</strong></span> <span class='ocrx_word' id='word_1_413' title='bbox 1402 4028 1447 4084; x_wconf 91' lang='lat' dir='ltr'><strong>ad</strong></span> <span class='ocrx_word' id='word_1_414' title='bbox 1457 4026 1650 4101; x_wconf 89' lang='lat' dir='ltr'><strong>prandium.</strong></span> <span class='ocrx_word' id='word_1_415' title='bbox 1669 4027 1746 4094; x_wconf 83' lang='lat' dir='ltr'><strong>Qui-</strong></span> 
     </span>
     <span class='ocr_line' id='line_1_38' title="bbox 194 4123 1749 4208; baseline -0.005 -17"><span class='ocrx_word' id='word_1_416' title='bbox 194 4135 232 4190; x_wconf 90' lang='lat' dir='ltr'><strong>do</strong></span> <span class='ocrx_word' id='word_1_417' title='bbox 246 4140 277 4190; x_wconf 87' lang='lat' dir='ltr'><strong>et</strong></span> <span class='ocrx_word' id='word_1_418' title='bbox 286 4136 447 4208; x_wconf 88' lang='lat' dir='ltr'><strong>quantum</strong></span> <span class='ocrx_word' id='word_1_419' title='bbox 458 4134 488 4184; x_wconf 92' lang='lat' dir='ltr'><strong>et</strong></span> <span class='ocrx_word' id='word_1_420' title='bbox 499 4126 623 4204; x_wconf 87' lang='lat' dir='ltr'><strong>quoties</strong></span> <span class='ocrx_word' id='word_1_421' title='bbox 638 4128 839 4196; x_wconf 88' lang='lat' dir='ltr'><strong>volunt,sine</strong></span> <span class='ocrx_word' id='word_1_422' title='bbox 850 4147 941 4186; x_wconf 92' lang='lat' dir='ltr'><strong>mora</strong></span> <span class='ocrx_word' id='word_1_423' title='bbox 957 4123 981 4186; x_wconf 88' lang='lat' dir='ltr'><strong>D</strong></span> <span class='ocrx_word' id='word_1_424' title='bbox 998 4131 1052 4189; x_wconf 88' lang='lat' dir='ltr'><strong>bas</strong></span> <span class='ocrx_word' id='word_1_425' title='bbox 1066 4125 1274 4203; x_wconf 85' lang='lat' dir='ltr'><strong>epulantibus</strong></span> <span class='ocrx_word' id='word_1_426' title='bbox 1289 4125 1360 4200; x_wconf 88' lang='lat' dir='ltr'><strong>ipsa</strong></span> <span class='ocrx_word' id='word_1_427' title='bbox 1375 4127 1487 4200; x_wconf 87' lang='lat' dir='ltr'><strong>epulas</strong></span> <span class='ocrx_word' id='word_1_428' title='bbox 1501 4132 1531 4183; x_wconf 87' lang='lat' dir='ltr'><strong>et</strong></span> <span class='ocrx_word' id='word_1_429' title='bbox 1542 4127 1661 4199; x_wconf 87' lang='lat' dir='ltr'><strong>pocula</strong></span> <span class='ocrx_word' id='word_1_430' title='bbox 1676 4125 1749 4184; x_wconf 89' lang='lat' dir='ltr'><strong>vini</strong></span> 
     </span>
     <span class='ocr_line' id='line_1_39' title="bbox 195 4223 1748 4306; baseline -0.005 -17"><span class='ocrx_word' id='word_1_431' title='bbox 195 4239 222 4289; x_wconf 88' lang='lat' dir='ltr'><strong>et</strong></span> <span class='ocrx_word' id='word_1_432' title='bbox 236 4229 437 4306; x_wconf 78' lang='lat' dir='ltr'><strong>difficultate</strong></span> <span class='ocrx_word' id='word_1_433' title='bbox 452 4245 463 4284; x_wconf 95' lang='grc'><strong>.·</strong></span> <span class='ocrx_word' id='word_1_434' title='bbox 479 4225 526 4283; x_wconf 86' lang='lat' dir='ltr'><strong>ita</strong></span> <span class='ocrx_word' id='word_1_435' title='bbox 542 4223 671 4302; x_wconf 85' lang='lat' dir='ltr'><strong>quidem</strong></span> <span class='ocrx_word' id='word_1_436' title='bbox 688 4227 774 4303; x_wconf 91' lang='lat' dir='ltr'><strong>quod</strong></span> <span class='ocrx_word' id='word_1_437' title='bbox 788 4244 869 4302; x_wconf 89' lang='lat' dir='ltr'><strong>quas</strong></span> <span class='ocrx_word' id='word_1_438' title='bbox 890 4226 942 4284; x_wconf 81' lang='lat' dir='ltr'><strong>bic</strong></span> <span class='ocrx_word' id='word_1_439' title='bbox 996 4225 1143 4304; x_wconf 89' lang='lat' dir='ltr'><strong>apponit,</strong></span> <span class='ocrx_word' id='word_1_440' title='bbox 1158 4224 1293 4282; x_wconf 86' lang='lat' dir='ltr'><strong>adstans</strong></span> <span class='ocrx_word' id='word_1_441' title='bbox 1312 4223 1495 4288; x_wconf 81' lang='lat' dir='ltr'><strong>ministrat,</strong></span> <span class='ocrx_word' id='word_1_442' title='bbox 1510 4225 1605 4299; x_wconf 72' lang='lat' dir='ltr'><strong>offert</strong></span> <span class='ocrx_word' id='word_1_443' title='bbox 1623 4223 1748 4291; x_wconf 86' lang='lat' dir='ltr'><strong>crebro,</strong></span> 
     </span>
     <span class='ocr_line' id='line_1_40' title="bbox 195 4321 1748 4398; baseline -0.006 -11"><span class='ocrx_word' id='word_1_444' title='bbox 195 4329 380 4388; x_wconf 82' lang='lat' dir='ltr'><strong>tabuerunt</strong></span> <span class='ocrx_word' id='word_1_445' title='bbox 394 4341 514 4383; x_wconf 74' lang='lat' dir='ltr'><strong>uaores</strong></span> <span class='ocrx_word' id='word_1_446' title='bbox 526 4323 650 4398; x_wconf 74' lang='lat' dir='ltr'><strong>fideles,</strong></span> <span class='ocrx_word' id='word_1_447' title='bbox 657 4323 817 4383; x_wconf 76' lang='lat' dir='ltr'><strong>habebunt</strong></span> <span class='ocrx_word' id='word_1_448' title='bbox 832 4332 863 4382; x_wconf 91' lang='lat' dir='ltr'><strong>et</strong></span> <span class='ocrx_word' id='word_1_449' title='bbox 878 4325 925 4382; x_wconf 89' lang='lat' dir='ltr'><strong>ibi</strong></span> <span class='ocrx_word' id='word_1_450' title='bbox 930 4345 943 4392; x_wconf 91' lang='lat'><strong>,·</strong></span> <span class='ocrx_word' id='word_1_451' title='bbox 998 4329 1099 4385; x_wconf 89' lang='lat' dir='ltr'><strong>instat</strong></span> <span class='ocrx_word' id='word_1_452' title='bbox 1124 4330 1161 4382; x_wconf 91' lang='lat' dir='ltr'><strong>ut</strong></span> <span class='ocrx_word' id='word_1_453' title='bbox 1184 4329 1327 4382; x_wconf 88' lang='lat' dir='ltr'><strong>sumant.</strong></span> <span class='ocrx_word' id='word_1_454' title='bbox 1344 4321 1433 4388; x_wconf 84' lang='lat' dir='ltr'><strong>Quid</strong></span> <span class='ocrx_word' id='word_1_455' title='bbox 1451 4321 1581 4396; x_wconf 84' lang='lat' dir='ltr'><strong>plura?</strong></span> <span class='ocrx_word' id='word_1_456' title='bbox 1595 4321 1748 4382; x_wconf 88' lang='lat' dir='ltr'><strong>Vicerunt</strong></span> 
     </span>
     <span class='ocr_line' id='line_1_41' title="bbox 194 4419 1748 4494; baseline -0.006 -7"><span class='ocrx_word' id='word_1_457' title='bbox 194 4422 510 4494; x_wconf 77' lang='lat' dir='ltr'><strong>celeroe,concubinoe</strong></span> <span class='ocrx_word' id='word_1_458' title='bbox 524 4427 642 4488; x_wconf 86' lang='lat' dir='ltr'><strong>erunt,·</strong></span> <span class='ocrx_word' id='word_1_459' title='bbox 652 4422 851 4481; x_wconf 88' lang='lat' dir='ltr'><strong>ancillarum</strong></span> <span class='ocrx_word' id='word_1_460' title='bbox 868 4442 942 4482; x_wconf 85' lang='lat' dir='ltr'><strong>aero</strong></span> <span class='ocrx_word' id='word_1_461' title='bbox 999 4423 1169 4483; x_wconf 72' lang='lat' dir='ltr'><strong>blanditiae</strong></span> <span class='ocrx_word' id='word_1_462' title='bbox 1189 4421 1349 4480; x_wconf 89' lang='lat' dir='ltr'><strong>mulieris.</strong></span> <span class='ocrx_word' id='word_1_463' title='bbox 1366 4419 1531 4488; x_wconf 85' lang='lat' dir='ltr'><strong>Inebriati</strong></span> <span class='ocrx_word' id='word_1_464' title='bbox 1550 4419 1691 4494; x_wconf 84' lang='lat' dir='ltr'><strong>poculis,</strong></span> <span class='ocrx_word' id='word_1_465' title='bbox 1712 4420 1748 4478; x_wconf 89' lang='lat' dir='ltr'><strong>in</strong></span> 
     </span>
     <span class='ocr_line' id='line_1_42' title="bbox 196 4516 1747 4598; baseline -0.005 -12"><span class='ocrx_word' id='word_1_466' title='bbox 196 4545 258 4586; x_wconf 91' lang='lat' dir='ltr'><strong>non</strong></span> <span class='ocrx_word' id='word_1_467' title='bbox 272 4525 337 4584; x_wconf 87' lang='lat' dir='ltr'><strong>erit</strong></span> <span class='ocrx_word' id='word_1_468' title='bbox 352 4539 520 4582; x_wconf 85' lang='lat' dir='ltr'><strong>numerus.</strong></span> <span class='ocrx_word' id='word_1_469' title='bbox 532 4517 650 4580; x_wconf 84' lang='lat' dir='ltr'><strong>Horum</strong></span> <span class='ocrx_word' id='word_1_470' title='bbox 665 4516 787 4580; x_wconf 78' lang='lat' dir='ltr'><strong>falsilas</strong></span> <span class='ocrx_word' id='word_1_471' title='bbox 803 4520 942 4582; x_wconf 88' lang='lat' dir='ltr'><strong>secundo</strong></span> <span class='ocrx_word' id='word_1_472' title='bbox 998 4524 1158 4598; x_wconf 80' lang='lat' dir='ltr'><strong>hospitam</strong></span> <span class='ocrx_word' id='word_1_473' title='bbox 1185 4521 1362 4596; x_wconf 78' lang='lat' dir='ltr'><strong>formosam</strong></span> <span class='ocrx_word' id='word_1_474' title='bbox 1391 4519 1604 4578; x_wconf 87' lang='lat' dir='ltr'><strong>incaluerunt</strong></span> <span class='ocrx_word' id='word_1_475' title='bbox 1614 4538 1628 4587; x_wconf 91' lang='lat'><strong>,·</strong></span> <span class='ocrx_word' id='word_1_476' title='bbox 1656 4518 1747 4589; x_wconf 87' lang='lat' dir='ltr'><strong>victi,</strong></span> 
     </span>
     <span class='ocr_line' id='line_1_43' title="bbox 106 4615 1748 4704; baseline -0.005 -19"><span class='ocrx_word' id='word_1_477' title='bbox 106 4660 182 4690; x_wconf 65' lang='lat' dir='ltr'><strong>aaa.</strong></span> <span class='ocrx_word' id='word_1_478' title='bbox 197 4623 275 4687; x_wconf 89' lang='lat' dir='ltr'><strong>libro</strong></span> <span class='ocrx_word' id='word_1_479' title='bbox 303 4618 432 4704; x_wconf 84' lang='lat' dir='ltr'><strong>copiose</strong></span> <span class='ocrx_word' id='word_1_480' title='bbox 467 4626 594 4680; x_wconf 76' lang='lat' dir='ltr'><strong>ostensa</strong></span> <span class='ocrx_word' id='word_1_481' title='bbox 629 4624 686 4679; x_wconf 91' lang='lat' dir='ltr'><strong>est.</strong></span> <span class='ocrx_word' id='word_1_482' title='bbox 717 4615 781 4680; x_wconf 87' lang='lat' dir='ltr'><strong>Nee</strong></span> <span class='ocrx_word' id='word_1_483' title='bbox 810 4617 944 4699; x_wconf 84' lang='lat' dir='ltr'><strong>requirit</strong></span> <span class='ocrx_word' id='word_1_484' title='bbox 998 4621 1182 4680; x_wconf 85' lang='lat' dir='ltr'><strong>accubitum</strong></span> <span class='ocrx_word' id='word_1_485' title='bbox 1207 4619 1387 4694; x_wconf 85' lang='lat' dir='ltr'><strong>petierunt.</strong></span> <span class='ocrx_word' id='word_1_486' title='bbox 1414 4618 1558 4692; x_wconf 87' lang='lat' dir='ltr'><strong>Spondet</strong></span> <span class='ocrx_word' id='word_1_487' title='bbox 1587 4617 1647 4677; x_wconf 89' lang='lat' dir='ltr'><strong>illa</strong></span> <span class='ocrx_word' id='word_1_488' title='bbox 1675 4637 1748 4677; x_wconf 93' lang='lat' dir='ltr'><strong>con·</strong></span> 
     </span>
     <span class='ocr_line' id='line_1_44' title="bbox 198 4714 1749 4804; baseline -0.005 -21"><span class='ocrx_word' id='word_1_489' title='bbox 198 4722 288 4804; x_wconf 87' lang='lat' dir='ltr'><strong>plena</strong></span> <span class='ocrx_word' id='word_1_490' title='bbox 308 4720 475 4784; x_wconf 76' lang='lat' dir='ltr'><strong>Beanrmn</strong></span> <span class='ocrx_word' id='word_1_491' title='bbox 500 4715 637 4778; x_wconf 77' lang='lat' dir='ltr'><strong>felicitas</strong></span> <span class='ocrx_word' id='word_1_492' title='bbox 662 4734 698 4778; x_wconf 90' lang='lat' dir='ltr'><strong>ac</strong></span> <span class='ocrx_word' id='word_1_493' title='bbox 722 4714 869 4797; x_wconf 89' lang='lat' dir='ltr'><strong>voluptas</strong></span> <span class='ocrx_word' id='word_1_494' title='bbox 890 4716 944 4779; x_wconf 60' lang='lat' dir='ltr'><strong>abss</strong></span> <span class='ocrx_word' id='word_1_495' title='bbox 998 4720 1135 4787; x_wconf 86' lang='lat' dir='ltr'><strong>ditione,</strong></span> <span class='ocrx_word' id='word_1_496' title='bbox 1164 4718 1337 4777; x_wconf 90' lang='lat' dir='ltr'><strong>dummodo</strong></span> <span class='ocrx_word' id='word_1_497' title='bbox 1365 4717 1451 4774; x_wconf 89' lang='lat' dir='ltr'><strong>alter</strong></span> <span class='ocrx_word' id='word_1_498' title='bbox 1478 4716 1611 4774; x_wconf 85' lang='lat' dir='ltr'><strong>verbum</strong></span> <span class='ocrx_word' id='word_1_499' title='bbox 1639 4717 1749 4775; x_wconf 88' lang='lat' dir='ltr'><strong>doceat</strong></span> 
     </span>
     <span class='ocr_line' id='line_1_45' title="bbox 199 4814 1750 4896; baseline -0.008 -13"><span class='ocrx_word' id='word_1_500' title='bbox 199 4819 298 4883; x_wconf 86' lang='lat' dir='ltr'><strong>solute</strong></span> <span class='ocrx_word' id='word_1_501' title='bbox 325 4835 455 4882; x_wconf 86' lang='lat' dir='ltr'><strong>omnem</strong></span> <span class='ocrx_word' id='word_1_502' title='bbox 486 4815 693 4895; x_wconf 83' lang='lat' dir='ltr'><strong>voluptatem,</strong></span> <span class='ocrx_word' id='word_1_503' title='bbox 724 4815 779 4876; x_wconf 86' lang='lat' dir='ltr'><strong>sed</strong></span> <span class='ocrx_word' id='word_1_504' title='bbox 815 4833 942 4878; x_wconf 85' lang='lat' dir='ltr'><strong>omnem</strong></span> <span class='ocrx_word' id='word_1_505' title='bbox 996 4836 1057 4894; x_wconf 88' lang='lat' dir='ltr'><strong>per</strong></span> <span class='ocrx_word' id='word_1_506' title='bbox 1087 4819 1173 4896; x_wconf 91' lang='lat' dir='ltr'><strong>quod</strong></span> <span class='ocrx_word' id='word_1_507' title='bbox 1201 4815 1414 4875; x_wconf 86' lang='lat' dir='ltr'><strong>ascendebant</strong></span> <span class='ocrx_word' id='word_1_508' title='bbox 1444 4814 1480 4872; x_wconf 90' lang='lat' dir='ltr'><strong>in</strong></span> <span class='ocrx_word' id='word_1_509' title='bbox 1509 4817 1636 4882; x_wconf 85' lang='lat' dir='ltr'><strong>coelum,</strong></span> <span class='ocrx_word' id='word_1_510' title='bbox 1665 4817 1750 4872; x_wconf 89' lang='lat' dir='ltr'><strong>atter</strong></span> 
     </span>
     <span class='ocr_line' id='line_1_46' title="bbox 199 4907 1751 5000; baseline -0.008 -18"><span class='ocrx_word' id='word_1_511' title='bbox 199 4919 392 5000; x_wconf 78' lang='lat' dir='ltr'><strong>voluptatem</strong></span> <span class='ocrx_word' id='word_1_512' title='bbox 413 4915 580 4977; x_wconf 86' lang='lat' dir='ltr'><strong>decentem</strong></span> <span class='ocrx_word' id='word_1_513' title='bbox 604 4935 611 4975; x_wconf 74' lang='grc' dir='ltr'><strong>ε</strong></span> <span class='ocrx_word' id='word_1_514' title='bbox 634 4912 754 4993; x_wconf 88' lang='lat' dir='ltr'><strong>alioqui</strong></span> <span class='ocrx_word' id='word_1_515' title='bbox 776 4921 884 4976; x_wconf 87' lang='lat' dir='ltr'><strong>esseut</strong></span> <span class='ocrx_word' id='word_1_516' title='bbox 911 4913 943 4974; x_wconf 88' lang='lat' dir='ltr'><strong>in</strong></span> <span class='ocrx_word' id='word_1_517' title='bbox 1001 4916 1135 4976; x_wconf 88' lang='lat' dir='ltr'><strong>verbum</strong></span> <span class='ocrx_word' id='word_1_518' title='bbox 1163 4931 1224 4990; x_wconf 91' lang='lat' dir='ltr'><strong>per</strong></span> <span class='ocrx_word' id='word_1_519' title='bbox 1252 4915 1338 4992; x_wconf 89' lang='lat' dir='ltr'><strong>quod</strong></span> <span class='ocrx_word' id='word_1_520' title='bbox 1359 4907 1608 4971; x_wconf 76' lang='lat' dir='ltr'><strong>&#39;descendebant</strong></span> <span class='ocrx_word' id='word_1_521' title='bbox 1637 4913 1751 4974; x_wconf 86' lang='lat' dir='ltr'><strong>Placet</strong></span> 
     </span>
     <span class='ocr_line' id='line_1_47' title="bbox 200 5009 1751 5092; baseline -0.008 -13"><span class='ocrx_word' id='word_1_522' title='bbox 200 5016 243 5080; x_wconf 90' lang='lat' dir='ltr'><strong>eis</strong></span> <span class='ocrx_word' id='word_1_523' title='bbox 257 5017 363 5079; x_wconf 75' lang='lat' dir='ltr'><strong>multae</strong></span> <span class='ocrx_word' id='word_1_524' title='bbox 384 5010 652 5075; x_wconf 77' lang='lat' dir='ltr'><strong>indecentissime</strong></span> <span class='ocrx_word' id='word_1_525' title='bbox 674 5011 863 5092; x_wconf 90' lang='lat' dir='ltr'><strong>voluptates,</strong></span> <span class='ocrx_word' id='word_1_526' title='bbox 880 5031 945 5075; x_wconf 87' lang='lat' dir='ltr'><strong>ma·</strong></span> <span class='ocrx_word' id='word_1_527' title='bbox 1000 5013 1154 5074; x_wconf 87' lang='lat' dir='ltr'><strong>conditio.</strong></span> <span class='ocrx_word' id='word_1_528' title='bbox 1180 5014 1287 5080; x_wconf 83' lang='lat' dir='ltr'><strong>Quum</strong></span> <span class='ocrx_word' id='word_1_529' title='bbox 1316 5029 1391 5087; x_wconf 84' lang='lat' dir='ltr'><strong>erqo</strong></span> <span class='ocrx_word' id='word_1_530' title='bbox 1419 5009 1600 5078; x_wconf 85' lang='lat' dir='ltr'><strong>didicisset,</strong></span> <span class='ocrx_word' id='word_1_531' title='bbox 1628 5011 1751 5067; x_wconf 83' lang='lat' dir='ltr'><strong>elevata</strong></span> 
     </span>
     <span class='ocr_line' id='line_1_48' title="bbox 201 5107 1751 5190; baseline -0.01 -11"><span class='ocrx_word' id='word_1_532' title='bbox 201 5116 358 5179; x_wconf 83' lang='lat' dir='ltr'><strong>saniorum</strong></span> <span class='ocrx_word' id='word_1_533' title='bbox 373 5111 408 5174; x_wconf 90' lang='lat' dir='ltr'><strong>in</strong></span> <span class='ocrx_word' id='word_1_534' title='bbox 422 5109 594 5188; x_wconf 75' lang='lat' dir='ltr'><strong>mesauloe,</strong></span> <span class='ocrx_word' id='word_1_535' title='bbox 604 5109 836 5187; x_wconf 76' lang='lat' dir='ltr'><strong>etoPrteterea,</strong></span> <span class='ocrx_word' id='word_1_536' title='bbox 847 5129 945 5190; x_wconf 92' lang='lat' dir='ltr'><strong>quum</strong></span> <span class='ocrx_word' id='word_1_537' title='bbox 1002 5121 1046 5172; x_wconf 91' lang='lat' dir='ltr'><strong>est</strong></span> <span class='ocrx_word' id='word_1_538' title='bbox 1062 5111 1217 5178; x_wconf 87' lang='lat' dir='ltr'><strong>subito,et</strong></span> <span class='ocrx_word' id='word_1_539' title='bbox 1231 5109 1377 5168; x_wconf 89' lang='lat' dir='ltr'><strong>ascendit</strong></span> <span class='ocrx_word' id='word_1_540' title='bbox 1388 5109 1423 5167; x_wconf 88' lang='lat' dir='ltr'><strong>in</strong></span> <span class='ocrx_word' id='word_1_541' title='bbox 1435 5109 1536 5166; x_wconf 74' lang='lat' dir='ltr'><strong>caelos.</strong></span> <span class='ocrx_word' id='word_1_542' title='bbox 1547 5107 1638 5174; x_wconf 83' lang='lat' dir='ltr'><strong>Quod</strong></span> <span class='ocrx_word' id='word_1_543' title='bbox 1652 5125 1751 5184; x_wconf 88' lang='lat' dir='ltr'><strong>quum</strong></span> 
     </span>
     <span class='ocr_line' id='line_1_49' title="bbox 202 5205 1752 5286; baseline -0.01 -9"><span class='ocrx_word' id='word_1_544' title='bbox 202 5214 371 5278; x_wconf 79' lang='lat' dir='ltr'><strong>electorum</strong></span> <span class='ocrx_word' id='word_1_545' title='bbox 386 5218 491 5274; x_wconf 80' lang='lat' dir='ltr'><strong>certus</strong></span> <span class='ocrx_word' id='word_1_546' title='bbox 511 5208 552 5270; x_wconf 87' lang='lat' dir='ltr'><strong>sit</strong></span> <span class='ocrx_word' id='word_1_547' title='bbox 574 5227 738 5286; x_wconf 80' lang='lat' dir='ltr'><strong>numeruS,</strong></span> <span class='ocrx_word' id='word_1_548' title='bbox 755 5207 946 5273; x_wconf 82' lang='lat' dir='ltr'><strong>feminarum</strong></span> <span class='ocrx_word' id='word_1_549' title='bbox 1004 5212 1137 5270; x_wconf 84' lang='lat' dir='ltr'><strong>vidisset</strong></span> <span class='ocrx_word' id='word_1_550' title='bbox 1154 5209 1431 5281; x_wconf 80' lang='lat' dir='ltr'><strong>Deus,eaptorata</strong></span> <span class='ocrx_word' id='word_1_551' title='bbox 1444 5205 1667 5281; x_wconf 87' lang='lat' dir='ltr'><strong>causa,posuit</strong></span> <span class='ocrx_word' id='word_1_552' title='bbox 1681 5222 1752 5263; x_wconf 89' lang='lat' dir='ltr'><strong>eam</strong></span> 
     </span>
    </p>
   </div>
   <div class='ocr_carea' id='block_1_5' title="bbox 0 0 2177 6244">
    <p class='ocr_par' dir='ltr' id='par_1_6' title="bbox 0 0 2177 6244">
     <span class='ocr_line' id='line_1_50' title="bbox 0 0 2177 6244; baseline 0 0"><span class='ocrx_word' id='word_1_553' title='bbox 0 0 2177 6244; x_wconf 95' lang='lat' dir='ltr'><strong> </strong></span> 
     </span>
    </p>
   </div>
  </div>
 </body>
</html>
