4309 6250
460 502 520 567 548
546 520 587 567 DE
607 518 816 566 huoronlrhrtt
837 519 931 564 sum
951 516 1119 564 vodalricus
1141 516 1178 563 m
1198 515 1367 565 bauconus
1388 515 1529 573 GONGlLll,
1551 516 1639 563 umen
1660 518 1680 563 1.
1703 535 1745 545 -
1766 516 1836 562 ΛΒΤ.
1859 516 1910 563 ΧΙΙΙ

460 710 502 753 an
524 689 557 752 in
572 688 678 753 medio
698 688 826 751 illomm
848 688 889 751 sit
909 688 988 771 ipse.
1006 687 1058 750 Sic
1079 706 1206 769 qnoque
1223 686 1421 751 Adicentem
1440 710 1447 749 :
1464 708 1481 747 u
1498 688 1552 750 [lic
1568 684 1717 750 Ecclesiae
1733 708 1763 765 n,
1780 685 1812 749 id
1827 692 1874 748 est
1886 684 1930 747 his
1942 686 1985 767 qd

460 788 632 853 aucteritas
654 788 721 867 illa,
738 810 755 846 ι(
770 787 835 869 Ego
859 786 1026 850 vobiscum
1048 805 1119 848 sum
1141 805 1209 849 om·
1263 796 1402 868 praesunt
1422 786 1582 864 Ecclesiae,
1600 786 1724 849 scilicet
1747 785 1874 868 praelato
1897 794 1928 847 ut
1947 785 1986 865 ju·

461 888 556 951 nibus
576 886 689 950 diebus
711 908 741 965 n,
757 894 830 962 etc,
848 905 905 968 per
925 885 1095 967 gratiosam
1120 885 1208 947 iuba·
1262 884 1337 947 dici.
1355 884 1406 947 Sic
1428 904 1553 966 qunque
1575 892 1738 965 exponunt
1751 883 1848 947 Gorra
1866 891 1895 944 et
1911 883 1984 964 Lyra,

462 986 659 1063 bitationem,
675 1003 739 1047 non
761 984 933 1066 pertinebit
953 984 993 1047 ad
1014 1002 1080 1047 eos.
1262 982 1379 1064 aliique
1407 982 1621 1046 communiter
1652 982 1906 1064 interpretantur.
1932 980 1986 1043 Non

502 1083 663 1162 Preteroa,
680 1082 831 1164 quoniam
852 1083 892 1144 ad
908 1080 1108 1164 probandum
1122 1081 1207 1162 quod
1262 1099 1338 1163 ergo
1363 1101 1400 1144 ex
1428 1080 1477 1143 his
1503 1080 1608 1143 verbis
1633 1080 1786 1163 probatur
1809 1079 1888 1161 Papa
1910 1098 1987 1160 age»

461 1183 543 1264 Papa
565 1181 665 1264 possit
688 1180 787 1243 instar
811 1180 946 1243 aliorum
968 1179 1095 1261 corripi,
1116 1198 1209 1243 accu-
1263 1178 1363 1241 nerali
1392 1178 1529 1242 concilio
1556 1178 1748 1259 judicandus
1776 1200 1783 1239 :
1811 1177 1884 1255 imo,
1907 1195 1986 1257 quum

460 1280 535 1360 sari,
551 1279 669 1361 puniri,
693 1278 823 1361 deponi,
847 1278 1006 1361 praecipue
1028 1278 1208 1340 innituntur
1262 1277 1402 1358 judicem
1426 1277 1460 1339 in
1485 1284 1568 1339 terra
1593 1276 1789 1359 superiorem
1812 1293 1873 1338 non
1893 1276 1986 1339 babeat

459 1377 589 1460 quidam
613 1376 792 1439 auctoritati
817 1395 880 1457 qua
905 1375 1031 1453 dicitur,
1048 1398 1064 1434 a
1082 1375 1113 1437 si
1135 1394 1209 1458 pec·
1265 1376 1487 1457 particularem
1507 1394 1687 1457 personam,
1704 1375 1831 1437 videtur
1849 1374 1985 1436 enemina

459 1475 578 1538 caverit
591 1475 624 1536 in
639 1484 670 1537 te
685 1475 784 1538 irater
797 1481 870 1536 tuus
886 1497 915 1551 n,
932 1481 1006 1553 ete,
1023 1481 1133 1537 contra
1147 1474 1206 1536 hoc
1262 1474 1396 1555 judicari
1421 1473 1547 1551 debere,
1565 1473 1619 1537 sed
1643 1492 1662 1535 a
1686 1472 1810 1537 Christo
1834 1473 1984 1535 dumtaxat.

458 1580 682 1654 argumentum
709 1573 782 1654 quis
809 1580 913 1654 potest
939 1571 1093 1653 objicere,
1122 1572 1206 1654 quod
1262 1573 1405 1655 Insuper,
1420 1573 1557 1636 'l'bomas
1577 1572 1611 1634 in
1631 1572 1771 1634 secunda
1786 1571 1987 1635 secundalre

459 1672 536 1735 licet
549 1672 610 1735 boc
624 1678 817 1754 preceptum
833 1670 1020 1753 regulariter
1035 1670 1207 1751 loquendo,
1262 1679 1396 1753 quenter
1411 1671 1491 1733 sumi
1496 1680 1508 1733 t
1521 1670 1698 1733 Ecclesiam
1712 1688 1770 1753 pro
1792 1669 1986 1733 ecclesiastico

460 1771 500 1833 sit
514 1770 658 1833 omnium
672 1770 705 1831 in
727 1788 850 1847 omnes,
868 1769 968 1831 nihilo
987 1769 1094 1831 minus
1110 1788 1209 1850 quan·
1262 1769 1382 1851 judice,
1399 1770 1574 1851 presertim
1589 1787 1648 1850 pro
1663 1787 1789 1832 summo
1804 1768 1953 1831 Pontifice.

459 1869 563 1950 doque
589 1887 681 1931 casus
705 1876 867 1950 ponuntur
885 1868 920 1930 in
944 1867 1061 1949 quibus
1086 1868 1125 1929 ab
1146 1868 1207 1931 boc
1227 1865 1250 1926 B
1304 1868 1375 1931 llaec
1399 1868 1538 1931 breviter
1561 1875 1667 1949 tango,
1684 1886 1748 1930 non
1768 1867 1857 1948 quasi
1876 1866 1986 1949 probare

460 1975 618 2049 praecepto
642 1966 818 2029 absolvitur
839 1966 946 2030 homo.
971 1966 1105 2044 Primus,
1131 1966 1207 2028 dum
1264 1966 1432 2029 intendens
1468 1966 1679 2048 praeinductas
1714 1966 1911 2028 auctoritates
1941 1983 1986 2046 pro

351 2078 355 2086 '
460 2086 525 2130 non
550 2073 598 2129 est
620 2084 693 2147 spes
720 2065 760 2127 de
785 2064 1006 2127 emendatione
1030 2066 1205 2148 peccantis.
1264 2064 1401 2127 concilio
1416 2063 1556 2145 generali
1577 2082 1640 2129 non
1662 2063 1813 2143 militare,
1830 2063 1882 2125 sed
1900 2072 1987 2124 utve

460 2164 590 2245 Propter
616 2165 700 2245 quod
729 2162 772 2226 ait
803 2162 1012 2245 Hieronymus
1042 2187 1049 2225 ε
1080 2165 1206 2226 Frustra
1263 2162 1337 2225 ritas
1353 2162 1537 2244 diligentius
1559 2162 1749 2244 inquiratur.
1766 2161 1869 2225 Potest
1887 2162 1986 2243 quippe

458 2262 529 2340 niti,
546 2270 578 2324 et
601 2262 682 2324 nihil
702 2261 789 2323 aliud
808 2280 904 2343 quam
923 2262 1030 2324 odium
1054 2280 1205 2343 querere,
1262 2262 1395 2325 forsitan
1419 2262 1490 2342 quis
1516 2260 1633 2338 dicere,
1654 2261 1739 2342 quod
1763 2260 1904 2343 generale
1926 2278 1987 2321 con·

458 2369 606 2423 extremae
627 2360 794 2423 dementiae
817 2367 875 2423 est.
900 2360 1064 2422 Secundus
1087 2367 1135 2421 cst
1156 2379 1207 2422 ca·
1262 2360 1372 2423 cilium
1387 2360 1418 2421 in
1434 2370 1586 2441 quantum
1598 2368 1647 2423 est
1660 2360 1823 2442 exemplar
1836 2368 1866 2423 et
1879 2360 1985 2441 signum

458 2478 524 2539 sus,
540 2459 616 2521 dum
639 2458 769 2521 timetur
789 2456 933 2522 defectus
950 2457 1159 2540 probationiS,
1175 2466 1206 2520 et
1261 2467 1491 2540 representans
1506 2458 1720 2521 universalem
1732 2456 1987 2535 Ecclesiam,de-

458 2556 667 2621 criminaliter
698 2556 814 2638 agitur,
844 2556 898 2619 ubi
934 2556 1085 2618 videlicet
1119 2566 1207 2621 actor
1262 2559 1301 2619 sti
1325 2574 1474 2639 sponsam
1496 2556 1640 2637 electam,
1657 2556 1699 2619 sit
1722 2566 1937 2639 congregatum
1959 2555 1986 2615 iu

458 2656 497 2719 ad
521 2654 685 2733 talionem,
710 2655 737 2716 si
765 2654 798 2716 in
828 2654 1010 2736 probatione
1039 2654 1204 2735 deiecerit,
1262 2656 1391 2719 nomine
1406 2654 1533 2733 Christi,
1549 2663 1581 2718 et
1601 2654 1988 2736 dirigaturaSpirituSan·

457 2753 627 2836 obligatur.
650 2752 785 2831 Tertius,
802 2753 877 2814 dum
903 2752 1032 2833 praelato
1053 2760 1089 2814 ut
1107 2752 1207 2833 judici
1262 2763 1324 2831 cto,
1337 2754 1482 2835 quamvis
1498 2753 1662 2835 supposita
1677 2753 1732 2846 illa
1746 2772 1804 2835 per
1818 2772 1850 2815 se
1862 2770 1987 2816 seorsum
2101 2822 2102 2825 Ἴ

459 2860 534 2915 nota
547 2859 597 2914 est
616 2852 721 2934 culpa,
736 2850 889 2931 quoniam
911 2870 984 2913 reus
999 2852 1143 2914 notorius
1159 2859 1207 2913 est
1261 2860 1403 2935 accepta,
1433 2853 1498 2914 sint
1525 2852 1648 2915 vitiosa.
1679 2852 1810 2930 Rursus,
1840 2871 1931 2933 quum
1953 2850 1988 2910 ait

459 2949 511 3013 vel
525 2949 704 3013 convictus.
720 2949 864 3029 Quartus,
881 2949 957 3011 dum
977 2950 1102 3013 meliori
1116 2950 1205 3032 operi
1261 2952 1414 3032 Salvator,
1437 2974 1453 3011 u
1478 2950 1533 3013 llic
1557 2950 1706 3014 Ecclesiae
1731 2974 1761 3030 u,
1781 2934 1924 3014 Ecclesiae
1943 2966 1989 3011 ne

458 3048 510 3112 vel
534 3048 644 3110 saltem
668 3066 757 3129 aque
785 3046 870 3111 bono
893 3047 965 3128 quis
993 3056 1095 3127 vacat,
1124 3049 1207 3111 sicut
1223 3048 1244 3111 C
1262 3050 1348 3112 mine
1372 3068 1436 3113 non
1458 3050 1561 3113 solum
1586 3050 1733 3132 prelatus
1759 3068 1815 3112 seu
1837 3048 1927 3130 judex
1944 3047 1988 3109 de·

458 3147 606 3210 monachi
622 3146 727 3209 lacere
741 3146 869 3209 debent.
885 3146 1019 3221 Quintus
1038 3167 1130 3215 casus
1145 3157 1204 3226 est,
1262 3151 1459 3230 terminatus,
1485 3137 1539 3214 sed
1565 3158 1597 3213 et
1621 3156 1685 3212 tnta
1708 3150 1850 3212 Ecclesia
1874 3169 1925 3211 seu
1946 3167 1988 3228 ge-

457 3247 534 3308 dum
559 3244 728 3308 multitudo
749 3245 799 3307 vel
818 3253 959 3327 potestas
977 3253 1026 3307 est
1044 3245 1079 3307 in
1099 3246 1204 3328 culpa,
1262 3248 1369 3311 nerale
1390 3247 1562 3311 concilium
1588 3247 1693 3311 locum
1711 3247 1831 3328 judicis
1855 3246 1988 3329 supplens
2100 3225 2101 3294 l

458 3344 513 3406 nbi
529 3343 688 3424 correptio
702 3342 775 3425 plus
797 3351 926 3405 noceret
939 3344 1089 3406 Ecclesiae
1110 3363 1206 3426 quam
1262 3349 1394 3429 ejusque
1408 3367 1577 3430 personam
1592 3355 1624 3410 et
1646 3347 1749 3410 vicem
1764 3366 1887 3429 gerens,
1903 3352 1989 3427 potest

458 3444 634 3525 prodesset.
660 3442 723 3505 llos
747 3460 840 3504 casus
863 3441 896 3503 in
923 3443 1015 3505 tertio
1043 3443 1206 3507 volumine
1263 3445 1409 3528 intelligi.

458 3543 498 3604 de
508 3540 578 3603 Vita
592 3540 666 3604 lesu
676 3539 790 3602 Christi
805 3539 917 3602 scribit
930 3540 1058 3622 quidam
1074 3543 1206 3606 devotus

458 3640 582 3703 Ordinis
603 3638 713 3716 nostri,
729 3657 810 3720 quos
830 3658 869 3701 eu
889 3640 1118 3703 catholicorum
1144 3641 1209 3704 col·

459 3739 537 3820 legit
559 3736 724 3818 scripturis
748 3737 925 3800 doctorum.
948 3738 1049 3812 Quum
1073 3758 1149 3820 ergo
1173 3740 1206 3801 in
1451 3725 1697 3791 ARTICULUS
1719 3727 1816 3792 ΧΙΙΙ-

458 3838 481 3901 P
481 3856 542 3918 ⁸1³⁰
568 3835 733 3919 Plenitud⁰
762 3835 803 3898 Sit
831 3837 1007 3917 P⁰t⁰smi⁸⁹
1037 3837 1162 3900 Videtur
1189 3857 1208 3899 ἃ
1262 3867 1417 3929 Probatio
1442 3886 1506 3945 quo
1535 3867 1643 3944 aliqui
1665 3868 1808 3942 probant
1836 3867 1990 3926 concilium

459 3932 622 3995 communi
649 3933 709 3994 hac
734 3931 804 4013 lege
828 3932 1036 3995 correctionis
1060 3933 1208 3997 fraternae
1303 3975 1367 4015 3333
1381 3973 1480 4031 ,uper
1494 3957 1690 4030 papam&
1705 3958 1811 4016 verbi,
1824 3964 1989 4016 ,amorum

459 4030 784 4111 exceptuslleuique,
794 4029 948 4093 Ostiensis
962 4030 1132 4094 manifeste
1146 4033 1207 4095 boc
1302 4047 1445 4106 patrum
1460 4053 1558 4123 acque
1574 4047 1754 4106 doctorum,

458 4130 579 4207 asserit,
607 4127 689 4209 quod
715 4128 840 4190 scilicet
864 4136 974 4192 contre
998 4128 1113 4212 Papam
1143 4149 1206 4194 uon

458 4228 498 4290 sit
515 4226 752 4309 procedendum
777 4226 866 4307 juxta
884 4227 1013 4290 modum
1036 4229 1247 4310 correptio-It
1334 4229 1460 4292 Uthh
1490 4229 1529 4292 sit
1557 4230 1747 4294 universalis
1776 4231 1919 4296 Ecclesiae
1944 4249 1989 4292 seu

457 4325 509 4388 nis
522 4324 670 4389 fraternae
690 4343 710 4385 a
724 4322 849 4387 Christo
871 4324 903 4386 in
917 4324 1091 4406 Evangelio
1112 4345 1208 4408 gene·
1265 4228 1329 4430 Q
1348 4329 1505 4410 generalis
1520 4329 1649 4394 concilii
1666 4330 1768 4412 ipsam
1784 4339 1989 4414 repraesentan-

457 4422 567 4486 raliter
587 4421 750 4484 traditum.
1262 4427 1304 4490 tis
1327 4428 1498 4490 auctoritas
1521 4436 1554 4490 et
1577 4437 1728 4511 potestas,
1745 4429 1893 4511 probatur
1909 4448 1943 4492 eu
1958 4445 1989 4488 eo

500 4520 629 4596 llursus,
647 4519 681 4582 in
696 4520 793 4582 vorbo
807 4538 871 4601 qno
889 4520 934 4581 ait
948 4520 1101 4601 Salvator,
1118 4543 1135 4582 «
1151 4523 1206 4586 Dic
1262 4525 1346 4606 quod
1361 4526 1394 4587 in
1410 4525 1490 4588 libro
1512 4535 1621 4589 contra
1636 4526 1787 4590 Faustum
1802 4526 1988 4590 Manicheum

460 4617 609 4682 Ecclesiae
638 4640 667 4694 a,
697 4637 755 4698 per
782 4617 956 4681 Ecclesiam
991 4637 1055 4682 non
1084 4620 1208 4684 videtur
1263 4623 1403 4704 loquitur
1423 4625 1618 4706 Augustinus
1640 4625 1729 4707 :Ego
1750 4624 1917 4707 Evangelio
1936 4639 1989 4684 non

461 4715 702 4797 intelligendum
717 4715 865 4796 generale
880 4716 1053 4780 concilium
1067 4726 1123 4781 aut
1137 4720 1209 4781 uni·
1263 4721 1436 4802 crederem,
1473 4721 1535 4783 nisi
1570 4741 1621 4784 me
1656 4721 1826 4786 auctoritas
1859 4719 1990 4785 Ecclesia

462 4814 594 4880 versalis
608 4812 762 4893 Ecclesia,
779 4813 833 4876 sed
855 4814 981 4894 publice
996 4835 1143 4897 persona,
1160 4828 1208 4880 ut·
1263 4827 1488 4882 commoveret.
1504 4818 1591 4882 Unde
1605 4828 1692 4882 tanta
1707 4829 1756 4884 est
1770 4821 1932 4884 auctoritas
1944 4817 1991 4879 Ec-

461 4920 538 4995 puta
551 4910 789 4974 ecclesiasticus
799 4910 896 4991 judex
911 4911 979 4975 sive
994 4912 1153 4995 praeletus.
1170 4914 1208 4978 Et
1262 4917 1379 4996 alesine,
1405 4925 1440 4980 ut
1468 4917 1522 4980 illa
1545 4918 1708 4980 dumtaxat
1737 4919 1890 5000 scriptura
1916 4932 1990 4978 sacra
2096 4931 2097 4960 1

460 5012 532 5088 hoc,
560 5009 682 5072 scilicet
709 5009 793 5089 quod
823 5027 880 5089 per
903 5010 1079 5074 Ecclesiam
1108 5014 1209 5093 possit
1261 5016 1407 5078 habenda
1432 5016 1473 5078 sit
1497 5034 1594 5097 quam
1619 5015 1689 5098 ipsa
1714 5036 1836 5080 sacram
1860 5033 1925 5080 esse
1946 5014 1990 5075 de

461 5108 597 5189 intelligi
620 5106 854 5170 ecclesiasticus
879 5107 986 5188 judex,
1012 5109 1124 5172 asserit
1148 5111 1209 5173 Du·
1263 5113 1404 5176 claravit.
1435 5114 1514 5176 Hinc
1546 5133 1657 5179 omnes
1685 5115 1831 5180 doctores
1858 5110 1989 5178 catholici

460 5209 578 5271 raudus
592 5207 624 5268 in
645 5206 776 5268 Summa
799 5225 866 5283 sua,
883 5205 1087 5270 distinctione
1110 5212 1209 5274 undc-
1263 5211 1381 5293 scripta
1399 5231 1456 5274 sua
1470 5213 1738 5293 determinationi,
1755 5212 1952 5277 declarationi
1964 5217 1989 5270 et

461 5307 556 5386 eima,
577 5305 718 5385 allegans
741 5302 997 5385 chrysostomum
1020 5311 1207 5388 exponendo
1263 5309 1452 5374 correctioni
1476 5310 1626 5375 Ecclesiae
1647 5311 1760 5376 merito
1781 5313 1947 5396 subjiciunt
1963 5317 1989 5370 et
2095 5399 2096 5404 γ
