4309 6250
490 508 609 558 eonraa
630 510 800 559 rmrrmur
819 509 990 569 monn,
1012 512 1102 561 nrum
1121 512 1167 561 ιιι.
1190 530 1231 545 ·-
1251 513 1321 562 aar.
1343 513 1388 563 ιιι
1651 494 1712 563 389

53 697 113 742 sua.
126 710 154 750 n,
167 680 295 744 modum
323 699 376 745 ros
408 681 526 745 cecidit
553 681 586 744 in
615 680 751 745 circuitu
782 680 949 745 vellerisb
966 700 1015 745 na
1047 682 1125 747 fidei
1161 683 1339 766 veritatem,
1369 685 1545 751 vestientur
1579 706 1713 770 corpora

43 766 68 805 ⁴⁰·
166 778 322 843 Gedoonis
337 779 597 863 circumquaque,
613 780 731 843 vellere
746 780 831 843 sicco
845 799 912 843 ma·
964 781 1139 846 electorum
1162 784 1195 845 in
1219 783 1308 847 coelis
1332 785 1407 848 doto
1431 786 1601 849 claritatis!
1623 788 1711 869 quia,

165 886 261 941 nante
278 878 363 943 :imo
378 878 413 941 in
427 897 511 943 novo
526 878 725 943 Testamenta
740 878 815 941 talia
829 897 911 961 saepe
965 889 1000 943 ut
1023 880 1165 945 Christus
1189 882 1346 964 promisit,
1363 883 1533 967 fulgebunt
1553 895 1589 949 ut
1609 885 1657 949 sol
1678 886 1712 949 in
1726 909 1859 967 uorum.

166 976 376 1059 contigerunt.
965 998 1064 1062 regno
1085 981 1185 1045 Patris
1205 983 1355 1047 coelestis.
1725 977 1761 1019 ⁴²·

1005 1080 1154 1163 Sequitur
1169 1104 1176 1143 :
1192 1084 1341 1159 Persecti
1360 1103 1469 1145 omnes
1487 1094 1587 1145 erunt
1597 1086 1613 1144 f
1625 1087 1687 1149 Ait
1702 1106 1713 1146 .·

964 1182 1005 1241 In
1029 1188 1159 1241 stature
1179 1183 1312 1259 quidem
1334 1184 1428 1254 Aca,
1444 1184 1482 1243 in
1504 1185 1614 1260 forma
1639 1204 1714 1245 cero

366 1242 611 1307 ARTICULUS
630 1242 707 1307 XII·
963 1278 1041 1337 Jesn
1062 1279 1196 1339 Christi.
1214 1278 1259 1339 lla
1279 1278 1339 1341 boc
1361 1278 1452 1361 sequi
1473 1280 1611 1362 videtur,
1628 1282 1713 1363 quod

164 1385 339 1459 Responsio
359 1383 521 1445 Mobomet
545 1384 585 1441 de
599 1382 755 1458 paradisi
771 1382 909 1443 deliciis.
965 1393 1076 1439 omnes
1105 1384 1199 1439 emant
1226 1396 1315 1459 arque
1349 1379 1457 1460 magni
1485 1380 1714 1462 aequaliterque

964 1472 1110 1554 dispositi
1142 1496 1150 1536 ε
1181 1475 1275 1556 cujus
1302 1476 1484 1558 oppositum
1516 1479 1624 1543 verius
1652 1486 1712 1543 est.

223 1567 498 1651 ONSEQUENTER
523 1569 568 1631 ait
591 1569 716 1632 ludens
742 1592 749 1630 :
771 1572 815 1631 ut
839 1588 912 1648 quo
964 1570 1108 1653 Deniqm
1131 1572 1245 1635 Paulus
1269 1575 1430 1655 apostolus
1454 1575 1488 1638 in
1512 1577 1646 1661 epistola
1674 1578 1713 1641 ad

237 1669 354 1729 ineolis
377 1670 449 1745 ejus
476 1668 545 1727 vita
568 1668 623 1738 sit,
647 1687 714 1738 oro,
736 1670 836 1744 plane
857 1670 912 1726 de-
965 1668 1120 1750 Ephesios
1142 1694 1148 1732 :
1169 1670 1380 1735 Occurremus
1401 1674 1531 1755 (inquit)
1552 1675 1586 1737 in
1608 1676 1714 1739 virum
1741 1702 1859 1759 aptus„

162 1768 292 1827 scribas.
314 1766 493 1843 Respondit
512 1786 523 1825 .·
542 1767 704 1828 Paradisi
727 1770 829 1827 saturn
853 1786 911 1826 au·
965 1766 1156 1859 perfectum,
1183 1768 1217 1830 in
1245 1788 1428 1833 mensuram
1453 1773 1554 1836 astatis
1577 1774 1715 1856 plenitu·
1729 1773 1762 1813 ¹⁸·

163 1885 266 1935 reum,
281 1865 468 1941 smerapdis
481 1872 511 1923 et
526 1864 714 1941 hyacinthis
728 1866 840 1925 crebro
862 1866 912 1925 in·
929 1860 952 1923 B
966 1865 1051 1929 diuis
1065 1866 1190 1929 Christi.
1203 1866 1270 1931 Hoc
1283 1876 1343 1947 est,
1359 1869 1392 1931 in
1406 1877 1498 1933 ceute
1512 1889 1715 1953 resurgemus

163 1964 327 2039 terpositis
341 1970 388 2021 est
401 1962 607 2032 distinctam,
622 1964 714 2022 omni
730 1964 911 2039 smectisera
966 1972 998 2027 et
1011 1982 1217 2028 occurremus
1238 1985 1301 2046 qua
1315 1966 1456 2031 Christus
1476 1979 1715 2033 consummatus

161 2063 320 2121 consitum
336 2060 464 2131 arbore,
478 2062 730 2121 decurrentibus
741 2078 803 2137 per
817 2080 912 2120 arnoe-
966 2071 1070 2125 estet
1094 2064 1133 2127 de
1156 2065 1278 2128 mundo
1300 2065 1450 2147 migravit
1474 2068 1514 2130 ad
1538 2068 1638 2131 Deum
1660 2069 1716 2131 Pa-

162 2180 203 2219 na
216 2160 368 2237 fluentis,
383 2177 523 2237 quorum
538 2160 606 2217 atta
622 2159 754 2237 quidem
770 2162 831 2229 rac,
844 2160 912 2218 alto
967 2169 1058 2225 trem.
1089 2161 1158 2226 Non
1186 2163 1231 2225 ait
1259 2164 1440 2245 Apostolus,
1469 2165 1504 2228 ln
1532 2184 1715 2230 mensuram

162 2261 222 2318 mel
240 2259 366 2327 album,
381 2258 450 2315 alia
467 2257 582 2317 vinum
598 2258 815 2332 purissimum
834 2258 914 2333 sun·
968 2258 1110 2342 corporis
1134 2268 1167 2322 et
1189 2266 1316 2323 staturae
1339 2260 1465 2342 Christi,
1491 2263 1558 2344 sed,
1582 2262 1682 2326 estatis
1706 2286 1713 2325 ε

161 2358 267 2423 dunt;
290 2356 362 2415 dies
385 2356 457 2431 ejus
485 2356 576 2415 mille
603 2374 913 2424 cenommannica
968 2358 1121 2441 quoniam
1156 2358 1377 2440 unusquisque
1412 2360 1532 2443 proprii
1572 2360 1716 2443 corporis

163 2456 387 2533 qstadrapinta
407 2454 551 2513 millium
566 2471 741 2513 annorum.
760 2454 849 2521 Quid
863 2474 913 2513 ar·
968 2476 1150 2521 mensuram
1180 2458 1248 2520 sive
1277 2465 1431 2521 staturam
1459 2458 1592 2540 recipiet
1619 2478 1716 2540 quam

159 2552 405 2630 poanrnqnid
419 2570 483 2609 non
504 2551 567 2609 ista
584 2551 783 2611 beatitudini
802 2552 913 2611 viden·
968 2556 1002 2617 in
1029 2556 1197 2637 juventute
1225 2556 1346 2637 hahuit,
1377 2556 1524 2637 quamvis
1552 2558 1715 2637 senuerit3

163 2659 217 2709 tar
235 2650 480 2727 uesficeretdr't
492 2650 599 2717 ‚Quin
614 2650 689 2709 irno.
700 2647 781 2711 Ecce
795 2656 914 2729 quanta
968 2654 1017 2716 vel
1033 2653 1208 2730 habuisset,
1225 2653 1288 2715 nisi
1303 2663 1376 2717 ante
1397 2654 1525 2719 obisset.
1542 2655 1717 2720 Menstrua·

163 2746 353 2810 carnalitas!
374 2754 493 2826 quanta
512 2746 658 2809 caecitas!
680 2763 776 2824 quam
797 2745 913 2808 vilissi-
968 2753 1012 2815 sis
1034 2759 1140 2815 tamen
1160 2752 1245 2835 quod
1264 2754 1364 2830 deest,
1380 2753 1489 2816 divina
1507 2754 1624 2819 virtuto
1643 2774 1717 2837 sup

162 2865 230 2907 mus
255 2852 368 2909 errori
388 2843 482 2919 Quasi
506 2844 633 2925 objecta
657 2843 724 2907 haec
749 2852 860 2925 gustus
883 2852 914 2907 et
967 2849 1117 2932 plebitur,
1137 2870 1178 2913 ne
1199 2850 1277 2931 quid
1299 2850 1452 2915 indecens
1473 2852 1514 2914 sit
1533 2853 1567 2915 in
1588 2853 1646 2917 eis.
1667 2854 1717 2917 ln·

161 2943 380 3007 habitaculum
414 2942 577 3025 corporale
606 2942 711 3006 visum
746 2951 911 3005 externum
968 2967 1073 3030 super,
1101 2950 1128 3011 si
1152 2967 1263 3012 omnes
1287 2957 1380 3011 eruut
1402 2949 1436 3011 in
1459 2948 1562 3013 forma
1586 2951 1713 3031 Christi,

161 3043 326 3106 oblectans
357 3041 504 3105 felicitati
532 3040 708 3117 sufficiant,
738 3060 837 3123 quum
866 3041 913 3104 fe-
932 3049 1103 3112 Ceruntne
1130 3066 1206 3130 ergo
1236 3065 1325 3130 aeque
1351 3047 1505 3111 formosil
1533 3049 1621 3124 Quod
1650 3069 1715 3114 non

162 3141 263 3205 licitas
285 3142 329 3204 sit
343 3149 442 3204 status
462 3140 604 3204 omnium
624 3141 780 3204 bonorum
803 3159 912 3222 aggre-
966 3147 1114 3230 congruit
1142 3147 1278 3229 opinari,
1308 3146 1459 3228 quoniam
1487 3166 1551 3229 quo
1586 3149 1620 3211 in
1652 3149 1716 3212 vita

162 3241 286 3322 gatioue
302 3239 515 3322 perfectus‚et
529 3239 708 3320 corpomlia
722 3238 807 3302 hona
820 3240 912 3321 spiri·
966 3246 1113 3328 praesenti
1136 3245 1266 3308 luerunt
1289 3244 1473 3326 sanctiores,
1489 3265 1528 3311 eo
1552 3246 1585 3308 in
1606 3245 1715 3311 futuro

162 3340 294 3402 tualium
313 3339 549 3421 comparatione
565 3338 720 3402 honorum
735 3338 910 3419 permodici
965 3353 1059 3408 erunt
1082 3352 1188 3406 mente
1211 3343 1417 3424 jucundiores
1442 3351 1474 3406 et
1497 3363 1630 3427 corpore
1651 3346 1716 3410 lor-

162 3439 223 3501 sint
242 3437 399 3502 momenti
422 3461 428 3498 :
451 3437 627 3519 presertim
649 3455 747 3517 quum
769 3455 844 3498 vere
866 3435 912 3498 ie·
965 3443 1129 3506 mosiores.
1145 3442 1277 3520 Rursus,
1291 3442 1317 3504 si
1333 3460 1445 3505 ornnes
1459 3452 1553 3506 erunt
1567 3443 1599 3504 in
1612 3443 1715 3507 forma

162 3537 262 3601 licitas
282 3538 327 3600 sit
349 3555 504 3619 suprema
523 3535 651 3598 virtutis
670 3536 812 3618 operatio
830 3536 912 3617 opti·
965 3541 1090 3617 Christi,
1109 3558 1184 3622 ergo
1203 3539 1264 3602 viri
1285 3560 1322 3603 ac
1338 3540 1466 3604 feminae
1487 3541 1632 3624 ejusdem
1651 3543 1716 3605 dis·

163 3657 222 3716 ma,
239 3643 352 3719 utpote
371 3634 488 3698 summi
508 3632 823 3698 etincommutabilis
844 3634 910 3697 veri
966 3637 1132 3720 positionis
1164 3638 1339 3701 consistent
1369 3662 1375 3701 :
1402 3639 1489 3720 quod
1517 3640 1611 3718 absit,
1637 3660 1715 3722 pru-

162 3755 198 3798 ac
211 3735 287 3799 honi
311 3734 399 3798 clara
414 3741 444 3796 et
459 3731 589 3796 fruitiva
605 3732 842 3813 contemplatio,
866 3732 912 3794 nl·
966 3738 1074 3801 sertim
1095 3745 1249 3819 quantum
1268 3738 1308 3799 ad
1323 3737 1430 3800 vultus
1445 3738 1711 3820 physionomiam.

162 3833 398 3898 lactuosissima
418 3839 512 3913 etque
531 3829 736 3908 dulcissima3
754 3830 846 3911 cujus
866 3831 911 3892 fc·
1004 3841 1142 3900 Assume
1156 3857 1245 3896 nunc
1265 3838 1305 3896 de
1326 3836 1414 3896 victu
1434 3847 1465 3897 et
1485 3842 1650 3914 voluptate
1667 3859 1714 3898 eo-

162 3932 288 3996 licitatis
320 3939 477 4013 respectu,
503 3937 651 4011 praetacts
675 3928 729 3992 illa
755 3930 911 3992 sensualis
966 3957 1054 4007 rom,
1070 3956 1090 3995 a
1101 3937 1211 4012 primo
1227 3937 1369 3995 introitu
1385 3937 1557 4012 incipiens.
1572 3941 1713 4013 Respon-

163 4032 338 4108 heatitudo,
355 4029 451 4093 etiam
471 4028 681 4092 delectatione
696 4034 798 4090 tectus
814 4029 842 4092 ei
858 4029 912 4091 ad·
965 4038 1015 4096 dit
1022 4037 1194 4098 :Primum
1208 4035 1340 4112 quidem
1351 4036 1506 4110 inpressis
1516 4038 1714 4111 paradisum

162 4131 254 4212 jecta,
286 4128 420 4192 nomine
449 4126 652 4190 beatitudinis
681 4144 810 4208 prorsus
839 4146 913 4190 cen·
963 4142 1165 4210 proponetur
1179 4136 1370 4192 vescendam
1381 4135 1593 4211 jecurpiscis
1605 4137 1713 4197 Albis·

163 4238 248 4292 setur
276 4223 422 4309 indigua.
444 4226 504 4288 Sed
528 4225 567 4288 de
592 4225 653 4305 his,
673 4225 825 4306 quoniam
850 4227 913 4290 cla·
927 4225 951 4287 D
967 4235 1039 4293 busi
1049 4231 1071 4302 ',
1086 4233 1176 4290 cibus
1191 4235 1282 4291 nitra
1297 4252 1395 4310 wem
1407 4233 1510 4308 possis
1523 4234 1647 4294 mirari
1660 4236 1715 4295 de·
1737 4262 1859 4306 215„st

164 4328 227 4390 rius
260 4325 480 4406 diffusiusque
517 4322 689 4405 praehabita
724 4332 798 4386 suut
832 4325 912 4388 libro
967 4331 1126 4390 laetabilis
1140 4351 1153 4396 ,·
1188 4331 1357 4388 succedent
1390 4332 1523 4405 fructus
1557 4332 1712 4392 arborum
1729 4325 1793 4370 Μ’

71 4450 150 4487 uui·
165 4426 316 4506 secunde,
334 4430 531 4506 pertranseo.
963 4438 1123 4507 potusque
1154 4430 1194 4487 de
1227 4430 1363 4502 fluentis
1393 4431 1557 4504 paradisi.
1588 4431 1715 4491 Deinde

200 4529 388 4587 Incotaturn
408 4523 574 4598 paradisi,
596 4522 743 4581 habitum
765 4531 795 4582 et
817 4543 913 4608 usum
967 4528 1132 4606 quidquid
1144 4527 1368 4603 affectaeerint
1381 4535 1500 4602 prosto
1513 4527 1714 4591 eritliorum

163 4643 347 4704 assequere.
369 4621 547 4696 Respondit
563 4639 575 4678 .·
589 4621 710 4680 Incolis
727 4622 799 4697 ejas
819 4624 913 4700 qnid·
969 4623 1089 4686 falsitas
1103 4622 1302 4685 abundanter
1315 4623 1381 4704 jam
1398 4643 1494 4706 supra
1509 4625 1641 4707 probata
1653 4633 1712 4688 est.
1737 4650 1860 4700 aaran

163 4725 243 4801 qnid
256 4719 448 4782 desiderari
459 4719 591 4794 poterit,
600 4737 676 4778 rnocc
689 4721 809 4780 aderit.
818 4722 915 4782 Omni
968 4723 991 4786 0
1016 4730 1134 4802 quanto
1159 4722 1266 4784 verior
1289 4730 1384 4804 atque
1406 4723 1553 4786 subtilior
1575 4733 1625 4787 est
1645 4743 1717 4787 san-
1728 4727 1758 4765 '¹'
1767 4727 1803 4756 '¹¹·

164 4822 327 4900 siqnidem
356 4819 539 4878 vestientur
565 4820 682 4886 colore,
707 4827 831 4893 preater
864 4823 914 4879 ni·
969 4830 1092 4884 otorum
1117 4828 1147 4882 et
1172 4820 1400 4884 catholicorum
1425 4823 1570 4885 doctrina
1590 4823 1717 4886 Christi-

160 4939 256 4998 prum
274 4940 286 4979 .·
302 4917 365 4999 qui
377 4919 466 4977 color
486 4915 648 4974 neminem
670 4917 750 4976 illuc
763 4919 915 4996 strepet.
969 4939 1114 4998 anorum,
1131 4919 1305 4983 dicentium
1321 4921 1405 5000 quod
1426 4928 1498 5002 post
1516 4921 1719 4984 resurrectio-

164 5028 291 5096 aaoepto
302 5016 458 5094 praecone
468 5015 614 5092 meconi
627 5015 664 5074 ob
680 5016 807 5092 insipere
817 5017 918 5094 bajus
971 5036 1043 5080 nem
1060 5016 1191 5079 finalem
1204 5035 1336 5100 corpora
1351 5018 1525 5081 electorum
1539 5018 1720 5100 glorificata

166 5119 239 5178 oitoe
261 5116 435 5182 mer-itum,
446 5113 623 5190 proprium
647 5116 783 5173 colorem
806 5117 918 5191 sinpu-
972 5125 1077 5194 erunt,
1107 5116 1273 5179 animabus
1302 5117 1368 5178 suis
1396 5116 1498 5179 beatis
1532 5117 1719 5199 plenissime

167 5219 233 5276 lari
245 5214 429 5293 privilepio
448 5210 653 5274 retinebit.0
677 5230 773 5294 quam
798 5213 918 5276 iucem·
972 5214 1155 5278 ohedientia
1178 5223 1209 5278 et
1234 5215 1399 5296 subjecta3
1419 5223 1514 5297 atque
1538 5215 1571 5276 in
1596 5223 1718 5277 tantum

168 5312 353 5397 parabiliter
375 5309 553 5394 pulchrius,
577 5310 751 5374 secundum
776 5311 920 5374 christia·
974 5314 1150 5377 animarum
1172 5313 1333 5376 beatitudo
1355 5312 1389 5374 in
1413 5331 1546 5394 corpora
1565 5313 1720 5377 redunda-
