4309 6250
470 518 589 568 eonrna
610 518 780 568 nannenus
800 515 971 574 neonem,
993 517 1083 566 aman
1102 517 1134 565 n.
1157 535 1199 548 -
1218 517 1289 564 ser.
1311 516 1389 564 xxm
1647 497 1707 564 tlt

162 701 218 772 tes,
240 689 281 754 ob
306 689 337 752 id
365 688 449 753 tides
472 687 646 752 christiana
670 688 783 771 lexque
805 705 903 751 evan·
916 688 943 751 A
957 706 1047 750 vanae
1070 696 1156 768 sunt,
1171 687 1315 751 omnium
1341 687 1465 750 scilicet
1488 704 1551 750 non
1576 687 1708 750 creden·

162 789 260 871 geliea
285 789 319 851 in
342 807 377 851 se
401 806 602 870 nequaquam
626 787 733 850 minus
756 785 848 850 bone
870 794 903 848 et
958 785 1039 848 tium
1053 783 1086 847 in
1101 785 1271 849 Christum.
1289 785 1371 848 Satis
1391 803 1518 867 quoque
1538 783 1707 868 probatum

162 895 274 950 sancta
289 886 469 950 consistunt
484 908 492 946 ι
508 884 593 948 sicut
613 903 673 948 nec
694 884 765 966 ipsa
785 883 902 946 veteris
957 890 1017 963 est,
1041 900 1154 946 omnes
1182 883 1317 966 populos
1344 883 1383 945 ad
1411 882 1512 946 iidem
1540 882 1707 965 legemque
1732 906 1795 958 nur.
1810 913 1852 954 ua.

108 1045 111 1048 ,
163 983 347 1049 Testamenti
373 981 495 1046 idcireo
517 981 567 1045 lex
590 981 703 1064 lloysis
722 981 830 1044 minus
850 999 903 1043 ex·
958 979 1073 1044 Christi
1095 999 1181 1044 nunc
1203 979 1350 1062 obligari.
1759 1003 1764 1014 ·

162 1083 239 1146 stitit
258 1081 353 1158 bena,
373 1079 526 1162 quoniam
544 1078 608 1142 lilii
628 1077 724 1141 lsrael
745 1097 816 1141 eam
839 1078 903 1141 ire·
996 1079 1149 1142 Praeterea
1174 1077 1293 1141 dicitur
1313 1079 1366 1142 hic
1388 1102 1396 1142 ι
1417 1081 1595 1142 Sciendum
1619 1081 1709 1140 viros

162 1189 290 1263 quenter
322 1177 511 1260 transgressi
538 1177 698 1260 leguntur.
728 1175 797 1240 Non
824 1193 901 1258 erge
957 1181 1064 1255 upum
1084 1179 1211 1238 nultius
1236 1179 1316 1254 lepis
1335 1179 1453 1256 fidcioe
1474 1179 1707 1256 perfectionem

162 1298 214 1342 vos
227 1276 428 1355 scandalizet,
444 1276 530 1358 quod
544 1275 637 1338 multi
650 1274 900 1338 Christianorum
957 1277 1098 1354 assequi,
1118 1277 1187 1334 nisi
1208 1277 1406 1337 Testamenti
1423 1284 1454 1336 et
1476 1277 1653 1352 Eoonpetii
1671 1295 1709 1336 ac

162 1376 252 1458 impie
266 1381 507 1452 conversantur,
522 1371 599 1454 quia
615 1380 649 1434 et
661 1371 804 1434 Christus
822 1389 901 1453 prte-
957 1373 1060 1450 bujus
1080 1373 1163 1432 libri
1187 1393 1207 1432 a
1228 1376 1294 1435 Deo
1314 1374 1418 1450 positi
1437 1374 1612 1450 preceptis
1639 1375 1708 1434 obe·

51 1473 232 1546 rennuitae
253 1473 338 1556 qnod
362 1471 456 1534 multi
479 1478 554 1533 sunt
572 1470 687 1548 vocati,
707 1470 802 1552 pauci
825 1487 901 1532 vero
957 1471 1064 1531 client.
1082 1469 1114 1532 Si
1128 1469 1189 1534 hoc
1211 1487 1323 1532 verum
1344 1478 1404 1548 est,
1421 1469 1544 1548 scitote,
1562 1487 1581 1535 ο
1603 1469 1708 1534 Sarra-

48 1563 148 1608 ¹⁶³¹¹'¹·¹⁸·
160 1571 259 1634 electi.
278 1570 341 1633 Sed
361 1569 423 1634 hoc
445 1587 502 1632 ves
524 1568 625 1650 magis
645 1567 795 1646 edificet,
815 1566 900 1649 quod
958 1567 1041 1644 ceni,
1057 1568 1142 1649 quod
1157 1586 1217 1632 nee
1232 1577 1344 1632 vestre
1358 1567 1438 1649 legis
1460 1567 1603 1650 poteritis
1623 1587 1708 1632 asse·

159 1668 252 1751 aliqui
267 1668 518 1731 Christianorum
533 1675 642 1730 sancte
655 1674 689 1729 et
702 1665 902 1747 irrepreheu·
957 1665 1012 1747 qui
1037 1664 1279 1747 perfectionem,
1300 1665 1362 1728 uisi
1388 1673 1421 1728 et
1444 1665 1648 1748 baptizemini
1672 1667 1707 1728 in

160 1767 289 1830 sibiliter
302 1766 427 1845 vivunt,
442 1784 579 1848 querum
593 1773 625 1827 et
646 1765 745 1828 vitam
758 1763 820 1826 sibi
836 1762 902 1826 val·
958 1763 1088 1827 nomine
1111 1763 1209 1827 Patris
1232 1771 1265 1828 et
1287 1763 1358 1826 Filii
1382 1783 1419 1828 ac
1443 1764 1579 1849 Spiritus
1600 1765 1706 1829 Sancti

159 1868 195 1929 de
208 1866 335 1950 placere
349 1865 433 1928 Deus
454 1883 512 1948 per
524 1863 651 1926 diversa
663 1863 776 1926 diviua
789 1869 822 1926 et
834 1863 901 1926 evi·
914 1867 938 1932 Β
957 1863 1032 1943 (hoc
1051 1861 1139 1926 enim
1153 1862 1361 1946 Evangelium
1374 1863 1490 1945 jubet),
1506 1863 1705 1945 credatisque
1733 1891 1820 1939 nam,

158 1964 259 2028 dentia
282 1970 476 2047 protestatur
499 1961 653 2025 miracula
677 1985 685 2022 z
711 1962 796 2043 qued
820 1961 900 2024 nulli
957 1961 1117 2024 Christum
1141 1979 1211 2025 esse
1234 1961 1289 2024 Dei
1313 1961 1411 2024 Patris
1436 1961 1635 2043 unigenitum
1658 1961 1705 2024 ti-
1721 1971 1792 2010 ¹¹'¹¹¹·
1806 1961 1839 2002 ¹⁹·

158 2062 231 2126 lacit
249 2081 289 2126 ex
308 2060 504 2126 Sermonis.
959 2059 1050 2140 lium,
1065 2078 1126 2122 nec
1147 2059 1285 2141 aliquem
1306 2077 1401 2143 posse
1422 2058 1536 2123 salvari
1558 2058 1619 2123 nisi
1639 2079 1706 2124 cre-

194 2161 268 2225 ltem
292 2161 360 2240 hic,
383 2159 524 2241 alibique
546 2157 731 2240 frequenter
752 2159 786 2221 in
809 2158 902 2222 Alco-
958 2158 1086 2222 denum
1101 2157 1135 2220 in
1150 2157 1308 2221 Christum
1322 2159 1440 2239 atejus
1455 2158 1558 2241 legem
1578 2177 1707 2222 servan-

158 2259 394 2342 rano,graviter
406 2257 616 2340 reprobantur
628 2256 900 2340 ludmi,quoniam
959 2265 1035 2319 tem.
1052 2256 1091 2319 Αι
1110 2275 1185 2320 vero
1206 2255 1282 2320 satis
1303 2265 1467 2320 ostensum
1488 2265 1547 2336 est,
1563 2265 1706 2340 tempore
1731 2279 1768 2322 ιιι.
1780 2279 1849 2332 tm.

158 2359 328 2422 llahemeto
342 2377 407 2422 nen
428 2357 573 2437 eredunt,
589 2355 644 2420 sed
664 2356 897 2420 contradicunt.
958 2353 1152 2437 evangelice
1167 2355 1245 2438 legis
1261 2373 1324 2419 nen
1340 2375 1433 2438 posse
1452 2356 1570 2420 servari
1592 2356 1706 2438 legalia
1720 2354 1777 2386 “¹¹'‘

158 2459 268 2521 Verum
282 2475 350 2522 non
365 2457 437 2520 ideo
450 2455 595 2518 mali'aut
608 2454 725 2538 pertiti
743 2464 829 2536 sunt,
844 2457 901 2520 aed
959 2455 1163 2532 Testamenti,
1179 2455 1263 2538 qued
1278 2455 1354 2518 item
1371 2463 1527 2537 precepta
1541 2455 1705 2538 Evangelii
1728 2476 1765 2520 ιιι.
1775 2475 1801 2528 u.
1812 2482 1852 2523 ιιι

158 2557 302 2638 queniam
324 2555 462 2636 Christo,
478 2555 526 2617 eis
545 2553 579 2617 in
598 2553 669 2637 lege
687 2562 720 2616 et
736 2553 901 2637 Prophetis
957 2560 990 2616 et
1002 2553 1151 2618 lllcorani
1166 2562 1241 2617 sunt
1261 2553 1322 2617 sihi
1342 2554 1479 2618 invicem
1498 2554 1707 2638 incompossi·
1719 2553 1798 2648 {ffb
1816 2555 1853 2586 ¹¹⁸

158 2655 309 2737 premisso
330 2673 369 2718 ac
387 2653 525 2736 desuper
544 2652 654 2734 misso,
670 2671 735 2717 non
753 2654 899 2718 credunt.
957 2651 1036 2715 bilia
1048 2660 1081 2715 et
1102 2651 1364 2734 incompatibilia.
1381 2652 1425 2716 lle
1446 2652 1526 2734 istis,
1539 2654 1615 2735 q‘uia
1628 2673 1706 2736 pre-

194 2754 340 2837 hmplins
362 2753 454 2835 quasi
479 2771 518 2816 ex
540 2751 595 2815 llei
619 2771 754 2836 persona
777 2753 831 2816 hic
853 2753 901 2815 di·
957 2749 1065 2814 hahita
1087 2758 1161 2812 sunt
1182 2758 1214 2812 et
1233 2751 1378 2833 probata,
1393 2759 1589 2834 pertranseo.

158 2853 237 2915 citur
254 2875 261 2915 ι
280 2856 425 2922 Christo,
443 2855 565 2914 Murice
580 2853 664 2930 filio,
684 2854 901 2930 Enneapelium
996 2848 1118 2912 Dicitur
1144 2867 1270 2931 quoque
1298 2849 1350 2912 hie
1382 2873 1388 2911 :
1421 2855 1536 2914 Omnes
1563 2853 1706 2912 dicentes

156 2953 385 3022 commisimus,
400 2952 488 3030 qued
499 2959 546 3012 ert
560 2953 670 3010 lumen
685 2959 716 3011 et
729 2955 902 3028 confirmo·
957 2949 1137 3018 Christum,
1145 2950 1266 3010 Mariae
1279 2951 1402 3026 filium,
1412 2952 1515 3012 Deum
1530 2969 1607 3022 esse,
1618 2968 1706 3012 nwn-

158 3053 211 3120 tio,
224 3059 255 3110 et
266 3051 469 3128 castipnmen
482 3068 521 3109 ac
535 3057 624 3109 recta
643 3049 708 3110 uic.
724 3047 757 3110 Si
776 3047 837 3111 hoc
858 3047 903 3111 ita
919 3047 1050 3118 cdcces
1064 3056 1163 3129 atque
1177 3049 1344 3108 increduli
1361 3057 1439 3108 sunt
1455 3050 1590 3127 reperti,
1605 3069 1706 3130 quum

157 3157 213 3227 est,
228 3168 286 3211 cur
307 3146 529 3230 Evengehme
553 3146 730 3225 Sarraceni,
746 3166 812 3212 non
835 3166 904 3211 cre·
956 3147 1108 3207 Christus
1135 3148 1203 3223 ipse
1228 3148 1356 3207 dicerit
1380 3166 1391 3206 .·
1415 3148 1501 3211 Filii
1528 3150 1645 3221 Israel,
1669 3152 1707 3209 in

156 3247 250 3308 ditisl
278 3247 344 3310 Cur
370 3266 390 3309 a
416 3246 540 3309 Christe
567 3244 738 3309 Christiani
770 3244 843 3309 lieri
871 3252 904 3309 et
955 3246 1256 3314 neumnensium
1272 3264 1379 3305 meum
1392 3254 1422 3305 et
1439 3248 1709 3317 oestrum,credi·

157 3345 259 3409 vocari
274 3363 341 3409 non
356 3344 556 3427 properatisl
569 3343 634 3408 Nec
648 3344 756 3409 dicere
768 3344 903 3428 potastis
958 3352 1000 3405 te.
1016 3340 1153 3405 Perfidia
1174 3350 1269 3424 atque
1289 3342 1415 3405 insania
1437 3342 1533 3425 hujus
1554 3344 1631 3407 dicti
1654 3362 1708 3409 cu-

157 3443 318 3525 Evangelii
335 3451 455 3506 textum
476 3461 547 3506 esse
565 3452 761 3527 corruptum,
777 3451 832 3507 aut
845 3442 904 3506 ali·
957 3440 1046 3523 piose
1061 3440 1235 3522 reprobatae
1251 3448 1334 3504 sunt.
1353 3441 1577 3506 Verumtamen
1593 3461 1852 3519 conueniente.

158 3550 203 3604 ter
225 3541 469 3624 intelligendum
493 3560 591 3623 quam
613 3541 758 3606 Ecclesia
776 3542 905 3605 univer·
957 3538 1064 3601 dimus
1087 3539 1172 3620 quod
1197 3538 1338 3602 Christus
1362 3539 1461 3603 Deum
1483 3541 1706 3605 universorum
1763 3600 1767 3609 .

158 3640 229 3703 salis
251 3640 346 3704 illum
369 3639 530 3721 intelligit,
546 3648 582 3703 ut
599 3640 771 3723 diligenter
790 3640 905 3723 proba·
958 3644 1133 3700 createrem
1159 3636 1285 3700 vocavit
1308 3636 1407 3701 ὓοιιιιι
1431 3638 1586 3703 suumin
1608 3658 1707 3722 quan·

79 3770 145 3811 Μ,
159 3747 220 3802 tum
244 3747 304 3803 est.
332 3738 372 3801 Et
394 3739 547 3820 queniam
570 3737 743 3821 Evangelio
766 3738 810 3801 ita
837 3758 902 3803 non
958 3744 1025 3799 tum
1046 3735 1165 3799 etenim
1179 3734 1322 3799 Christus
1343 3744 1392 3799 est
1412 3737 1519 3817 homo,
1535 3738 1617 3801 Deus
1636 3738 1708 3801 nni-

159 3838 294 3919 creditis,
326 3836 449 3900 idcirco
478 3838 511 3898 in
541 3836 681 3899 tenebris
711 3836 904 3920 deiectuque
958 3852 1124 3898 versurum
1146 3842 1194 3897 est
1215 3833 1296 3898 Deus
1320 3834 1431 3917 ipsius.
1449 3835 1536 3899 Unde
1558 3836 1591 3899 in
1612 3854 1708 3900 evan-

159 3936 268 3997 mentis
279 3944 313 3999 et
327 3934 382 3997 via
395 3934 772 4016 obliquaestis.Christus
785 3935 904 4018 quippe
958 3933 1043 4015 gelie
1057 3933 1186 3996 loannis
1206 3942 1277 4015 post
1298 3933 1562 3997 resurrectionem
1583 3934 1707 3999 locutus

66 4051 134 4097 tm.
159 4031 188 4093 in
202 4032 378 4116 Evangelio
391 4032 436 4095 ait
453 4056 460 4095 ι
476 4032 544 4095 Nisi
565 4032 637 4114 quis
659 4041 787 4097 renatus
806 4032 905 4097 luerit
958 4040 1007 4097 cst
1023 4056 1030 4095 z
1047 4033 1192 4096 Ascendo
1213 4032 1253 4095 ad
1274 4032 1396 4095 Patrem
1412 4052 1518 4095 meum
1540 4042 1572 4095 et
1585 4032 1707 4099 Patrem
1727 4056 1854 4109 tmen.

43 4120 91 4163 Ψ·
158 4150 193 4193 ex
209 4151 291 4213 aqua
310 4140 345 4195 et
363 4130 482 4214 Spiritu
502 4131 710 4211 Sancto,non
732 4141 837 4214 potest
856 4132 904 4195 in·
958 4139 1111 4209 vestrum,
1128 4130 1227 4193 Deum
1250 4149 1356 4193 meum
1379 4138 1410 4193 et
1432 4130 1530 4194 Deum
1554 4139 1704 4197 vestrum.
1723 4122 1755 4165 ¹⁷·

158 4237 235 4293 trare
260 4249 396 4313 regnum
419 4229 486 4293 llei.
501 4230 627 4293 Credite
647 4230 746 4293 verbu
769 4229 855 4310 huic,
871 4234 943 4299 etl)
998 4230 1132 4292 Additur
1166 4237 1273 4292 autem
1309 4228 1362 4291 hie
1391 4228 1548 4293 Christum
1577 4231 1704 4311 dixisse,

159 4328 382 4393 convertimini
406 4328 501 4410 plene
524 4328 564 4391 ad
589 4329 761 4409 Christum,
785 4337 821 4392 ut
845 4329 904 4392 im·
957 4329 1043 4411 qued
1063 4330 1259 4409 quicumque
1279 4330 1343 4390 Deo
1363 4330 1485 4390 socium
1500 4338 1557 4389 cut
1571 4332 1708 4407 partici-

159 4428 279 4509 pleatur
306 4428 341 4489 in
370 4426 462 4491 vobis
489 4428 575 4509 quod
602 4428 643 4490 de
671 4427 836 4491 conversis
863 4429 903 4491 ad
953 4446 1029 4504 pem
1040 4428 1201 4503 posuerit,
1217 4428 1326 4504 ipnem
1347 4428 1487 4487 introbit
1498 4438 1705 4505 perpetuum.

58 4525 314 4595 ran-„Christum
340 4525 532 4588 vaticinatus
555 4534 605 4588 est
627 4525 748 4589 isaias:
765 4527 903 4609 Populus
958 4524 1106 4588 Patemur
1133 4524 1217 4606 quod
1247 4524 1389 4589 Christus
1417 4526 1526 4589 decuit
1554 4528 1706 4591 nonnisi

158 4626 209 4707 qui
236 4624 421 4688 ambulabat
447 4624 482 4686 in
510 4622 660 4704 tenebris,
690 4625 771 4688 vidit
798 4625 902 4689 lucem
958 4643 1057 4688 unum
1082 4642 1193 4687 verum
1222 4642 1292 4686 esse
1321 4624 1420 4687 ileum
1447 4648 1453 4686 :
1480 4644 1575 4709 quem
1604 4626 1707 4692 nihilo

159 4742 314 4805 magnam.
958 4724 1066 4786 minus
1094 4723 1204 4786 decuit
1232 4731 1295 4787 tam
1322 4742 1397 4786 vere
1425 4742 1495 4787 esse
1524 4725 1644 4789 trinum
1672 4727 1706 4790 in

194 4822 313 4887 llursus
327 4822 419 4906 quasi
434 4822 530 4887 allec
544 4822 595 4885 hie
609 4822 820 4886 diciturzSuo
834 4826 903 4884 cui·
958 4822 1113 4905 personis,
1128 4840 1225 4904 quam
1250 4841 1322 4886 vere
1347 4842 1446 4885 uuum
1469 4842 1507 4886 ac
1529 4824 1705 4907 simplicem

158 4942 215 5000 que
227 4945 248 4984 e
262 4926 357 4984 nobis
369 4932 447 4983 sient
459 4924 566 4997 posito
584 4926 638 4982 tezo
651 4924 900 5003 atquejudicio.
958 4922 992 4985 in
1006 4929 1129 4984 natura.
1142 4920 1268 5004 Proprie
1282 4940 1408 5003 quoque
1423 4921 1593 5004 loquendo,
1608 4923 1706 4987 Pilius

159 5018 188 5081 Si
215 5040 273 5103 per
300 5021 398 5084 verba
421 5020 489 5083 haec
513 5018 623 5083 llahen
652 5020 760 5083 dicere
788 5020 901 5100 veluit,
958 5026 990 5081 et
1004 5019 1137 5102 Spiritus
1157 5019 1289 5081 Sanctus
1310 5037 1375 5082 nen
1395 5029 1470 5082 sunt
1487 5020 1613 5083 dicendi
1637 5039 1707 5103 par·

159 5119 239 5197 qued
254 5118 430 5199 unicuique
444 5117 530 5200 genti
545 5117 627 5182 Deus
642 5118 813 5201 specialem
829 5136 904 5182 con·
958 5118 1071 5201 ticipes
1100 5118 1154 5181 Dei
1181 5117 1289 5182 Petris.
1316 5118 1475 5201 Partioeps
1503 5119 1590 5181 enim
1614 5121 1705 5202 quasi

160 5214 228 5279 tulit
254 5217 373 5299 legem,
402 5216 553 5280 mentitus
580 5225 629 5281 est
655 5241 662 5279 :
689 5218 775 5299 quia,
806 5225 841 5281 ut
868 5219 902 5282 in
958 5226 1081 5300 partem
1096 5216 1226 5300 capiens
1247 5218 1425 5301 appellatur
1441 5243 1447 5281 :
1464 5218 1562 5282 Pilius
1584 5238 1659 5283 vero
1674 5229 1706 5283 et

53 5312 290 5381 eisterensi
318 5315 474 5399 scriptum
501 5324 560 5395 est,
590 5315 677 5399 leges
709 5317 901 5401 populorum
959 5316 1096 5411 Spiritus
1117 5316 1250 5379 Sanctus
1271 5324 1368 5380 tutam
1387 5316 1515 5381 deitatis
1535 5318 1706 5403 plenitudi-
