4309 6250
508 515 629 566 comm
650 513 817 564 rnnrmnrs
836 513 1009 573 umorum,
1023 511 1113 560 cmm
1134 513 1177 560 ru.
1201 531 1242 544 —
1261 513 1332 560 mr.
1355 515 1376 560 x
1667 495 1727 561 383

213 690 296 759 Quis
308 690 392 750 rasit
404 699 504 766 caput
518 688 626 750 Adai
639 687 819 763 Respondit
834 705 846 744 .·
862 687 923 748 Ga·
938 683 1120 747 stabulon
1136 683 1274 766 longum,
1286 684 1424 768 qualitor
1438 683 1523 748 istud
1539 682 1726 765 contigerit:

174 789 269 850 bn'et.
294 785 378 849 Esco
405 785 556 848 stolidum
583 783 729 848 verbum.
759 781 798 845 Et
824 800 923 864 qnare
979 800 1074 863 quom
1089 790 1244 865 quantum
1259 783 1298 846 od
1313 782 1442 862 Jerulib,
1456 783 1588 846 recitare
1603 781 1726 861 omitto,

174 903 239 947 non
258 883 365 966 potius
378 883 444 946 Eva
463 883 525 947 hoo
546 882 645 946 iecitt
661 883 741 952 Quis
754 882 925 942 circumci·
978 881 1054 964 quis
1068 901 1128 945 nec
1142 881 1276 963 dignum
1298 891 1366 960 est3
1382 882 1438 946 sed
1459 881 1555 946 aliem
1571 881 1642 963 ojus
1658 899 1730 963 par-

173 985 225 1042 dit
238 983 557 1058 Adamtttespondit
566 1001 579 1040 .·
588 983 738 1057 ipsemet.
753 980 813 1042 Ait
824 999 836 1039 .·
845 981 924 1041 Post
979 989 1055 1058 tom,
1080 981 1154 1063 quia
1179 979 1348 1045 manifeste
1372 982 1532 1044 discordat
1553 1001 1571 1043 a
1596 979 1729 1044 veritate

171 1082 282 1142 Adam
302 1082 378 1160 quis
395 1080 609 1140 circumcisus
628 1078 894 1154 estiiiespondit
912 1095 925 1134 .·
979 1078 1161 1161 Scripturae,
1178 1097 1406 1144 commemoro.

171 1177 447 1240 Abratasztud
462 1177 577 1240 [slsum
592 1173 809 1258 ost,quoniom
823 1174 923 1236 Adam

174 1275 386 1338 circumcisus
400 1293 465 1337 non
485 1273 560 1352 init,
576 1275 632 1337 sod
646 1273 744 1353 (sicut
758 1271 793 1335 in
807 1270 922 1336 Genesi

87 1407 157 1445 ‚ma
173 1375 338 1454 edocetur)
362 1373 495 1436 Abruhm
518 1373 622 1456 primo
650 1373 760 1434 dotum
788 1378 836 1434 est
864 1370 924 1432 cir·
1193 1342 1439 1406 ARTICULUS
1467 1342 1511 1407 X·

57 1492 63 1502 ’
174 1472 384 1536 concisionis
405 1480 611 1555 procopium.
633 1471 672 1533 ut
693 1469 842 1533 sindon
863 1469 924 1532 cir·
978 1483 1140 1544 Recitatis
1152 1484 1239 1560 falsa
1253 1501 1292 1542 ao
1303 1483 1401 1559 sarua
1415 1485 1580 1561 <tamayo
1593 1493 1624 1544 ec
1639 1483 1727 1544 attis.

175 1570 338 1634 cumcisus
351 1570 476 1650 inisset,
492 1568 667 1634 verisimile
681 1576 731 1632 est
747 1567 833 1650 quod
848 1567 923 1630 Seth

173 1677 206 1732 et
225 1668 283 1731 ulii
304 1668 380 1732 honi
401 1668 464 1732 iiiii
486 1667 557 1749 ejus
578 1687 653 1730 eum
674 1665 708 1729 in
727 1667 788 1730 hoc
807 1665 923 1730 imitati
1017 1667 1141 1742 TAQUE
1156 1668 1200 1730 uit
1213 1667 1371 1751 gloriosus
1387 1669 1439 1734 hic
1454 1671 1730 1754 legislator,pesti·

173 1775 291 1830 essent.
1029 1765 1080 1830 fer
1106 1765 1301 1830 Mahometus
1328 1792 1335 1831 :
1361 1771 1488 1848 Moyses
1513 1791 1613 1850 quum
1643 1774 1730 1832 solus

211 1869 288 1936 nic,
310 1867 366 1927 cui
388 1876 487 1928 terroe
509 1870 636 1927 iocatus
658 1874 705 1926 est
727 1866 841 1928 neos?
861 1867 924 1926 Re·
939 1865 1038 1942 Bper
1050 1861 1214 1927 deser'tam
1235 1877 1425 1944 vaporetur,
1438 1871 1527 1947 sorte
1544 1873 1730 1945 sepulcrum

171 1966 305 2041 spondit
314 1965 440 2026 :Monti
452 1964 718 2041 Sinaiproecepit
732 1973 769 2022 at
783 1967 924 2023 elevaret
978 1973 1129 2040 apertam
1165 1985 1367 2046 vacuamque
1398 1968 1537 2036 invenit,
1568 1976 1652 2028 recte
1685 1970 1730 2028 ad

171 2066 308 2141 Moysen
323 2083 425 2142 sasque
437 2064 483 2123 ad
495 2066 622 2124 coetnm.
637 2060 723 2123 Istud
741 2068 790 2123 est
809 2058 923 2124 fictum
977 2064 1196 2140 quantitatem
1217 2083 1310 2124 snam
1331 2069 1478 2143 effossam
1495 2086 1506 2124 .·
1521 2067 1608 2144 qaod
1624 2067 1729 2126 admi·

172 2169 205 2223 et
228 2158 392 2224 frivolum.
408 2159 447 2223 Et
471 2160 498 2222 si
523 2158 677 2223 voluisset
695 2159 777 2221 Deus
796 2157 922 2240 Meysen
979 2163 1170 2237 rans,coepit
1186 2162 1230 2221 ad
1242 2163 1413 2238 propriam
1429 2171 1592 2223 staturam
1605 2165 1726 2225 metiri.

172 2259 281 2322 levero
302 2260 343 2322 sd
367 2259 497 2338 coeium,
513 2261 574 2322 hoc
594 2259 701 2340 potius
720 2255 851 2321 fecisset
865 2277 924 2340 per
978 2260 1110 2319 Interea
1135 2263 1270 2335 onpetns
1290 2262 1406 2320 mortis
1427 2263 1516 2320 venit
1538 2263 1584 2322 ad
1602 2263 1730 2339 interfi-

172 2356 324 2438 engeium
358 2357 414 2437 qui
449 2356 591 2438 quotidie
626 2355 814 2436 loquebatur
848 2374 921 2418 cum
977 2357 1130 2416 ciendam
1146 2359 1290 2435 Moysen.
1303 2360 1403 2427 Quem
1418 2378 1520 2438 qaam
1534 2361 1729 2437 capnooisset

170 2456 288 2538 Moyse.
304 2455 458 2538 Denique,
474 2456 502 2518 si
522 2454 649 2537 Moysen
671 2463 735 2516 tem
757 2454 819 2518 ulte
839 2455 923 2518 levu-
978 2455 1117 2531 Moyses,
1138 2458 1289 2534 quesivit
1305 2477 1317 2516 .·
1331 2459 1387 2519 Ad
1406 2460 1489 2536 qnid
1509 2460 1654 2518 venisti?
1668 2461 1729 2520 Re·

172 2555 232 2632 vit,
248 2563 356 2616 utrum
376 2572 470 2616 mons
491 2553 545 2616 ilie
566 2561 643 2616 tunc
663 2571 682 2615 a
700 2561 784 2615 torre
798 2553 923 2616 divisus
978 2555 1109 2628 spondit
1125 2573 1136 2612 :
1151 2557 1273 2616 Missas
1286 2575 1358 2616 snm
1370 2575 1434 2632 pro
1455 2559 1567 2616 anima
1584 2565 1650 2617 toa.
1668 2557 1731 2619 Cui

171 2662 233 2731 est,
248 2672 290 2714 nn
310 2670 369 2734 per
388 2650 604 2714 extensionem
625 2659 658 2714 et
678 2649 921 2715 ruminetionem
977 2653 1290 2728 Moyses:Qnomodo
1303 2673 1380 2730 erpo
1391 2663 1491 2730 putas
1501 2675 1571 2715 eom
1582 2656 1730 2732 eripere?

171 2750 293 2812 montis
321 2750 353 2812 id
385 2748 543 2831 contigiti
570 2747 700 2830 Legitur
726 2767 853 2831 quoque
888 2749 922 2812 in
978 2751 1094 2811 Peras
1108 2753 1194 2810 enim
1211 2771 1275 2811 non
1287 2755 1423 2828 poteris,
1439 2773 1502 2832 quo
1518 2757 1643 2814 loeutus
1657 2774 1727 2814 sam

170 2847 288 2910 Genesi
308 2847 576 2930 quomadmodum
590 2848 674 2910 Dnus
695 2855 787 2911 terrm
805 2867 923 2930 proce-
977 2867 1051 2907 eam
1080 2851 1220 2911 Domino
1229 2871 1243 2917 ,·
1268 2869 1371 2930 neque
1391 2868 1454 2926 per
1475 2871 1584 2922 aures,
1609 2853 1728 2932 quibus

169 2947 221 3028 pit
245 2953 281 3010 ut
306 2947 507 3028 germinaret.
534 2946 597 3008 Cur
619 2964 695 3028 ergo
720 2945 832 3009 Mnhon
860 2947 922 3011 hoc
977 2967 1082 3006 vocem
1097 2949 1160 3009 Dei
1173 2950 1312 3017 andivi,·
1327 2968 1429 3028 neque
1441 2969 1502 3025 per
1522 2954 1640 3020 oeulos,
1656 2954 1729 3030 qai-

170 3045 265 3128 qussi
287 3046 375 3128 prius
396 3053 522 3128 gestum
543 3063 608 3108 non
628 3045 827 3127 assignavitt
937 3041 1036 3105 Cous
1055 3047 1175 3121 sociem
1189 3049 1325 3108 Domini
1346 3049 1417 3107 vidi
1426 3069 1440 3116 ,·
1456 3067 1557 3128 nepae
1574 3068 1636 3124 per
1657 3069 1727 3108 ma·

208 3149 286 3216 Dic,
307 3148 389 3226 qaid
410 3147 492 3205 oioit
514 3166 578 3206 non
599 3146 720 3207 tabens
740 3148 923 3223 spiritam?
976 3146 1181 3223 nns,quibas
1194 3148 1316 3206 donum
1330 3148 1393 3208 Dei
1409 3150 1515 3223 recepi
1523 3168 1537 3217 ,·
1552 3168 1655 3227 neque
1665 3168 1728 3225 per

167 3247 351 3321 Respondit
372 3265 385 3304 .·
405 3246 491 3307 Non.
515 3243 641 3307 Certum
664 3246 823 3327 estquod
846 3264 919 3324 nox,
972 3245 1082 3317 pedes,
1098 3245 1215 3322 quibus
1234 3253 1373 3305 montem
1392 3246 1492 3307 Sinai
1505 3250 1647 3307 ascendi.
1665 3249 1728 3309 His

166 3362 239 3423 quse
264 3350 409 3423 estpars
434 3341 498 3404 diei
518 3341 671 3404 naturalis
694 3361 732 3405 oc
755 3343 919 3426 temporis,
976 3342 1114 3411 auditis,
1130 3342 1212 3401 abitt
1234 3346 1370 3419 asperos
1383 3345 1541 3413 Domini;
1552 3348 1728 3425 formaque

166 3459 372 3522 nequequam
394 3439 523 3523 pmprie
547 3440 644 3504 vivut.
977 3447 1117 3509 mutata,
1127 3440 1242 3499 attulit
1253 3458 1386 3516 pomum
1400 3444 1440 3501 de
1450 3444 1610 3518 paradiso
1620 3464 1632 3503 .·
1642 3446 1729 3523 quod

207 3542 283 3609 Dic,
295 3560 368 3619 qud
379 3540 507 3617 semina
521 3542 562 3599 de
575 3543 718 3602 masculo
736 3550 878 3612 tantum,
890 3551 921 3602 et
977 3555 1076 3615 quam
1092 3539 1275 3614 olfaciendo
1287 3540 1487 3617 porriperet,
1503 3544 1624 3617 recepit
1638 3544 1729 3619 Moy·

165 3642 243 3719 quis
255 3642 423 3699 mumulus
435 3641 476 3699 de
484 3639 612 3715 semina
626 3640 922 3716 tontumiRespon-
976 3654 1214 3713 ses‚·qunmqne
1230 3638 1367 3697 naribus
1379 3648 1566 3714 apponeret,
1578 3641 1727 3715 arripnit

165 3740 218 3798 dit
224 3738 317 3799 :an
331 3756 373 3795 eoe
385 3738 495 3798 Adam
509 3738 744 3807 salaminam
757 3756 798 3796 en
808 3740 921 3799 Maria
975 3752 1049 3793 eam
1063 3736 1200 3810 anpelus
1211 3752 1273 3811 per
1287 3754 1461 3813 nares,per
1474 3756 1556 3817 quat
1570 3748 1726 3817 tanquam

166 3836 312 3913 oirpine.
329 3868 369 3879 -
380 3835 441 3896 Ait
456 3854 468 3893 :
483 3836 562 3903 Qua
582 3843 660 3895 sont
681 3838 749 3895 tria
771 3838 830 3895 itta
849 3857 922 3915 quoe
975 3850 1163 3908 entanpeas,
1178 3834 1323 3893 animam
1338 3836 1410 3911 ejus
1423 3838 1572 3897 extorsit.
1591 3839 1659 3904 Quo
1675 3838 1727 3914 fa·

165 3937 238 3994 sine
253 3935 324 3992 oiri
334 3934 558 4009 pernotatione
572 3942 649 3993 sunt
664 3935 922 4011 editaiRespon·
975 3938 1037 3999 eto,
1052 3932 1173 3989 mansit
1187 3950 1304 4007 carpos
1324 3934 1396 4009 ejus
1418 3934 1453 3993 in
1474 3938 1621 4009 sepulcro
1642 3954 1726 3995 nan-

165 4033 218 4093 dit
243 4051 256 4090 .·
280 4032 402 4099 Adam,
428 4038 458 4089 et
481 4032 570 4090 aries
592 4032 747 4101 Abrahae,
770 4040 801 4091 et
828 4034 921 4093 lesus
975 4046 1075 4107 qaam
1092 4038 1230 4104 reperto.

166 4132 330 4193 cariscos.
347 4127 524 4209 Responsio
539 4127 599 4190 iste
613 4136 767 4210 quantum
782 4129 822 4192 nd
837 4130 921 4193 curi·
1015 4124 1096 4188 Ecce
1111 4145 1205 4207 quom
1222 4127 1394 4192 ridiculosa
1408 4130 1556 4211 narratio,
1565 4140 1628 4195 tom
1644 4132 1726 4196 Scri-

164 4238 252 4291 stum
267 4234 301 4289 et
314 4227 587 4305 Adom,consonut
599 4227 801 4305 veritati‚sod
815 4230 919 4310 quoad
936 4227 961 4289 D
975 4232 1074 4306 pturm
1090 4244 1186 4287 sacrm
1200 4243 1295 4306 quem
1312 4228 1446 4291 naturali
1464 4229 1577 4292 rationi
1600 4240 1725 4296 contre-

165 4325 458 4406 disseminans,
474 4323 921 4408 tubulisludaeorum,dicen·
976 4323 1036 4384 rint
1053 4322 1212 4406 Scriptum
1237 4334 1286 4387 est
1307 4325 1392 4388 enim
1409 4350 1416 4387 ε
1434 4326 1569 4391 Iocutus
1594 4338 1642 4393 est
1667 4332 1725 4396 Do-
1744 4362 1876 4415 mmm,

165 4426 248 4487 tium
264 4424 396 4487 arietem
410 4422 503 4486 ilium
523 4443 542 4485 u
564 4424 727 4507 principio
749 4426 860 4487 mundi
875 4426 918 4489 ibi
975 4420 1082 4484 minus
1110 4423 1149 4484 ad
1177 4422 1314 4505 Moysen,
1344 4424 1454 4487 dicens
1482 4448 1489 4487 ε
1515 4428 1660 4493 Ascende
1690 4432 1723 4495 in
1738 4428 1816 4477 Μ·

163 4524 269 4586 inisse
284 4530 440 4605 peratum,
456 4530 566 4604 utpote
581 4531 669 4585 sexto
683 4524 747 4602 die,
759 4542 823 4606 quo
837 4524 920 4587 Deus
974 4530 1116 4583 montem
1132 4520 1227 4583 istum
1243 4521 1340 4601 Nebo‚
1355 4532 1386 4586 et
1402 4542 1523 4588 morere
1539 4526 1723 4594 ibi.Doinde

163 4620 321 4685 animulis
341 4619 430 4700 iecit,
451 4621 642 4704 productum
659 4643 666 4681 :
682 4623 768 4703 quod
787 4641 846 4685 nec
867 4641 920 4685 ve
974 4618 1091 4699 legitur
1107 4642 1113 4680 :
1131 4621 1283 4684 Ascendit
1297 4620 1416 4703 Moyses
1438 4623 1477 4685 do
1492 4628 1723 4709 campestribus
1744 4650 1875 4701 numu.

164 4722 295 4783 ritatem
310 4719 604 4801 necspporontiem
619 4720 918 4802 habotldeomsgis
972 4716 1063 4779 Moab
1091 4716 1125 4779 in
1157 4726 1297 4781 montom
1325 4718 1433 4799 Nobo;
1463 4724 1664 4807 ostenditque
1692 4728 1721 4789 ei
1738 4717 1779 4756 Μ·

164 4819 354 4896 tenendum,
374 4818 459 4901 quod
482 4820 668 4901 providente
689 4820 764 4897 Deo,
786 4840 844 4903 per
864 4841 920 4883 on·
974 4815 1127 4878 Dominus
1148 4834 1276 4879 omnem
1299 4826 1414 4881 terrem
1429 4819 1588 4901 Chenoon,
1605 4832 1637 4885 et
1651 4824 1719 4887 ait:

162 4918 308 5001 geticum
331 4918 522 4999 obsequium
540 4917 623 4981 eries
644 4918 698 4982 ilio
718 4918 780 4981 init
800 4919 919 4983 ibidem
973 4916 1044 4977 iimo
1059 4924 1107 4977 est
1129 4924 1212 4978 terre
1234 4935 1291 4998 pro
1313 4937 1375 4999 que
1393 4919 1498 4999 juravi
1513 4922 1670 4985 Abrohom
1691 4933 1723 4986 et

163 5026 300 5100 reponte
322 5016 489 5080 adductus.
972 5013 1059 5075 lsonc
1082 5022 1115 5075 et
1137 5013 1245 5093 Jacob,
1261 5016 1372 5079 dicens
1390 5040 1396 5078 :
1415 5018 1534 5080 Semini
1560 5028 1614 5084 tuo
1639 5022 1721 5086 dabo

204 5118 282 5187 Dic,
297 5118 358 5196 qui
373 5126 452 5177 sant
471 5120 533 5177 sati
550 5120 616 5177 duo
638 5119 692 5177 itti
712 5138 852 5197 qaorum
874 5136 919 5175 se-
973 5132 1055 5175 eum.
1075 5110 1278 5195 Mortuusque
1300 5122 1349 5177 est
1369 5114 1414 5178 ibi
1436 5116 1566 5198 Moyses,
1588 5118 1721 5199 jubente

31 5235 146 5281 amm.
158 5220 285 5294 putcra
305 5216 533 5293 apnorantar?
551 5215 731 5292 Respondit
746 5236 758 5275 .·
770 5215 919 5276 leratib’
973 5210 1128 5290 Dnmin03
1144 5219 1176 5273 et
1199 5213 1347 5294 sepelivit
1370 5232 1442 5277 eum
1465 5215 1497 5277 in
1524 5217 1606 5279 vallo
1631 5226 1721 5281 terrm

25 5296 111 5343 Μ’
161 5326 195 5377 et
214 5316 355 5393 Moyses.
372 5312 609 5397 consequenter
632 5312 744 5377 iiohon
765 5312 843 5376 texit
862 5312 916 5376 hio
973 5309 1073 5391 Moab,
1101 5318 1131 5373 et
1155 5328 1219 5375 non
1245 5312 1395 5396 cognovit
1417 5314 1513 5379 homo
1538 5317 1721 5403 sepulcrum
