4309 6250
472 486 533 555 452
621 508 770 555 uincens
793 505 1023 554 ntsrurhrtortts
1046 506 1138 552 lltrltlt
1157 504 1368 552 cnmsutarttut
1387 506 1425 551 ΕΤ
1445 505 1661 553 Stanacum.
1684 526 1724 537 -·
1743 508 1814 553 aar.
1836 506 1868 553 ul

472 678 513 741 de
540 696 579 741 eo
602 686 634 741 et
656 678 879 762 prenuntiauo
902 677 934 739 in
958 678 1029 759 lege
1051 676 1165 759 Moysis
1189 677 1259 739 etri
1316 677 1528 741 Sanuacauns.
1544 678 1711 741 -Fateor
1731 676 1885 760 quodista
1903 675 2002 758 pradi-

473 777 658 859 Evangelio.
1274 783 1437 854 caverunt,
1454 794 1513 841 nec
1534 776 1670 839 naturali
1690 775 1811 837 ratione
1832 776 2000 855 persuadere

514 875 730 939 Cnnrsrranus.
747 876 911 939 -Fateor
929 875 1013 957 quod
1031 874 1094 937 hoc
1113 874 1219 949 dicat3
1273 874 1341 936 haec
1367 882 1522 955 poterant,
1548 874 1684 957 ideoque
1706 891 1762 937 ees
1786 892 1844 953 per
1864 873 1999 937 miracula

326 990 459 1043 aenaea
474 974 529 1037 sed
554 973 684 1037 mentitu
707 982 755 1036 est
778 973 928 1055 iniquitas
953 972 1026 1052 sibi,
1042 981 1075 1035 et
1096 971 1221 1054 decepit
1274 971 1439 1055 potissime
1464 971 1668 1053 prevaluisse
1690 991 1811 1053 suaque
1831 973 1999 1035 documenu

474 1090 531 1135 vos
559 1071 677 1153 impius
705 1071 770 1135 ille.
793 1070 885 1134 Nulla
913 1072 1030 1153 quippe
1054 1072 1094 1133 de
1118 1088 1157 1133 eo
1181 1070 1221 1132 lit
1275 1071 1436 1153 probasse.

473 1169 594 1234 mentio
622 1170 655 1231 in
683 1169 801 1231 divinis
830 1169 1013 1251 Scripturis,
1043 1168 1105 1230 nisi
1134 1169 1219 1250 quod
1313 1168 1530 1231 Cnnrsnrauus.
1555 1204 1596 1214 —
1619 1169 1684 1231 lloc
1713 1169 1843 1231 demum
1868 1187 1996 1249 agnosce,

472 1266 613 1330 Christus
628 1268 660 1329 in
676 1266 848 1349 Evangelio
864 1267 908 1329 ait
921 1267 954 1329 in
969 1266 1122 1348 generali,
1138 1266 1220 1328 mul·
1273 1267 1355 1349 quod
1372 1267 1455 1329 sicut
1468 1267 1565 1349 Moysi
1587 1267 1772 1330 restiterunt
1791 1266 1909 1330 fortiter
1927 1270 1996 1350 magi

358 1384 444 1431 aare.
471 1372 520 1427 tos
540 1366 831 1448 pseudoprophetas
851 1374 922 1447 post
943 1365 1048 1447 ipsum
1068 1374 1218 1427 venturos
1273 1374 1366 1446 atque
1390 1364 1529 1427 malefici
1549 1365 1731 1443 Pharaonis,
1746 1365 1861 1446 quibus
1877 1384 1936 1429 non
1952 1365 1998 1427 ali-

324 1460 382 1501 urn,
396 1452 428 1495 ll.

472 1464 720 1545 seducturosque
748 1465 865 1527 multos
895 1487 903 1525 :
934 1482 1069 1545 quorum
1098 1463 1218 1544 pseudo
1272 1472 1321 1525 ter
1343 1482 1438 1543 quam
1464 1482 1522 1545 pcr
1545 1464 1697 1545 praeclara
1720 1464 1871 1527 miracula
1894 1473 1997 1545 poterat

470 1562 649 1645 praecipuus
671 1562 789 1627 exstitit
809 1562 1015 1627 ldahometus.
1272 1563 1393 1644 Moyses
1420 1563 1614 1645 praevalere3
1640 1562 1687 1625 sic
1711 1562 1823 1625 electis
1846 1572 1875 1625 et
1897 1564 1997 1625 sanctis

510 1661 723 1725 Sianacauus.
739 1696 779 1707 -
790 1661 854 1723 Hoc
868 1659 1011 1723 Christus
1032 1660 1071 1723 de
1094 1659 1220 1741 legisla-
1272 1659 1428 1741 Apostolis
1450 1659 1648 1723 callidissimi
1664 1660 1761 1742 magi,
1779 1660 1877 1739 arioli,
1893 1660 1997 1723 maleli-

469 1768 537 1824 tore
557 1768 667 1823 nostro
687 1778 751 1823 non
774 1758 940 1822 intellexit.
1273 1757 1313 1834 ci,
1331 1757 1554 1839 superstitiosi,
1570 1758 1725 1821 acerrime
1740 1759 1926 1835 restiterunt,
1940 1758 1996 1837 qui-

509 1856 873 1921 tutissimus-Nemo
888 1856 1053 1921 homiuum
1069 1864 1115 1919 tot
1129 1858 1218 1919 sedu·
1234 1859 1258 1921 B
1273 1855 1332 1918 bus
1346 1856 1488 1937 Apostoli
1508 1856 1656 1919 resistere
1676 1856 1856 1919 nullatenus
1873 1856 1930 1919 nisi
1949 1877 1995 1939 per

467 1957 514 2019 xit
528 1964 562 2019 ut
582 1955 697 2038 legiler
710 1964 825 2019 vester.
843 1956 903 2018 Sed
923 1955 998 2036 quia
1017 1976 1035 2017 a
1054 1954 1217 2037 proposito
1273 1954 1426 2017 miracula
1439 1962 1471 2016 et
1489 1954 1741 2036 supernaturalia
1755 1954 1881 2017 Deitatis
1894 1954 1994 2017 auxilia

467 2054 633 2118 hincinde
652 2054 867 2133 distrahimur,
885 2062 980 2116 restat
1001 2060 1137 2135 coeptam
1153 2053 1218 2114 dis·
1272 2053 1459 2139 potuissent.

466 2152 664 2235 putationem
679 2151 744 2233 jam
766 2151 913 2234 prosequi
932 2176 938 2213 :
957 2170 994 2214 ex
1013 2171 1075 2233 qua
1097 2151 1216 2233 patebit
1310 2151 1524 2214 sineremus.
1553 2150 1701 2225 -Quid
1728 2170 1768 2214 ex
1796 2151 1842 2213 his
1876 2150 1996 2213 intendis

466 2250 652 2329 clarissime,
669 2251 730 2314 hoc
756 2250 861 2331 ipsum
886 2252 925 2313 de
949 2250 1124 2313 hlahometo
1148 2269 1215 2313 ma·
1270 2250 1482 2313 concluderet

465 2348 550 2411 xime
571 2368 641 2413 esse
663 2348 919 2430 intelligendum.
1308 2346 1523 2412 Cuursrmuos.
1539 2383 1581 2395 —
1603 2347 1691 2422 Quod
1717 2367 1910 2430 unaquaque
1930 2368 1996 2430 gens

504 2449 719 2512 Sannaunrrus.
735 2483 777 2495 —
799 2447 950 2529 Superest
972 2446 1077 2527 itaque
1102 2454 1136 2508 ut
1160 2446 1214 2509 de·
1268 2446 1309 2508 ab
1333 2446 1484 2529 Apostolo
1506 2465 1564 2509 suo
1588 2465 1753 2523 conversa,
1771 2447 1812 2509 ab
1832 2448 1938 2509 eedem
1955 2466 1995 2509 re

463 2554 631 2625 monstres,
660 2545 745 2627 quod
774 2546 812 2608 ad
844 2545 1085 2608 conversionem
1113 2545 1214 2625 genti·
1267 2544 1352 2626 cepit
1367 2544 1574 2627 Evangelium
1588 2544 1717 2624 Christi,
1734 2546 1801 2608 sive
1820 2545 1849 2607 in
1874 2545 1993 2627 scriptis,

462 2644 542 2708 lium
559 2664 623 2707 non
638 2643 827 2707 sullecerint
848 2650 1034 2725 argumenta
1049 2642 1212 2724 sapientiae
1267 2642 1391 2705 sivein
1417 2642 1533 2705 tabulis
1557 2642 1606 2706 sui
1630 2643 1747 2723 cerdis,
1770 2652 1803 2706 et
1825 2644 1995 2725 paulopost

461 2743 626 2807 naturalis.
1267 2740 1449 2822 procuravit
1472 2740 1531 2803 sibi
1556 2741 1718 2824 descripta
1746 2742 1907 2824 evangelia
1930 2760 1993 2823 qua·

501 2841 716 2906 Cuntsrmrtus.
739 2876 780 2888 —
801 2840 950 2915 Quamvis
979 2840 1156 2904 idololatria
1180 2848 1212 2902 et
1266 2848 1338 2902 tuor
1363 2839 1637 2922 Evangelistarum
1669 2840 1812 2922 aliasque
1840 2841 1991 2922 scripturas
2099 2831 2100 2840 ’

461 2939 565 3003 cultus
599 2940 731 3003 deorum
761 2938 824 3000 sint
851 2947 961 3000 contra
990 2938 1144 3000 rationem
1180 2946 1212 3000 et
1266 2938 1339 3002 novi
1355 2937 1545 3021 Testamenti
1569 2938 1753 3018 canonicas,
1769 2939 1947 3003 confirmata
1962 2956 1992 3000 ac
2099 2987 2100 2998 ,

461 3036 649 3119 sapientiam
665 3036 852 3115 naturalem,
870 3036 961 3098 multi
976 3044 1082 3099 tamen
1102 3036 1209 3118 magni
1227 3039 1249 3101 C
1266 3035 1411 3100 roborata
1429 3055 1487 3119 per
1511 3036 1620 3099 divina
1641 3037 1807 3101 miracula.
1824 3039 1856 3100 Si
1879 3056 1947 3119 ergo
1965 3037 1992 3097 in
2099 3045 2100 3064 ¹

460 3145 492 3201 et
506 3137 590 3200 acuti
606 3136 788 3218 philosophi
805 3136 1210 3218 putaverunt‚scripserunt
1264 3135 1328 3199 illis
1343 3136 1616 3219 scripturis-prout
1628 3137 1732 3218 primo
1743 3139 1992 3201 verissimaerant

460 3244 492 3299 et
506 3235 718 3299 defenderunt
736 3234 941 3316 oppositum:
959 3233 1042 3296 sicut
1056 3253 1095 3296 ex
1115 3234 1207 3296 libris
1264 3235 1355 3316 datae,
1371 3235 1499 3298 credita
1513 3242 1546 3298 et
1565 3245 1713 3318 receptae,
1729 3237 1775 3299 nil
1796 3237 1992 3301 continebatur

459 3341 546 3417 patet
574 3331 746 3414 Porphyrii,
773 3331 899 3413 Apuleii
927 3339 959 3394 et
986 3331 1148 3412 Varmnis,
1172 3352 1209 3395 ac
1263 3335 1304 3398 de
1323 3334 1437 3397 Christi
1463 3335 1622 3416 passione,
1641 3336 1871 3400 resurrectione
1888 3355 1922 3398 ac
1938 3333 1992 3396 dei·

459 3432 604 3497 aliorum.
634 3431 680 3493 dd
709 3449 779 3513 quae
807 3428 914 3493 omnia
949 3430 1144 3494 confutanda
1177 3441 1210 3494 et
1263 3442 1338 3512 tate,
1354 3453 1391 3496 ac
1416 3434 1456 3496 de
1481 3434 1761 3515 superheatissima
1780 3435 1992 3512 Trinitatem

459 3529 653 3594 revincenda
668 3547 732 3593 non
754 3527 884 3591 suilecit
905 3529 1064 3610 Apostolis
1084 3530 1210 3613 sapien·
1263 3551 1326 3613 que
1340 3532 1381 3594 de
1395 3531 1526 3594 veritate
1542 3533 1685 3614 corporis
1700 3541 1732 3595 et
1746 3534 1907 3615 sanguinis
1919 3529 1991 3594 Chri·

459 3630 503 3692 tia
524 3627 687 3704 naturalis,
704 3646 762 3690 nec
784 3626 851 3689 sola
871 3626 1106 3708 Scripturarum
1126 3629 1210 3710 pari·
1264 3631 1304 3692 sti
1320 3631 1354 3692 in
1370 3631 1674 3712 Sacramentozquis
1687 3633 1728 3694 de
1742 3631 1888 3695 omnihus
1901 3629 1991 3711 regnis

458 3728 504 3790 tia
520 3751 527 3789 ι
544 3725 719 3807 prasertim
742 3724 894 3806 quoniam
918 3733 952 3786 et
970 3725 1112 3806 Apostoli
1134 3726 1210 3788 sim·
1263 3731 1302 3792 ad
1317 3729 1474 3792 Christum
1490 3749 1527 3792 ex
1542 3737 1607 3794 toto
1628 3729 1679 3793 vel
1700 3731 1817 3812 partim
1835 3728 1990 3804 conversis,

459 3825 560 3907 plicas
575 3831 665 3886 erant
686 3841 743 3905 pro
764 3822 901 3885 maxima
921 3831 1022 3905 parte,
1038 3833 1069 3887 et
1091 3824 1205 3902 idiotae,
1264 3828 1393 3910 collegit
1414 3827 1582 3892 universos
1606 3826 1705 3892 libros
1723 3829 1951 3911 evangeliorum
1966 3833 1991 3886 et

460 3942 518 3986 nec
535 3922 568 3983 in
584 3920 792 4003 philosophia
813 3922 1010 4002 argumentis
1031 3931 1062 3984 et
1084 3923 1209 3986 subtili·
1262 3927 1396 3989 aliarum
1419 3927 1499 4008 legis
1513 3926 1705 4008 evangelicas
1726 3928 1953 4011 scripturarum,
1966 3931 1991 3986 et

459 4021 578 4085 tatibus
593 4019 720 4082 eruditi.
737 4019 880 4100 lnsuper,
898 4037 963 4082 non
978 4019 1082 4083 solum
1098 4031 1208 4084 contra
1262 4044 1316 4088 eos
1336 4026 1375 4088 ad
1395 4044 1487 4087 suum
1503 4025 1628 4088 libitum
1649 4026 1839 4108 immutavit,
1855 4023 1988 4105 corrupit

460 4117 670 4184 idololatriam
695 4117 957 4199 praedicaverunt,
974 4119 1029 4186 sed
1054 4128 1085 4182 et
1108 4121 1208 4183 multa
1262 4122 1383 4201 iniecit,
1400 4131 1577 4205 cunctaque
1601 4123 1657 4185 illa
1680 4123 1816 4187 inseruit
1836 4132 1867 4188 et
1889 4120 1990 4204 adjecit

459 4219 637 4281 docuerunt
661 4234 730 4296 quta
758 4215 934 4278 naturalem
963 4217 1116 4280 rationem
1140 4237 1208 4282 om·
1222 4216 1247 4276 D
1262 4241 1331 4303 quae
1351 4229 1385 4284 tu
1406 4221 1522 4284 asseris
1541 4240 1610 4284 esse
1632 4222 1767 4302 adiecta,
1783 4243 1853 4305 qua
1866 4229 1933 4284 sunt
1945 4239 1990 4301 pe·

459 4316 537 4380 nino
561 4314 800 4376 transcendunt.
817 4313 855 4375 Et
878 4315 1025 4394 quamvis
1051 4324 1084 4378 tu
1109 4335 1206 4398 neges
1261 4321 1347 4383 nitus
1370 4321 1410 4382 ad
1434 4319 1626 4382 credendum
1655 4319 1861 4399 diflicillima,
1884 4328 1986 4401 utpote,

458 4433 513 4477 eos
528 4412 675 4477 docuisse
695 4412 780 4492 quod
795 4411 937 4474 Christus
953 4413 993 4474 sit
1014 4433 1108 4476 verus
1123 4415 1206 4478 Deus
1261 4418 1586 4501 supergloriosissima
1605 4417 1731 4482 trinitas
1752 4437 1948 4503 personarum
1960 4417 1988 4477 iu

459 4520 490 4575 et
504 4509 689 4590 Unigenitus
703 4509 759 4572 Dei
781 4509 891 4586 Patris
908 4519 1002 4591 atque
1022 4511 1108 4591 quod
1122 4513 1205 4575 Deus
1261 4516 1497 4599 simplicissimo
1521 4517 1596 4594 Deo,
1618 4516 1720 4579 deitas
1744 4516 1857 4580 Christi
1877 4525 1906 4580 et
1927 4532 1989 4578 rara

458 4610 498 4674 sit
513 4618 576 4670 tam
597 4626 671 4670 vere
693 4607 793 4670 trinus
809 4608 841 4670 in
857 4609 1001 4690 personis
1015 4628 1111 4690 quam
1132 4631 1205 4674 vere
1260 4617 1330 4698 ejus
1346 4615 1379 4676 in
1394 4615 1595 4679 Sacramenta
1607 4615 1787 4697 praesentia,
1795 4616 1921 4698 ejusque
1933 4631 1990 4695 pas

456 4710 489 4772 in
509 4705 753 4786 assentiamus,
770 4725 885 4786 negare
907 4715 1012 4770 tamen
1033 4727 1097 4770 non
1118 4710 1205 4772 vales
1261 4715 1319 4792 sio,
1333 4713 1522 4776 resurrectio
1537 4723 1632 4795 atque
1645 4714 1790 4779 ascensio
1804 4738 1812 4793 ;
1828 4733 1864 4777 ac
1877 4715 1988 4776 demum

456 4805 534 4889 quin
550 4803 717 4868 docuerint
736 4804 916 4884 generalem
939 4813 1135 4869 mertuorum
1157 4827 1205 4870 re·
1260 4811 1425 4892 evangelia
1449 4820 1481 4874 et
1505 4811 1678 4894 scripturas
1698 4813 1746 4875 sie
1768 4813 1935 4890 immutata,
1950 4809 1989 4869 in

457 4903 687 4968 surrectionem
726 4921 796 4964 esse
835 4901 985 4983 futuram,
1023 4904 1204 4970 universale
1259 4909 1343 4972 lecta
1358 4917 1389 4971 et
1411 4909 1789 4990 incomprehensibilibus
1807 4907 1988 4974 documentis

455 5021 584 5086 quoque
597 4999 752 5082 judicium
768 4999 824 5061 Dei
839 5000 878 5061 de
898 5000 1019 5062 meritis
1040 5003 1206 5067 universo
1259 5016 1404 5070 recenter
1426 5007 1558 5089 repleta,
1573 5008 1650 5070 dare
1663 5027 1701 5070 ac
1722 5010 1911 5091 persuadere
1923 5024 1988 5067 cun-

456 5119 585 5180 rum,ac
601 5097 731 5181 pramis
745 5097 947 5178 sempiterna,
957 5098 1025 5160 sive
1041 5100 1075 5161 in
1089 5101 1202 5182 gloria,
1258 5106 1319 5168 ctis
1353 5104 1501 5187 gentibus
1536 5107 1575 5168 ad
1607 5106 1814 5187 credendum,
1843 5107 1886 5169 ita
1915 5101 1986 5185 quod

456 5202 524 5265 sive
540 5200 572 5261 in
587 5196 692 5280 poenis
707 5203 801 5275 atque
815 5195 972 5276 gehenna,
982 5216 1119 5279 veraque
1133 5219 1203 5264 esse
1258 5204 1425 5286 pristinam
1439 5223 1528 5267 suam
1542 5202 1641 5267 iidem
1656 5204 1902 5287 dereliquerunt,
1908 5219 1988 5265 nova·

455 5299 563 5368 omnia
582 5314 653 5379 quae
668 5294 700 5356 in
716 5292 785 5375 lege
801 5301 832 5356 et
850 5292 1011 5377 Prophetis
1032 5297 1199 5363 habentur.
1257 5320 1320 5402 que
1335 5312 1365 5365 et
1379 5303 1523 5366 inaudita
1540 5321 1576 5366 ac
1592 5301 1986 5385 incomprehensibilissima
