4309 6250
408 500 467 567 {12
657 520 696 565 DE
718 518 880 565 breuitate
901 517 939 563 ΕΤ
958 516 1108 563 canelaus
1128 516 1156 561 B.
1179 516 1210 562 V.
1231 516 1348 573 flante,
1370 518 1459 565 ttextt
1478 519 1523 565 ΠΙ.
1546 538 1587 550 ·-
1606 521 1676 568 Alth.
1699 522 1731 569 IV

409 688 453 752 ita
472 698 503 752 te
524 688 707 770 diligebam.
724 688 865 770 Denique
887 704 976 748 amer
997 685 1055 747 iste
1069 683 1198 748 tantoh
1253 672 1364 747 Adhuc
1385 694 1502 764 autem,
1520 707 1584 768 quo
1605 688 1659 770 pie
1681 698 1782 753 mater
1803 693 1969 775 conspicit

409 794 457 847 est
481 786 617 867 plenior,
642 792 674 846 et
699 792 785 848 tante
810 785 848 846 de
874 783 926 844 die
950 782 983 843 in
1009 780 1094 843 diem
1120 779 1159 842 fit
1213 782 1335 863 prolem
1369 803 1458 845 suam
1491 804 1562 849 esse
1595 787 1712 850 indolis
1747 790 1901 870 melioris,
1931 800 1968 853 et

409 883 522 965 major,
553 901 615 964 quo
644 881 732 944 filius
761 881 795 944 in
823 880 973 943 omnibus
1001 876 1157 941 voluntati
1213 878 1438 961 sapientiorem
1453 901 1489 944 ac
1511 882 1727 964 pulchriorem
1750 886 1874 968 sibique
1897 908 1966 951 ma-

408 982 549 1063 parentis
574 980 675 1062 magis
704 979 876 1043 concordat
900 986 932 1040 et
954 977 1058 1058 placet
1083 994 1158 1039 con·
1212 976 1261 1056 gis
1275 976 1487 1056 obedientem,
1504 998 1542 1042 eo
1558 981 1693 1044 validius
1707 983 1747 1044 ad
1768 983 1869 1065 ipsam
1888 985 1968 1047 affi-

407 1079 639 1159 solatoriusque
660 1076 817 1140 consistit.
834 1076 960 1138 Certum
982 1082 1029 1135 est
1049 1081 1156 1134 autem
1212 1072 1305 1135 citur.
1321 1074 1360 1136 lit
1374 1076 1577 1139 manifestum
1591 1080 1675 1160 quod
1692 1078 1879 1145 felicissima
1900 1084 1967 1145 vir-

408 1178 603 1240 voluntatem
626 1176 700 1238 lesu
725 1174 841 1237 Christi
871 1181 904 1235 et
930 1190 1057 1235 emnem
1082 1190 1157 1233 oon·
1211 1189 1251 1251 go
1272 1171 1366 1233 llaria
1387 1173 1563 1237 certissime
1584 1176 1674 1238 novit
1694 1177 1825 1241 unicum
1843 1180 1964 1243 Filium

407 1276 621 1341 versationem
649 1274 762 1354 ipsius,
783 1269 938 1334 voluntati
964 1289 1028 1332 suae
1051 1268 1156 1331 Matris
1212 1287 1304 1330 suurn
1333 1269 1365 1330 in
1394 1271 1542 1334 omnibus
1570 1273 1633 1352 bis,
1659 1274 1755 1337 etiam
1783 1279 1964 1341 secundum

408 1374 441 1435 in
466 1372 591 1437 cunctis
619 1369 958 1435 concordantissimam
987 1367 1157 1450 placentis·
1210 1376 1356 1429 naturam
1371 1377 1577 1452 assumptam,
1594 1372 1898 1439 excellentissimum
1912 1397 1964 1439 es-

409 1472 586 1553 simamque
613 1469 726 1549 fuisse,
755 1476 850 1549 atque
878 1468 911 1529 in
939 1466 1048 1528 multis
1081 1484 1157 1528 con·
1212 1483 1245 1526 se
1263 1488 1270 1525 :
1286 1465 1326 1527 de
1345 1484 1407 1547 quo
1427 1476 1558 1530 noverat
1580 1469 1734 1551 scriptum
1753 1480 1785 1535 et
1803 1473 1884 1536 vidit
1902 1475 1965 1537 im·

410 1569 593 1633 solatoriam
619 1567 731 1645 valde;
757 1566 790 1628 in
818 1565 979 1646 aliquibus
1008 1563 1155 1644 equidem
1211 1561 1332 1643 pletum
1358 1564 1437 1627 illud
1463 1565 1646 1646 Psalmistae,
1663 1568 1832 1649 Speciosns
1856 1571 1964 1636 forma
1978 1589 2114 1639 ramea

409 1666 571 1730 tristitiam
593 1664 705 1729 babuit
729 1665 856 1744 bonam,
872 1662 996 1726 actione
1017 1660 1157 1723 dilectis·
1212 1679 1276 1741 praa
1301 1659 1381 1722 filiis
1405 1662 1593 1742 bominum,
1614 1683 1710 1745 quem
1731 1675 1763 1729 et
1784 1670 1963 1733 secundum

274 1786 394 1841 aaran
410 1764 483 1828 simi
508 1764 579 1827 lilii
604 1764 653 1826 sui
681 1786 688 1825 ε
715 1770 749 1824 ut
773 1763 907 1825 dumea
932 1760 1097 1841 ignorante
1123 1757 1156 1818 in
1213 1758 1408 1839 superiorem
1434 1778 1498 1822 snae
1523 1762 1637 1825 animae
1660 1770 1781 1844 partem
1811 1767 1966 1849 cognovit

261 1853 284 1894 ἰ
297 1862 344 1906 ¹⁰¹¹·
409 1862 585 1927 Jerusalem
606 1861 734 1939 mansit,
751 1860 919 1924 duodecim
935 1857 1038 1921 factus
1059 1874 1158 1919 auno·
1174 1859 1198 1920 B
1213 1876 1283 1918 esse
1299 1859 1609 1940 comprehensorem.
1624 1861 1704 1925 Hinc
1719 1871 1752 1925 et
1764 1865 1900 1927 naturali
1914 1866 1966 1929 di·

409 1982 502 2041 rum,
518 1969 549 2023 et
564 1961 639 2022 dum
663 1960 743 2023 vidit
763 1977 837 2022 eum
858 1956 1009 2020 aScribis
1031 1963 1062 2018 et
1080 1955 1159 2017 Pha·
1213 1953 1349 2017 lectione
1375 1957 1655 2021 vehementissime
1678 1978 1752 2022 eum
1781 1961 1889 2025 dilexit
1914 1984 1966 2027 se-

410 2059 511 2122 risaeis
531 2056 706 2137 observari,
723 2056 849 2119 irrideri
870 2075 907 2118 ae
930 2052 1156 2136 blasphemari.
1214 2053 1353 2115 cundum
1377 2063 1522 2118 naturam
1545 2074 1607 2137 qua
1630 2065 1662 2119 et
1682 2056 1772 2121 filius
1791 2060 1862 2142 ejus
1881 2070 1962 2125 erat.

409 2158 448 2221 Et
474 2158 623 2237 breviter,
649 2156 733 2219 inter
760 2156 889 2218 hfatrem
915 2154 1002 2216 illam
1027 2152 1159 2234 purissi-
1213 2150 1280 2213 Nec
1300 2152 1486 2233 ambiguum
1508 2155 1586 2235 quin
1608 2163 1639 2217 et
1660 2156 1810 2220 deitatem
1836 2168 1965 2223 natura-

409 2276 493 2318 mam
504 2255 681 2335 Filiumque
692 2253 926 2316 sanctissimum
937 2250 1159 2314 ardentissima
1212 2248 1236 2310 li
1260 2249 1372 2312 dilexit
1397 2270 1505 2314 amore
1531 2252 1627 2315 etiam
1648 2255 1787 2337 amplius
1809 2275 1905 2337 quarn
1927 2278 1965 2322 se

408 2353 469 2417 fuit
484 2354 580 2417 etiam
595 2353 748 2416 naturalis
762 2352 889 2415 dilectio
903 2374 910 2411 z
924 2350 978 2432 qui
995 2368 1157 2429 nunquam
1179 2400 1184 2409 .
1213 2347 1315 2429 ipsam
1347 2372 1353 2409 :
1380 2349 1557 2432 praesertim
1592 2353 1745 2433 quoniam
1773 2356 1878 2417 omnis
1906 2376 1966 2419 na-

410 2472 444 2515 se
460 2452 598 2515 invicem
614 2452 647 2513 in
668 2450 776 2531 aliquo
798 2448 1014 2527 offenderunt,
1030 2455 1061 2509 et
1081 2464 1159 2527 quo
1214 2445 1325 2508 turalis
1347 2466 1404 2509 sua
1422 2448 1550 2512 dilectio
1571 2448 1633 2512 fuit
1652 2451 1783 2515 caritate
1801 2462 1834 2515 et
1852 2474 1966 2537 super-

408 2570 479 2613 rum
502 2558 634 2633 uterque
656 2549 750 2612 scivit
770 2556 801 2610 et
821 2546 1041 2629 experiebatur
1062 2564 1096 2606 se
1119 2544 1159 2607 ab
1213 2544 1350 2606 naturali
1378 2564 1486 2609 amore
1515 2547 1655 2628 perfecte
1681 2549 1864 2633 jugiterque
1896 2552 1966 2616 for-

408 2650 472 2713 alio
494 2666 617 2711 summe
638 2667 675 2710 ac
697 2643 912 2709 sincerissime
933 2643 1035 2726 diligi„
1214 2650 1309 2704 mata.

448 2747 692 2827 Praetereaque
714 2762 828 2826 parens
843 2751 875 2805 et
893 2741 998 2824 proles
1017 2740 1050 2803 in
1072 2759 1159 2803 com·
1254 2740 1491 2823 Rursus,quum
1505 2762 1620 2825 parens
1634 2747 1820 2811 naturaliter
1833 2758 1966 2832 appetat

408 2844 556 2927 plexione
586 2850 710 2907 exstant
737 2840 920 2917 similiores,
943 2858 981 2902 eo
1006 2847 1053 2901 est
1076 2839 1160 2901 inter
1214 2838 1313 2919 prolis
1348 2858 1412 2903 suae
1440 2840 1630 2922 profectum,
1659 2848 1899 2927 prosperitatem
1929 2857 1965 2910 et

409 2944 495 3026 ipsos
510 2942 636 3005 dilectio
651 2939 804 3003 naturalis
820 2938 1005 3001 ferventior.
1022 2937 1160 3001 Certum·
1215 2938 1459 3019 promotionem,
1476 2938 1658 3003 beatissima
1673 2942 1769 3025 Virgo
1792 2952 1878 3008 tanto
1897 2943 1963 3008 fer-

271 3071 313 3111 m,
329 3080 392 3113 xxxv.
408 3060 470 3123 que
498 3048 547 3103 est
574 3059 612 3102 ex
639 3038 807 3101 declaratis
835 3037 869 3098 in
899 3036 1002 3117 primo
1037 3035 1156 3115 libello,
1178 3032 1340 3097 Cveutius
1354 3036 1468 3098 lilium
1483 3056 1576 3100 suum
1591 3039 1702 3101 dilexit
1715 3044 1963 3122 quautoadma-

409 3139 494 3221 quod
529 3147 602 3220 post
629 3137 789 3200 Christum
819 3133 1092 3198 excellentissime
1127 3142 1158 3196 et
1212 3133 1283 3214 jora
1304 3154 1377 3196 eum
1396 3145 1529 3200 noverat
1549 3139 1801 3220 provehendum,
1824 3142 1891 3205 sive
1911 3163 1963 3206 se-

307 3299 309 3302 .
408 3237 536 3320 optime
564 3233 795 3317 complexionis
828 3223 1065 3310 consistentem,
1096 3231 1158 3293 ele
1213 3233 1354 3294 cundum
1368 3233 1597 3316 exsistentiam,
1613 3243 1767 3300 autcerte
1781 3240 1960 3302 secundum

408 3334 549 3398 ctissime
563 3333 659 3416 Virgo
678 3331 740 3394 fuit
755 3330 982 3413 complexionis
997 3328 1158 3392 nobilissi·
1213 3329 1512 3395 manifestationem.
1529 3333 1664 3397 Noverat
1678 3344 1785 3399 autem
1799 3356 1885 3416 eum,
1901 3339 1959 3420 qui

406 3453 466 3496 rnre
487 3441 580 3514 atque
600 3431 789 3508 tenerrimae,
806 3437 838 3492 et
859 3426 1070 3508 complexioni
1085 3427 1156 3488 lilii
1213 3446 1321 3491 secum
1342 3429 1377 3491 in
1401 3437 1489 3492 tanta
1508 3432 1686 3496 bumilitate
1710 3444 1959 3518 paupertateque

409 3532 458 3594 sui
475 3529 645 3594 simillime
662 3552 670 3591 :
687 3529 758 3591 ideo
774 3536 806 3590 et
826 3545 863 3590 ex
877 3527 936 3588 hac
956 3533 1044 3608 parte
1064 3526 1103 3587 ad
1123 3543 1156 3587 se
1212 3525 1301 3604 vixit,
1310 3534 1375 3591 toto
1389 3528 1464 3590 orbe
1476 3536 1626 3592 terrenum
1637 3549 1694 3613 pro
1706 3550 1780 3596 vero
1791 3533 1957 3615 fleo,quod

406 3629 548 3692 invicem
564 3627 752 3690 naturaliter
765 3625 901 3689 maxime
916 3623 1154 3687 afficiebantur.
1211 3631 1290 3704 eret,
1311 3643 1381 3687 esse
1405 3626 1586 3708 colendum,
1606 3637 1638 3692 et
1661 3647 1793 3712 corpore
1815 3650 1852 3695 ac
1876 3632 1959 3696 infe

404 3727 552 3809 Insuper,
568 3744 632 3808 quo
647 3724 746 3806 aliqui
760 3732 836 3786 sunt
853 3723 956 3805 magis
975 3720 1156 3786 conformes
1212 3722 1349 3784 rioribus
1378 3723 1500 3786 viribus
1522 3725 1782 3808 glorificandum,
1808 3730 1899 3793 vivos
1926 3739 1959 3794 et

406 3825 440 3888 in
464 3825 616 3903 moribus,
637 3842 675 3887 eo
698 3830 772 3886 sunt
792 3822 931 3886 invicem
953 3821 1102 3884 cariores.
1118 3820 1157 3881 lit
1211 3828 1351 3884 mortuos
1374 3821 1600 3904 judicaturum,
1626 3833 1719 3906 atque
1747 3826 1782 3888 in
1811 3834 1877 3892 tota
1899 3829 1961 3892 rni-

407 3931 530 3988 constat
544 3924 628 4004 quod
643 3941 708 4004 prae
722 3919 846 3984 cunctis
860 3919 1056 3997 bominibuS,
1073 3919 1155 3981 Deus
1211 3916 1314 3980 litanti
1347 3938 1385 3981 ac
1424 3919 1632 4002 triumphanti
1665 3923 1810 3988 Ecclesia
1848 3945 1962 4009 regna-

406 4022 590 4085 incaruatus
617 4028 650 4083 et
676 4017 966 4101 irreprehensibilis
994 4036 1031 4079 ac
1061 4016 1157 4078 mori·
1212 4023 1330 4079 turum.

405 4119 605 4202 geratissima
628 4117 725 4180 linter
752 4117 822 4198 eJus
850 4116 980 4178 fuerunt
1008 4115 1040 4176 in
1069 4113 1155 4177 omni
1250 4114 1392 4198 Insuper,
1420 4116 1581 4180 cernimus
1604 4120 1689 4200 quod
1712 4121 1788 4184 dum
1813 4123 1960 4188 sublimis

406 4217 564 4301 probitate
579 4234 704 4280 morum
728 4214 856 4277 sublimi
874 4237 881 4276 ι
898 4213 1017 4295 quippe
1038 4212 1072 4273 in
1087 4212 1157 4293 qui·
1171 4223 1196 4286 Ι)
1211 4232 1285 4276 cum
1308 4213 1453 4278 inferiori
1481 4234 1618 4296 persona
1640 4218 1740 4300 proba
1765 4229 1798 4283 et
1821 4222 1960 4286 discreta

405 4317 466 4380 bus
492 4316 569 4380 solis
598 4332 762 4395 nunquam
791 4312 911 4393 aliquid
941 4309 1003 4373 fuit
1029 4329 1156 4373 morum
1211 4311 1402 4375 familiarius
1420 4321 1514 4395 atque
1536 4315 1720 4397 dignantius
1740 4329 1958 4402 conversatur,

405 4413 566 4478 honestati
588 4411 795 4476 contrarium.
1211 4428 1249 4472 eo
1263 4410 1397 4475 inferior
1411 4410 1443 4473 in
1464 4431 1571 4476 amore
1592 4415 1765 4496 superioris
1783 4417 1871 4480 illius
1890 4439 1961 4484 cor-

449 4512 605 4594 Amplius,
636 4511 669 4572 iu
702 4509 819 4591 quibus
849 4516 897 4571 est
924 4515 1037 4570 natura
1068 4507 1157 4569 viva·
1211 4507 1328 4570 dialius
1342 4508 1571 4574 inflammatur.
1584 4512 1706 4576 Idcirco
1719 4513 1815 4577 Maria
1829 4533 1959 4596 prorsus

405 4612 484 4692 cior,
514 4619 545 4674 et
578 4609 732 4672 allectiva
760 4608 809 4670 vis
836 4606 1022 4670 naturaliter
1053 4605 1157 4686 major
1210 4606 1401 4687 humillima,
1426 4609 1628 4691 probissima,
1657 4611 1896 4692 discretissima,
1923 4616 1958 4678 in

405 4729 443 4773 ec
467 4708 589 4788 melior,
616 4708 649 4769 in
674 4706 795 4770 eisdem
824 4714 871 4769 est
895 4704 997 4785 major
1026 4704 1155 4766 dilectio
1212 4704 1279 4766 suis
1291 4706 1393 4768 oculis
1407 4707 1726 4786 minima,attendens
1739 4710 1856 4774 Filium
1866 4712 1959 4776 Altis-

405 4807 559 4871 naturalis
592 4825 629 4870 ac
658 4814 790 4882 mutua3
820 4824 880 4868 nec
914 4801 1047 4866 dubium
1076 4802 1154 4884 quin
1211 4802 1283 4865 simi
1299 4811 1330 4866 et
1345 4805 1576 4868 coaltissimum
1591 4808 1655 4870 Deo
1670 4807 1751 4870 Patri
1766 4827 1876 4872 secum
1891 4820 1956 4876 tam

405 4907 439 4970 in
463 4905 585 4970 Christo
609 4923 647 4968 ac
671 4905 766 4967 ldatre
791 4904 861 4985 ejus
889 4902 1033 4984 virginea
1057 4901 1155 4964 fuerit
1210 4902 1497 4983 superbumillime,
1533 4903 1793 4985 familiarissime,
1823 4908 1958 4991 dignan-

405 5012 519 5068 natura
539 5003 743 5067 vivacissima
764 5022 801 5065 ac
824 5000 1053 5078 recentissima,
1075 4999 1154 5064 affe-
1209 4999 1332 5062 tissime
1359 5011 1612 5083 conversantem,
1642 5004 1676 5065 in
1711 5024 1819 5070 amore
1854 5008 1956 5090 ipsius

405 5103 488 5167 ctiva
511 5119 638 5183 quoque
667 5101 715 5163 vis
738 5097 911 5163 fortissima
934 5107 965 5162 et
990 5098 1153 5180 aptissime
1208 5098 1417 5162 ineffabiliter
1436 5101 1545 5180 crevit,
1561 5102 1888 5189 inestimabiliterqne
1908 5109 1957 5171 in-

404 5221 535 5285 prorsus
559 5199 713 5283 disposita
738 5222 745 5262 :
772 5198 844 5263 ideo
870 5198 939 5260 sine
968 5197 1064 5262 dubio
1091 5199 1153 5262 fuit
1208 5197 1318 5261 caluit.

404 5301 534 5368 dilectio
555 5299 709 5364 naturalis
729 5299 866 5363 maxima
886 5298 970 5362 inter
989 5315 1054 5361 eos.
1246 5296 1410 5378 Praeterea,
1429 5297 1463 5360 iu
1486 5299 1574 5362 omni
1598 5299 1735 5364 naturali
1757 5302 1957 5384 perfectione
