4309 6250
497 522 616 570 coum
636 520 805 568 remmus
825 520 998 578 annosam,
1020 520 1110 568 anna
1131 521 1174 568 ιιι.
1198 537 1239 551 -
1259 521 1329 567 ιιι.
1354 521 1383 567 ιι
1655 501 1716 566 369

161 693 325 756 resisteret
346 711 421 774 ergo
442 692 540 756 calori
563 691 622 760 sibi
649 689 819 754 contrario.
836 689 914 753 Rur-
927 695 953 753 Α
968 688 1155 772 scriptibilis
1178 699 1210 752 et
1234 690 1420 766 immensus,
1437 689 1491 771 qui
1518 689 1606 752 nullo
1631 688 1716 752 clau-

160 811 227 869 sus,
242 791 328 873 ignis
347 789 619 872 conflagrationis,
635 789 690 871 qui
714 789 747 851 in
769 788 838 851 line
857 807 914 851 sre-
966 788 1054 851 ditur
1085 789 1233 866 termino,
1263 797 1358 869 atquc
1386 789 1434 868 (ut
1462 807 1519 870 per
1545 787 1714 851 ieremiam

159 889 223 952 culi
242 897 360 952 terram
381 887 538 971 purgabit,
555 887 702 970 quamvis
723 886 912 968 prmcalidus
965 886 1009 949 ait
1027 886 1230 968 prophetam)
1249 886 1367 950 eoelum
1389 886 1500 968 implet
1518 894 1551 948 et
1571 893 1711 948 terram:
1738 909 1786 953 ar.
1799 923 1858 962 nm.

159 987 230 1067 erit,
246 1007 313 1051 non
328 995 434 1050 nmen
448 995 564 1049 terram
578 985 709 1049 omnino
733 993 910 1048 consumet.
966 985 1076 1065 sicque
1099 985 1181 1048 inter
1201 984 1289 1046 illam
1310 992 1342 1046 et
1362 1002 1468 1047 aerem
1489 1003 1553 1048 nou
1574 992 1648 1047 sunt
1667 983 1715 1045 in·
1729 974 1763 1015 ²⁸·

159 1085 196 1148 lit
209 1084 362 1162 breviter,
378 1084 466 1147 Deus
474 1084 677 1166 omnipotens
693 1082 761 1146 solo
776 1081 912 1163 imperio
965 1083 1100 1146 terstitia
1116 1082 1232 1161 media,
1246 1081 1310 1145 imo
1325 1082 1394 1164 ipse
1408 1082 1490 1145 Deus
1506 1082 1592 1145 solus
1607 1081 1715 1145 omnia

160 1192 272 1247 astum
294 1182 414 1246 interni
435 1182 518 1246 intra
538 1201 613 1246 suos
637 1181 780 1244 continet
805 1179 913 1243 termi-
965 1181 1066 1245 ambit
1089 1189 1120 1244 et
1145 1189 1299 1262 penetrat,
1317 1179 1397 1263 ipsis
1419 1199 1545 1263 quoque
1566 1179 1714 1244 essentiis

160 1301 229 1363 nos,
246 1283 332 1346 sicut
344 1289 377 1345 ct
391 1300 506 1363 aquam
521 1280 629 1358 maris,
645 1299 686 1342 ne
706 1287 822 1343 terram
836 1297 911 1360 ope·
966 1297 1072 1342 rerum
1096 1276 1249 1340 illabitur.
1267 1275 1299 1339 Si
1324 1285 1430 1340 autem
1455 1295 1513 1358 per
1538 1276 1714 1340 claritatem

40 1382 231 1462 remearint,
261 1381 530 1463 quemadmodum
557 1379 616 1442 lob
648 1376 768 1441 ellatur
798 1401 806 1438 ι
835 1376 910 1451 Quis
965 1375 1020 1439 liei
1049 1375 1200 1456 intelligit
1228 1373 1404 1438 claritatem
1435 1382 1585 1456 creatam,
1607 1393 1714 1458 quaero

41 1472 129 1517 ΗΜ·
161 1479 319 1544 conclusit
343 1479 435 1542 ostiis
460 1497 557 1558 mare,
573 1477 701 1558 quando
725 1476 910 1556 erumpebat
965 1493 1006 1536 an
1031 1472 1159 1536 claritas
1180 1472 1236 1536 illa
1260 1471 1301 1535 sit
1325 1472 1500 1554 corporalis
1524 1480 1618 1555 atque
1642 1491 1715 1536 sen-

160 1579 250 1662 quasi
269 1579 310 1642 de
329 1577 426 1640 vulva
446 1576 643 1659 procedensl
658 1574 858 1638 circumdedi
874 1574 911 1636 il·
965 1571 1081 1650 sibilis,
1107 1591 1148 1635 an
1177 1570 1352 1654 spiritualis
1381 1590 1418 1633 ac
1443 1570 1652 1634 insensibilis.
1681 1569 1713 1634 Si

160 1678 214 1741 lud
229 1677 377 1740 terminis
391 1676 522 1753 meis‚et
536 1675 626 1758 posui
637 1683 761 1737 vectem
776 1683 808 1736 et
818 1673 907 1751 ostia,
965 1669 1118 1752 primum,
1148 1669 1299 1750 quaritur
1333 1668 1411 1749 quid
1440 1668 1481 1731 sit
1508 1669 1578 1749 ejus
1607 1668 1715 1749 subje-

160 1786 191 1839 et
203 1776 269 1839 disi
287 1799 295 1838 :
311 1775 482 1856 Hucusque
495 1773 617 1852 venies,
632 1781 664 1836 et
678 1791 743 1835 non
757 1772 910 1856 procedes
965 1776 1063 1830 ctum.
1081 1768 1113 1830 Si
1135 1767 1260 1831 dicatur
1280 1767 1364 1849 quod
1390 1767 1522 1830 thronus
1548 1765 1615 1844 Dei,
1633 1765 1715 1830 inle-

160 1873 309 1956 amplius,
324 1880 357 1936 et
379 1872 433 1935 bic
457 1870 641 1952 confringes
667 1878 826 1932 tumentes
848 1869 910 1932 llu-
926 1870 949 1932 B
966 1876 1053 1930 retur
1067 1869 1116 1946 (ut
1130 1868 1215 1946 ante)
1230 1868 1314 1947 quod
1334 1865 1417 1929 iuter
1437 1865 1586 1930 thronum
1606 1865 1661 1928 Dei
1683 1873 1715 1928 et

162 1983 230 2036 ctus
253 1982 337 2035 tuos.
966 1966 1142 2030 claritatem
1172 1965 1258 2028 illam
1287 1966 1352 2028 sint
1377 1963 1476 2028 multo
1502 1965 1714 2047 pluraquam

200 2071 383 2135 octodecim
406 2079 484 2130 sunt
508 2069 691 2129 interstitia
714 2069 805 2128 inter
825 2069 910 2128 thro·
965 2065 1077 2128 decem
1101 2073 1132 2128 et
1155 2073 1228 2128 octo
1251 2063 1422 2127 interstitia
1451 2063 1521 2127 ista.
1548 2062 1714 2144 Quumque

161 2191 240 2231 num
264 2169 329 2231 Dei
350 2178 382 2228 ct
405 2188 514 2228 aerea
533 2187 546 2228 .·
567 2187 640 2246 quoe
662 2167 693 2226 si
716 2168 910 2242 interposita
965 2162 1135 2226 interstitia
1168 2162 1227 2224 ista
1259 2170 1418 2244 ponantur
1453 2161 1536 2224 inter
1564 2162 1714 2224 thronum

160 2289 223 2329 non
247 2276 365 2337 essent,
380 2268 518 2327 claritas
541 2265 604 2326 Dei
624 2274 728 2325 totum
749 2267 910 2325 meandum
964 2261 1021 2325 Dei
1049 2269 1081 2324 et
1110 2279 1226 2337 acrem,
1254 2279 1294 2322 na
1322 2260 1449 2322 claritas
1477 2259 1532 2322 Dei
1559 2259 1714 2322 mundum

161 2375 350 2427 escoecaret.
965 2367 1111 2440 excaecet,
1138 2376 1201 2421 nou
1226 2357 1352 2421 videtur
1375 2358 1441 2420 hac
1467 2357 1595 2420 claritas
1619 2375 1714 2440 posse

199 2463 258 2526 llic
282 2470 407 2546 oportet
428 2460 590 2544 inquirere
613 2460 690 2543 quid
713 2469 804 2524 vocet
826 2461 910 2525 thro-
965 2460 1041 2542 poni
1057 2459 1141 2520 inlra
1157 2458 1316 2534 thronum,
1334 2456 1456 2519 sedvel
1472 2456 1504 2518 in
1524 2474 1573 2535 eo,
1591 2463 1644 2518 aut
1663 2475 1715 2518 su-

161 2583 237 2626 num
266 2563 337 2640 Dei,
366 2561 503 2642 etquid
532 2560 707 2624 claritatem
735 2560 846 2642 ipsius.
876 2560 909 2623 Si
966 2557 1146 2640 pra.Porro,
1156 2557 1182 2619 si
1199 2556 1326 2618 claritas
1342 2555 1402 2618 ista
1417 2554 1592 2637 spiritualis
1608 2553 1715 2616 insen·

161 2662 247 2724 enim
267 2661 418 2724 thronum
437 2658 492 2723 Dei
512 2657 653 2742 appellat
672 2677 832 2721 summum
846 2677 910 2721 coe-
965 2655 1132 2735 sibilisque
1156 2654 1282 2731 dicitur,
1304 2652 1371 2716 sola
1394 2659 1500 2716 mente
1526 2651 1712 2734 percipitur,

161 2760 239 2840 lum,
255 2759 548 2840 autquodcumque
569 2777 752 2839 supremum
768 2765 910 2820 creatum
964 2773 1025 2817 nee
1053 2753 1171 2837 poterit
1195 2760 1294 2815 totum
1321 2751 1476 2814 mundum
1501 2769 1632 2829 caecare,
1654 2767 1714 2812 nec

161 2859 194 2920 in
215 2877 281 2940 quo
301 2857 385 2920 Deus
406 2856 545 2919 residere
569 2856 702 2933 dicatur,
718 2863 794 2918 tunc
817 2864 911 2918 erunt
964 2853 1036 2934 ejus
1064 2851 1227 2915 irradiatio
1256 2869 1313 2932 per
1341 2849 1519 2932 corporalia
1546 2848 1715 2911 interstitia

161 2956 262 3018 multo
281 2955 373 3037 plura
391 2953 574 3031 interstitia,
590 2953 766 3016 secundum
785 2953 908 3032 Mahon,
966 2951 1148 3032 impeditur.
1166 2949 1204 3011 lit
1227 2947 1375 3024 breviter,
1397 2946 1553 3028 quidquid
1579 2947 1712 3023 dicatur,

90 3073 257 3136 ‚nequam
278 3054 389 3116 decern
408 3059 440 3115 et
458 3060 531 3116 octo
548 3075 555 3113 :
572 3050 724 3134 quoniam
750 3050 835 3114 intra
854 3056 946 3135 po-t}
966 3049 1050 3112 istud
1084 3057 1133 3110 est
1165 3046 1381 3110 irrationabile
1414 3054 1509 3127 atque
1541 3044 1711 3108 ficticium.

161 3160 282 3215 nuntur
300 3151 501 3233 septuaginta
520 3149 688 3213 intervalla
706 3150 787 3211 lucis
802 3158 833 3212 et
847 3150 911 3213 alia
964 3148 1046 3212 Deus
1061 3149 1149 3211 enirn
1164 3146 1307 3210 excelsus
1326 3154 1357 3207 et
1379 3145 1578 3222 benedictus,
1595 3142 1650 3225 qui
1666 3146 1715 3224 (ut

161 3252 258 3313 etiam
277 3250 370 3332 plura
388 3248 557 3311 intervalla
576 3248 660 3310 inter
678 3247 794 3312 solium
808 3247 864 3311 Dei
878 3256 910 3311 ct
964 3246 997 3307 in
1012 3246 1093 3310 libro
1113 3245 1282 3328 Sapientia
1302 3244 1455 3326 scriptum
1476 3244 1536 3322 est)
1552 3243 1661 3306 omnia
1680 3242 1713 3305 in
1728 3267 1861 3323 emma

161 3348 328 3413 carambi
349 3356 455 3410 autem
475 3365 533 3428 per
554 3346 704 3409 thronum
719 3346 774 3410 Dei
794 3347 910 3409 intelli·
964 3362 1109 3422 numero,
1131 3343 1270 3425 pondere
1298 3351 1331 3405 et
1360 3358 1510 3405 mensura
1534 3340 1712 3419 constituit,

161 3448 205 3529 git
219 3447 359 3528 aliquem
373 3446 519 3509 ordinem
533 3443 788 3526 augelorum,vel
803 3463 910 3525 quem·
965 3443 1015 3506 sui
1034 3442 1136 3525 ipsius
1157 3442 1330 3505 increatam
1351 3440 1604 3522 immensamque
1623 3440 1714 3503 clari-

161 3564 299 3627 cumque
323 3543 504 3626 angelicum
527 3542 687 3625 spiritum,
703 3544 908 3623 querendum
965 3550 1073 3621 tatem,
1102 3559 1230 3605 omnem
1258 3558 1385 3623 quoque
1418 3558 1509 3601 suam
1538 3537 1713 3602 claritatem

160 3654 210 3707 est
226 3643 386 3726 quomodo
405 3643 490 3705 inter
508 3642 659 3704 thronum
678 3641 725 3704 sic
746 3651 909 3724 sumptum
964 3648 1114 3719 creatam,
1141 3658 1246 3701 rerum
1271 3637 1501 3721 capacitatibus
1525 3636 1714 3719 temperarit

160 3750 192 3805 et
217 3760 324 3804 aerem
349 3740 415 3801 sint
437 3738 550 3801 decem
573 3746 606 3800 et
631 3746 704 3802 octo
728 3738 907 3803 intervalla.
963 3756 1000 3801 ac
1027 3745 1195 3820 temperat,
1221 3746 1253 3799 et
1281 3737 1400 3818 absque
1424 3735 1512 3799 omni
1543 3734 1713 3797 interstitio

160 3841 277 3903 Omnes
290 3838 410 3921 quippe
424 3836 561 3919 angelici
576 3835 719 3919 spiritus,
733 3837 909 3901 secundum
963 3843 1140 3918 temperare
1155 3834 1201 3898 sic
1216 3842 1377 3916 potcst‚ne
1393 3833 1548 3897 mundum
1563 3840 1710 3897 excecat.

160 3938 337 4015 veritatem,
367 3942 443 3999 sunt
475 3934 510 3997 in
543 3952 609 3999 uno
635 3935 718 3999 coelo
745 3954 907 4017 supremo,
1002 3936 1230 3999 Noaemdecim
1249 3942 1325 3993 aurat
1346 3933 1480 3993 brachia
1496 3932 1635 4001 laedar,
1647 3933 1710 4007 fla·

159 4037 247 4119 quod
262 4036 378 4099 coelum
401 4053 586 4116 empyreum
605 4033 794 4117 appellatur,
809 4053 909 4116 quan·
963 4033 1012 4092 vii
1035 4032 1224 4108 infernalis,
1240 4032 1300 4110 qui
1323 4032 1360 4091 in
1381 4030 1436 4089 dle
1451 4030 1582 4107 judicii
1601 4030 1711 4089 valido

160 4155 257 4218 quam
272 4133 355 4197 inira
368 4133 494 4196 dicatur
507 4132 747 4215 oppositum30t
759 4141 832 4215 post
846 4151 910 4196 coe-
961 4134 1103 4191 clamore
1117 4130 1252 4189 sonabit.
1269 4127 1416 4191 Fatemur
1435 4134 1466 4191 et
1484 4144 1543 4189 nos
1566 4126 1600 4188 in
1614 4124 1712 4189 inler-

160 4235 227 4299 lum
246 4252 432 4317 empyreum
451 4250 516 4297 non
536 4239 610 4294 sunt
624 4232 687 4294 nisi
706 4233 800 4296 orbes
814 4232 909 4297 coele-
922 4234 948 4297 l)
962 4247 1005 4294 no
1028 4230 1067 4292 ad
1089 4236 1294 4310 augmentum
1316 4226 1467 4311 supplicii
1489 4226 1711 4290 damnatorum

160 4342 224 4397 stes
238 4332 374 4396 mobiles
389 4350 463 4394 cum
479 4328 639 4393 sideribus
653 4338 684 4393 et
699 4329 844 4413 planetis,
851 4330 906 4412 qui
962 4327 1137 4392 consistere
1152 4346 1260 4409 aquas.
1278 4327 1364 4391 Unde
1379 4326 1413 4389 in
1433 4324 1491 4389 lob
1506 4326 1545 4389 de
1559 4325 1710 4389 damnato

159 4432 254 4496 orbes
277 4438 349 4494 sunt
369 4448 486 4493 noveru
507 4436 562 4492 aut
584 4428 716 4506 decem3
732 4438 804 4512 post
826 4448 908 4510 quos
961 4424 1123 4511 profertur
1146 4448 1152 4487 :
1174 4425 1221 4489 ad
1247 4425 1385 4489 calorem
1410 4423 1545 4487 nimium
1571 4431 1711 4487 transeat
1737 4436 1779 4485 rat
1797 4449 1855 4495 ιω,

160 4540 207 4595 est
235 4530 320 4612 ignis
347 4526 564 4606 elementaris,
592 4526 708 4590 deinde
735 4547 809 4592 mox
840 4548 905 4592 aer.
961 4527 1002 4591 ab
1022 4525 1113 4609 aquis
1135 4525 1270 4588 nivium.
1726 4504 1756 4546 ¹⁰·

159 4628 367 4704 Quaerendum
390 4643 468 4709 ergo
491 4644 561 4707 quae
584 4633 616 4687 et
637 4625 745 4707 qualia
768 4626 832 4689 sint
860 4626 908 4689 in·
1011 4626 1147 4703 Viginti,
1172 4626 1252 4703 quia
1281 4625 1430 4685 vicesimo
1458 4624 1513 4685 die
1534 4622 1710 4685 Ramadan

158 4726 296 4790 terstitia
315 4726 386 4788 ista.
960 4726 1197 4785 descenderant
1216 4724 1338 4799 psalmi
1358 4740 1457 4798 super
1476 4722 1596 4787 David.
1613 4718 1710 4783 Falsi-

197 4824 362 4901 Praeterea,
379 4822 507 4887 claritas
521 4822 577 4886 Ilei
592 4841 663 4903 quae
681 4824 836 4887 muudum
855 4842 907 4887 ex·
960 4831 1009 4886 tas
1030 4821 1127 4903 hujus
1149 4838 1187 4884 ex
1207 4819 1390 4903 praehabitis
1412 4819 1593 4898 innotescit,
1610 4836 1708 4900 quurn
1723 4844 1764 4887 „a
1779 4852 1801 4887 a.

160 4929 296 4987 caeearet
316 4923 377 4986 nisi
398 4921 587 5005 interposita
610 4928 717 4984 essent
737 4921 908 4985 interstitia
961 4921 1083 4984 dictum
1104 4920 1146 4983 sit
1163 4928 1195 4982 et
1214 4918 1394 5002 probatum,
1411 4918 1494 5001 quod
1515 4935 1580 4980 non
1599 4916 1706 4994 simul,

160 5022 232 5102 ieta,
252 5020 305 5083 vel
324 5029 372 5084 est
390 5021 533 5083 increata
551 5019 605 5083 lux
624 5038 682 5082 seu
696 5020 823 5083 claritas
837 5021 905 5101 llei,
961 5020 1017 5083 sed
1038 5017 1235 5101 temporibus
1256 5016 1347 5079 valde
1370 5036 1388 5079 a
1407 5036 1440 5079 se
1459 5015 1650 5079 distantibus
1672 5033 1708 5077 ac

158 5130 212 5184 aut
233 5119 361 5183 claritas
381 5118 527 5200 quadam
548 5126 664 5182 creata.
680 5117 821 5182 Primum
842 5119 906 5185 dici
960 5118 1108 5196 diversis
1129 5118 1209 5181 datae
1233 5116 1298 5180 sint
1322 5116 1421 5181 David
1443 5114 1653 5178 revelationes
1678 5119 1710 5176 et

158 5238 224 5285 non
243 5223 358 5301 potest,
373 5215 527 5300 quoniam
546 5215 672 5280 claritas
691 5216 747 5280 illa
761 5225 810 5281 est
823 5218 907 5300 ipse·
960 5218 1211 5284 illuminationes
1230 5216 1360 5298 divina,
1375 5234 1414 5280 ex
1433 5212 1548 5297 quibus
1570 5212 1710 5294 psalmos

159 5328 225 5384 met
239 5314 614 5400 supersplendidissimus
628 5317 723 5398 Deus,
734 5316 906 5383 incircum·
962 5318 1162 5402 conscripsit.

286 5448 370 5504 ura.
1286 5520 1289 5525 Ι
1551 5442 1582 5495 a
