4309 6250
315 492 464 543 crstooss
486 494 715 542 nrsrursrrorus
736 493 827 541 raras
847 492 1054 541 cnmsrrxunx
1076 494 1114 541 ar
1134 493 1348 543 scammum.
1370 514 1411 527 -
1431 498 1501 543 aar.
1523 498 1580 545 xur
1669 480 1730 545 tra
1791 540 1800 557 ,

171 661 285 726 ldahon
307 664 377 727 vult
401 665 518 745 dicere,
534 666 618 748 quod
643 684 702 729 nec
720 664 796 747 justi
817 683 921 746 neque
937 666 961 727 A
978 664 1082 747 angeli
1099 666 1173 744 duo,
1190 684 1273 729 unus
1288 667 1390 731 honus
1403 668 1444 732 ad
1460 667 1724 748 succurrendum,

171 760 285 843 injusti
310 762 437 826 interim
466 764 645 827 mercedem
674 764 829 826 divinitus
857 782 923 827 sor·
977 762 1058 825 alter
1077 763 1181 825 malus
1201 764 1241 825 ad
1261 764 1490 829 seducendum.

171 857 305 939 tiantur,
335 861 390 924 sed
418 862 518 925 instar
545 862 772 925 dormientium
801 861 921 924 nullam
1018 860 1138 924 Deinde
1152 860 1307 926 vicesimo
1321 871 1409 927 sexto
1423 863 1571 927 hleorani
1587 863 1727 947 capitulo

171 958 326 1039 temporis
352 959 531 1041 percipiant
559 978 691 1039 moram,
718 960 923 1042 quemadmo
978 958 1132 1039 scriptum
1160 968 1209 1022 est
1239 984 1247 1022 z
1276 960 1311 1022 ln
1339 962 1392 1023 die
1420 961 1579 1043 generalis
1612 961 1726 1042 judicii

172 1055 250 1117 dum
272 1056 312 1119 de
335 1065 455 1139 septem
477 1057 709 1121 dormientibus
729 1058 853 1139 legitur,
870 1058 924 1119 dc-
977 1057 1105 1120 dabitur
1131 1057 1305 1138 unicuique
1333 1058 1415 1121 liber
1441 1066 1581 1140 apertam,
1607 1058 1640 1120 in
1664 1078 1729 1140 quo

172 1152 276 1215 vianet
310 1154 508 1235 gravissime,
539 1163 573 1217 ut
607 1174 645 1218 ex
678 1154 861 1238 scripturis,
891 1164 923 1217 et
977 1154 1086 1217 omnia
1113 1173 1210 1237 opera
1237 1175 1294 1218 sua
1327 1155 1421 1236 leget.
1451 1157 1516 1220 lloe
1543 1156 1655 1219 llahon
1688 1158 1728 1220 de

172 1250 328 1315 doctrinis
356 1252 556 1331 Sanctorum,
585 1253 757 1333 multisque
791 1253 923 1316 visioni·
978 1252 1133 1316 materiali
1144 1252 1226 1315 libro
1240 1251 1432 1316 intellexisse
1447 1254 1635 1334 videtur,ita
1644 1255 1728 1336 quod

172 1347 246 1427 bus,
263 1350 466 1431 experientiis
488 1360 519 1413 et
540 1349 692 1433 exemplis
716 1359 919 1414 monstretur.
978 1358 1053 1413 tunc
1069 1350 1288 1433 unusquisque
1308 1370 1347 1413 ex
1368 1351 1448 1415 libro
1470 1352 1662 1434 porrigendo
1685 1352 1729 1417 le·

171 1446 212 1509 Et
247 1456 353 1511 tamen
388 1449 449 1512 hoc
479 1449 587 1513 lorsan
616 1450 754 1513 sensisse
783 1450 920 1527 videtur,
978 1456 1088 1511 cturus
1115 1448 1157 1509 sit
1181 1447 1308 1530 propria
1336 1466 1433 1529 opera
1462 1449 1635 1531 sigillatim.
1661 1449 1728 1522 Ouo

170 1564 273 1625 quum
301 1546 455 1610 vicesimo
481 1548 574 1611 tertio
601 1548 748 1611 Alcorani
783 1547 922 1631 capitulo
978 1564 1143 1626 concesso,
1171 1545 1329 1628 judicium
1358 1547 1436 1609 illud
1463 1547 1642 1611 diutissime
1669 1549 1728 1611 erit

171 1643 260 1705 dicat
277 1642 397 1707 :Nemo
411 1646 528 1726 cogitet
542 1646 641 1708 Deum
656 1646 803 1727 ignorare
819 1645 922 1709 incre·
978 1646 1096 1707 durans
1117 1667 1125 1706 ε
1146 1644 1231 1726 quod
1256 1652 1289 1707 et
1311 1644 1422 1707 llahon
1447 1646 1617 1726 concessit,
1638 1646 1728 1709 allir·

171 1741 321 1805 dulorum
342 1760 448 1825 opera,
470 1743 617 1825 quamvis
636 1762 747 1807 eorum
765 1744 920 1825 judicium
978 1762 1069 1805 mans
1082 1743 1167 1825 quod
1188 1762 1246 1824 per
1263 1742 1496 1825 qninquaginta
1515 1744 1616 1807 millia
1630 1764 1728 1810 anno·

170 1858 276 1921 usque
295 1841 334 1903 ad
353 1840 439 1904 diem
458 1841 569 1923 judicii
590 1841 770 1905 dilleratur.
938 1844 961 1907 B
980 1860 1048 1903 rum
1073 1841 1209 1904 durabit.
1230 1841 1291 1904 Sed
1319 1840 1400 1904 lalsa
1424 1850 1500 1905 sunt
1522 1843 1631 1906 omnia
1654 1844 1725 1908 ista.

213 1938 373 2002 Vicesimo
393 1949 505 2020 quarto
522 1958 650 2022 quoque
669 1939 816 2004 Alcorani
835 1940 922 2024 capi·
977 1939 1064 2013 Quod
1089 1938 1209 2001 etenim
1238 1938 1271 2000 in
1300 1938 1473 2022 Scripturis
1502 1941 1664 2004 inducitur
1687 1944 1727 2006 de

170 2036 239 2100 tulo
264 2037 354 2118 quasi
381 2056 419 2101 ex
441 2038 496 2101 Dei
520 2056 656 2120 persona
684 2038 803 2102 dicitur
828 2062 835 2101 z
862 2038 921 2102 llo-
978 2036 1068 2099 libris
1089 2045 1166 2099 tunc
1184 2036 1377 2119 aperiendis,
1392 2040 1432 2101 de
1451 2038 1541 2102 libris
1562 2042 1727 2105 eonscien-

170 2135 293 2198 minem
308 2134 348 2197 de
370 2145 452 2199 terra
473 2144 504 2199 et
519 2135 586 2200 luto
601 2137 839 2217 plasmavimus,
856 2137 922 2199 dia·
978 2135 1094 2197 tiorum
1116 2134 1324 2218 spiritualiter
1345 2137 1492 2200 sumitur.
1514 2138 1627 2201 Divina
1649 2158 1727 2221 qno

170 2234 246 2297 bolo
261 2234 349 2315 prius
364 2253 402 2297 ex
417 2234 490 2317 igne
507 2234 664 2325 pestilera
685 2242 801 2297 creato.
819 2235 920 2310 Quum
977 2252 1039 2315 que
1067 2234 1279 2317 omnipotenti
1311 2235 1426 2299 virtute
1457 2235 1613 2317 judicium
1647 2238 1726 2301 illud

169 2350 280 2395 creare
305 2333 346 2393 sit
366 2350 404 2393 ex
424 2331 526 2395 nihilo
545 2334 732 2415 producere,
748 2352 854 2396 nonne
874 2333 922 2395 in·
978 2331 1146 2395 celerrime
1171 2352 1302 2415 prorsus
1326 2334 1550 2415 complebitur,
1575 2335 1618 2398 ita
1641 2338 1726 2418 quod

169 2438 243 2511 epte
259 2429 378 2493 dicitur
392 2430 538 2493 diabolus
553 2451 591 2494 ex
606 2431 679 2513 igne
695 2434 836 2495 creatusl
849 2433 922 2495 llur-
979 2429 1153 2510 unicuique
1172 2450 1232 2492 sua
1248 2439 1281 2493 et
1300 2430 1435 2494 aliorum
1457 2440 1588 2515 peccata
1607 2435 1640 2495 in
1659 2454 1728 2499 mo-

169 2547 236 2607 sas,
252 2547 351 2610 quum
365 2528 472 2591 omnis
486 2536 630 2593 creatura
651 2530 692 2591 sit
712 2530 795 2593 bona
818 2531 921 2612 quoad
979 2537 1086 2591 mento
1105 2529 1269 2610 patebunt.
1285 2528 1417 2592 llultum
1435 2539 1542 2595 autern
1561 2532 1729 2614 derogaret

168 2645 241 2689 esse
256 2646 321 2689 suae
342 2634 472 2705 nature,
490 2628 649 2709 quomodo
669 2628 753 2709 ignis
773 2627 826 2691 illc
841 2648 922 2691 nun·
977 2622 1095 2688 divinas
1122 2626 1232 2708 pietati
1261 2634 1356 2707 atque
1382 2626 1513 2709 justitiae
1540 2631 1625 2711 quod
1648 2630 1726 2710 justi

169 2731 305 2806 cupatus
327 2732 375 2787 est
397 2724 548 2806 pestilerl
568 2725 692 2787 Dictum
714 2733 762 2787 est
782 2744 918 2808 quoque,
979 2740 1035 2803 per
1049 2730 1095 2786 tot
1108 2723 1212 2786 millia
1224 2742 1381 2788 annorum
1402 2746 1421 2787 a
1442 2744 1501 2789 suo
1514 2728 1646 2809 premio
1664 2728 1727 2791 dil·

168 2823 255 2904 quod
270 2822 375 2905 angeli
390 2824 455 2886 sint
471 2823 685 2905 incorporales
697 2824 921 2907 simplicesque
976 2818 1147 2883 lerrcntur.
1163 2821 1299 2885 Inlinitte
1317 2841 1394 2886 vero
1414 2825 1562 2905 potentio
1576 2825 1631 2889 bei
1651 2845 1727 2889 con·

169 2921 357 2985 substantie
373 2945 380 2983 ε
399 2920 469 2983 ideo
490 2940 553 2985 non
574 2929 648 2984 sunt
663 2921 738 2985 lacti
755 2942 792 2985 cx
808 2923 891 3004 igne.
976 2919 1061 2999 gruit
1081 2938 1193 2982 causas
1214 2920 1459 3000 judicandorum
1484 2921 1650 2987 celerrime
1674 2944 1727 2987 ex·

209 3018 329 3082 Eodem
344 3019 484 3102 capitulo
499 3020 601 3083 lertur
615 3021 706 3101 quasi
726 3040 764 3083 ex
780 3022 834 3084 liei
851 3040 921 3103 per-
941 3020 962 3083 G
977 3018 1099 3097 pedire.

168 3137 248 3182 sona
279 3141 287 3180 :
313 3118 414 3193 Quum
443 3118 605 3183 hominem
636 3139 850 3201 procreassem
880 3119 919 3184 de
1015 3114 1134 3179 Eodem
1155 3115 1295 3199 capitulo
1315 3117 1520 3182 continetur:
1540 3119 1723 3185 lniidelium

168 3217 249 3294 luto,
266 3224 299 3278 et
322 3216 426 3280 eidem
451 3217 566 3280 animae
590 3236 669 3280 meaa
693 3217 797 3300 portio
819 3217 920 3281 insul·
975 3231 1039 3276 non
1068 3215 1130 3276 nisi
1159 3215 1284 3297 lapsum
1314 3235 1351 3279 ac
1379 3217 1592 3299 precipitium
1619 3220 1724 3303 diligit

168 3313 314 3394 llaretur,
330 3324 392 3377 etc.
409 3314 440 3377 Si
454 3313 566 3378 ldahon
587 3315 712 3396 putavit
733 3315 817 3398 quod
837 3316 919 3379 [leus
975 3312 1067 3376 Deus.
1084 3314 1185 3394 liujus
1200 3315 1383 3396 oppositum
1398 3316 1550 3380 Dominus
1564 3317 1646 3380 Deus
1667 3339 1724 3400 per

168 3411 202 3472 in
218 3431 284 3474 suae
298 3411 426 3474 deitatis
441 3419 554 3474 natura
568 3413 684 3476 habeat
697 3413 849 3492 animam,
865 3422 919 3476 aut
973 3411 1169 3474 Ezechielem
1186 3413 1374 3495 prophetam
1395 3421 1552 3477 testatur:
1568 3415 1647 3479 Nolo
1662 3417 1725 3497 (in·
1751 3449 1838 3496 amp,

167 3511 254 3590 quod
280 3509 387 3573 anima
410 3509 550 3573 hominis
576 3511 671 3593 primi
697 3512 765 3574 sive
788 3511 918 3574 alterius
974 3509 1102 3590 quiens)
1116 3518 1252 3574 mortem
1272 3511 1374 3593 impii,
1391 3513 1447 3575 sed
1467 3521 1503 3574 ut
1521 3523 1724 3578 convertatur
1737 3527 1813 3566 ¹¹¹¹¹¹=
1828 3518 1861 3559 ¹¹·

168 3607 210 3670 sit
229 3609 270 3671 de
291 3607 468 3670 substantia
492 3608 559 3686 Dei,
581 3609 698 3672 erravit
718 3609 916 3690 gravissime,
974 3617 1006 3670 et
1029 3609 1136 3685 vivat;
1163 3609 1303 3690 itemque
1329 3634 1337 3672 ε
1363 3609 1524 3693 Numquid
1549 3613 1722 3676 voluntatis
1750 3638 1868 3691 [traam.

167 3724 268 3786 quum
284 3705 366 3769 Deus
382 3706 422 3768 sit
436 3725 536 3788 purus
550 3715 652 3786 actus,
661 3706 918 3788 simplicissimus
976 3725 1053 3768 mea
1067 3712 1116 3768 est
1130 3725 1215 3770 mors
1231 3707 1333 3789 impii,
1350 3716 1382 3770 ot
1395 3727 1460 3772 non
1480 3711 1582 3792 magis
1597 3720 1632 3774 ut
1646 3730 1722 3774 con·
1736 3703 1770 3746 ²⁸·

168 3803 311 3885 spiritus,
337 3811 369 3866 et
396 3822 466 3867 esse
495 3823 623 3885 purum,
648 3813 840 3886 separatum,
871 3805 918 3867 in·
974 3808 1136 3867 vertaturl
1158 3805 1285 3886 Alioqui
1310 3826 1368 3869 cur
1390 3806 1532 3870 misisset
1554 3810 1721 3891 Apostolos

168 3900 439 3965 commutabiliter
462 3901 496 3964 in
521 3921 555 3964 se
580 3902 650 3984 ipso
675 3903 862 3983 subsistens,
884 3912 918 3966 ut
975 3902 1014 3965 ad
1035 3903 1271 3984 predicandum
1295 3912 1328 3967 et
1347 3907 1598 3970 convertendum
1620 3908 1722 3972 incre-

167 4001 308 4082 theologi
323 4009 418 4082 atque
433 4001 615 4082 philosophi
632 4009 859 4064 contestantur.
975 4001 1088 4062 dulosl
1104 4001 1186 4064 Deus
1199 4001 1297 4082 enim,
1313 4011 1468 4084 qnantum
1484 4004 1518 4066 in
1533 4025 1567 4067 se
1581 4014 1641 4086 est,
1654 4007 1723 4070 vult
1737 4031 1836 4087 arma.
1846 4037 1867 4078 a.

206 4099 445 4181 Consequenter
469 4099 607 4181 capitulo
631 4099 784 4162 vicesimo
804 4100 917 4181 quinto
975 4099 1141 4163 universos
1156 4099 1283 4178 salvari,
1299 4120 1337 4163 ac
1359 4101 1456 4164 variis
1475 4103 1578 4165 modis
1594 4103 1723 4188 instigat

166 4199 320 4260 asseritur
342 4220 350 4258 ε
373 4197 572 4280 Impossibile
599 4205 649 4260 est
674 4197 799 4261 diabolo
826 4198 957 4280 quid-D
976 4195 1124 4260 infideles
1145 4198 1185 4260 ad
1206 4198 1350 4276 meliora.

167 4316 264 4378 quam
299 4296 405 4360 iacere
441 4297 503 4359 nisi
536 4296 722 4360 incredulis.
755 4297 834 4370 Quid
870 4305 918 4360 cst
1015 4295 1160 4377 Capitulo
1175 4296 1328 4360 vicesimo
1343 4305 1456 4360 octavo
1470 4297 1631 4361 inducitur
1640 4301 1722 4364 Deus

166 4395 248 4459 hoel
265 4395 375 4458 Nonne
398 4394 516 4459 diaboli
537 4395 678 4477 quotidie
701 4403 823 4459 tentant
844 4397 919 4459 lide-
974 4395 1108 4475 loquens
1133 4396 1172 4456 ad
1197 4395 1379 4458 Zachariam
1404 4405 1526 4478 patrem
1545 4397 1576 4460 S.
1592 4397 1723 4462 loannis

42 4513 150 4569 acciu„
167 4494 214 4557 les
243 4513 280 4556 ac
307 4494 432 4575 justosl
458 4495 525 4557 lmo
553 4501 584 4556 et
612 4493 770 4556 Christum
797 4503 917 4558 tentare
972 4491 1398 4573 Baptistezllabebislilium
1413 4494 1542 4557 nomine
1557 4515 1720 4577 nunquam

34 4577 143 4685 ²3:⁰2¹
167 4592 384 4674 presumpsit,
400 4600 431 4654 et
446 4591 585 4673 primurn
599 4592 762 4655 hominem
779 4592 812 4654 in
828 4612 919 4676 para·
972 4599 1067 4653 antea
1089 4589 1186 4652 alicui
1206 4589 1368 4672 imposito,
1394 4591 1544 4655 videlicet
1566 4593 1720 4658 loannem

34 4706 126 4762 resq.
145 4677 236 4754 'diso
261 4690 388 4772 decepit
414 4713 421 4752 :
449 4689 514 4753 imo
539 4690 656 4753 multos
680 4690 766 4754 viros
791 4699 917 4754 sanctos
973 4689 1164 4752 vocandum.
1179 4688 1244 4752 Hoc
1266 4688 1384 4752 lalsum
1403 4699 1475 4752 est:
1493 4691 1568 4772 quia
1589 4693 1649 4756 hoe
1664 4712 1721 4756 no-

166 4789 263 4851 etiam
284 4788 490 4870 corporaliter
511 4787 695 4871 flagellavit,
712 4790 917 4871 quemadmo-
974 4805 1046 4848 men
1074 4787 1131 4848 diu
1155 4794 1249 4848 antm
1273 4785 1334 4848 luit
1358 4789 1442 4868 apud
1468 4787 1616 4853 Hebraeos
1644 4809 1719 4854 eon-

53 4907 88 4952 ru
102 4925 114 4962 ι,
129 4926 150 4955 u.
165 4888 243 4950 dum
268 4894 413 4950 sanctum
437 4886 494 4950 lob
519 4895 551 4948 ct
574 4887 609 4950 B.
631 4887 813 4951 Antonium.
834 4873 915 4952 ilinc
972 4893 1108 4947 suetum.
1126 4884 1213 4946 Unde
1228 4885 1261 4946 in
1277 4885 1413 4947 teremia
1434 4905 1518 4968 saepe
1539 4886 1579 4950 iit
1598 4890 1718 4954 mentio

164 4985 310 5048 Christus
325 4985 402 5047 dixit
416 4984 601 5048 beatissimo
615 4985 846 5068 archiapostole
861 4987 916 5050 Pe·
971 4983 1010 5045 de
1029 4982 1183 5062 Johanan,
1199 4983 1294 5045 Caree
1315 4981 1395 5046 lilio.
1748 5019 1797 5067 ter.
1826 5038 1864 5068 ιι-

45 5101 90 5148 te.
103 5119 149 5159 mr.
165 5093 214 5146 tro
238 5107 246 5145 ι
268 5083 389 5164 Simon,
412 5101 486 5146 ecoe
508 5083 602 5146 Satan
626 5083 779 5165 expetivit
804 5104 859 5148 vos
881 5094 915 5147 ut
1011 5081 1130 5144 Eodem
1151 5080 1292 5163 capitulo
1314 5081 1430 5162 legitur
1446 5104 1453 5144 ε
1471 5083 1642 5148 Sciendum
1664 5105 1719 5150 ne·
1732 5098 1787 5130 ¹⁰¹¹·

35 5167 63 5208 ⁸¹·
165 5182 322 5244 cribraret
335 5180 419 5244 sicut
440 5180 590 5244 triticum.
607 5182 673 5245 lmo
694 5189 726 5244 et
745 5181 857 5246 ldahon
880 5183 913 5246 in
971 5181 1091 5243 minem
1118 5198 1189 5242 esse
1215 5179 1358 5260 quinon
1386 5181 1425 5242 ad
1454 5182 1560 5263 ignem
1588 5185 1718 5265 prolici-

165 5280 324 5343 hlcorano
342 5277 468 5358 latetur,
489 5279 573 5362 quod
594 5279 766 5362 unicuique
787 5281 913 5344 adstant
970 5289 1087 5358 scatur,
1104 5279 1180 5362 quia
1198 5280 1259 5342 hoc
1273 5279 1356 5342 Deus
1374 5281 1547 5345 mandavit.
1563 5283 1648 5346 lstnd
1668 5293 1718 5350 est
