4309 6250
433 489 473 536 os
494 487 657 536 excurrare
678 489 716 536 ur
735 489 883 536 taunmus
905 487 932 534 o.
957 490 985 534 v.
1008 489 1125 553 msa,
1147 489 1236 538 uranu
1256 491 1288 538 u.
1311 509 1352 521 -
1373 491 1442 536 aar.
1465 489 1477 537 t
1690 472 1731 538 oo

175 657 398 724 beatissimam
414 659 609 724 Trinitatem.
626 658 694 724 Non
717 677 793 742 ergo
813 659 846 722 in
861 659 927 722 vita
942 659 965 722 Α
982 679 1057 723 nem
1088 660 1123 722 in
1154 660 1302 743 originali
1334 679 1399 724 non
1429 679 1500 724 esse
1530 667 1730 743 conceptam.

177 757 237 822 bac
263 765 351 822 unta
376 757 470 821 nituit
493 758 640 841 puritate,
666 757 750 839 quod
776 759 836 822 sub
863 758 927 822 Deo
1022 757 1118 822 Porro
1142 758 1198 821 alii
1221 759 1349 841 plenius
1371 757 1493 838 dicunt,
1519 758 1603 840 quod
1629 777 1734 822 sacra-

178 857 283 938 major
303 875 368 922 non
391 857 476 920 valet
496 857 644 939 intelligi.
981 855 1106 918 tissima
1136 856 1231 919 illaria
1262 856 1324 920 fuit
1352 857 1386 919 in
1413 864 1504 920 utero
1532 856 1734 921 sanctificata

101 965 163 1008 rea.
218 955 383 1032 Patarea,
411 955 501 1037 juxta
524 954 626 1018 divini
655 954 795 1036 Dionysii
830 955 927 1018 docn-
981 973 1040 1037 per
1062 954 1197 1036 gratiam
1222 955 1429 1036 singularem,
1449 973 1520 1036 quta
1543 955 1680 1019 removit
1700 963 1734 1018 et

178 1061 298 1134 meum,
319 1071 504 1136 supremum
528 1053 648 1116 ordinis
669 1052 832 1116 inferioris
852 1072 925 1115 cum
981 1053 1113 1116 abstulit
1132 1052 1260 1134 culpam
1279 1053 1469 1134 originalem
1487 1061 1519 1116 et
1539 1053 1731 1135 pmnitatem

177 1149 293 1214 infimo
318 1150 491 1232 superioris
513 1150 634 1214 ordinis
659 1169 806 1232 magnam
832 1151 926 1214 habet
981 1151 1135 1234 peccandi
1150 1169 1215 1214 non
1231 1150 1334 1214 solum
1348 1150 1535 1233 mortaliter,
1551 1151 1606 1214 sed
1625 1151 1732 1214 venia-

177 1249 447 1328 convenientiam,
468 1268 533 1313 non
558 1257 664 1312 tamen
689 1249 815 1330 attingit
839 1249 925 1313 illius
981 1249 1053 1312 liter
1067 1267 1204 1332 quoquo.
1221 1249 1260 1311 Et
1272 1249 1404 1328 addunt,
1419 1250 1504 1331 quod
1520 1257 1583 1312 tres
1600 1247 1732 1313 fuerunt

177 1346 409 1429 perfectionem
431 1366 486 1410 seu
509 1347 705 1429 dignitatem.
727 1345 829 1420 Quum
850 1361 925 1424 crgo
981 1346 1254 1410 sanctificationes
1275 1346 1378 1410 listris
1401 1346 1604 1410 christiferae.
1627 1345 1731 1410 Prima

177 1445 656 1527 preclarissinsvirgottaria
682 1444 836 1508 fueritin
865 1443 924 1506 hoc
981 1443 1195 1508 sanctificatio
1226 1445 1297 1526 ejus
1325 1445 1386 1508 fuit
1420 1445 1454 1508 in
1485 1453 1576 1508 utero
1607 1445 1730 1523 matris,

177 1544 297 1606 mundo
313 1543 436 1624 viatrix,
453 1543 598 1625 quamvis
616 1543 783 1620 altissima,
801 1560 865 1605 non
881 1549 926 1602 ta-
979 1552 1045 1606 tros
1067 1543 1189 1606 babens
1214 1542 1363 1620 effectus,
1383 1543 1544 1620 videlicet,
1567 1543 1732 1625 originalis

175 1661 251 1704 men
270 1641 398 1705 videtur
417 1642 573 1705 exsistens
594 1642 626 1704 in
648 1649 731 1704 terra
755 1641 794 1704 ad
819 1638 925 1702 infimi
981 1641 1083 1724 culpas
1097 1640 1323 1724 expiationem,
1339 1649 1372 1704 et
1391 1641 1500 1724 gratiae
1521 1641 1729 1720 infusionem,

175 1739 346 1821 puritatem
379 1739 492 1822 angeli·
521 1738 719 1821 pervenisse,
749 1737 923 1821 pracsertim
980 1757 1017 1802 ao
1033 1746 1154 1802 tanum
1168 1739 1291 1802 fomitis
1312 1739 1544 1802 restrictionem
1565 1740 1650 1821 quod
1665 1757 1730 1804 non

173 1855 273 1919 quum
297 1837 403 1900 Sancti
419 1837 451 1900 in
473 1838 576 1920 patria
596 1837 808 1920 pmpinquius
829 1844 924 1918 atque
943 1833 966 1896 B
981 1845 1090 1920 posset
1104 1837 1138 1899 in
1158 1837 1286 1918 aliquod
1304 1837 1378 1900 duci
1393 1844 1570 1920 peccatum,
1583 1837 1730 1919 quamvis

174 1935 339 2018 limpidius
364 1935 506 2000 increato
528 1936 642 1999 lumini
664 1955 701 1998 ac
727 1934 807 1998 fonti
833 1953 925 1996 mun·
980 1936 1158 1998 secundum
1179 1935 1352 1998 essentiam
1373 1943 1561 1998 remaneret.
1583 1935 1730 1999 Secunda

174 2033 262 2097 ditia
284 2033 349 2096 sint
369 2033 451 2098 uniti
474 2053 569 2117 quam
591 2033 739 2098 viatores.
980 2032 1193 2096 sanctificatio
1207 2033 1347 2115 Virginis
1367 2033 1512 2115 gloriosae
1534 2033 1596 2096 fuit
1614 2034 1647 2094 in
1662 2033 1731 2114 Spi-

213 2132 326 2195 Adbuc
350 2139 468 2211 autem,
493 2150 592 2215 quum
621 2131 741 2215 puritas
769 2130 924 2194 Creatoris
981 2131 1058 2194 ritus
1088 2131 1195 2194 Sancti
1230 2131 1474 2194 obumbratione
1508 2139 1540 2194 et
1574 2129 1645 2192 llilii
1672 2130 1729 2194 Dei

175 2229 206 2292 in
228 2229 392 2293 infinitum
411 2229 453 2292 sit
474 2230 577 2312 major
595 2230 682 2294 omni
702 2228 838 2312 puritate
857 2247 925 2291 cro-
980 2229 1189 2312 conceptione
1211 2251 1219 2290 z
1242 2247 1314 2311 quae
1335 2229 1436 2291 tribus
1456 2228 1629 2309 praemissis
1651 2227 1731 2292 effe

175 2333 239 2404 ata,
262 2333 396 2409 possunt
420 2325 503 2390 inter
527 2326 695 2408 puritatem
720 2325 775 2388 Dei
800 2333 832 2387 et
856 2325 926 2388 Vir·
980 2327 1084 2390 otibus
1112 2325 1331 2407 superaddidit
1358 2327 1448 2404 duos,
1474 2335 1550 2410 puta
1574 2326 1731 2390 omnimo-

176 2423 262 2507 ginis
276 2423 469 2488 beatissimas
483 2425 653 2507 puritatem
675 2423 924 2486 innumerabiles
979 2426 1052 2488 dam
1082 2424 1202 2488 fomitis
1231 2425 1473 2488 exstinctionem
1501 2433 1532 2488 ct
1560 2424 1732 2488 confirma-

176 2521 293 2604 gradus
317 2521 464 2603 puritatis
488 2521 656 2604 imaginari
681 2521 748 2584 sivo
774 2519 921 2602 intelligi.
979 2523 1100 2586 tionem
1135 2521 1170 2585 in
1205 2523 1301 2586 bono.
1331 2523 1450 2604 ltaque,
1485 2523 1572 2605 prius
1607 2530 1731 2605 potarat

176 2620 260 2682 Deus
275 2638 412 2702 quoque,
430 2638 528 2701 quum
544 2619 585 2682 sit
601 2619 768 2682 illimitatae
782 2638 820 2682 ac
836 2637 925 2700 pmr-
979 2629 1102 2684 tantum
1118 2639 1184 2684 non
1199 2639 1343 2704 peccare,
1361 2621 1427 2701 jam
1446 2639 1511 2684 non
1531 2630 1638 2702 posset
1657 2639 1731 2703 pcc-

176 2737 232 2780 sus
259 2717 395 2781 infinitas
414 2717 573 2798 potentian,
594 2725 699 2800 potest
723 2715 811 2780 omni
837 2735 925 2778 croa-
980 2738 1063 2782 care,
1081 2719 1186 2782 'fortia
1207 2717 1420 2781 sanctificatio
1438 2717 1509 2799 ejus
1531 2715 1592 2781 fuit
1610 2718 1643 2780 in
1658 2717 1730 2780 lilii

176 2823 208 2878 ta
234 2815 337 2878 forma
360 2815 583 2898 perfectiorem
609 2815 794 2898 pmducorc.
824 2813 925 2878 Potuit
979 2816 1034 2880 [lei
1065 2816 1308 2893 inhabitatione,
1338 2815 1391 2897 qui
1420 2833 1537 2880 novem
1564 2816 1730 2880 mensibus

177 2913 253 2976 item
282 2913 519 2996 gloriosissime
542 2913 645 2976 llario
673 2913 771 2976 vitam
802 2911 835 2975 in
863 2913 924 2976 boc
980 2915 1013 2978 in
1038 2923 1129 2978 utero
1153 2912 1292 2995 Virginis
1316 2913 1435 2976 mansit
1459 2937 1466 2975 :
1492 2931 1564 2995 quae
1586 2913 1730 2976 sanctifi·

178 3011 295 3074 saeculo
320 3009 507 3093 pmlongare
530 3033 536 3072 :
560 3029 623 3092 quo
648 3009 744 3090 facto,
770 3007 962 3092 pmfecis-t}
981 3013 1064 3076 catio
1088 3011 1213 3075 cunctis
1237 3011 1396 3093 predictis
1417 3011 1497 3074 duos
1520 3010 1656 3075 effectus
1675 3013 1730 3075 ad·

178 3119 227 3173 set
257 3109 290 3172 in
325 3108 472 3191 puritate.
503 3107 558 3172 Cui
588 3115 620 3172 ct
653 3116 772 3171 tantm
802 3116 925 3190 poterat
980 3110 1180 3175 debatllnus
1195 3107 1362 3191 fuit,quod
1377 3130 1488 3174 omnes
1503 3109 1729 3193 dispositiones

178 3208 347 3291 puritatem
376 3208 528 3289 adjicere,
555 3217 706 3290 quantam
733 3208 846 3271 habuit
870 3208 925 3271 Pe·
980 3209 1102 3272 fomitis
1123 3208 1255 3271 abstulit
1278 3232 1285 3269 :
1309 3209 1392 3271 sicut
1413 3208 1573 3271 interdum
1598 3209 1728 3272 morbus

176 3317 246 3370 trus
264 3316 319 3370 aut
343 3307 470 3369 Paulus.
486 3304 555 3369 Non
579 3306 677 3387 igitur
700 3306 739 3369 ad
763 3326 923 3369 summum
981 3317 1109 3371 curatus
1124 3315 1183 3385 cst,
1200 3314 1353 3371 ettamen
1375 3306 1487 3389 aliquas
1500 3307 1571 3389 ejus
1585 3308 1729 3388 reliquia

178 3405 325 3488 puritatis
348 3405 480 3487 madum
507 3405 566 3468 sub
595 3404 658 3467 Deo
684 3404 852 3487 pertigisse
879 3405 925 3467 vi·
980 3413 1111 3469 manent
1139 3406 1297 3469 curandae.
1328 3405 1492 3469 &cundus
1523 3403 1586 3468 fuit
1619 3424 1730 3469 conse·

176 3506 279 3567 detur.
981 3505 1079 3568 cratio
1104 3523 1161 3566 seu
1183 3502 1342 3567 dedicatio
1362 3502 1571 3567 sanctissimae
1590 3504 1729 3585 Virginis

214 3602 310 3665 Multa
335 3601 367 3663 in
392 3600 479 3663 bunc
508 3600 637 3663 modum
665 3600 762 3682 objici
792 3608 923 3682 queunt,
980 3603 1019 3666 ad
1044 3601 1155 3665 divina
1178 3600 1311 3681 precise
1336 3624 1343 3663 ε
1369 3602 1414 3663 ita
1435 3600 1520 3681 quod
1545 3600 1641 3663 otiam
1664 3600 1730 3663 usi-

175 3700 301 3783 quaid
326 3698 492 3783 potissime
520 3698 661 3781 exigunt,
685 3704 721 3761 ut
747 3698 926 3762 declaretur
981 3699 1041 3763 bus
1066 3698 1216 3763 humanis
1241 3718 1298 3763 seu
1320 3699 1490 3763 mundanis
1512 3699 1619 3777 licitis,
1635 3708 1729 3781 utpu-

175 3800 313 3883 qualiter
331 3797 562 3880 preinductum
576 3796 717 3859 Anselmi
738 3796 869 3861 verbum
885 3796 926 3859 sit
981 3806 1012 3861 ta
1027 3797 1330 3878 matrimonialibus,
1345 3796 1544 3880 impossibile
1558 3806 1642 3861 osset
1656 3817 1727 3860 cam

176 3896 433 3978 intelligendum.
980 3896 1094 3978 aptari,
1113 3896 1189 3979 quia
1212 3904 1289 3959 tunc
1313 3914 1378 3959 non
1401 3895 1505 3959 solum
1529 3915 1620 3959 mons
1642 3896 1726 3977 ejus,

215 3995 371 4071 Quocirca
399 3994 610 4077 pensandum,
641 3994 725 4075 quod
754 3994 924 4057 auctoritas
981 3995 1036 4058 sed
1060 3994 1158 4057 etiam
1182 4012 1299 4076 corpus
1328 3994 1399 4057 luce
1426 3994 1559 4057 Deitatis
1588 3995 1728 4077 resplen-

175 4094 244 4157 baec
264 4091 407 4155 Anselmi
428 4110 446 4153 a
467 4091 613 4169 diversis,
634 4092 730 4154 variis
751 4092 853 4155 modis
873 4110 926 4155 ex·
980 4092 1059 4157 duit.

176 4192 317 4274 ponitur.
334 4188 466 4265 Quidam
482 4208 618 4271 namque
637 4198 800 4272 exponunt
818 4190 965 4261 dicen-1)
1019 4192 1139 4273 ltaque,
1159 4210 1197 4253 ex
1217 4190 1320 4272 prima
1343 4190 1611 4271 sanctificatione,
1633 4193 1729 4256 bene-

176 4298 235 4368 tes,
251 4288 337 4371 quod
359 4288 496 4369 puritate
518 4306 573 4350 seu
596 4286 850 4379 sanctificatione
865 4289 925 4351 lla-
979 4289 1158 4353 dictissima
1173 4290 1263 4370 virgo
1278 4288 1375 4351 llaria
1396 4290 1571 4353 excellebat
1591 4291 1729 4373 puritate

177 4388 230 4449 rim
245 4384 350 4467 major
363 4384 474 4466 nequit
496 4384 631 4467 intelligi
653 4386 713 4449 sub
727 4386 803 4465 lloo,
820 4396 851 4449 et
865 4388 925 4451 sub
979 4406 1091 4451 omnes
1118 4388 1304 4470 baptizatos,
1331 4388 1365 4449 in
1394 4387 1510 4469 quibus
1535 4388 1636 4452 fomes
1663 4408 1727 4453 non

176 4484 300 4547 Christo
326 4482 381 4563 qui
405 4481 487 4545 Deus
511 4488 560 4545 ost
579 4506 587 4543 ε
609 4483 760 4564 quoniam
782 4484 924 4547 Christus
980 4488 1013 4549 in
1033 4494 1156 4549 tantum
1180 4486 1382 4567 restringitur
1404 4486 1483 4567 quin
1503 4487 1603 4551 ineis
1627 4508 1729 4551 rema

175 4582 236 4645 fuit
260 4580 330 4644 sine
353 4580 502 4662 originali
531 4590 662 4662 peccato
686 4590 870 4664 conceptus,
894 4592 926 4646 ct
979 4592 1053 4647 neat
1066 4583 1209 4665 pronitas
1224 4584 1400 4647 mortaliter
1414 4585 1642 4668 venialiterque
1658 4606 1729 4669 pec·

177 4682 272 4763 l'irgo
300 4680 404 4756 beata,
434 4679 580 4759 quamvis
609 4680 642 4741 in
670 4680 817 4762 originali
850 4700 926 4745 con·
979 4682 1082 4746 candi.
1109 4682 1153 4744 Ex
1181 4683 1321 4745 secunda
1344 4682 1600 4748 sanctificatione
1624 4685 1727 4748 excel-

177 4789 278 4861 cepta,
296 4778 473 4841 secundum
489 4776 578 4854 istos,
595 4786 702 4841 umen
723 4779 763 4841 ab
778 4779 833 4843 illo
853 4800 925 4845 mox
980 4780 1065 4843 lebat
1093 4779 1262 4862 puritatem
1290 4778 1364 4842 lde
1391 4798 1486 4859 quam
1516 4780 1626 4844 habuit
1653 4789 1727 4845 ante

176 4877 237 4941 fuit
258 4883 402 4959 purgata,
425 4892 489 4939 non
510 4874 639 4956 quidem
662 4876 772 4939 eodem
796 4877 924 4941 instanti
980 4878 1116 4960 lapsum,
1132 4876 1208 4957 quia
1223 4875 1256 4939 in
1276 4884 1359 4939 statu
1373 4876 1563 4941 innocentia
1582 4878 1730 4941 nonfuit

178 4994 240 5059 quo
260 4974 369 5037 anima
390 4972 462 5053 ejus
483 4972 546 5035 fuit
567 4981 683 5051 creata,
701 4974 755 5037 sed
770 4975 834 5039 cito
855 4986 926 5057 post
981 4975 1190 5039 confirmatus
1205 4974 1238 5037 in
1260 4974 1355 5038 bono.
1371 4974 1430 5037 Per
1450 4975 1727 5041 confirmationem

179 5074 248 5137 boc.
277 5072 351 5135 llaec
380 5078 486 5133 autem
520 5072 684 5152 responsio
712 5072 926 5154 superficialis
980 5091 1107 5155 quoque
1141 5073 1229 5136 illam
1263 5072 1394 5153 angelos
1427 5073 1602 5137 excellebat
1636 5098 1643 5136 :
1673 5076 1728 5156 qui

180 5172 312 5249 videtur,
334 5178 366 5233 et
391 5168 438 5232 eis
461 5168 637 5251 prasertim
661 5188 725 5233 non
749 5170 853 5251 placet
871 5172 926 5253 qui
982 5170 1129 5254 quamvis
1152 5168 1335 5235 confirmati
1360 5170 1513 5249 inbono,
1539 5179 1644 5234 umen
1669 5192 1729 5237 noc

182 5270 358 5347 affirmant,
389 5274 421 5331 et
453 5266 545 5345 beno,
578 5266 794 5331 beatissimam
824 5270 927 5353 Virgi-
984 5289 1127 5333 crescere
1149 5277 1284 5353 possunt
1307 5268 1341 5331 in
1365 5270 1493 5351 pramio
1518 5270 1728 5353 substantiali,
