4309 6250
428 488 487 553 l80
695 508 735 553 aa
756 506 860 553 aurun
881 502 1061 551 cocnmova
1082 500 1245 547 aaanonmr
1265 501 1298 547 nv
1319 500 1441 546 rarnn.
1465 518 1504 531 —
1526 500 1597 546 aar.
1621 501 1654 559 ιι,
1676 500 1712 546 m

1193 671 1218 732 A
1272 670 1435 749 Praeterea,
1462 670 1711 754 supernaturalis
1739 670 1917 751 beatitudo,
1945 673 1988 735 ad

645 734 889 799 ARTICULUS
914 734 957 797 Π·
1232 788 1328 850 quarn
1347 778 1470 832 creatus
1489 778 1538 831 est
1560 770 1666 849 bomo,
1682 776 1730 832 est
1754 770 1988 853 contemplatio

427 887 519 954 Quod
538 893 674 962 propter·
693 886 977 959 supernaturalem
1003 880 1177 939 beatitudl-
1233 867 1350 930 divinae
1365 868 1510 931 essentiae
1525 867 1558 930 in
1573 887 1607 929 se
1621 867 1702 950 ipsa,
1719 868 1805 932 clare
1820 878 1852 931 et
1872 870 1989 933 imme-

468 994 541 1035 nem
557 976 752 1034 rationalem
766 981 954 1031 creaturam
970 974 1056 1031 Dens
1069 969 1177 1028 condi·
1233 966 1317 1028 diate
1334 990 1341 1028 :
1358 985 1454 1048 qnam
1474 966 1643 1049 Apostolus
1662 968 1806 1029 nominat
1824 967 1987 1031 visionem

467 1066 567 1125 derit.
712 1079 717 1089 ¹
1232 1064 1288 1127 Dei
1303 1084 1361 1146 per
1374 1064 1526 1146 speciem,
1543 1084 1599 1127 seu
1614 1064 1696 1127 facie
1710 1066 1750 1127 ad
1765 1065 1896 1145 faciem,
1908 1067 1987 1147 quia
2013 1082 2127 1125 rem

1232 1163 1264 1224 in
1288 1164 1347 1226 bac
1376 1163 1525 1225 beatifica
1552 1182 1589 1226 ac
1617 1164 1925 1227 desiderabilissima
1954 1172 1986 1227 et
2001 1146 2127 1259 &Enim

499 1264 882 1347 UblfVlSomnipotentia
901 1263 955 1325 Dei
978 1262 1123 1325 sublimis
1145 1268 1177 1323 et
1231 1261 1475 1325 deliciosissima
1506 1262 1638 1341 visione,
1667 1258 1867 1344 conspicitur
1900 1262 1987 1325 Deus

429 1266 495 1468 Ο
513 1365 672 1428 benedicti
696 1366 728 1426 in
749 1364 843 1426 tetius
864 1362 974 1425 mundi
1001 1362 1173 1438 creatione,
1231 1360 1417 1422 benedictus
1432 1360 1515 1423 sicut
1528 1368 1576 1422 est
1590 1360 1623 1421 in
1638 1380 1695 1423 sua
1710 1360 1853 1423 claritate
1868 1369 1903 1423 et
1916 1360 1988 1443 glo

426 1464 582 1548 sapientia
597 1464 627 1525 in
644 1463 884 1545 gubernatione,
897 1460 1086 1542 bonitasque
1100 1460 1176 1541 ipsi·
1231 1458 1278 1521 ria
1296 1458 1434 1537 infinita,
1451 1475 1514 1521 non
1535 1477 1592 1541 per
1611 1457 1840 1522 similitudines
1858 1468 1988 1523 creatu-

425 1583 463 1626 us
482 1564 514 1625 in
535 1570 751 1625 creaturarum
776 1559 1028 1635 conservatione,
1045 1558 1176 1620 eviden-
1230 1576 1347 1637 rarum,
1361 1557 1416 1619 sed
1432 1576 1489 1638 per
1504 1556 1673 1639 ipsammet
1686 1556 1861 1620 increatam
1877 1557 1987 1621 lucem

426 1670 473 1723 ter
493 1680 530 1723 ac
555 1660 733 1723 eminenter
757 1656 999 1739 resplendeant;
1018 1664 1175 1718 verumta-
1230 1675 1267 1717 ac
1291 1655 1432 1717 divinam
1454 1655 1636 1735 essentiam,
1661 1656 1760 1717 menti
1786 1665 1902 1719 creatae
1927 1676 1988 1739 per

426 1778 499 1822 men
535 1760 566 1820 in
596 1759 656 1821 boc
685 1756 927 1839 omnipotentia,
959 1755 1115 1836 sapientia
1143 1762 1175 1815 et
1230 1754 1360 1815 modurn
1376 1752 1588 1835 intelligibilis
1603 1753 1715 1817 formae
1736 1755 1871 1834 unitam,
1888 1762 1990 1837 prout

425 1857 551 1921 bonitas
575 1854 798 1919 amabilissimi
827 1874 864 1917 ac
893 1852 1089 1916 serenissimi
1118 1852 1173 1914 Dei
1191 1854 1214 1916 B
1230 1853 1261 1915 S.
1279 1853 1417 1916 Thomas
1429 1853 1461 1915 in
1477 1854 1607 1915 Summa
1621 1862 1732 1916 contra
1752 1854 1890 1935 gentiles
1912 1873 1990 1936 pro-
2003 1872 2130 1918 mnan.

426 1957 537 2034 multo,
556 1955 619 2017 imo
635 1962 667 2018 et
682 1952 889 2017 ineffabiliter
902 1952 1083 2015 evidentius
1097 1950 1176 2014 emi·
1230 1950 1329 2013 funde
1352 1951 1513 2013 disseruit.
1540 1951 1584 2012 De
1608 1951 1667 2013 bac
1693 1950 1847 2015 felicitate
1874 1952 1922 2013 ait
1953 1953 1990 2013 in
2004 1938 2089 1978 ⁵¹³²

426 2054 616 2135 nentiusque
651 2053 803 2129 relucent,
840 2052 924 2132 quod
953 2069 1015 2113 non
1047 2058 1177 2132 propter
1231 2046 1334 2128 prima
1349 2066 1405 2108 sua
1419 2045 1555 2128 epistola
1569 2046 1706 2109 loannes
1720 2048 1886 2129 apostolus
1903 2072 1912 2109 :
1929 2048 1992 2110 Ca-
2019 2065 2112 2107 trun.

427 2152 604 2217 naturalem
621 2150 804 2213 felicitatem
824 2169 861 2211 ac
881 2148 982 2211 finem
1000 2149 1173 2224 dumtaxat,
1232 2145 1361 2225 rissimi,
1378 2164 1464 2207 nunc
1484 2143 1543 2206 frlii
1563 2144 1617 2207 Dei
1643 2164 1766 2223 sumus,
1782 2153 1814 2208 et
1837 2146 1990 2209 nondum
2006 2142 2038 2178 ¹¹¹·
2056 2130 2076 2171 ²¹

427 2253 482 2314 sed
504 2258 536 2313 et
557 2258 686 2332 propter
706 2246 977 2330 supernaturalem
997 2246 1097 2308 finem
1119 2267 1175 2309 seu
1231 2244 1377 2325 apparuit
1407 2242 1481 2324 quid
1511 2243 1650 2321 erimus;
1680 2243 1800 2305 scimus
1827 2245 1990 2325 quoniam

426 2348 668 2425 beatitudinem,
679 2346 865 2410 rationalem
881 2354 912 2407 et
925 2344 1174 2407 intellectualem
1231 2361 1329 2423 quum
1351 2342 1544 2423 apparuerit,
1562 2341 1682 2404 similes
1704 2341 1732 2405 ei
1746 2342 1884 2422 (scilicet
1905 2344 1992 2423 Deo)

427 2456 604 2510 creaturam
629 2444 807 2527 plasmavit.
825 2442 893 2507 Non
917 2443 1002 2505 eninr
1027 2442 1104 2505 satis
1128 2442 1176 2503 vi·
1231 2440 1361 2516 erimus,
1378 2438 1452 2519 qnia
1466 2439 1644 2501 videbimus
1659 2458 1732 2502 eum
1747 2439 1841 2502 sicuti
1860 2450 1921 2503 est.
1940 2441 1992 2504 De

426 2566 497 2609 sum
512 2553 561 2608 est
575 2544 694 2625 optimo
709 2552 803 2623 atque
819 2541 964 2623 piissimo
982 2540 1119 2603 Creatori
1142 2560 1175 2601 se
1231 2539 1290 2600 bac
1315 2557 1401 2615 vera,
1428 2537 1533 2618 plena,
1560 2537 1694 2616 coelesti,
1721 2539 1917 2621 sempiterna
1946 2558 1991 2602 ac

427 2665 484 2727 per
499 2642 675 2705 naturalem
691 2641 921 2705 beatitudinem
937 2639 1176 2703 communicare
1232 2634 1463 2717 supernaturali
1487 2635 1639 2699 felicitate
1660 2636 1843 2720 philosophi
1867 2637 1915 2699 nil
1938 2638 1993 2701 lo·

427 2742 634 2807 rationalibus
664 2740 828 2816 creaturis,
854 2758 965 2803 verum
990 2747 1177 2820 supernatu—
1231 2735 1286 2816 qui
1301 2735 1463 2797 sciverunt
1480 2758 1486 2795 :
1504 2734 1569 2797 imo
1585 2734 1815 2816 impossibilem
1831 2755 1903 2798 eam
1924 2755 1994 2818 pu·

428 2840 527 2901 ralem
552 2838 737 2900 felicitatem
763 2837 809 2899 eis
835 2836 980 2899 conferre
1005 2835 1146 2898 decrevit
1166 2859 1173 2897 :
1231 2833 1340 2896 tabant
1354 2834 1440 2896 omni
1456 2834 1554 2895 menti
1570 2842 1694 2911 creatae,
1710 2835 1864 2916 angelicae
1876 2843 1911 2897 et
1923 2834 1993 2897 bu·

428 2938 460 2999 in
485 2956 547 3018 quo
572 2936 681 3017 utique
707 2936 778 3017 ejus
802 2935 940 3013 bonitas,
967 2935 1122 3016 sapientia
1145 2943 1177 2997 et
1232 2952 1344 2997 manae.

429 3043 567 3118 potestas
584 3042 669 3098 tanto
685 3033 854 3096 sublimius
869 3033 1114 3115 praeclariusque
1130 3052 1177 3095 re·
1194 3033 1216 3095 C
1272 3031 1425 3105 Quoniam
1442 3031 1547 3112 itaque
1562 3030 1603 3093 ob
1618 3039 1738 3093 tantam
1753 3030 1991 3095 beatitudinem

428 3135 563 3216 fulgent,
573 3143 691 3215 quanto
706 3133 956 3215 supernaturalis
972 3133 1108 3196 felicitas
1124 3153 1178 3196 na·
1234 3131 1352 3195 conditi
1368 3151 1489 3210 sumus,
1507 3149 1571 3194 non
1587 3131 1786 3212 negligamus
1801 3151 1860 3195 nos
1882 3132 1992 3213 ipsos,

428 3232 522 3295 turali
544 3231 738 3294 beatitudine
759 3238 860 3294 exstat
881 3229 1089 3311 prestantior.
1233 3250 1293 3293 nee
1309 3231 1372 3292 Deo
1386 3229 1542 3293 altissimo
1564 3229 1665 3291 simus
1684 3229 1811 3311 ingrati,
1828 3249 1887 3292 nec
1910 3250 1994 3313 pro-

469 3331 542 3405 Ouae
568 3348 642 3412 ergo
670 3338 719 3392 est
746 3329 882 3391 felicitas
912 3328 1076 3408 naturalis,
1107 3348 1177 3410 quaa
1233 3339 1303 3413 pter
1317 3328 1377 3392 ista
1392 3329 1866 3410 terrena,caduca‚temp0rales
1882 3330 1993 3394 bono-

428 3429 505 3493 item
526 3429 688 3493 beatitudo
710 3427 982 3511 supernaturalist
1233 3450 1294 3506 res,
1311 3437 1365 3491 aut
1390 3427 1561 3490 immundae
1585 3427 1692 3489 carnis
1717 3428 1822 3509 turpia
1845 3429 1994 3492 oblecta-

469 3528 657 3605 Dicendum,
683 3528 768 3609 quod
794 3525 945 3589 naturalis
970 3525 1106 3589 felicitas
1129 3535 1177 3589 est
1234 3536 1351 3607 menta,
1368 3535 1485 3590 aeterna
1510 3526 1570 3588 bac
1592 3525 1695 3607 gloria
1714 3546 1772 3590 nos
1795 3527 1990 3610 privemus3

431 3625 657 3708 contemplatio
686 3625 740 3688 Dei
765 3625 804 3687 ad
831 3644 925 3706 quarn
952 3624 1176 3687 intellectualis
1234 3628 1289 3690 sed
1315 3627 1432 3689 bonurn
1457 3644 1494 3687 ac
1519 3625 1858 3689 munificentissimum
1883 3627 1992 3692 Deum

430 3735 574 3790 creatura
588 3745 645 3807 per
658 3727 740 3788 dona
756 3733 874 3787 naturas
889 3723 974 3786 valet
988 3723 1175 3805 pertingere,
1234 3725 1382 3788 ardenter
1396 3742 1550 3802 amemus,
1567 3723 1703 3786 sollicite
1717 3725 1923 3803 bonoremuS,
1939 3727 1993 3789 ei-

430 3835 542 3909 utputa
557 3844 613 3907 per
628 3823 770 3886 naturale
786 3823 894 3885 lumen
911 3823 1052 3902 rationis,
1069 3832 1101 3886 et
1121 3843 1178 3905 per
1234 3842 1295 3905 que
1317 3821 1533 3883 indesinenter
1551 3820 1583 3881 in
1604 3840 1679 3883 vera
1700 3819 1823 3902 justitia
1847 3822 1992 3886 devotis-

431 3925 580 3989 scientias
609 3922 792 4003 acquisitas,
818 3940 855 3984 eo
881 3921 975 3984 modo
1004 3940 1066 4002 quo
1098 3921 1178 3984 [teus
1234 3921 1312 3983 sime
1334 3919 1559 3982 ministremus.

430 4033 553 4087 creator
567 4023 605 4084 ex
620 4021 714 4084 rebus
729 4019 843 4082 creatis
858 4026 962 4100 potest
975 4020 1117 4101 agnosci.
1134 4020 1178 4084 De

430 4124 489 4185 bac
519 4119 671 4184 felicitate
704 4119 877 4198 loquuntur
905 4117 1097 4201 philosophi.
1127 4120 1179 4182 ait

431 4223 516 4286 enirn
532 4218 714 4282 Aristoteles
736 4217 860 4279 decimo
882 4216 1076 4296 Etbicorum,
1094 4218 1218 4299 quedl)
1443 4219 1687 4284 ARTICULUS
1710 4221 1770 4284 111.

432 4323 465 4385 in
488 4316 705 4404 speculatione
723 4315 836 4398 optimi
860 4315 1076 4396 speculabilis,
1093 4317 1180 4379 scili·

432 4428 482 4482 cet
503 4418 612 4500 prime
633 4432 826 4494 summaeque
850 4413 1001 4490 veritatis,
1018 4414 1179 4477 beatitudo
1234 4399 1395 4468 0²⁴0⁷²²0d0
1406 4400 1491 4458 neas
1505 4397 1615 4456 ⁰m⁷²f0
1632 4397 1667 4455 ²⁶²²
1683 4416 1715 4456 ⁸0
1729 4399 1797 4474 ‘'tlt‘’
1811 4403 1986 4477 θθθῃθδθῖῑ·

432 4516 586 4582 consistit.
603 4515 690 4576 Hanc
705 4530 830 4594 quoque
845 4511 1022 4574 naturalem
1044 4512 1179 4576 felicita-

431 4625 495 4680 tem
524 4613 654 4695 quidam
687 4610 848 4692 elegantes
879 4610 1057 4692 philosophi
1086 4611 1178 4674 valde
1304 4611 1693 4691 'linnotescatquomodo
1708 4611 1794 4676 beati
1814 4615 1989 4678 omniavi·

431 4713 692 4778 desideraverunt
705 4729 741 4772 ac
756 4709 862 4790 magni
878 4709 1064 4790 panderunt.
1073 4710 1180 4773 Refert
1317 4708 1393 4771 dent
1407 4707 1440 4769 in
1455 4707 1530 4785 Deo,
1542 4707 1714 4771 dicendum
1730 4709 1892 4793 paulisper
1904 4731 1988 4793 quo-

432 4831 569 4893 namque
593 4809 718 4872 decimo
741 4809 780 4872 de
805 4807 938 4870 Civitate
959 4808 1012 4870 Dei
1033 4809 1180 4890 Augusti·
1234 4808 1328 4871 modo
1344 4807 1427 4869 Deus
1441 4805 1620 4868 adorandus
1636 4816 1667 4869 et
1680 4807 1757 4870 felix
1772 4807 1879 4871 omnia
1893 4810 1926 4872 in
1948 4831 1986 4874 se

431 4931 503 4988 nus,
520 4909 677 4973 Plotinum
692 4906 888 4970 Platonicum
905 4905 1082 4988 scripsisse,
1095 4909 1179 4988 quod
1233 4907 1302 4990 ipso
1327 4903 1512 4986 conspiciat.
1535 4903 1586 4966 Nil
1611 4905 1729 4988 quippe
1753 4907 1853 4970 videri
1877 4917 1986 4991 potest

431 5007 658 5091 contemplatio
677 5005 731 5068 Dei
755 5013 847 5068 tanta
865 5003 1112 5085 pulchritudinis
1133 5006 1180 5067 vi·
1233 5013 1289 5068 aut
1308 5003 1410 5082 nosci,
1426 5002 1487 5064 nisi
1507 5021 1564 5083 per
1582 5003 1722 5084 aliquam
1741 5002 1812 5086 ejus
1834 5007 1987 5071 similitu-

431 5109 478 5172 sio
494 5115 553 5186 est,
570 5114 601 5168 et
616 5111 703 5167 tante
718 5121 825 5164 amore
839 5101 1038 5182 dignissima,
1054 5110 1090 5163 ut
1110 5103 1179 5166 sine
1233 5105 1340 5168 dinem
1355 5104 1388 5165 in
1404 5102 1531 5166 vidente
1547 5110 1579 5165 et
1593 5113 1787 5185 agnoscente
1805 5107 1986 5171 consisten-

431 5210 501 5288 hac,
516 5203 712 5288 quibuslibet
726 5200 795 5263 aliis
810 5199 901 5263 bonis
923 5200 1018 5263 bomo
1040 5200 1080 5262 sit
1100 5221 1179 5284 prae
1234 5212 1309 5266 tem.
1326 5204 1427 5278 Quum
1448 5201 1545 5283 igitur
1568 5202 1649 5264 Deus
1674 5202 1715 5264 sit
1739 5202 1898 5285 infinitus,
1913 5225 1985 5271 om-

430 5307 514 5370 ditus
530 5313 562 5368 et
575 5301 753 5376 abundans,
771 5298 1007 5361 infelicissimus
1023 5299 1074 5362 sit.
1234 5301 1345 5383 nisque
1361 5309 1506 5364 creatura
1519 5299 1622 5379 finita,
1639 5298 1773 5363 difficile
1788 5301 1869 5365 forte
1883 5323 1986 5388 appa-
