4309 6250
262 791 293 837 ne
306 788 382 834 meet.

248 859 314 912 myst.
332 865 352 897 c.
366 865 381 896 1.

292 4116 373 4161 lactet

640 503 680 549 ult
700 502 864 548 monitate
884 503 922 548 ΕΤ
941 503 1090 550 LAUDlBUS
1110 503 1138 547 B.
1164 504 1194 548 V.
1217 503 1334 558 HAlilAE,
1357 502 1445 548 cinna
1465 502 1488 548 1.
1511 521 1550 531 -
1571 503 1641 549 ΛΒΤ.
1664 504 1696 549 lv

395 671 611 755 cognitionem
639 675 821 737 ascenditur
845 673 949 755 primo
972 693 1030 756 per
1056 673 1142 738 viam
1157 674 1182 737 Α
1199 675 1313 736 creatis
1328 675 1519 738 conveniant
1533 675 1639 737 rebus.
1656 674 1708 738 Sic
1729 674 1891 756 virginum
1912 682 1944 738 et

396 770 575 853 positionis,
592 780 685 853 prout
705 773 833 835 divinus
849 773 1016 854 Dionysius
1037 773 1141 852 docet,

396 877 508 950 utputa
532 869 677 933 omnium
706 890 810 933 rerum
839 878 1015 933 creatarum
1040 870 1145 952 perfe-

396 969 518 1032 ctiones
542 968 605 1032 Deo
630 969 830 1033 attribuendo
855 977 1005 1050 tanquam
1031 969 1144 1033 fontali

395 1074 428 1130 et
442 1067 615 1148 exemplari
631 1068 851 1131 universorum
871 1067 1027 1150 principio
1042 1067 1145 1148 (quid-

395 1165 470 1247 quid
485 1165 571 1227 enim
586 1165 793 1246 perfectionis
809 1166 892 1228 inest
906 1165 1055 1246 causatis,
1072 1183 1145 1246 pro

394 1263 480 1326 cedit
499 1281 538 1325 ex
562 1263 677 1341 causis,
700 1271 732 1326 et
756 1264 802 1326 eis
827 1263 1046 1347 principaliter
1069 1281 1145 1327 con-

394 1360 516 1440 venit),
540 1359 587 1423 sic
611 1361 764 1443 quidquid
787 1361 1004 1442 perfectionis,
1028 1361 1145 1442 gratio

396 1457 508 1539 sitatis,
525 1458 736 1539 amabilitatiS,
753 1459 944 1538 dulcedinis,
966 1459 1092 1521 virtutis
1113 1467 1145 1521 et

395 1556 503 1638 glorie
519 1556 553 1619 in
573 1557 761 1619 mulieribus
783 1557 951 1637 reperitur,
969 1565 1070 1620 totum
1084 1557 1145 1619 lfa-

395 1653 451 1716 riae
475 1654 646 1717 convenire
672 1663 703 1716 et
726 1653 830 1717 inesse
855 1672 1055 1737 nequaquam
1080 1673 1145 1716 am-

396 1751 523 1833 bigitur,
540 1760 572 1814 et
592 1752 662 1834 ipsa
684 1753 716 1814 in
740 1753 864 1815 cunctis
888 1753 1058 1834 primatum
1080 1771 1146 1815 sor·

1197 771 1368 834 mulierum
1394 773 1604 854 perfectiones
1633 773 1841 834 attribuendae
1870 780 1945 836 sunt

1198 889 1329 933 summae
1350 871 1608 953 praeamabilique
1622 871 1724 933 llariae
1744 890 1817 934 cum
1842 871 1945 934 excel-

1198 966 1295 1030 lentia
1309 969 1433 1049 grandi,
1450 969 1574 1031 seclusa
1592 969 1680 1032 omni
1702 969 1944 1050 imperfectione

1198 1065 1362 1147 culpabili,
1394 1066 1458 1130 imo
1492 1075 1525 1130 et
1558 1075 1678 1130 remota
1712 1068 1944 1149 quodammodo

1198 1163 1395 1248 perfectione
1416 1165 1542 1228 minori.

1238 1263 1317 1324 Sunt
1338 1263 1486 1344 equidem
1504 1264 1648 1346 quaedam
1666 1264 1832 1346 utriusque
1853 1283 1945 1327 sexus

1197 1379 1341 1442 personae
1365 1360 1536 1423 virtutibus
1560 1362 1726 1439 decoratae,
1749 1381 1813 1424 non
1838 1369 1945 1424 nmen

1198 1460 1394 1522 tantumdem
1410 1467 1445 1520 ut
1458 1458 1571 1521 merito
1586 1466 1693 1522 essent
1709 1483 1716 1522 :
1731 1459 1774 1522 ita
1788 1461 1872 1542 quod
1887 1460 1946 1522 mi-

1199 1556 1322 1619 noratio
1357 1575 1414 1619 seu
1442 1555 1642 1638 imperfectio
1671 1556 1794 1620 virtutis
1823 1577 1943 1638 earum,

1200 1654 1354 1717 rationem
1379 1654 1481 1736 culpat
1499 1653 1622 1717 obtinet
1640 1654 1786 1717 venialis.
1802 1656 1867 1719 Hoc
1891 1675 1947 1718 au·

1199 1761 1264 1815 tem
1292 1753 1386 1833 longe
1414 1771 1432 1813 a
1460 1752 1722 1834 prestantissima
1749 1753 1812 1814 fuit
1838 1753 1944 1833 llaria,

395 1849 482 1928 titur,
509 1869 568 1912 nec
597 1851 704 1932 aliqua
734 1851 897 1913 invenitur
919 1850 948 1913 ei
977 1851 1109 1932 aequalis
1135 1849 1182 1912 :B
1201 1869 1271 1931 quaa
1289 1851 1322 1912 in
1342 1850 1478 1913 termino
1497 1850 1690 1913 excellentiae
1716 1851 1947 1914 virtuosissima

395 1947 461 2010 imo
477 1948 510 2010 in
525 1949 613 2012 omni
625 1949 740 2012 virtute
752 1949 939 2030 theologica,
949 1949 1147 2012 intellectua-

396 2044 420 2107 li
444 2053 537 2126 atque
562 2046 686 2123 morali,
704 2046 737 2107 in
762 2045 849 2109 omni
873 2047 969 2124 dono,
985 2046 1092 2108 fructu
1116 2055 1148 2108 et

397 2143 605 2221 beatitudine,
629 2144 895 2208 excellentissima
917 2143 986 2206 fuit.
1004 2145 1146 2226 Denique

397 2240 430 2302 in
446 2239 637 2321 quibusdam
652 2239 781 2303 feminis
801 2249 834 2304 et
847 2241 964 2322 puellis
984 2261 1147 2305 commen-

397 2338 490 2400 datur
518 2337 695 2419 virginitas.
725 2338 763 2401 Et
790 2339 857 2402 haec
892 2339 1145 2402 eminentissime

397 2435 459 2499 fuit
472 2436 507 2497 in
521 2436 690 2499 benedicta
710 2456 747 2499 ac
769 2437 855 2499 dulci
876 2437 983 2518 llaria,
1000 2456 1070 2518 quaa
1092 2456 1147 2499 an-

396 2535 606 2597 tonomastice
632 2535 728 2616 Virgo
752 2535 913 2617 virginum
942 2535 1143 2616 praedicatur.

397 2633 432 2694 ln
447 2631 635 2713 quibusdam
650 2630 777 2695 feminis
792 2633 938 2695 laudatur
953 2633 1143 2695 fecunditas.

397 2730 437 2793 Et
454 2731 521 2794 baec
543 2750 669 2813 quoque
691 2731 983 2814 incomparabiliter
1004 2732 1037 2793 in
1051 2732 1146 2794 Maria

397 2829 537 2911 gloriosa
570 2829 747 2910 praefulget,
778 2830 871 2910 cujus
904 2837 995 2910 partu
1024 2838 1146 2892 cunctae

397 2934 514 2989 matres
530 2946 603 2989 cum
623 2926 731 2990 sobole
751 2947 807 2990 sua
822 2927 986 2990 salvantur
1002 2951 1009 2990 :
1027 2929 1146 3010 quippe

1201 1949 1272 2026 fuit,
1303 1949 1421 2029 absque
1449 1948 1642 2011 admixtione
1674 1948 1771 2012 totius
1804 1950 1947 2013 mortalis

1201 2046 1401 2129 venialisque
1422 2046 1535 2128 culpae.

1242 2144 1446 2223 Praeterea,in
1461 2143 1624 2206 nonnullis
1639 2145 1756 2226 puellis
1771 2153 1803 2207 et
1816 2145 1947 2208 feminis

1203 2242 1365 2305 invenitur
1399 2241 1580 2323 virginitas,
1611 2243 1666 2304 sed
1703 2242 1877 2306 infecunda
1910 2264 1947 2306 ac

1203 2338 1336 2416 sterilis,
1349 2339 1383 2400 in
1398 2339 1469 2401 aliis
1485 2347 1585 2402 exstat
1600 2339 1791 2418 fecunditas,
1809 2342 1863 2404 sed
1880 2361 1948 2404 cor·

1201 2536 1235 2597 in
1270 2534 1459 2596 suavissima
1487 2534 1547 2597 bac
1575 2534 1670 2596 llaria
1697 2536 1859 2598 dumtaxat
1886 2536 1949 2599 fuit

1201 2632 1369 2714 virginalis
1384 2631 1563 2694 fecunditas
1577 2641 1671 2713 atque
1693 2632 1831 2696 fecunda
1852 2634 1949 2716 virgi-

1203 2731 1307 2809 nitas3
1337 2748 1440 2810 neque
1469 2730 1502 2791 id
1530 2737 1664 2808 tantum,
1694 2730 1758 2793 imo
1786 2731 1949 2814 incompa-

1203 2828 1302 2890 randa
1324 2827 1508 2900 fecunditas
1537 2847 1574 2890 ac
1596 2827 1779 2890 beatissima
1805 2830 1948 2910 quaedam

1204 2925 1399 3004 maternitas,
1425 2943 1552 2986 omnem
1581 2934 1758 2987 ceterarum
1785 2926 1951 3008 virginita-

398 3042 468 3105 quae
489 3024 614 3105 peperit
635 3023 726 3086 illum
749 3044 767 3086 a
791 3042 854 3105 quo
878 3025 981 3087 omnis
1004 3025 1184 3106 procedite
1204 3030 1268 3084 tem
1291 3041 1328 3084 ac
1351 3022 1580 3084 fecunditatem
1609 3022 1766 3085 ineffabili
1795 3025 1950 3106 dignitate

398 3121 578 3201 causalitas,
615 3122 719 3185 omnis
754 3122 916 3186 derivatur
954 3121 1145 3186 fecunditas.

399 3220 493 3283 Porro
508 3218 541 3281 in
556 3220 747 3301 quibusdam
761 3219 892 3282 feminis
907 3222 1149 3283 commendatur

398 3317 433 3379 in
452 3318 523 3400 ipso
542 3318 693 3399 conjugio
712 3326 897 3381 conservata
918 3318 1081 3399 virginalis
1101 3318 1150 3379 in-

399 3416 528 3497 tegritas
559 3439 566 3477 :
597 3416 682 3497 quod
715 3416 837 3478 eximiae
870 3424 918 3478 est
951 3416 1088 3496 virtutiS,
1118 3424 1149 3478 et

399 3514 609 3577 admiratione
634 3514 843 3595 praedignum.
869 3514 957 3589 Quod
981 3515 1091 3595 utique
1114 3514 1148 3575 in

399 3612 493 3674 liaria
517 3612 620 3693 primo
642 3629 680 3674 ac
702 3611 945 3693 praeclarissime
968 3619 1018 3674 est
1038 3612 1150 3673 inven-

400 3718 480 3789 tum,
507 3729 544 3773 ac
567 3710 638 3790 ejus
662 3710 808 3791 exemplo
832 3729 850 3771 a
874 3710 1064 3790 quibusdam
1087 3710 1151 3773 ele-

401 3807 551 3871 ctissimis
573 3806 742 3870 imitatum.
766 3806 910 3870 Ceterum
933 3808 965 3869 in
987 3807 1150 3870 nonnullis

402 3906 532 3969 feminis
561 3906 760 3969 collaudatur
788 3905 976 3969 castimonia
1000 3904 1149 3985 vidualis,

401 4023 471 4086 quae
486 4011 559 4085 post
572 4004 711 4085 primum
727 4002 923 4065 connubium
940 4002 1085 4065 caelibem
1105 4003 1152 4064 vi-

401 4108 466 4163 tam
491 4100 658 4179 duxerunt,
684 4107 719 4161 ut
747 4098 940 4161 venerabilis
969 4098 1088 4161 Judith.
1113 4099 1152 4160 Et

1203 3121 1475 3199 transcendentes,
1492 3129 1567 3183 sunt
1580 3140 1617 3182 ac
1633 3120 1823 3203 praefulgent
1844 3123 1877 3185 in
1899 3144 1947 3202 ea,

1203 3238 1273 3299 quae
1288 3219 1533 3301 comparentalis
1547 3227 1595 3281 est
1613 3220 1694 3281 Patri
1717 3229 1845 3300 aeterno,
1863 3242 1951 3285 cum-

1203 3317 1276 3378 dem
1301 3336 1374 3379 cum
1400 3317 1455 3379 illo
1481 3317 1594 3379 lilium
1618 3318 1739 3380 habens
1763 3342 1770 3381 :
1794 3320 1878 3400 quod
1903 3329 1951 3382 est

1204 3413 1342 3496 dignitas
1357 3415 1590 3495 quodammodo
1605 3414 1744 3478 infinita.
1761 3417 1879 3498 ltaque,
1890 3418 1951 3480 sic-

1204 3520 1241 3575 ut
1263 3512 1390 3575 Creator
1413 3512 1615 3594 omnipotens
1638 3533 1734 3575 causa
1761 3523 1809 3576 est
1835 3516 1951 3597 produ-

1205 3610 1290 3673 ctiva
1314 3610 1546 3688 universorum,
1567 3611 1614 3673 sic
1639 3611 1723 3674 bona
1745 3619 1777 3674 et
1801 3612 1952 3676 deificata

1205 3708 1300 3770 Maria
1324 3727 1420 3769 causa
1439 3716 1487 3770 est
1506 3708 1683 3789 reparativa
1704 3718 1903 3791 cunctorum,
1920 3719 1953 3773 et

1205 3806 1349 3868 omnium
1365 3813 1465 3867 mater
1479 3804 1637 3868 fidelium.
1652 3806 1736 3883 Ideo,
1750 3806 1832 3869 sicut
1847 3827 1953 3890 super-

1206 3903 1366 3966 essentiali
1390 3911 1422 3965 et
1450 3903 1764 3985 incomprehensibili
1790 3906 1853 3969 Deo
1881 3926 1953 3988 pro-

1206 4002 1299 4065 batur
1322 4001 1444 4065 ratione
1468 4020 1534 4064 suae
1557 4002 1752 4064 causalitatis
1781 4003 1952 4066 convenire

1206 4098 1311 4161 omnis
1335 4117 1441 4161 rerum
1468 4105 1645 4161 creatarum
1669 4099 1825 4181 perfectio
1851 4102 1953 4164 excel-

256 4193 299 4231 ¹'¹’
310 4184 344 4225 ²⁰·
402 4198 484 4261 hanc
499 4215 624 4280 quoquc
640 4198 806 4280 puritatem
821 4196 1052 4278 gloriosissima
1063 4196 1153 4258 femi·
1167 4205 1191 4266 Ι)
1207 4196 1384 4259 lentissimo
1399 4197 1504 4276 modo,
1514 4196 1561 4259 sic
1575 4196 1676 4260 llariae
1690 4198 1885 4279 dignissimae
1900 4200 1953 4262 de

402 4297 678 4375 narum,omnium
693 4296 791 4359 decus
806 4295 952 4385 etgloria
966 4295 1148 4373 mulierum,

402 4395 587 4460 dulcissima
601 4396 691 4478 virgo
701 4394 797 4456 llaria
813 4393 1072 4475 praeexcellenter
1083 4413 1152 4475 pos-

402 4494 484 4557 sedit
514 4516 522 4555 :
553 4493 673 4556 etenim
700 4492 804 4574 primo
834 4510 952 4574 sponso
985 4490 1148 4570 defuncto,

402 4590 798 4656 mmmmwm

441 4690 603 4769 Praeterea,
620 4690 696 4752 dum
718 4707 824 4751 rerum
844 4696 1021 4751 creatarum
1045 4688 1151 4770 perfe-

401 4789 523 4853 ctiones
552 4787 654 4871 primo
679 4785 895 4850 universitatis
919 4786 1037 4847 causali
1063 4786 1151 4847 attri-

400 4888 541 4950 buuntur
565 4886 736 4967 principio,
763 4904 821 4967 per
848 4884 977 4947 modum
1002 4902 1151 4964 superex-

400 4984 556 5050 cellentiae
582 4983 808 5047 adscribuntur
831 4982 947 5061 cidem,
965 4988 1077 5063 utpute
1102 5000 1150 5043 re-

399 5084 557 5147 movendo
581 5082 621 5144 ab
644 5080 691 5144 eis
714 5079 869 5162 quidquid
897 5078 1149 5160 imperfectionis

398 5184 445 5246 eis
461 5199 619 5244 annexum
634 5188 693 5259 est,
710 5179 774 5241 imo
790 5198 847 5260 per
867 5178 997 5240 modum
1020 5176 1148 5241 infinite

398 5290 430 5346 ct
463 5277 830 5363 incomprehensibiliter
868 5276 1012 5339 altiorem
1050 5295 1147 5358 quam

1206 4303 1398 4358 monstratur
1426 4294 1531 4357 inesse
1559 4295 1665 4357 omnis
1693 4295 1885 4359 feminarum
1915 4317 1951 4360 ac

1205 4391 1366 4473 virginum
1390 4392 1585 4470 virtuositaS,
1610 4392 1776 4474 perfectio,
1797 4395 1952 4477 sapientia

1205 4499 1238 4553 et
1255 4492 1416 4569 honestas,
1433 4509 1491 4572 per
1515 4491 1644 4553 modum
1670 4499 1734 4553 tam
1758 4492 1951 4556 eminentem

1205 4597 1241 4652 ut
1254 4589 1325 4669 ejus
1344 4589 1580 4671 comparatione
1602 4589 1732 4670 reliquas
1753 4590 1893 4671 virgines
1915 4611 1952 4653 ac

1205 4686 1343 4763 feminae,
1361 4686 1595 4768 quantumlibet
1609 4687 1767 4765 virtuosa,
1785 4697 1902 4752 sanctas
1922 4698 1953 4752 et

1205 4785 1365 4866 perfecta,
1374 4784 1569 4865 imperfectae
1583 4785 1769 4864 consistant,
1779 4795 1811 4849 et
1825 4806 1953 4850 occum-

1204 4883 1279 4945 bere
1298 4892 1392 4963 atque
1417 4882 1557 4946 deficere
1581 4883 1759 4964 videantur,
1776 4886 1951 4947 secundum

1203 4981 1288 5061 quod
1304 4989 1433 5043 sanctus
1447 4981 1528 5043 dixit
1540 4981 1854 5063 Hieronymus,quod
1869 4983 1953 5045 sicut

1204 5079 1441 5159 comparatione
1455 5078 1511 5141 Dei
1526 5097 1620 5141 nemo
1635 5078 1749 5157 bonus,
1766 5080 1813 5143 sic
1828 5100 1953 5162 compa-

1202 5177 1324 5240 ratione
1347 5178 1451 5239 llatris
1471 5177 1526 5240 Dei
1546 5177 1634 5239 nulla
1658 5177 1823 5241 invenitur
1846 5179 1951 5261 perfe-

1202 5283 1264 5355 cta,
1280 5276 1426 5357 quamvis
1447 5274 1564 5338 eximia
1584 5276 1819 5357 comprobetur.
