4309 6250
391 520 431 567 nn
453 520 616 571 oronnam
638 520 676 567 nr
696 518 844 567 mnnnns
866 520 894 565 n.
917 520 945 564 r.
970 520 1087 577 naara,
1110 518 1198 567 nram
1218 518 1262 565 ur.
1284 536 1325 549 -
1346 518 1416 566 aar.
1439 518 1502 565 m
1659 498 1718 563 tt?

164 708 203 753 eo
218 688 327 753 audito
341 689 480 773 fugiunt.
497 690 585 755 Sicut
598 691 683 755 enim
698 690 766 754 avis
786 710 857 773 quae
879 690 913 753 in
929 690 954 753 Α
971 708 1041 752 sum
1069 713 1076 751 ι
1100 707 1235 770 quarum
1260 688 1379 752 exstitit
1402 707 1476 765 una,
1500 687 1585 768 quod
1610 685 1718 749 audito

165 788 305 869 praedam
325 788 396 851 fixit
415 808 537 870 ungues
562 807 636 852 suos
661 796 693 851 et
716 796 865 866 rostrum,
886 788 914 851 si
969 788 1030 851 hoc
1045 788 1187 867 nomine,
1199 788 1301 865 iesus,
1312 796 1367 850 aut
1381 786 1511 849 nomine
1525 785 1598 865 isto,
1610 784 1716 862 diaria,

164 884 299 948 audierit
314 904 439 966 sonum,
461 886 613 968 relinquit
629 886 777 968 predam,
794 894 826 948 ct
840 887 914 949 dum
970 903 1034 948 non
1050 885 1216 948 inelinavit
1232 892 1415 948 reverenter
1429 903 1501 946 cum
1521 883 1636 966 capite.
1652 883 1719 956 Quo

165 983 245 1045 nihil
281 984 388 1066 operis
423 984 511 1067 sequi
546 986 644 1063 videt,
674 985 843 1047 revortitur
875 986 915 1047 ad
971 992 1095 1048 constat
1117 985 1202 1065 quod
1228 1001 1424 1065 unaqueque
1452 1000 1588 1062 persone
1612 979 1720 1043 fidelis

165 1081 383 1159 eamdem3sic
398 1083 557 1146 deamones
572 1082 677 1145 audito
691 1082 819 1146 nomine
832 1102 915 1161 meo,
969 1082 1085 1144 debeat
1105 1081 1211 1144 taliter
1234 1080 1389 1143 inclinare
1413 1097 1512 1160 quum
1538 1076 1626 1141 audit
1652 1077 1721 1140 haec

166 1178 274 1240 statim
296 1179 481 1260 relinquunt
505 1180 645 1243 animam
671 1188 820 1262 tanquam
847 1199 917 1261 per-
971 1179 1112 1258 nomina‚
1129 1179 1230 1257 Jesus,
1246 1178 1351 1242 Maria.

166 1275 281 1355 territi,
299 1277 353 1339 sed
378 1296 486 1341 mrsus
506 1286 708 1341 revertuntur
721 1286 753 1341 et
766 1278 916 1341 advolant
1011 1276 1085 1339 Scio
1100 1276 1176 1339 item
1191 1294 1249 1358 per
1259 1276 1486 1357 experientiam
1497 1272 1720 1354 certem‚quod

166 1374 206 1436 ad
236 1394 307 1437 eam
340 1375 428 1439 velut
460 1375 664 1439 velocissima
697 1376 821 1457 sagitta,
852 1376 915 1437 nisi
971 1376 1009 1437 ad
1034 1374 1255 1457 repellendum
1277 1382 1414 1437 terrores
1434 1373 1501 1454 qui,
1517 1370 1722 1435 machinante

167 1473 351 1536 emendatio
366 1474 588 1554 subsequatur.
605 1473 716 1537 Nullus
731 1474 860 1537 demum
882 1474 916 1536 in
971 1472 1110 1551 diabolo,
1137 1472 1297 1535 interdum
1323 1472 1513 1552 contingunt
1537 1470 1570 1533 in
1595 1486 1720 1549 somno,

168 1570 233 1633 vita
248 1571 309 1634 hac
324 1580 373 1633 est
387 1579 450 1634 tam
466 1570 602 1653 frigidus
618 1571 657 1635 ab
671 1590 778 1635 amore
793 1572 914 1649 divino,
972 1570 1036 1634 imo
1051 1577 1084 1633 et
1097 1570 1237 1633 excitant
1251 1570 1474 1648 dormientem,
1487 1567 1652 1650 potissime
1668 1586 1722 1629 va-

166 1669 245 1749 quin
276 1668 302 1730 si
336 1668 534 1732 invocaverit
561 1688 677 1733 nomen
707 1688 812 1731 meum
843 1689 915 1733 cum
973 1669 1034 1732 leat
1055 1676 1091 1732 ut
1108 1668 1349 1750 expergefactus
1369 1688 1442 1730 mox
1460 1667 1546 1729 dicat
1559 1686 1597 1729 ex
1611 1666 1718 1743 corde,

168 1766 294 1847 integro
308 1766 470 1849 pmposito
485 1767 673 1849 poenitendi,
687 1767 792 1830 statim
808 1768 918 1831 diabo
972 1768 1048 1845 Ave,
1073 1766 1180 1845 Maria,
1200 1766 1302 1847 gratia
1326 1766 1432 1848 piena,
1453 1773 1528 1843 ete,
1555 1783 1655 1846 usque
1679 1764 1718 1827 ad

167 1863 217 1926 ius
242 1864 283 1926 ab
308 1864 378 1946 ipso
404 1866 539 1928 recedat.
566 1864 629 1927 Nec
658 1864 773 1945 aliquis
798 1874 846 1930 est
874 1862 954 1928 itaB
973 1864 1084 1943 finem,
1110 1874 1142 1927 et
1164 1865 1278 1947 sepius
1306 1874 1426 1948 repetat
1455 1888 1463 1926 ε
1493 1864 1644 1945 quoniam
1672 1862 1719 1925 sic

166 1962 338 2025 damnatus
353 1962 385 2023 in
401 1962 539 2043 interno,
555 1982 615 2026 nec
630 1972 694 2026 tarn
709 1963 848 2045 graviter
862 1983 918 2047 pu·
973 1962 1102 2045 iugatur
1124 1963 1282 2043 diabolus,
1307 1962 1492 2045 acceditque
1520 1962 1663 2043 angelus,
1689 1969 1721 2023 et

168 2061 256 2123 nitus
276 2060 309 2122 in
330 2062 521 2145 purgatorio,
536 2062 616 2142 quin
637 2070 766 2145 pmpter
784 2081 834 2124 mc
860 2062 919 2125 mi·
974 2060 1448 2144 Dominusutmgatur.Etnoc
1464 2061 1569 2143 ipsum
1585 2058 1720 2123 inomni

168 2177 228 2222 nor
250 2158 291 2221 sit
312 2178 407 2242 poena
428 2160 540 2243 ipsius.
973 2160 1148 2223 tentatione
1163 2161 1207 2223 ita
1220 2161 1379 2242 agendum
1394 2168 1493 2237 est‚et
1507 2160 1551 2222 ita
1564 2178 1598 2222 se
1613 2159 1719 2222 habet.

208 2257 382 2336 Postremo,
400 2257 433 2319 in
449 2258 646 2341 apparitione
661 2259 827 2341 cujusdam
844 2258 918 2323 boni
972 2257 1053 2321 flinc
1079 2258 1235 2322 Honorius
1258 2259 1478 2321 anachoreta:
1501 2258 1566 2322 Hoc
1591 2256 1722 2337 (inquit)

168 2352 369 2433 deiunoti,in
383 2356 565 2439 purgatorio
579 2356 635 2419 diu
650 2363 744 2438 atque
758 2356 919 2419 dirissime
973 2374 1104 2434 nomen,
1120 2355 1226 2435 Maria,
1240 2358 1370 2438 pienum
1384 2364 1434 2419 est
1446 2356 1534 2419 omni
1550 2354 1722 2417 dulcedine

168 2452 318 2531 cruciati,
334 2454 525 2517 describitur
545 2454 629 2536 qnod
656 2454 724 2537 ipse
748 2452 919 2518 defunctus
973 2474 1010 2517 ac
1027 2454 1180 2518 suavitate
1195 2455 1313 2533 divina,
1325 2456 1458 2537 dignum
1473 2463 1590 2517 aeterna
1604 2472 1722 2516 memo-

169 2550 240 2613 viro
255 2550 346 2613 iideli
362 2552 413 2614 cui
429 2552 484 2615 diu
499 2572 535 2616 ac
555 2552 740 2634 frequenter
759 2553 918 2637 apparuit,
975 2552 1032 2632 ria,
1048 2553 1192 2616 omnium
1207 2571 1263 2616 orc
1277 2553 1373 2616 simui
1392 2562 1425 2616 et
1445 2554 1539 2618 corde
1561 2552 1723 2615 celebran-

168 2648 249 2711 dixit
271 2668 306 2712 se
330 2649 372 2712 ob
396 2650 518 2732 aliquas
543 2650 653 2731 culpas
677 2650 710 2714 in
740 2650 920 2735 purgatorio
973 2650 1284 2731 dum,invocandum
1298 2651 1583 2733 etgloriosum.dd
1598 2650 1723 2714 laudem

168 2746 238 2809 dire
260 2747 421 2830 punitum,
437 2750 476 2811 de
491 2748 606 2831 quibus
621 2748 681 2811 sibi
697 2750 731 2811 in
746 2748 921 2813 confessio-
974 2758 1006 2811 et
1034 2749 1168 2830 gloriam
1196 2750 1437 2832 omnipotentis,
1463 2749 1518 2832 qui
1551 2758 1599 2811 cst
1626 2768 1723 2830 super

169 2845 266 2908 nibus
288 2846 356 2909 suis
371 2866 435 2910 non
452 2846 571 2911 iecerat
585 2847 788 2911 conscientie
803 2866 921 2911 remor·
974 2846 1084 2911 omnia
1100 2849 1183 2911 Deus
1198 2848 1343 2911 sublimis
1357 2856 1390 2911 et
1403 2848 1719 2911 benedictusdmcn.
