4309 6250
445 477 505 544 280
783 497 902 546 comas
922 497 1092 545 rsnrmrau
1110 497 1283 555 uanoxerr,
1305 497 1393 545 ιιιιιι
1413 498 1446 545 ιι.
1470 516 1509 528 -
1529 498 1600 546 aar.
1622 499 1654 546 vr

447 668 599 751 quoniam
626 677 734 733 ιιιιιοιι
757 670 824 734 hacc
848 668 918 753 ipsa
941 689 980 733 ex
1007 668 1233 751 armgantiaeh
1250 687 1373 733 morum
1389 689 1425 733 ac
1441 669 1524 733 liber
1538 669 1620 734 beati
1641 670 1709 751 lob,
1726 671 1760 733 in
1776 669 1887 753 quibus
1906 669 1984 732 Deus

449 767 565 849 spiritu
588 767 817 850 pronuntiavit,
834 766 940 832 verbis
964 767 1062 830 fatuis
1088 768 1196 830 nteha-
1247 767 1286 830 de
1308 768 1373 830 suis
1395 767 1580 849 effectibus,
1597 778 1661 832 tam
1682 769 1877 832 naturalibus
1894 786 1985 849 quam

310 873 352 917 10⁶
361 886 434 925 ιιιιιι.
447 871 510 946 tur,
540 865 622 930 llcce
653 866 828 948 (inquiens)
855 865 966 948 aperui
1001 884 1037 929 os
1072 884 1193 944 meum,
1247 865 1555 947 supernaturalibus,
1592 859 1882 950 incomparabiliter
1921 865 1986 948 pul·

300 937 321 979 ²¹
447 961 595 1044 loquatur
609 963 719 1047 lingua
733 983 804 1028 mea
822 964 856 1027 in
876 963 1025 1028 faucibus
1045 964 1147 1041 meis;
1163 973 1196 1026 et
1248 964 1357 1026 chrius
1390 964 1626 1047 perfectiusque
1658 966 1808 1029 laudatur
1837 985 1927 1046 quam
1955 963 1985 1026 iu

447 1061 547 1124 multa
561 1063 688 1143 similia,
704 1070 740 1126 ut
760 1062 793 1124 in
808 1062 942 1126 diversis
958 1063 1105 1146 capitulis
1120 1062 1194 1125 libri
1247 1061 1403 1125 Alcorano
1418 1085 1425 1124 ι
1442 1063 1475 1124 in
1495 1062 1612 1143 quibus
1632 1063 1729 1126 etiam
1754 1062 1842 1125 libris
1862 1062 1915 1125 llei
1936 1079 1986 1124 na·

446 1158 530 1223 beati
553 1160 611 1224 Job
634 1162 824 1224 continetur.
849 1162 980 1243 Propter
1002 1161 1087 1242 quod
1112 1160 1194 1223 Deus
1247 1169 1328 1240 tura,
1346 1160 1512 1241 sapientia,
1529 1160 1984 1244 providentia,omnipotcntia,

353 1266 412 1310 [Μ
445 1256 526 1320 dixit
543 1258 583 1321 de
604 1277 642 1323 eo
659 1258 757 1332 :Quis
776 1267 825 1322 est
846 1260 906 1321 iste
928 1260 1097 1322 involvens
1123 1276 1195 1320 seu·
1249 1259 1458 1338 immensitas,
1482 1259 1656 1338 beatitudo,
1680 1259 1876 1336 excellentia,
1898 1259 1986 1321 mise

305 1341 393 1380 ¹¹¹'¹¹¹'
412 1332 432 1374 ²'
446 1356 560 1419 teutias
575 1358 775 1421 sermonibus
790 1357 966 1440 imperitisl
980 1355 1193 1420 conformiter
1249 1357 1396 1435 ricerdis,
1423 1357 1589 1440 perfectio,
1613 1356 1824 1422 ineffabiliter
1848 1356 1985 1420 devotius

447 1455 580 1537 contigit
601 1454 801 1519 hfahometo:
822 1455 877 1537 qui
904 1464 1009 1518 tamen
1035 1474 1193 1537 perpauca
1249 1465 1343 1538 atque
1372 1457 1541 1520 sublimius
1565 1457 1801 1535 describuntur,
1828 1456 1987 1520 laudantur
2110 1447 2111 1522 Ϊ

447 1571 523 1616 vera
542 1553 742 1635 conscripsit,
757 1572 817 1616 uec
837 1553 893 1616 illa
913 1553 1042 1617 fuerunt
1063 1552 1193 1615 subtilia
1250 1565 1281 1618 et
1295 1556 1499 1634 extolluntur,
1516 1575 1611 1637 quam
1626 1557 1659 1619 in
1681 1555 1849 1619 Alcorano.
1865 1555 1901 1616 Et
1914 1553 1984 1634 quid
2110 1541 2111 1636 J

446 1658 501 1713 aut
514 1650 683 1733 profunda.
1249 1654 1321 1718 dico
1335 1655 1374 1717 de
1399 1653 1489 1717 libris
1514 1654 1684 1737 Scriptura
1706 1653 1878 1731 canonica,
1893 1671 1985 1733 quum
2110 1639 2111 1734 l

486 1749 657 1830 Postremo,
674 1757 775 1813 totum
790 1752 982 1814 Alcoranum
1002 1757 1109 1813 mente
1123 1769 1194 1831 per·
1249 1752 1388 1816 homiliae
1412 1761 1444 1815 et
1472 1771 1634 1816 sermones
1659 1759 1841 1816 sanctorum
1869 1759 1986 1832 patrum
2110 1767 2111 1796 t

445 1866 588 1926 currens,
605 1848 730 1911 videtur
744 1848 823 1910 mihi
839 1869 909 1912 esse
924 1850 1037 1913 modus
1052 1849 1104 1911 hic
1121 1866 1193 1930 pro·
1210 1847 1233 1909 B
1250 1851 1428 1932 Augustini,
1454 1851 1615 1929 Bemardi,
1642 1851 1841 1933 aliorumque
1865 1847 1988 1913 catholi-

445 1946 592 2010 cedendi.
617 1946 830 2030 Exprimendo
854 1948 954 2010 Deum
982 1947 1083 2009 utitur
1110 1965 1193 2027 saepe
1249 1968 1360 2012 corum
1379 1949 1561 2029 Doctorum,
1579 1949 1612 2012 in
1637 1957 1759 2012 tantum
1784 1949 1935 2012 excedant
1954 1966 1986 2009 ac
2110 1941 2111 2028 l

444 2043 613 2126 adiectivis
627 2044 911 2127 perfectionalihus
931 2046 970 2107 ad
990 2043 1046 2107 Dei
1066 2044 1192 2107 laudem
1249 2055 1400 2130 superent
1429 2048 1685 2111 AlcoranumlO
1708 2067 1804 2130 quam
1833 2047 1988 2127 incompa-
2110 2029 2111 2070 ³

443 2162 482 2205 ac
508 2143 705 2223 majestatem
729 2144 957 2224 spectantibus,
973 2153 1008 2206 ut
1027 2143 1119 2225 quasi
1145 2163 1191 2206 re·
1248 2145 1391 2209 rabiliter
1420 2145 1561 2225 fidelius,
1591 2145 1793 2229 profundius,
1819 2144 1987 2227 elegantius

443 2240 660 2304 verentialiter
674 2241 820 2304 videatur
834 2242 921 2323 loqui
937 2241 977 2304 de
992 2242 1056 2305 fleo
1073 2266 1080 2305 :
1097 2259 1191 2322 quem
1250 2243 1379 2324 scripsit
1402 2251 1530 2306 sanctus
1554 2251 1586 2306 et
1608 2243 1738 2307 divinus
1762 2243 1929 2324 Dionysius
1951 2242 1987 2303 dc
2110 2263 2111 2326 t

442 2339 573 2404 modum
588 2338 738 2419 loquendi
754 2347 819 2401 tam
832 2339 1081 2403 Christianorum
1096 2357 1191 2420 quam
1249 2342 1312 2404 Deo
1336 2350 1368 2405 et
1391 2341 1551 2404 attributis
1574 2361 1611 2404 ac
1637 2342 1883 2425 proprietatibus
1909 2341 1986 2421 ojus,
2110 2327 2111 2360 ¹

444 2437 622 2500 Judaeorum
637 2437 783 2499 nonnulli
803 2437 922 2499 habent
940 2439 1097 2502 doctores.
1115 2437 1192 2499 ltem
1248 2439 1288 2501 de
1303 2439 1542 2522 omnipotentia
1557 2459 1621 2502 suae
1640 2439 1825 2519 effectibus,
1840 2441 1878 2502 de
1898 2437 1987 2502 rebus

443 2537 628 2617 frequenter
642 2537 841 2599 commendat
853 2536 953 2598 licum
968 2536 1008 2598 ab
1022 2534 1192 2599 effectibus
1248 2546 1279 2600 et
1302 2538 1414 2601 ordine
1434 2537 1587 2617 universi,
1603 2539 1643 2601 de
1662 2538 1809 2619 angelica
1828 2546 1921 2619 atquc
1941 2555 1988 2599 ec-

443 2653 509 2697 sua
522 2633 798 2697 misericordiane
814 2634 1022 2715 providentia
1036 2633 1122 2697 circa
1136 2635 1192 2698 ho-
1248 2635 1426 2698 clesiestica
1445 2635 1636 2714 hierarchia,
1648 2636 1688 2698 de
1703 2635 1918 2717 angelicorum
1933 2635 1988 2716 spi-

443 2732 558 2795 mines.
579 2730 735 2795 hfultoties
758 2751 885 2813 quoque
909 2732 1009 2795 Deum
1033 2733 1193 2797 collaudat
1247 2732 1366 2794 rituum
1394 2733 1545 2810 essentia,
1575 2732 1793 2815 simplicitate,
1823 2732 1984 2814 sapientia,

443 2829 677 2894 auctoralibus
697 2829 764 2893 suis
785 2829 957 2893 effectibus
980 2850 1017 2894 ac
1038 2832 1192 2912 generali·
1247 2828 1456 2913 perfectione,
1490 2830 1737 2910 immortalitate,
1772 2830 1927 2894 felicitate
1960 2837 1989 2892 et

443 2929 504 2991 bus
530 2926 710 3005 beneficiis,
741 2936 773 2990 ct
799 2947 818 2990 a
847 2928 1002 3009 regimine
1035 2928 1189 2992 universi.
1248 2927 1359 3010 gloria,
1386 2947 1480 3009 quam
1505 2929 1545 2991 de
1569 2928 1620 2990 his
1645 2929 1678 2991 iu
1703 2928 1859 2992 Alcorano
1883 2928 1988 2992 autin

442 3027 520 3091 Item
549 3025 641 3110 ponit
668 3027 813 3108 quaedam
842 3027 974 3090 moralia
1000 3028 1191 3091 documenta
1206 3033 1228 3095 C
1248 3025 1356 3107 aliqua
1369 3027 1481 3090 hlahon
1497 3026 1655 3109 scriptura
1670 3026 1813 3108 legaturt

443 3145 514 3209 quat
528 3126 705 3188 naturalem
720 3144 921 3207 nequaquam
937 3126 1091 3189 rationem
1107 3136 1192 3189 tran·
1286 3126 1419 3203 Interea,
1436 3145 1547 3208 parum
1570 3124 1704 3189 attendit
1722 3135 1755 3189 ct
1774 3126 1865 3189 novit
1883 3126 1989 3189 ldahon

443 3223 622 3300 scendunt3
637 3231 670 3285 et
688 3223 765 3285 facit
786 3224 902 3285 multas
927 3224 1191 3288 comminationes
1247 3232 1365 3305 quanta
1384 3224 1426 3285 sit
1444 3224 1623 3287 daemonum
1644 3224 1798 3287 naturalis
1821 3224 1987 3301 subtilitas,

443 3321 630 3402 incredulis,
646 3322 784 3384 maxime
804 3322 852 3383 his
872 3322 926 3404 qui
945 3322 1101 3386 Alcorano
1126 3342 1190 3387 non
1246 3330 1364 3404 quanta
1385 3321 1530 3399 scientia,
1546 3330 1665 3405 quanta
1687 3322 1883 3404 experientia
1902 3332 1990 3407 atque

443 3421 589 3485 credunt.
606 3419 761 3502 Amplius,
778 3419 894 3482 multas
919 3419 1018 3483 refert
1042 3420 1191 3484 historias
1247 3420 1414 3499 industrie,
1431 3428 1463 3483 et
1483 3439 1576 3501 quam
1600 3419 1696 3482 facile
1716 3420 1763 3483 eis
1785 3428 1867 3483 esset
1889 3421 1989 3484 facere

442 3519 518 3582 novi
546 3537 584 3581 ιο
613 3518 731 3582 veteris
765 3517 970 3596 Testamenti,
999 3518 1114 3600 quibus
1143 3523 1191 3600 (ut
1247 3537 1373 3580 azoeras
1402 3518 1469 3581 sive
1498 3519 1638 3599 capitula
1671 3518 1770 3581 multa
1799 3520 1988 3601 elegantiora

441 3617 527 3680 infra
550 3616 750 3700 probabitur)
771 3616 876 3678 varias
902 3616 1017 3679 miscet
1039 3619 1192 3681 narratio·
1246 3635 1342 3697 quam
1379 3616 1411 3678 in
1447 3616 1602 3680 Alcorano
1638 3617 1805 3680 habentur.
1835 3616 1989 3681 Naturaha

442 3734 500 3779 nes
514 3715 683 3779 mendosas
703 3733 741 3777 ac
760 3713 932 3777 fabulosas.
948 3714 1024 3778 Item
1046 3715 1079 3776 in
1101 3716 1193 3779 Alco-
1246 3714 1364 3795 quippe
1388 3714 1421 3776 in
1443 3714 1640 3777 demonibus
1665 3706 1789 3797 integra
1813 3734 1990 3797 permanse

443 3832 521 3876 rano
534 3814 646 3876 eadem
661 3812 753 3875 valde
768 3811 944 3893 superflue,
954 3812 1082 3875 taediose
1097 3822 1191 3895 atque
1248 3819 1331 3889 runt,
1362 3820 1489 3893 tamque
1522 3831 1560 3875 ex
1587 3813 1724 3875 naturali
1758 3821 1791 3877 et
1819 3813 1922 3877 indita
1948 3814 1988 3877 eis

442 3910 616 3993 sepissime
636 3917 843 3991 repetuntur3
859 3909 1006 3991 fiuntque
1030 3910 1075 3973 ibi
1101 3913 1191 3992 quasi
1247 3910 1377 3973 scientia
1391 3930 1487 3993 quam
1502 3930 1540 3973 ex
1555 3912 1650 3994 longa
1671 3911 1878 3993 experientia,
1895 3911 1988 3975 multa

443 4007 693 4072 innumerabiles
721 4007 955 4071 exhortationes
980 4008 1019 4070 ad
1049 4010 1192 4090 praedan-
1246 4008 1338 4071 valde
1354 4017 1522 4072 noverunt.

441 4105 529 4184 dum,
551 4104 591 4167 ad
612 4103 830 4187 pugnandum,
847 4103 886 4166 ad
912 4103 1144 4182 occidendum
1161 4112 1193 4165 et

441 4205 491 4284 (ut
505 4202 549 4267 ait
563 4203 675 4265 doctor
687 4200 741 4263 ille
756 4201 908 4283 prefatus
923 4201 957 4264 in
972 4221 1030 4264 sua
1044 4202 1190 4284 epistola)
1206 4204 1230 4266 D
1463 4254 1704 4320 ,RTICULUS
1723 4256 1769 4318 VI

442 4301 550 4365 nullus
565 4301 739 4387 humanum
762 4318 863 4381 genus
883 4300 927 4362 ita
945 4299 1107 4381 prostituit
1127 4308 1191 4362 tur-
1457 4302 1468 4317 *
1774 4304 1781 4319 '

442 4399 581 4483 pitudini
601 4408 696 4480 atque
717 4397 843 4461 libidini
866 4398 949 4460 sicut
973 4397 1190 4461 immundissi·
1245 4394 1433 4468 Disputatio
1465 4402 1578 4453 contra
1612 4395 1987 4465 irrationabitissimum,

441 4518 514 4563 mus
541 4498 734 4561 hfahometus
762 4520 769 4558 ι
798 4496 884 4577 qnod
911 4495 995 4559 infra
1022 4496 1123 4577 magis
1152 4516 1190 4559 ex
1285 4483 1501 4543 '‘ud‘'ssl'mum
1512 4484 1833 4563 Pet’fidl‘fifmumw
1846 4506 1988 4548 mmm

441 4597 597 4660 Memno
611 4595 807 4676 probabitur·
1282 4572 1474 4641 Matomett
1490 4574 1550 4650 qui
1568 4572 1728 4648 inprime
1741 4576 1887 4649 capitu-lo
1902 4579 1989 4636 alfis-

481 4694 589 4776 Legite
622 4692 804 4774 diligenter,
834 4711 854 4756 o
882 4692 1059 4771 Sarraceni,
1090 4693 1188 4757 libros
1283 4678 1345 4762 Ψ
1362 4662 1506 4763 dmm?
1524 4663 1687 4763 f4l⁶⁰r⁶mi
1704 4665 1835 4766 ³³⁰&ss
1855 4666 1987 4768 beatita-

1283 4750 1394 4807 dtnem
1410 4750 1552 4808 homenes
1567 4758 1639 4825 post
1655 4750 1739 4809 hanc
1758 4761 1861 4812 catam
1875 4764 1988 4813 constr-

1284 4838 1348 4895 tut't
1360 4839 1393 4896 fn
1405 4838 1595 4897 carnatibus
1604 4840 1873 4901 delectationibus
1880 4853 1989 4919 custus

1282 4934 1311 4983 et
1329 4934 1444 4986 tactus.

440 4792 517 4857 novi
538 4811 575 4854 ac
600 4790 715 4853 veteris
737 4789 942 4868 Testamenti,
958 4799 991 4853 et
1011 4790 1188 4854 certissime

439 4888 640 4973 cognoscetis
665 4895 819 4969 quantum
842 4888 1033 4951 Alcoranum
1057 4889 1188 4951 excedat

438 5008 503 5052 nou
519 4986 622 5051 solum
637 4984 810 5066 cujuslibet
823 4993 959 5066 quatuor
971 4984 1189 5066 Evangelista-

440 5106 510 5149 mm
535 5086 697 5161 volumen,
713 5081 862 5164 Epistola
886 5082 982 5145 etiam
1001 5082 1086 5145 Pauli
1113 5101 1188 5165 apo·
1306 5084 1395 5147 thfO
1413 5085 1562 5147 Alcorani
1582 5084 1719 5167 capitulo
1734 5086 1853 5151 dieimr
1865 5114 1872 5150 :
1886 5094 1986 5153 Deum

440 5184 513 5249 stoli
545 5191 578 5246 et
609 5181 745 5244 aliorum
777 5180 1011 5263 Apostolorum,
1040 5180 1186 5262 liberque
1314 5185 1495 5259 predic-ate
1524 5185 1619 5243 bonos
1644 5187 1802 5260 paradiso
1836 5188 1986 5251 inductu-

439 5285 574 5349 Actuum
602 5278 837 5362 Apostolorum,
863 5279 918 5341 sed
942 5286 975 5341 et
997 5279 1079 5343 liber
1102 5279 1186 5343 Psal·
1241 5301 1329 5351 rum,
1358 5282 1416 5341 ubi
1449 5283 1657 5343 dulcissimas
1688 5302 1802 5362 aquas,
1828 5304 1986 5368 pomaque
