4309 6250
505 499 626 546 conm
646 499 814 548 rmnnmu
833 498 1007 558 ιιιιιοιιιιιι,
1027 501 1118 548 uranu
1139 503 1170 548 ιι.
1193 521 1233 532 -
1254 503 1324 549 ιιι.
1348 503 1378 550 ιι
1658 485 1718 552 277

167 669 364 735 orationibus
378 689 416 733 ac
429 669 642 753 eleemosynis
661 689 732 734 esse
753 671 913 750 intentos,
932 671 1037 734 hesse
1049 678 1255 750 temeratum,
1270 678 1325 735 dic
1339 685 1376 736 ιιι
1390 681 1504 738 saltem
1525 697 1627 738 unam
1648 697 1721 738 azo-

168 769 223 831 sed
243 768 406 832 orationes
429 776 462 831 et
483 769 694 852 eleemosyna
716 769 778 832 illm
798 789 917 852 nequa·
971 792 1066 833 aram
1082 771 1128 852 (id
1142 780 1191 835 est
1205 791 1304 836 unum
1319 773 1507 856 capitulum)
1522 777 1643 836 tarum
1657 777 1720 836 ati·

167 884 264 950 quam
290 885 329 928 ex
356 866 441 928 veris
467 866 615 929 oriuntur
642 867 825 946 virtutibus,
855 887 914 930 nec
970 872 1067 948 cajus
1080 873 1233 943 similem,
1248 875 1391 953 quotibet
1405 876 1559 952 adjutare
1573 876 1643 934 nisi
1655 878 1721 937 Deo

169 973 244 1030 sunt
264 963 436 1028 meritoria)
455 966 540 1046 apud
561 965 674 1028 ileum
971 972 1036 1028 sote
1056 971 1199 1046 suffulti,
1214 971 1375 1046 efficiant,
1394 981 1431 1032 ιιι
1451 973 1497 1032 sic
1515 992 1559 1032 an
1582 973 1723 1032 veridici

206 1063 361 1126 Praeterea
374 1062 407 1125 in
423 1063 554 1146 prologo
568 1063 662 1146 primi
681 1063 812 1145 capituli
826 1064 917 1128 Alco
971 1068 1038 1126 sint
1053 1077 1218 1143 appareat.
1236 1067 1330 1142 Quasi
1345 1069 1431 1132 dicat
1447 1094 1454 1132 :
1472 1070 1571 1133 Tanta
1585 1077 1633 1134 est
1647 1070 1721 1134 emi·

168 1163 237 1226 rani
256 1161 376 1225 dicitur
395 1185 403 1224 ι
419 1165 507 1224 Deus
526 1166 609 1223 satas
626 1165 671 1223 aa
689 1183 723 1223 aa
741 1165 915 1233 benevolas,
971 1163 1080 1226 nentia
1094 1163 1253 1242 alcorani,
1271 1169 1306 1228 nt
1319 1165 1466 1230 homines
1485 1166 1721 1249 quantumlibet

168 1281 374 1341 nequaquam
387 1261 491 1320 testes
504 1269 536 1320 et
548 1280 713 1331 erroneos,
728 1263 884 1322 adduxit.
972 1260 1063 1324 multi
1080 1281 1116 1324 ac
1132 1263 1303 1342 sapientes,
1320 1282 1383 1327 non
1400 1265 1524 1348 possint
1537 1283 1637 1328 unum
1657 1263 1720 1328 tale

207 1359 293 1421 lstnd
308 1357 434 1420 videtur
450 1358 582 1422 omnino
603 1358 749 1439 imperite
770 1377 808 1422 ac
829 1358 916 1422 iatue
972 1358 1145 1441 compilare
1161 1359 1346 1442 capitulum,
1356 1361 1462 1442 qualia
1476 1371 1600 1425 exstant
1613 1361 1720 1426 omnia

167 1459 299 1522 dictum.
316 1456 427 1522 Nonne
445 1465 478 1520 et
498 1458 567 1541 ipse
589 1457 745 1523 Mahomet
762 1458 916 1538 quamdin
971 1457 1117 1521 Alcorani
1132 1458 1282 1540 capitula,
1298 1459 1393 1522 etiam
1415 1479 1433 1522 a
1454 1479 1655 1543 quocumque
1670 1459 1719 1541 jn-

167 1556 336 1620 idololatra
350 1557 424 1636 tuit,
439 1556 541 1619 hostis
556 1557 622 1619 veri
642 1557 697 1620 ltei
716 1565 810 1638 atquo
830 1575 917 1620 erro-
971 1565 1096 1634 ventur,
1114 1556 1182 1620 solo
1203 1557 1266 1620 Deo
1287 1566 1429 1640 excepto.
1447 1558 1503 1621 Ubi
1526 1559 1652 1622 videtur
1672 1559 1721 1621 in·
1795 1609 1799 1617 .

167 1675 247 1718 nens
262 1653 347 1717 luitl
362 1654 401 1716 Et
416 1663 534 1734 tamen,
550 1663 586 1717 ιιι
599 1653 668 1736 ipse
689 1651 818 1733 fatetur,
833 1655 916 1718 Dans
971 1674 1070 1718 nuere
1085 1656 1170 1739 quod
1185 1674 1244 1719 nec
1259 1657 1445 1738 angelorum
1460 1657 1579 1722 anxilio
1598 1657 1721 1740 possint

167 1753 300 1816 adduxit
321 1771 396 1816 eum
420 1753 459 1816 ad
482 1772 528 1815 se.
549 1753 704 1834 Denique,
723 1772 782 1815 cur
804 1753 915 1817 llahon
971 1754 1042 1818 hoc.
1058 1753 1179 1817 Rursus
1197 1773 1309 1818 azoara
1328 1755 1479 1819 vicesima
1499 1763 1587 1820 sexta
1607 1755 1722 1820 asseri·

168 1851 320 1936 praecepit
343 1851 525 1914 idololatras
549 1850 666 1914 virtute
691 1869 852 1914 armorum
875 1852 916 1914 ad
932 1855 955 1916 B
972 1861 1047 1915 tur:
1063 1856 1154 1915 Licet
1174 1873 1284 1914 omnes
1307 1855 1453 1914 homines
1476 1863 1573 1934 atque
1597 1855 1723 1916 diaboti

168 1971 232 2014 suaa
252 1950 334 2032 legis
358 1949 594 2031 susceptionem
618 1948 778 2031 compelli,
795 1947 916 2030 alioqui
971 1953 1016 2012 ad
1030 1953 1131 2012 unius
1150 1953 1228 2012 talis
1241 1949 1381 2030 (scilicet
1394 1951 1555 2032 alcorani)
1569 1953 1721 2029 composi·

166 2048 283 2126 occidi,
299 2055 356 2111 aut
373 2047 493 2110 tributo
511 2047 649 2129 gravari,
665 2047 693 2108 si
712 2065 862 2110 erroneos
886 2055 919 2110 et
972 2051 1092 2110 tionem
1106 2051 1330 2120 convenirent,
1345 2051 1473 2111 sibimet
1489 2061 1602 2112 mutato
1623 2055 1722 2128 profi·

167 2147 231 2209 [leo
245 2145 384 2209 rebelles
398 2164 455 2208 seu
468 2145 675 2208 adversantes
694 2145 778 2208 Deus
800 2164 919 2228 nequa·
971 2149 1103 2218 cientes,
1119 2149 1255 2208 minime
1272 2155 1432 2226 perficere
1450 2159 1588 2226 possent.
1605 2151 1722 2212 Azoara

167 2261 263 2326 qnam
277 2243 410 2306 adducit
424 2243 463 2306 ad
477 2245 535 2306 sel
549 2241 693 2323 lnsuper,
710 2243 919 2324 curipsemet
971 2263 1099 2328 qnoque
1115 2244 1278 2308 tricesima
1292 2245 1409 2309 dicitur
1428 2246 1519 2328 quasi
1534 2266 1572 2310 ex
1586 2264 1722 2330 persona

165 2342 310 2405 Christus
334 2348 367 2403 et
390 2341 491 2403 sancti
517 2341 659 2421 Apostoli
688 2359 726 2404 ac
753 2341 917 2422 Propheta
972 2343 1027 2406 Dei
1049 2343 1089 2406 ad
1114 2342 1226 2406 lishon
1248 2347 1422 2407 :Dicentes
1445 2347 1536 2406 istud
1558 2365 1578 2404 a
1604 2354 1634 2405 te
1658 2364 1723 2405 esse

167 2440 422 2524 predicaverunt
439 2438 584 2502 hostibus
605 2446 700 2521 atque
721 2439 874 2519 erroneis,
891 2440 917 2502 si
971 2443 1195 2519 ompositum,
1216 2447 1297 2502 tates
1314 2445 1422 2503 decem
1443 2463 1593 2514 amaras,
1618 2445 1723 2524 paoli-

168 2539 248 2603 tales
267 2539 351 2602 Deus
369 2556 434 2602 nou
453 2537 583 2601 adducit
601 2538 640 2601 ad
659 2540 715 2600 sel
729 2537 840 2602 Nonne
864 2557 919 2600 rex
973 2541 1023 2600 bet
1036 2543 1191 2600 advocato
1205 2542 1274 2600 nisi
1287 2543 1352 2601 soto
1366 2544 1443 2611 Deo,
1458 2546 1613 2619 afferant,
1625 2551 1661 2602 ut
1677 2543 1724 2602 sic

35 2655 109 2710 uma.
124 2669 154 2704 ιι,
168 2637 269 2701 David
294 2637 500 2700 vehementer
517 2635 635 2698 erravit
653 2638 781 2716 quando
800 2635 921 2699 adulte-
972 2659 1070 2699 suum
1094 2640 1219 2698 dictum
1236 2640 1372 2715 probeat
1393 2659 1458 2699 esse
1475 2641 1650 2716 possibile,·
1670 2644 1723 2702 sin

31 2723 49 2764 t.
67 2724 102 2767 ιός
116 2733 155 2767 ιιι,
185 2737 192 2749 ·

32 2785 61 2824 tt.

168 2755 252 2800 num
267 2734 540 2817 homicidiumque
555 2734 732 2798 commisitt
753 2735 790 2796 Et
812 2743 919 2797 tamen
973 2745 1095 2806 autem,
1110 2737 1168 2796 boc
1182 2738 1306 2796 diotnoe
1320 2739 1490 2812 sapientire
1502 2739 1643 2814 positum
1660 2759 1725 2800 esse

167 2842 242 2918 post
254 2841 360 2897 tantos
374 2852 522 2896 excessus
542 2832 624 2895 Deus
643 2833 766 2896 reduxit
784 2852 858 2895 eum
879 2833 919 2895 ad
972 2839 1177 2911 confirment.
1201 2833 1372 2913 Postremo,
1399 2834 1539 2916 capitulo
1564 2835 1724 2900 tricesimo

168 2953 214 2996 se.
230 2932 390 3014 Amplius,
406 2930 540 2994 verbum
555 2931 616 2994 hoo
630 2931 777 2994 alcorani
794 2931 918 2994 veritati
974 2931 1110 3012 septimo
1131 2931 1220 3012 quasi
1241 2949 1279 2994 ex
1301 2931 1356 2994 Dei
1379 2951 1515 3014 persona
1533 2931 1650 2996 dicitur
1664 2931 1724 2996 lla·

167 3051 267 3096 sacras
281 3030 452 3113 Scriptura
471 3029 637 3112 utriusque
657 3030 850 3093 Testamenti
873 3049 921 3092 ro·
936 3030 959 3094 C
975 3031 1103 3094 hometo
1119 3050 1126 3088 :
1144 3033 1299 3092 Moderati
1316 3033 1432 3092 dicuat
1448 3040 1478 3090 te
1495 3051 1628 3108 mapum
1647 3052 1721 3094 esse.

169 3138 301 3213 pugnat.
318 3128 414 3191 isaias
437 3147 574 3210 namque
599 3128 754 3211 propheta
779 3128 921 3209 loquitur
975 3131 1100 3199 Quibus
1122 3139 1159 3189 tu
1178 3132 1269 3190 dicas
1288 3150 1300 3189 .·
1319 3131 1457 3192 Libram
1478 3132 1539 3190 isto
1557 3132 1723 3191 meliorem

53 3248 153 3294 tems.
168 3231 234 3293 Deo
250 3252 258 3291 τ
275 3227 357 3291 Ecce
370 3235 499 3309 gentem
521 3246 617 3309 quam
639 3226 806 3289 nesciebas
827 3245 921 3290 voca·
973 3233 1101 3306 afferte,
1117 3248 1254 3307 eumque
1268 3229 1415 3287 benewte
1429 3248 1558 3307 sequar.

168 3330 231 3391 bis.
256 3326 341 3391 Gens
365 3335 472 3389 numm
500 3344 595 3409 quam
624 3326 706 3389 Deus
735 3325 847 3401 nescit,
872 3334 921 3388 est
1014 3324 1096 3389 Ecce
1123 3324 1261 3406 qualiter
1291 3325 1403 3389 lishon
1437 3325 1496 3388 iste
1530 3326 1721 3391 alcoranum

167 3447 248 3510 gens
271 3426 387 3488 vitiosa
404 3443 442 3487 ac
463 3424 588 3505 perlida
604 3448 611 3486 ι
628 3443 724 3506 quam
748 3424 831 3487 Deus
855 3444 919 3488 non
975 3443 1069 3487 sunm
1083 3424 1311 3505 extollit,quasi
1327 3424 1359 3485 in
1376 3432 1441 3486 tota
1456 3442 1545 3487 sacra
1560 3424 1723 3505 utriusque

167 3524 337 3608 approbat,
363 3522 515 3604 quoniam
539 3531 633 3584 errat.
655 3521 770 3585 Paulus
793 3540 920 3604 quoque
975 3523 1167 3585 Testamenti
1184 3522 1347 3604 Scriptura
1368 3540 1432 3585 non
1456 3522 1497 3583 sit
1519 3522 1598 3585 liber
1614 3522 1726 3586 melior

167 3624 333 3706 apostolus
349 3622 383 3684 in
397 3621 534 3703 epistola
547 3622 587 3684 ad
601 3622 759 3684 Romanos
773 3620 893 3684 eliatnr
910 3646 917 3684 :
975 3620 1043 3701 illo,
1059 3620 1125 3681 imo
1136 3640 1195 3683 neo
1211 3619 1433 3701 comparabilis
1448 3620 1489 3683 ei.
1503 3620 1527 3682 0
1541 3638 1634 3702 quam
1651 3620 1726 3684 infi-

41 3735 153 3786 ιιι-ιι,
167 3722 378 3786 Commendat
390 3728 497 3783 autem
512 3720 675 3783 caritatem
697 3738 787 3783 snam
809 3720 842 3782 in
864 3740 920 3783 no
975 3716 1117 3782 nitaluit
1132 3718 1287 3782 stoliditas
1309 3718 1405 3798 hujus
1426 3718 1657 3799 imperitissimi
1680 3726 1725 3781 at-

168 3822 218 3884 bis
232 3818 488 3901 Deus,quoniam
503 3837 602 3899 quum
617 3818 722 3881 adhuc
736 3828 919 3901 peccatores
975 3837 1037 3898 que
1052 3816 1236 3897 miserrimi,
1254 3816 1318 3879 imo
1332 3816 1481 3880 diabolici
1497 3817 1652 3881 hominist
1670 3818 1723 3898 qui

167 3929 200 3983 et
214 3918 341 3982 inimici
355 3916 715 3995 essemus,reconciliati
730 3936 841 3980 sumus
855 3918 919 3982 nea
974 3936 1034 3979 nec
1055 3916 1088 3977 in
1108 3915 1226 3977 divinis
1246 3914 1417 3996 Scripturis
1442 3934 1502 3978 nec
1528 3916 1560 3977 in
1585 3914 1720 3979 naturali

167 4038 228 4101 per
248 4024 384 4081 mortem
405 4014 478 4077 Filii
499 4015 582 4096 ejus.
975 4014 1177 4097 philosophia
1197 4012 1259 4075 init
1281 4013 1465 4093 instructus,
1483 4013 1567 4076 sient
1587 4022 1619 4077 et
1638 4013 1722 4077 infra

208 4117 345 4198 insuper
358 4115 392 4177 in
406 4114 519 4177 eodem
540 4114 688 4178 Alcorani
710 4114 851 4196 capitulo
872 4114 920 4175 di·
974 4112 1151 4175 clarissime
1172 4113 1366 4175 ostendetur.
1383 4110 1460 4190 lmo,
1478 4112 1616 4194 capitulo
1629 4112 1722 4175 Alco-

167 4217 253 4279 citut·
268 4238 276 4276 ε
292 4215 525 4277 Hunctibrum
541 4234 686 4274 veracem
704 4234 770 4273 esse
786 4216 920 4289 penitus
933 4209 959 4273 b
974 4212 1042 4275 rani
1061 4210 1323 4294 septimodecimo
1344 4210 1495 4273 scribitur
1511 4234 1517 4273 :
1535 4214 1721 4273 Imitatores

165 4316 305 4375 credite.
316 4312 447 4392 Moxque
461 4311 552 4393 quasi
567 4319 789 4392 argumentum
803 4312 843 4373 ed
859 4312 919 4375 hoc
974 4314 1090 4371 nuntii
1108 4320 1205 4390 atque
1217 4312 1382 4386 prophetae
1401 4312 1530 4387 tependi
1548 4312 1723 4370 scribendi-

167 4414 213 4476 ibi
229 4411 436 4493 subjungitur
447 4434 455 4470 ε
467 4411 687 4481 consimilem,
698 4431 807 4471 amaea
820 4412 921 4473 simut
975 4432 1012 4469 oe
1027 4412 1137 4469 nescit.
1155 4408 1242 4481 Quod
1264 4407 1303 4469 de
1317 4407 1472 4470 Mahomet
1494 4407 1614 4470 dictum
1637 4408 1723 4471 vide-

166 4530 305 4573 manam
320 4512 534 4584 conserentes,
548 4511 580 4568 st
589 4510 741 4585 passibile
755 4512 810 4579 sit,
824 4516 921 4588 pcrfi-
974 4519 1036 4571 tur.
1054 4508 1140 4571 Unde
1157 4508 1307 4589 probatur
1322 4508 1405 4588 qnod
1421 4526 1479 4569 nco
1497 4508 1601 4589 legere
1616 4507 1721 4587 scivit,

166 4615 233 4671 cite
252 4610 451 4686 testibusque
468 4611 609 4684 firmate.
627 4607 789 4688 Tanquam
811 4608 919 4673 dicat:
976 4627 1035 4670 nec
1070 4606 1221 4668 scribere.
1251 4605 1336 4667 istud
1371 4606 1466 4667 etiam
1500 4614 1722 4688 argumentum

168 4710 272 4771 Tanta
285 4714 334 4769 est
344 4703 531 4767 excellentia
544 4703 616 4767 libri
632 4705 782 4786 hujus,ut
794 4708 867 4769 talis
882 4709 922 4771 ab
976 4706 1078 4787 tangit
1099 4704 1209 4767 doctor
1224 4703 1279 4766 ille
1294 4724 1367 4766 vere
1388 4705 1521 4767 devotus
1542 4713 1574 4767 et
1595 4714 1721 4782 unctus,

169 4804 359 4870 bominibus
382 4802 478 4866 etiam
499 4802 647 4865 omnibus
666 4803 760 4865 simul
780 4805 922 4867 collectis
977 4812 1088 4867 auctor
1102 4810 1348 4883 prememorata
1366 4802 1518 4884 epistola,
1535 4802 1567 4864 in
1587 4822 1649 4884 qua
1668 4805 1721 4884 ait,

169 4905 245 4969 iteri
275 4908 422 4983 nequeat.
453 4900 491 4963 m
521 4900 582 4963 hoc
611 4900 696 4964 idem
725 4902 759 4963 in
788 4903 922 4965 diversis
978 4902 1113 4982 loquens
1139 4900 1168 4964 ei
1194 4902 1232 4963 ad
1258 4919 1352 4981 quem
1377 4900 1505 4981 scripsit
1528 4902 1616 4964 :Sed
1644 4903 1724 4965 lorte

168 5001 322 5067 Alcorani
336 4999 417 5063 locis
432 5018 515 5081 sepe
534 4999 698 5080 repetitur.
719 5000 807 5063 Unde
826 5019 925 5064 nono-
979 5002 1066 5064 dices
1087 5000 1161 5062 inde
1182 4999 1306 5081 probari
1328 4998 1410 5060 hanc
1430 4998 1532 5080 legem
1552 5020 1622 5063 esse
1645 5001 1726 5063 divi·

169 5101 301 5165 decimo
322 5098 463 5180 capitulo
484 5097 647 5161 inducitur
664 5098 746 5161 Deus
765 5099 855 5180 quasi
880 5098 926 5161 lo
980 5118 1066 5177 nam,
1088 5098 1161 5178 quia
1182 5116 1278 5179 quum
1298 5097 1454 5159 blahomet
1479 5096 1577 5158 idiota
1602 5106 1633 5159 ot
1657 5097 1725 5160 sine

170 5218 278 5283 quens
296 5198 337 5261 ad
355 5196 512 5261 hlahomet
527 5222 534 5261 :
550 5202 696 5261 Alcoran
714 5201 819 5259 omnis
832 5202 926 5276 fidat·
980 5196 1096 5261 litteris
1112 5204 1206 5274 essct,
1224 5194 1405 5257 nullatcnus
1424 5213 1493 5256 eam
1514 5194 1653 5256 scribere
1676 5196 1725 5257 vel

171 5300 255 5361 tatis
278 5315 397 5374 capere
420 5305 477 5357 est.
503 5297 695 5357 Dicentibus
717 5299 804 5357 illud
832 5306 924 5357 taam
981 5294 1171 5359 annuntiare
1186 5292 1368 5356 hominibus
1383 5292 1539 5376 potuisset
1552 5292 1613 5354 nisi
1629 5292 1728 5355 virtu-
