4309 6250
449 493 509 559 aot
785 511 903 559 roman
924 511 1094 558 renrrouu
1112 509 1285 568 uruounrr,
1308 511 1396 558 nunu
1417 511 1462 558 ιιι.
1486 529 1526 540 -
1546 510 1615 556 aar.
1640 511 1676 558 ιιι

451 686 549 757 stunt,
557 678 615 742 rite
630 697 704 742 cum
717 679 782 744 Deo
796 678 979 743 societatem
993 680 1111 743 hahere
1127 698 1201 743 cen·
1215 679 1239 741 A
1255 679 1401 762 apostoli,
1418 679 1552 762 ejusque
1566 677 1714 761 discipuli
1732 679 1762 742 S.
1779 679 1918 762 Dionysii.
1933 678 1983 742 Cui

451 786 573 842 sentur.
1255 797 1332 859 ergo
1353 779 1547 841 credendum
1573 781 1641 840 estl
1657 777 1755 840 Paulo
1779 778 1919 860 apostolo,
1934 778 1983 858 qui

491 875 664 956 Postremo,
693 875 823 939 tertium
859 875 1075 958 responsionis
1104 875 1200 958 hujus
1255 877 1304 954 (ut
1317 875 1453 957 ipsemet
1475 879 1678 958 protestatur)
1694 895 1795 958 usque
1814 877 1851 939 ad
1869 875 1982 938 tertium
2007 891 2098 939 urm

451 974 654 1038 mendacium
668 992 751 1057 sepe
764 981 928 1037 ostensum
942 974 1099 1048 estosed
1114 975 1200 1038 enirn
1257 981 1364 1056 raptus
1379 982 1428 1036 est
1448 973 1579 1053 coelum,
1594 974 1780 1055 audivitque
1801 975 1887 1036 verba
1905 991 1984 1036 arca·
1996 958 2012 1000 ²·
2024 959 2041 996 ⁴·

452 1072 535 1135 Deus
556 1071 759 1154 unigenitum
781 1070 897 1134 habeat
916 1072 1045 1152 Filium,
1064 1093 1103 1136 ex
1125 1073 1201 1135 utri·
1257 1091 1308 1150 na,
1331 1091 1401 1154 quae
1426 1090 1491 1135 non
1516 1072 1592 1135 licet
1615 1072 1738 1136 homiui
1764 1072 1857 1154 loqui,
1877 1073 1904 1134 in
1928 1090 1985 1153 quo

453 1189 554 1253 usqua
574 1169 767 1232 Testamenti
789 1168 955 1252 scripturis
979 1170 1200 1251 copiosissime
1256 1169 1352 1232 etiam
1368 1179 1470 1252 raptu,
1487 1179 1522 1234 ut
1536 1170 1638 1234 sancti
1658 1170 1809 1234 Doctores
1828 1169 1983 1250 alhrmant,

310 1286 438 1339 ιιιιμιι-
453 1277 548 1350 atque
579 1268 758 1331 clarissime
791 1275 840 1330 est
871 1267 1050 1350 probatum.
1081 1267 1201 1343 Quibus
1256 1265 1337 1329 vidit
1351 1267 1449 1331 Deum
1464 1266 1550 1332 clare
1565 1287 1622 1350 per
1636 1267 1792 1350 speeiem,
1807 1267 1859 1349 qui
1871 1275 1898 1330 et
1910 1285 1986 1330 mor-

307 1363 344 1394 ¹¹¹·
453 1386 541 1430 nuno
572 1366 654 1429 addo
681 1365 767 1448 quia,
798 1365 893 1428 utin
922 1365 1044 1428 loanne
1071 1366 1199 1448 legitur,
1256 1374 1326 1429 tuos
1352 1366 1521 1430 suscitasse
1550 1374 1643 1449 atque
1671 1365 1905 1428 innumerabilia
1932 1365 1986 1428 alia

453 1483 553 1548 quum
567 1464 658 1527 lesus
672 1465 843 1546 quemdam
862 1483 881 1525 a
899 1465 1066 1527 nativitato
1081 1483 1201 1528 cecum
1256 1462 1373 1527 lenisse
1387 1464 1541 1528 miracula
1556 1465 1666 1544 scitur,
1681 1485 1724 1528 an
1746 1463 1922 1544 blahometo,
1937 1463 1985 1546 qui

320 1583 439 1634 rma.
454 1563 583 1626 lecisset
596 1563 769 1640 videntem,
784 1562 863 1625 dixit
884 1563 1012 1626 eidem:
1030 1563 1075 1626 'lu
1098 1563 1202 1626 credis
1257 1564 1421 1644 utriusque
1451 1563 1644 1627 Testamenti
1680 1562 1851 1646 scripturas
1881 1561 1986 1625 labulis

306 1648 341 1689 ⁸³·
455 1663 487 1724 in
513 1662 629 1725 Filium
653 1661 730 1724 Deil
750 1661 865 1724 Paulus
889 1680 1016 1743 quoque
1040 1661 1202 1744 apostolus
1257 1663 1362 1725 stultis
1378 1663 1649 1746 mendacibusque
1663 1663 1857 1727 contaminat
1873 1682 1906 1725 ac
1925 1681 1988 1744 per-

306 1781 438 1832 uerse-s.
453 1761 573 1824 ellatur
588 1783 595 1822 :
612 1759 782 1823 blultilarie
807 1760 978 1843 multisque
1000 1760 1103 1824 modis
1125 1759 1201 1824 olim
1257 1761 1373 1824 vertiti
1387 1761 1450 1825 Gur
1464 1761 1571 1844 itaque
1593 1762 1723 1824 Michael
1739 1769 1771 1824 et
1784 1760 1900 1825 Gabriel
1914 1761 1988 1823 inter

454 1860 536 1923 Deus
551 1859 684 1941 loquens
699 1859 843 1941 patribus
856 1857 890 1920 in
904 1857 1080 1941 Prophetis,
1096 1857 1240 1921 novis-li
1258 1859 1317 1921 tria
1346 1859 1526 1942 specialiter
1554 1868 1790 1943 computentur,
1815 1877 1905 1941 quum
1932 1858 1989 1920 sint

453 1959 534 2021 sime
553 1957 666 2020 diebus
685 1957 755 2019 istis
774 1957 899 2020 locutus
917 1966 965 2019 est
984 1956 1077 2020 nobis
1097 1957 1130 2019 in
1154 1956 1202 2019 lii-
1257 1966 1321 2021 tam
1352 1957 1602 2022 innumerabiles
1635 1955 1774 2040 angelici
1802 1957 1923 2040 spiritus
1949 1957 1989 2018 eis
2113 2041 2114 2052 ἵ

453 2057 610 2139 liosquem
626 2054 792 2118 constituit
806 2056 955 2120 heredem
969 2055 1199 2119 universorum
1257 2056 1349 2119 valde
1374 2056 1586 2134 sublimiores,
1604 2057 1767 2138 Deumque
1792 2056 1901 2120 clarius
1923 2074 1991 2119 con·
2113 2053 2114 2056 ’

453 2156 510 2230 Qui
534 2174 634 2237 quum
658 2154 700 2218 sit
723 2154 874 2237 splendor
900 2153 1010 2235 glorie
1037 2163 1069 2218 et
1097 2153 1202 2236 ligura
1257 2155 1457 2237 templantes,
1488 2164 1519 2218 et
1547 2155 1639 2237 plura
1672 2157 1712 2218 de
1744 2155 1873 2219 incertis
1904 2163 1990 2236 atque

454 2253 639 2318 substantie
659 2253 742 2334 ejus,
762 2261 955 2336 portansque
975 2253 1083 2316 omnia
1105 2253 1202 2318 verbo
1257 2254 1391 2319 occultis
1407 2263 1531 2318 eterne
1546 2254 1708 2336 sapientiae
1730 2254 1885 2338 mysteriis
1904 2273 1992 2335 agno

453 2353 580 2417 virtutis
599 2371 673 2430 sua,
690 2353 911 2434 purgationem
930 2361 1133 2435 peccatorum
1156 2351 1202 2416 la·
1257 2361 1393 2434 scentes,
1411 2353 1558 2435 aquibus
1574 2361 1606 2416 et
1619 2353 1725 2436 augeli
1748 2352 1867 2416 infime
1885 2353 1992 2415 hierar-

454 2452 554 2531 cions,
585 2451 673 2514 sedet
707 2451 747 2514 ad
775 2451 936 2514 dexteram
964 2450 1140 2533 majestatis
1168 2450 1201 2512 iu
1257 2453 1335 2516 chire
1357 2452 1603 2516 illuminanturt

454 2550 600 2630 excelsis,
636 2558 724 2614 tento
758 2550 873 2614 melior
906 2550 1029 2632 angelis
1064 2549 1202 2612 eftectus
1301 2549 1479 2631 Sequitur:
1505 2553 1654 2620 Quatuor
1675 2560 1765 2621 sunt,
1791 2554 1845 2611 tee
1870 2551 1992 2628 huet,

454 2657 572 2733 quanto
587 2647 790 2711 differentius
805 2669 869 2731 prae
889 2649 953 2712 illis
973 2667 1091 2713 nomen
1112 2649 1203 2711 here·
1257 2651 1386 2712 Psalmi
1398 2651 1520 2720 David,
1531 2651 1750 2726 Euangelium
1765 2650 1889 2712 Christi
1900 2659 1929 2708 et
1941 2651 1993 2710 At·
2114 2665 2115 2674 ι

455 2748 580 2811 ditavit.
596 2747 652 2810 Cui
673 2747 759 2809 enim
778 2747 857 2810 dixit
880 2747 1051 2829 aliquando
1074 2748 1203 2829 angelo-
1256 2749 1382 2824 sercou.
1400 2747 1461 2810 Sed
1475 2747 1543 2828 jam
1557 2745 1743 2828 frequenter
1757 2746 1919 2829 probatum
1939 2753 1992 2827 est,
2009 2765 2097 2812 ulte

456 2866 538 2927 rum,
564 2845 662 2908 Filius
689 2863 781 2908 meus
808 2863 843 2906 es
870 2851 917 2922 tu,
942 2863 1001 2925 ego
1029 2843 1123 2908 bodie
1150 2864 1204 2926 ge·
1258 2844 1343 2926 quod
1362 2843 1511 2908 Alloroan
1537 2865 1593 2908 seu
1616 2845 1752 2909 Alcoren
1776 2844 1860 2907 inter
1880 2835 2089 2906 diuinas'mu

456 2944 513 3008 nui
534 2945 588 3007 tal
1259 2942 1436 3025 computari
1470 2941 1648 3025 Scripturas
1676 2961 1878 3026 nequaquam
1904 2961 1996 3006 mere

496 3042 731 3124 Consequenter
755 3040 909 3104 blahomet
931 3039 975 3102 ait
1000 3064 1007 3103 ε
1029 3045 1103 3102 Duo
1126 3051 1203 3102 sunt
1219 3045 1241 3108 C
1259 3048 1321 3122 tur,
1337 3042 1392 3104 sed
1408 3042 1453 3104 eis
1469 3041 1609 3122 undique
1625 3043 1847 3106 contrariatur.

454 3145 564 3205 Adam
578 3151 609 3202 et
624 3144 707 3204 an.
724 3140 828 3203 Simili
843 3139 940 3203 modo
958 3138 1065 3202 dicere
1084 3140 1206 3222 potuis·
1299 3141 1450 3204 Subditur
1467 3164 1474 3203 r
1492 3144 1643 3222 Quinque
1662 3152 1738 3203 suut
1758 3144 1920 3203 orationes
1932 3142 1997 3209 bet,

457 3250 516 3320 set,
532 3241 600 3304 Duo
618 3249 694 3303 sunt
712 3240 830 3303 coelum
850 3248 882 3301 et
907 3246 1001 3318 terra,
1024 3238 1076 3303 vel
1101 3240 1149 3303 sol
1174 3247 1205 3303 et
1259 3242 1523 3320 quosordiuooit
1538 3242 1624 3301 mihi
1637 3261 1675 3301 ar
1685 3246 1806 3319 populo
1828 3260 1906 3311 meo,
1920 3241 1999 3300 uuiti

456 3338 544 3419 luna,
559 3347 615 3401 aut
628 3338 761 3420 angelus
782 3346 815 3400 et
835 3336 930 3401 homo
948 3356 1070 3419 :quum
1093 3338 1126 3399 iu
1147 3336 1207 3402 Ge-
1256 3340 1492 3415 prophetarum
1512 3341 1680 3415 preteriti
1697 3338 1810 3401 secuti
1832 3340 1928 3407 datu,
1950 3356 2000 3396 me
2115 3396 2116 3425 ζ

314 3452 370 3497 οη.
382 3467 397 3505 ι.
409 3457 441 3497 u.
457 3437 525 3501 nesi
547 3436 700 3520 scriptum
723 3436 775 3513 sit,
792 3435 880 3497 llecit
899 3434 983 3497 Deus
1003 3434 1068 3497 duo
1091 3453 1206 3517 magna
1258 3436 1374 3513 futuri
1387 3436 1499 3495 saecuti
1512 3438 1631 3515 cuique
1644 3438 1774 3497 dom.
1791 3435 1878 3498 lstud
1899 3434 1999 3498 eadem

348 3555 404 3601 rou.
421 3561 441 3599 ι.
457 3536 649 3613 luminaria;
670 3542 712 3612 et,
736 3534 771 3596 ln
794 3533 954 3616 principio
978 3532 1101 3596 creavit
1123 3534 1205 3597 Deus
1261 3530 1414 3595 facilitate
1429 3534 1644 3597 contemnitur
1657 3551 1722 3614 qua
1735 3534 1901 3616 recipitur,
1911 3550 1999 3615 quum

421 3681 426 3693 .
456 3635 573 3698 coelum
596 3639 628 3697 et
649 3640 778 3695 terram.
1261 3650 1318 3713 per
1341 3632 1462 3694 nullam
1491 3632 1658 3711 rationem,
1684 3650 1743 3696 nec
1772 3650 1831 3715 per
1858 3630 2000 3695 miracula

496 3732 668 3813 Sequitur:
687 3731 768 3793 Trio
781 3750 857 3791 vero
871 3738 961 3800 runt,
975 3731 1130 3799 Michaet,
1144 3732 1205 3791 ua·
1261 3732 1320 3795 soli
1341 3733 1404 3796 lleo
1427 3731 1592 3813 possibilia
1618 3731 1854 3812 comprobatur.
1871 3729 2000 3811 Denique

456 3833 551 3901 briel,
562 3840 594 3891 et
608 3831 785 3906 Seraphim
798 3829 971 3889 secretarii
983 3830 1135 3889 Deitatis.
1152 3828 1207 3891 Se-
1260 3829 1381 3893 dictum
1396 3829 1475 3892 illud
1490 3830 1621 3910 derogat
1634 3828 1771 3906 Christo,
1787 3827 1881 3911 eujus
1896 3828 2000 3891 anime

455 3929 595 3993 cundum
610 3946 718 3991 veram
732 3925 1002 4010 apostolicamque
1014 3926 1203 4004 doctrinam,
1259 3928 1342 3990 Deus
1356 3926 1557 4009 omnipotens
1571 3926 1680 3989 omnia
1695 3926 1849 3989 revelarit
1862 3946 1933 4009 quae
1949 3944 2000 3988 nn-

456 4046 572 4091 novem
587 4025 764 4090 suntcbon'
779 4044 835 4088 sou
855 4024 983 4087 ordines
1004 4023 1203 4104 angelorum,
1260 4045 1355 4107 quam
1387 4025 1643 4107 quibuscumque
1677 4024 1844 4105 Prophetis
1871 4042 1909 4087 ao
1936 4022 1999 4087 eliis

318 4143 441 4191 lucam.
456 4125 633 4208 inquibus,
649 4134 684 4187 ut
698 4123 826 4186 divinus
842 4122 1012 4205 Dionysius
1025 4122 1130 4202 docet,
1141 4130 1204 4184 tres
1260 4124 1384 4187 Sanctis
1398 4122 1615 4187 manifestavit
1628 4130 1684 4186 aut
1704 4122 1932 4201 manifestabit,
1948 4122 2000 4184 sir-

309 4208 363 4253 ¹¹⁵⁰²
374 4221 429 4254 Μ’·
455 4222 644 4289 hierarchiae
658 4222 846 4286 consistunt.
862 4221 897 4283 ln
917 4220 1019 4304 prima
1033 4228 1066 4283 et
1080 4227 1244 4290 semmel)
1261 4231 1295 4287 ut
1313 4221 1572 4305 predeolaratum
1597 4228 1646 4283 est
1669 4220 1774 4304 primo
1799 4220 1920 4285 libello.
1936 4222 2042 4284 tim-ns
2052 4250 2077 4279 u.

456 4322 635 4385 hierarchia
656 4328 731 4383 sunt
751 4329 814 4383 tres
837 4319 977 4402 supremi
999 4318 1129 4381 ordines
1150 4338 1206 4381 an·
1260 4322 1356 4405 plius,
1383 4320 1416 4383 in
1441 4318 1501 4382 hoc
1528 4318 1625 4383 verbo
1654 4326 1793 4381 sectatus
1821 4327 1871 4383 est
1897 4318 2000 4383 lishon

455 4421 612 4504 gelorum,
630 4419 779 4483 videlicet
793 4418 968 4501 Seraphim,
985 4416 1155 4480 Cherubim
1174 4424 1206 4481 et
1260 4420 1464 4483 llanichaeum
1486 4416 1743 4497 heresiarcham,
1760 4417 1816 4499 qui
1836 4417 2003 4500 preterito·

457 4520 587 4583 Throni.
610 4519 645 4581 ln
669 4518 811 4581 secunda
834 4536 871 4580 ac
896 4516 1002 4579 media
1025 4515 1206 4579 hierarchia
1261 4538 1331 4582 rum
1356 4517 1543 4581 saeculorum
1569 4524 1690 4580 secreta
1715 4515 1777 4578 sibi
1803 4534 1868 4599 pre
1896 4514 2001 4579 ceteris

457 4625 532 4681 sunt
545 4626 609 4680 tres
624 4616 721 4680 medii
735 4615 863 4679 ordines
879 4615 1079 4696 angelorum,
1097 4622 1206 4697 utpote
1261 4618 1399 4681 revelate
1419 4614 1564 4697 jactavit.

455 4716 704 4793 hominationes,
731 4715 871 4778 Virtutes
898 4722 931 4777 et
957 4712 1140 4776 Potestates.
1170 4713 1205 4775 ln
1302 4716 1449 4797 Sequitur
1469 4738 1475 4776 :
1492 4718 1560 4777 See
1575 4724 1651 4776 suut
1670 4718 1741 4775 dies
1762 4716 1817 4775 itti
1836 4715 1873 4774 iu
1893 4716 2002 4794 quiem

455 4815 549 4879 tertia
562 4814 742 4878 hierarchia
755 4822 829 4877 sunt
843 4822 907 4876 tres
922 4813 1011 4877 chori
1026 4810 1133 4875 infimi
1151 4831 1206 4874 an·
1261 4822 1348 4879 Deus
1361 4836 1486 4876 omnem
1501 4823 1689 4875 creaturam
1703 4834 1797 4874 strom
1811 4831 2003 4875 cousumm-

456 4918 611 5000 gelorum,
636 4914 759 4978 scilicet
783 4914 993 4995 Principatus,
1016 4912 1207 4994 Archangeli
1262 4916 1320 4974 nit.
1337 4916 1518 4989 —Septem
1535 4920 1612 4971 aurit
1630 4913 1712 4973 eceli.
1730 4910 1773 4973 lle
1793 4928 1930 4973 nurnero
1951 4910 2003 4972 isto

457 5024 490 5079 et
503 5015 627 5098 Angeli.
643 5012 775 5078 ldichael
791 5030 867 5075 vero
881 5020 930 5075 est
948 5012 988 5074 de
1008 5011 1106 5073 choro
1121 5010 1207 5072 Prin·
1262 5012 1413 5075 coelorum
1428 5009 1619 5092 precedenti
1635 5017 1770 5072 tractatu
1784 5016 1951 5072 ostensum
1964 5014 2004 5069 est
2014 5020 2088 5061 eur·

458 5114 634 5197 cipatuum,
654 5112 782 5176 Gabriel
806 5111 845 5174 de
870 5111 968 5173 choro
991 5110 1208 5191 Archangelo-
1261 5110 1337 5192 quid
1362 5108 1479 5172 veritas
1504 5106 1628 5171 habeat.
1645 5108 1725 5171 Sunt
1746 5108 1865 5190 qnippe
1890 5108 1933 5170 ad
1953 5106 2004 5169 mi·

457 5233 529 5277 rum
559 5236 566 5275 :
597 5212 707 5293 sieque
734 5210 774 5273 de
802 5208 918 5272 intima
951 5207 1130 5272 hierarchia
1159 5218 1207 5273 est
1262 5229 1323 5273 nus
1349 5226 1463 5273 novem
1493 5207 1566 5270 ooeli
1596 5206 1743 5271 mobiles.
1768 5241 1810 5253 -
1833 5211 1912 5271 Octo
1938 5214 2004 5268 suut

437 5309 590 5396 ¹uterque
617 5328 739 5375 eorum.
768 5309 840 5372 llaec
868 5316 917 5371 est
943 5307 1089 5371 doctrina
1120 5308 1206 5373 Pauli
1263 5308 1374 5388 augeli
1388 5308 1447 5386 qui
1466 5308 1503 5367 iu
1520 5307 1575 5367 die
1588 5306 1718 5385 judicii
1732 5307 1890 5367 thronum
1906 5316 2005 5385 porto
