4309 6250
439 497 500 566 296
771 517 891 566 comas
912 517 1081 564 rnuvrouu
1100 515 1272 574 annonari,
1295 517 1382 567 amru
1403 518 1434 565 u.
1458 535 1499 548 -
1512 517 1583 565 aar.
1604 519 1650 566 ιιι

440 688 582 772 primum
610 688 685 753 talia
711 710 730 753 a
757 687 914 754 liabomet
945 697 1020 752 sunt
1045 687 1186 766 inventa,
1204 687 1353 752 Arursus
1371 686 1464 752 :Noli
1488 689 1575 752 vinci
1600 709 1620 753 a
1643 690 1740 769 malo,
1757 690 1813 753 sed
1837 686 1933 752 vince
1957 685 1988 750 in
2013 704 2103 751 ann

442 787 549 870 qualia
575 787 683 850 nullus
714 796 809 852 antea
835 787 989 851 audierat.
1018 786 1043 849 0
1070 793 1189 870 quanto
1242 785 1327 850 bono
1351 786 1483 850 malum.
1499 787 1663 868 Praeterea,
1684 788 1717 850 in
1743 787 1884 851 levitico
1909 769 2031 848 Deus¹¹·

443 885 594 967 sanetius,
612 893 733 968 quanto
755 885 934 966 honestius,
954 893 1073 967 quanto
1097 885 1190 947 ratio-
1242 904 1300 967 per
1326 885 1452 968 Moysen
1477 886 1523 949 ait
1548 909 1556 948 ι
1581 885 1649 950 Non
1675 905 1799 969 quaeres
1823 885 1987 962 ultionem,
2002 900 2105 950 mma

441 983 580 1048 nabilius
604 993 636 1048 et
658 985 779 1067 Moyses
801 993 832 1048 et
855 984 952 1062 Elias,
978 991 1010 1046 et
1036 983 1091 1046 alii
1116 982 1190 1044 Pro-
1243 1003 1302 1047 nec
1326 1002 1449 1047 memor
1477 983 1541 1046 eris
1564 984 1690 1066 injuria
1708 984 1827 1048 civium
1850 991 1987 1046 tuomm.

441 1083 609 1167 pbetarum
643 1083 859 1165 quamplures,
890 1083 1028 1146 loannes
1061 1099 1188 1163 quoque
1242 1083 1277 1146 ln
1299 1081 1477 1146 Proverbiis
1501 1102 1628 1165 quoque
1652 1083 1801 1146 Salomon
1826 1082 1987 1164 loquitur:

440 1181 592 1264 Baptista,
607 1190 639 1244 et
659 1181 727 1263 ipse
751 1181 904 1245 Dominus
926 1180 1082 1257 omnium,
1099 1179 1189 1242 lesus
1242 1181 1288 1245 Ne
1312 1181 1412 1259 dicas,
1429 1181 1569 1244 Reddam
1592 1181 1712 1245 malum
1737 1200 1795 1263 pro
1818 1181 1925 1258 malo;
1940 1199 1990 1243 ex·
2012 1205 2105 1252 aaa.

441 1278 593 1358 Christus,
615 1279 855 1361 jejunaverunt,
877 1286 1059 1356 oraverunt,
1075 1285 1108 1341 et
1132 1275 1189 1338 mi·
1244 1286 1352 1362 specta
1385 1278 1565 1357 Dominum,
1596 1287 1628 1342 et
1660 1279 1808 1343 liberabit
1840 1287 1882 1342 te.
1912 1268 2030 1340 Hinc²¹·

441 1377 628 1442 sericordius
642 1377 882 1460 impenderunt!
895 1376 959 1440 Nos
972 1394 1099 1458 quoque
1114 1375 1189 1437 talia
1244 1385 1372 1440 sanctus
1397 1376 1495 1439 David
1520 1395 1575 1440 rex
1598 1386 1631 1440 et
1654 1393 1711 1459 prc
1736 1376 1809 1440 beta
1833 1383 1988 1440 testatur:

441 1475 548 1540 lacere
572 1477 760 1556 docuerunt,
786 1484 860 1539 ante
887 1474 1101 1557 prodigiosam
1129 1473 1190 1536 lla-
1244 1474 1276 1537 Si
1292 1473 1414 1537 reddidi
1431 1474 1677 1539 retribuentibus
1697 1397 1777 1538 nai
1796 1475 1892 1552 mala,
1909 1473 2100 1540 deci-raas

442 1575 550 1639 bomet
563 1574 775 1638 traditionem.
788 1574 896 1639 Cesset
910 1573 1066 1636 llabomet
1080 1591 1189 1635 earum
1244 1574 1317 1636 dam
1342 1572 1456 1637 merito
1479 1572 1520 1636 ab
1544 1571 1685 1636 inimicis
1710 1573 1791 1636 meis
1816 1572 1935 1636 inanis.
1958 1571 1990 1632 ln

442 1692 548 1738 rerum
568 1672 652 1737 velle
671 1673 773 1736 videri
794 1672 956 1755 magister,
971 1691 1106 1752 quarum
1131 1690 1190 1734 nec
1244 1671 1467 1735 Ecclesiastico
1491 1671 1587 1735 etiam
1612 1670 1748 1734 babetur
1774 1695 1781 1734 ε
1805 1670 1863 1746 Qui
1889 1669 1991 1733 vindi·
2012 1689 2070 1732 aaa

441 1771 557 1854 dignus
585 1771 620 1834 iu
647 1771 756 1851 aliquo
779 1770 954 1852 discipulus
978 1769 1029 1832 vel
1058 1769 1190 1831 ultimus
1245 1769 1310 1831 cari
1340 1767 1419 1846 vult,
1444 1788 1463 1831 a
1490 1768 1555 1832 Deo
1579 1768 1722 1832 inveniet
1749 1769 1937 1848 vindictam,
1962 1775 1991 1830 et
2003 1765 2063 1796 ¹¹³¹·
2075 1755 2088 1792 ¹·

441 1888 512 1935 esse
528 1869 638 1951 possit.
653 1869 754 1947 Absit,
769 1869 853 1933 absit
870 1867 997 1932 anobis
1020 1868 1093 1930 talis
1113 1886 1190 1950 prm
1208 1867 1231 1929 B
1246 1874 1376 1949 peccata
1398 1866 1486 1929 illius
1507 1885 1639 1930 servans
1660 1867 1811 1930 servabit.

441 1967 564 2031 dicator
596 1967 727 2048 jejunii,
755 1967 811 2048 qui
846 1975 918 2049 post
952 1973 1190 2029 monstruosum
1284 1964 1403 2044 ltaque,
1426 1963 1581 2045 quoniam
1605 1964 1639 2027 in
1663 1964 1774 2028 multis
1796 1964 1991 2030 offendimus
2003 1983 2105 2026 rasas

440 2065 612 2149 jejunium,
637 2064 683 2128 sic
709 2065 797 2129 omni
824 2064 951 2129 libidini
974 2072 1007 2126 et
1034 2063 1190 2145 ingluviei
1245 2081 1368 2141 omnes,
1384 2071 1416 2126 et
1440 2063 1540 2125 Deum
1566 2063 1758 2127 altissimum
1782 2065 1923 2146 graviter
1946 2064 1993 2126 ni·

440 2183 571 2247 operam
593 2163 778 2244 impendere
805 2163 968 2245 precepit,
994 2170 1030 2224 ut
1056 2180 1122 2225 non
1150 2161 1192 2224 ob
1246 2161 1308 2224 mis
1331 2160 1592 2225 inhonoravimus
1614 2181 1709 2246 saepe,
1725 2163 1752 2225 si
1772 2162 1923 2226 volumus
1940 2181 1994 2225 no-
2114 2218 2115 2236 ,

441 2262 528 2327 aliud
549 2261 694 2324 videatur
712 2261 887 2324 instituisse
904 2261 1078 2343 jejunium,
1095 2278 1191 2341 quam
1246 2259 1295 2322 bis
1315 2277 1334 2320 a
1355 2260 1419 2322 Deo
1444 2259 1593 2342 pietatem
1617 2259 1914 2343 indulgentiamque
1939 2260 1994 2322 im·
2114 2259 2115 2320 ζ

441 2369 478 2425 ut
492 2367 601 2443 postea
616 2359 836 2441 voluptuosius
850 2367 881 2422 ot
895 2357 1093 2441 appetentius
1109 2377 1193 2421 exer·
1246 2357 1355 2440 pendi,
1381 2365 1507 2441 oportet
1534 2366 1570 2421 ut
1596 2376 1655 2421 nos
1684 2376 1811 2440 quoque
1838 2359 1992 2442 proximis

441 2466 552 2523 ceatur
571 2456 716 2521 omnium
738 2457 901 2539 turpitudo
922 2455 1103 2519 libidinum.
1198 2477 1203 2488 ·
1247 2457 1461 2538 ignoscamus,
1492 2475 1552 2520 nec
1581 2457 1777 2520 ulciscamur
1807 2475 1867 2520 nos
1897 2457 1990 2540 ipsos,

481 2557 627 2639 Amplius
642 2556 687 2619 ait
703 2579 710 2618 :
724 2559 925 2633 Insercntem
942 2558 1029 2616 vobis
1043 2556 1193 2633 injurias
1248 2554 1301 2615 scd
1339 2553 1523 2635 patientiam
1558 2553 1742 2618 habeamus
1778 2554 1851 2618 ldeo
1888 2554 1993 2618 docuit

441 2666 540 2735 atque
558 2657 733 2725 molestias,
748 2655 973 2714 consimilibus
988 2655 1097 2730 poenis
1117 2654 1192 2729 affi—
1247 2651 1389 2714 Christus
1409 2670 1466 2715 nos
1488 2653 1530 2715 ita
1553 2653 1676 2716 Patrem
1695 2671 1786 2716 orare
1805 2653 1990 2717 caelestem:

442 2757 514 2815 cite.
531 2753 627 2816 ldiror
641 2753 726 2834 quod
741 2751 852 2815 blabon
874 2752 967 2815 toties
985 2751 1077 2833 jubet
1091 2751 1193 2812 Evan-
1247 2749 1375 2813 Dimitte
1395 2750 1488 2813 nobis
1509 2751 1617 2814 debita
1640 2760 1759 2832 nostra,
1776 2751 1858 2814 sicut
1884 2760 1917 2814 et
1939 2769 1993 2814 nos
2006 2769 2102 2814 varta.

443 2851 526 2932 gelio
546 2850 685 2913 firmiter
702 2850 790 2913 credi
811 2869 848 2912 ac
868 2849 1000 2928 obediri,
1016 2868 1114 2930 quum
1136 2867 1193 2911 sua
1248 2847 1438 2910 dimittimus
1474 2848 1672 2912 debitoribus
1706 2849 1835 2913 nostris.
1867 2848 1994 2932 Oportet
2007 2839 2033 2876 ¹²

443 2941 589 3012 do'ctrina
617 2958 682 3011 tam
710 2947 896 3028 frequenter
922 2966 959 3009 ac
987 2947 1195 3010 vehementer
1248 2964 1306 3009 nos
1332 2945 1438 3026 itaque
1461 2946 1584 3008 Patrem
1610 2947 1695 3010 buno
1717 2947 1845 3027 imitari,
1861 2948 1919 3030 qui
1941 2947 1994 3010 im-

444 3046 617 3130 Evangelio
644 3053 759 3110 exstat·
774 3044 943 3108 contraria.
969 3044 1051 3107 Eooe
1074 3045 1191 3108 etenim
1208 3051 1229 3115 c
1249 3045 1321 3127 piis,
1344 3043 1476 3126 perfidis
1500 3045 1789 3129 ingratissimisque
1812 3046 1994 3109 hominibus

445 3154 599 3229 quantum
628 3145 724 3208 distat
751 3143 885 3207 verbum
917 3143 1002 3206 istud
1030 3164 1048 3207 a
1076 3144 1191 3207 Christi
1248 3151 1294 3206 tot
1321 3142 1404 3205 bona
1432 3143 1575 3225 largitur,
1602 3163 1775 3227 eorumque
1803 3145 1995 3213 emendatio

308 3271 396 3317 uara,
410 3286 432 3323 v,
446 3247 594 3328 dogmate
616 3261 718 3321 sacro,
743 3243 798 3324 qui
823 3243 896 3306 ait:
919 3241 1027 3305 Omnis
1052 3243 1107 3323 qui
1132 3243 1194 3305 ira-
1248 3260 1322 3304 nem
1348 3249 1412 3305 tam
1435 3241 1491 3304 diu
1511 3260 1549 3304 ae
1571 3242 1818 3306 misericorditer
1837 3244 1996 3325 praestola-
2115 3286 2116 3307 r

299 3337 334 3379 ²²·
447 3342 549 3407 scitur
572 3341 664 3404 tratri
686 3359 755 3418 suo,
776 3360 849 3403 reus
870 3340 930 3403 erit
952 3339 1084 3421 judicio.
1102 3341 1194 3403 ltem-
1251 3347 1311 3417 tur,
1327 3339 1554 3421 paenitentibus
1575 3358 1702 3422 quoque
1722 3348 1787 3403 tam
1808 3341 1871 3405 cito
1897 3349 1928 3405 et
1948 3341 1995 3424 pio
2115 3356 2116 3393 3

299 3462 433 3507 omma
447 3460 509 3523 que
530 3464 538 3501 z
558 3438 701 3502 Audistis
724 3437 800 3519 quia
823 3438 946 3500 dictum
970 3446 1019 3500 est
1042 3438 1192 3518 antiquis,
1249 3438 1402 3519 indulget.
1419 3437 1525 3519 ltaque
1541 3438 1674 3501 verbum
1689 3438 1750 3502 boo
1764 3438 1914 3503 Alcorani
1929 3458 1996 3503 con-

446 3538 579 3602 Oculum
595 3555 653 3619 pro
667 3536 773 3613 oculo,
789 3535 916 3599 dentem
931 3537 1097 3617 prodente
1111 3558 1119 3612 3
1135 3554 1194 3617 ego
1250 3535 1382 3598 trarium
1411 3554 1540 3617 prorsus
1574 3544 1623 3599 est
1657 3536 1824 3619 scripturis
1852 3537 1931 3602 novi
1960 3556 1994 3601 ac

446 3645 553 3701 autem
567 3636 640 3700 dico
655 3634 756 3713 vobis,
773 3653 839 3698 uon
859 3634 1007 3697 resistere
1026 3634 1122 3715 malo,
1138 3635 1194 3698 sed
1250 3634 1367 3698 veteris
1388 3634 1592 3699 Testamenti.

447 3735 475 3799 si
494 3734 615 3817 quista
634 3733 828 3816 percusserit
848 3733 882 3796 in
901 3752 998 3796 unam
1018 3733 1191 3813 maxillam,
1290 3734 1462 3811 Postremo,
1480 3734 1513 3795 in
1535 3734 1595 3797 isto
1614 3734 1754 3817 capitulo
1774 3734 1865 3818 quasi
1889 3756 1927 3801 ex
1946 3737 1996 3800 liei

448 3834 553 3918 probe
568 3834 598 3897 ei
614 3840 646 3895 et
664 3831 796 3894 alteram
811 3854 820 3911 3
836 3840 868 3895 et
881 3832 910 3895 ei
929 3832 1069 3913 quivult
1089 3839 1195 3895 tecum
1251 3850 1386 3915 persona
1398 3830 1529 3913 jubetur
1542 3835 1612 3895 :Me
1626 3842 1787 3913 quantum
1798 3844 1996 3912 putrescam

447 3932 566 4015 judicio
589 3929 794 4009 contendere,
809 3938 841 3992 et
864 3930 1005 3992 tunicam
1028 3938 1116 3993 tuam
1137 3929 1197 3993 tol-
1248 3935 1363 4008 plusve
1377 3932 1551 4007 ditipentcs
1564 3932 1788 4009 honorificent.
1805 3932 1926 3998 Sensus
1940 3942 1993 4015 est,

450 4031 525 4109 lere,
541 4030 667 4093 dimitte
681 4028 710 4092 ei
729 4035 762 4091 et
782 4027 913 4109 pallium
927 4050 935 4103 ;
950 4036 983 4091 et
1000 4028 1196 4109 quicumque
1253 4036 1287 4091 ut
1301 4028 1447 4092 homines
1461 4027 1596 4110 diligant
1610 4028 1709 4092 Deum
1723 4036 1845 4093 tantum
1860 4032 1914 4096 vel
1929 4033 1995 4116 plus

448 4136 490 4193 tc‘
507 4125 718 4209 angariaverit
746 4125 834 4188 mille
861 4144 985 4208 passus,
1013 4126 1093 4189 vade
1122 4146 1195 4189 oum
1251 4146 1347 4209 quam
1371 4146 1445 4190 suos
1473 4135 1631 4208 parentes.
1659 4128 1719 4191 Sed
1747 4133 1993 4213 agnoscendum,

448 4244 487 4291 eo
511 4233 543 4289 et
566 4224 630 4287 alia
653 4224 728 4287 duo.
745 4222 827 4287 Ecce
850 4223 954 4304 qualis
979 4232 1028 4287 est
1051 4224 1197 4288 doctrina
1211 4226 1236 4289 u
1250 4224 1335 4305 quod
1360 4241 1424 4286 non
1447 4222 1570 4286 suflicit
1590 4223 1629 4285 ad
1652 4224 1785 4287 salutem
1806 4226 1907 4290 Deum
1928 4228 1995 4291 dili-

448 4323 607 4407 unigeniti
621 4321 692 4385 Filii
707 4322 772 4385 liei.
789 4322 1014 4385 Verumtamen
1033 4323 1094 4385 ista
1111 4323 1197 4386 Chri·
1251 4342 1326 4405 gere
1341 4329 1462 4385 tantum
1477 4330 1631 4402 quantum
1647 4330 1794 4405 parentes
1807 4346 1814 4385 ε
1827 4324 1895 4390 imo
1908 4345 1995 4409 opor

449 4422 491 4487 sti
506 4421 604 4485 verba
618 4439 682 4484 non
697 4428 773 4483 sunt
785 4427 955 4503 precepta,
972 4421 1026 4483 sed
1047 4421 1193 4484 consilia.
1252 4430 1297 4484 tet
1319 4440 1392 4484 eum
1420 4428 1486 4484 toto
1509 4422 1604 4484 corde
1628 4440 1725 4503 super
1746 4422 1856 4487 omnia
1879 4425 1995 4489 incom-

449 4521 579 4586 Sullicit
592 4538 730 4600 namque
749 4518 845 4581 unius
864 4518 1000 4582 maxillae
1019 4519 1198 4601 percussio
1252 4518 1436 4601 parabiliter
1454 4518 1555 4600 magis
1572 4518 1705 4600 diligere
1722 4538 1818 4601 quam
1838 4542 1874 4585 se
1894 4522 1994 4606 ipsum

449 4639 525 4685 nem
544 4617 764 4700 equanimiter
785 4616 889 4694 lerre3
905 4615 1001 4680 aliam
1021 4636 1097 4680 vero
1119 4636 1198 4699 prae-
1253 4625 1416 4698 totumque
1431 4616 1632 4695 universum;
1648 4616 1692 4680 ita
1706 4618 1791 4698 quod
1805 4620 1995 4703 quicumque

450 4719 537 4798 bere,
562 4724 612 4780 est
635 4713 850 4797 porrectionis.
878 4714 938 4777 Sed
967 4732 1032 4777 nou
1059 4714 1135 4777 lieet
1163 4734 1197 4778 se
1252 4734 1325 4777 vere
1340 4714 1443 4795 diligit
1460 4713 1558 4776 Deum
1578 4712 1735 4795 spirituali
1754 4715 1861 4781 inluso
1880 4738 1993 4798 amore,

449 4816 578 4901 propria
606 4813 791 4878 auctoritate
818 4812 959 4876 ulcisci:
989 4812 1053 4876 imo
1081 4812 1196 4895 judici,
1252 4812 1545 4895 incomparabiliter
1563 4812 1635 4895 plus
1656 4812 1761 4895 diligit
1777 4814 1879 4879 Deum
1903 4836 1993 4900 quam

449 4915 505 5001 qui
524 4913 652 4998 publica
676 4912 821 4994 iungitur
840 4911 1040 4990 auctoritate,
1056 4912 1197 4975 vindicta
1251 4932 1285 4975 se
1304 4919 1336 4975 et
1354 4918 1469 4974 cuneta
1493 4910 1588 4974 simul
1609 4919 1714 4974 creata
1730 4935 1737 4973 ε
1753 4912 1826 4995 plus
1840 4915 1995 4998 (inquam)

449 5024 499 5082 cst
518 5011 756 5090 committenda,
769 5010 824 5074 ‘vel
845 5018 974 5093 propter
997 5010 1096 5073 Deum
1120 5017 1197 5074 tota·
1252 5010 1473 5093 approbativa,
1503 5010 1650 5091 quamvis
1681 5029 1744 5074 non
1773 5030 1902 5095 semper
1929 5016 1994 5096 plus

449 5116 523 5179 liter
545 5111 751 5196 ignoscenda.
768 5108 910 5190 Denique
933 5108 1048 5171 Paulus
1070 5118 1197 5190 aposto·
1252 5108 1421 5172 intensive.
1438 5108 1518 5171 Hinc
1537 5106 1669 5172 minima
1691 5108 1805 5176 caritas
1827 5111 1933 5193 maior
1951 5120 1996 5175 est

316 5236 380 5279 aaa.
398 5250 435 5283 m.
449 5215 500 5278 lus
525 5236 533 5274 ε
559 5208 743 5275 Benedicite
770 5208 902 5290 (inquit)
929 5207 1196 5290 persequentibus
1251 5226 1348 5288 quam
1381 5206 1517 5269 maxima
1550 5206 1715 5289 cupiditas.
1744 5206 1828 5271 Deus
1861 5228 1995 5293 namque

303 5302 338 5351 ¹⁴·
352 5298 386 5341 ¹⁷·
449 5330 518 5392 vos,
534 5309 615 5374 nulli
633 5306 755 5373 malum
775 5324 832 5389 pro
850 5307 936 5371 malo
959 5306 1149 5387 reddentes3
1165 5314 1198 5370 et
1252 5304 1583 5389 incomprehensibilis
1616 5311 1648 5369 et
1679 5306 1992 5390 superdignissimus,
