4309 6250
262 505 302 552 ns
324 507 531 556 aucrourrara
552 509 647 558 suum
666 511 834 560 romrmcrs
854 511 892 558 m
913 512 1082 560 amasius
1103 512 1243 574 munau,
1266 513 1355 560 anun
1375 514 1420 560 m.
1442 532 1482 544 -
1502 515 1572 562 aur.
1596 515 1627 561 rr
1661 494 1722 561 did

175 678 508 760 dctPapa,secundum
523 683 604 764 quod
619 701 681 745 una
692 682 834 746 Ecclesia
849 691 923 746 sunt
936 682 962 745 A
977 703 1052 747 vero
1072 684 1215 766 Apostoli
1235 704 1256 747 a
1276 685 1366 748 Petro
1388 684 1523 766 separati
1544 692 1577 746 et
1597 703 1655 766 per
1677 683 1725 747 di·

175 777 236 840 sub
251 779 332 860 ipso,
348 788 380 843 et
395 780 428 842 iu
443 789 597 861 quantum
616 781 797 863 generalem
819 782 923 844 unita-
977 802 1068 845 versa
1088 783 1198 846 mundi
1221 782 1291 848 loca
1310 784 1349 846 ad
1369 783 1607 866 predicendum
1627 781 1724 846 divisi

175 883 240 938 tem
260 877 379 940 habent
396 897 454 960 per
473 887 649 962 respectum
670 881 708 942 ad
726 899 824 943 unum
844 899 922 962 pou·
977 888 1061 958 sunt,
1080 880 1234 964 speciales
1255 881 1316 944 sibi
1338 881 1492 946 dioeceses
1514 888 1589 943 sunt
1609 880 1723 959 sortiti,

175 974 298 1037 tilicem
326 996 497 1059 summum,
514 978 663 1042 videlicet
684 977 810 1060 Papam,
833 979 922 1041 item-
978 987 1072 1060 atque
1098 999 1136 1044 ex
1160 988 1236 1043 tunc
1261 979 1444 1062 episcopale
1468 978 1615 1043 olsrcium
1638 995 1725 1042 exer

174 1092 237 1154 que
258 1081 353 1156 pmut
375 1077 569 1139 reducuntur
589 1077 629 1140 ad
651 1076 756 1159 ipsum
779 1077 861 1140 sicut
882 1079 920 1140 ad
978 1084 1123 1140 cuerunt.
1140 1077 1228 1140 Unde
1243 1097 1282 1140 ex
1300 1079 1362 1141 boc
1382 1085 1487 1160 potest
1500 1077 1625 1156 inferri,
1641 1078 1725 1159 quod

175 1180 272 1254 caput
299 1193 410 1236 unum.
442 1175 501 1238 Sed
530 1175 654 1238 nullum
682 1177 796 1241 borum
824 1176 920 1238 trium
977 1175 1056 1238 dieti
1088 1175 1230 1258 Apostoli
1263 1175 1351 1259 prius
1386 1175 1516 1240 luerunt
1548 1175 1726 1239 cardinales

174 1273 325 1334 convenit
344 1272 492 1336 omnibus
511 1273 737 1338 ecclesiasticis
751 1293 922 1357 congrega·
978 1293 1073 1355 qnam
1089 1273 1241 1357 episcopi,
1249 1295 1306 1339 seu
1316 1276 1401 1357 quod
1416 1276 1503 1357 prius
1517 1282 1726 1338 exercuerunt

174 1370 315 1434 tionibus
330 1381 485 1453 quantum
499 1372 539 1434 ad
553 1372 680 1454 Papam,
697 1374 759 1436 nisi
775 1373 807 1436 in
823 1393 922 1455 quan·
978 1371 1191 1435 cardinalatus
1206 1373 1419 1436 ministerium
1434 1393 1528 1456 quam
1544 1372 1725 1456 episcopale

175 1479 244 1532 tum
273 1471 470 1551 conjunctim
494 1479 673 1534 sumuntur.
699 1471 781 1553 Ergo
810 1472 866 1535 toti
891 1481 923 1536 et
978 1469 1136 1534 cilicium.

174 1568 348 1632 universali
377 1567 525 1632 Ecclesia
549 1569 746 1650 conjunctim
775 1571 923 1653 prasidet
1017 1567 1170 1632 Praeterea
1193 1569 1305 1632 scribit
1328 1569 1382 1633 bic
1405 1571 1517 1634 doctor
1540 1568 1621 1632 libro
1647 1587 1725 1650 pra-

174 1665 269 1747 ipse:
286 1665 461 1747 presertim
480 1685 578 1748 quum
599 1668 861 1751 congregationes
875 1669 924 1731 di·
977 1674 1061 1730 ueto
1078 1690 1085 1729 :
1102 1667 1191 1731 Sicut
1208 1666 1317 1730 Petrus
1335 1668 1425 1750 prius
1443 1666 1504 1730 luit
1523 1667 1605 1750 Papa
1623 1666 1723 1748 orbis,

174 1783 275 1826 versa
297 1783 362 1826 non
383 1765 578 1828 constituant
598 1785 696 1828 unum
719 1784 834 1848 eorpus
856 1787 923 1850 my·
978 1765 1010 1828 id
1035 1774 1084 1828 est
1107 1765 1295 1829 universalis
1319 1765 1480 1844 Ecclesia,
1504 1785 1600 1848 quam
1624 1766 1722 1844 urbis,

174 1862 292 1925 sticum
322 1863 380 1925 sub
409 1862 513 1945 eapite
541 1879 605 1926 uuo
634 1864 694 1926 nisi
725 1863 960 1946 conjunctimB
979 1871 1056 1946 puta
1082 1863 1230 1927 llomana
1257 1863 1429 1943 Ecclesiae3
1449 1864 1497 1927 sic
1524 1873 1557 1927 et
1582 1865 1726 1948 Apostoli

174 1960 384 2042 accipiantur,
401 1961 484 2023 sicut
505 1980 565 2024 nec
581 1961 672 2042 plura
693 1965 836 2027 membra
852 1964 924 2027 elli·
979 1962 1068 2044 prius
1093 1960 1225 2026 inerunt
1245 1963 1422 2027 cardinales
1443 1963 1529 2026 orbis
1552 1983 1648 2045 quam
1669 1963 1726 2026 ali-

173 2060 264 2122 ciunt
290 2077 389 2121 unum
418 2077 532 2141 corpus
562 2061 704 2124 naturale
732 2061 794 2124 nisi
827 2061 922 2125 simul
978 2059 1034 2141 qui
1055 2059 1172 2122 lierent
1187 2061 1364 2124 cardinales
1385 2061 1485 2140 urbis,
1498 2081 1555 2124 seu
1576 2061 1727 2125 Ecclesia

175 2165 318 2239 accepta,
334 2158 603 2239 quemadmodum
626 2159 658 2220 iu
684 2161 825 2223 secundo
846 2179 923 2243 opu·
979 2157 1183 2222 llomanaEt
1197 2159 1230 2222 in
1245 2160 1373 2242 signum
1386 2159 1484 2241 hujus
1498 2159 1726 2240 distinctionis,

174 2255 265 2320 sculo
279 2254 431 2319 dillusius
446 2257 613 2339 probatum
628 2258 787 2322 recordor.
796 2258 924 2341 Propter
980 2256 1013 2318 in
1037 2257 1225 2320 investitura
1248 2265 1382 2339 papatus
1407 2257 1524 2321 dicitur
1548 2259 1639 2341 Papa
1656 2281 1662 2319 :
1679 2258 1728 2320 lu-

174 2355 261 2435 quod
287 2355 329 2416 ait
352 2354 480 2418 Boetius
504 2379 510 2417 :
534 2355 568 2417 ln
594 2355 721 2419 entibus
746 2357 923 2439 aggregatis
980 2353 1081 2415 vestio
1110 2361 1140 2415 te
1167 2355 1207 2416 de
1235 2362 1353 2435 papatu
1380 2353 1534 2434 llomano,
1555 2362 1591 2417 ut
1617 2354 1728 2435 praeis

174 2453 252 2515 unio
280 2461 328 2514 est
357 2451 468 2516 lorma.
495 2452 589 2517 Porro
616 2473 635 2516 n
662 2454 765 2518 lorma
793 2473 921 2535 nomen,
979 2451 1052 2514 Urbi
1071 2459 1105 2514 et
1122 2450 1208 2515 Orbi.
1224 2452 1258 2515 ln
1279 2459 1413 2533 utraque
1431 2460 1537 2514 autem
1558 2451 1729 2534 prasiden-

174 2550 256 2613 ratio
271 2550 456 2632 speciesque
471 2553 839 2631 sumuntur,secundum
854 2553 924 2634 pbi-
980 2551 1023 2613 tia
1051 2549 1209 2612 adsistunt
1235 2549 1326 2632 Papa
1357 2550 1547 2628 cardinales,
1577 2558 1727 2631 anquam

178 2649 341 2732 losopbos.
979 2648 1136 2730 speciales
1150 2648 1253 2729 ipsius
1267 2648 1440 2732 adjutores,
1456 2649 1528 2711 vice
1547 2655 1579 2711 et
1599 2649 1728 2712 nomine

980 2755 1044 2810 tam
1064 2747 1214 2810 Romanae
1236 2766 1331 2829 quam
1354 2747 1544 2811 universalis
1565 2746 1725 2811 Ecclesia.

978 2845 1052 2908 ldeo
1072 2846 1155 2927 Papa
1170 2853 1243 2908 ante
1258 2864 1348 2908 suam
1368 2845 1640 2908 consecrationem
1656 2864 1728 2927 pro

387 2949 631 3014 ARTICULUS
656 2950 713 3014 IV.
979 2944 1064 3007 litori
1079 2943 1174 3007 debet
1189 2952 1306 3006 sancta
1319 2944 1467 3006 llomana
1482 2943 1644 3022 Ecclesia,
1661 2962 1727 3006 car-

393 3101 398 3112 .
700 3101 705 3114 .
943 3042 1136 3106 Gdinalium
1151 3061 1321 3118 consensu,
1337 3041 1513 3104 directione
1526 3048 1557 3104 et
1573 3060 1728 3105 remeam-

170 3097 924 3169 Demonstrattoeurumdemveritatum,etde
1031 3141 1036 3152 ·
1166 3140 1172 3153 -
1200 3140 1207 3153 ·
1278 3140 1284 3152 ·

210 3191 459 3267 pretationem
475 3190 727 3264 praeminentia
746 3190 926 3249 beatissimi
980 3150 1102 3204 mmo
1131 3148 1351 3250 mmmmm.
1372 3159 1465 3201 suum
1493 3158 1603 3250 gosem
1632 3148 1726 3221 atque

979 3257 1142 3322 peragere,
1167 3246 1203 3299 ut
1229 3245 1316 3320 patet
1343 3258 1375 3299 ru
1405 3236 1604 3319 professione
1630 3257 1725 3319 quam

214 3279 313 3342 Petri
331 3288 563 3353 superaeteros
577 3266 755 3353 Apostolos,
770 3288 801 3337 ct
818 3280 924 3358 quali·
1048 3337 1054 3349 ,
1114 3336 1120 3348 ,
1231 3336 1237 3349 ,

214 3379 264 3428 ,er
287 3368 416 3427 domini
438 3368 625 3426 cardinale,
644 3370 820 3427 succedunt
839 3370 923 3443 Apo,
978 3336 1162 3400 Bomlaems
1178 3336 1255 3399 lecit
1267 3345 1409 3400 octavus.
1425 3337 1532 3417 ltaque
1548 3354 1638 3399 sacro
1660 3337 1726 3400 col-

214 3458 317 3523 stolis,
337 3474 379 3514 ecc
402 3456 501 3515 dictis
524 3456 668 3529 ejusdem
693 3457 845 3525 doctoris,
869 3476 924 3515 re·
981 3434 1559 3517 1θὸῙοΜῐῖὓθθθῃθωίᾹΡθῧῑθῙθΓυῐῃ
1584 3435 1727 3497 ⁸⁰⁰⁰⁰dil

207 3547 268 3623 jaas
287 3546 411 3620 scripte
425 3545 546 3603 calesti
565 3546 760 3603 revelatione
777 3545 867 3620 sacta
884 3547 924 3603 dc
980 3534 1013 3597 in
1041 3534 1154 3597 ordine
1179 3533 1366 3596 hierarchia
1399 3532 1570 3615 collegium
1598 3552 1723 3595 sacrum

213 3638 249 3695 S.
267 3636 366 3695 Clara
380 3634 646 3693 corroborantur.
979 3632 1197 3709 cardinalium,
1221 3632 1369 3694 videlicet
1392 3640 1544 3712 quantum
1568 3631 1607 3693 ad
1633 3630 1724 3694 illum
1791 3636 1796 3645 ‘

978 3739 1093 3793 statum
1109 3749 1173 3812 quo
1188 3730 1329 3811 Apostoli
1344 3730 1539 3792 adsistebant
1552 3730 1653 3806 Petro,
1669 3748 1725 3790 an-

246 3829 367 3893 URSUS
393 3829 426 3890 in
451 3828 533 3892 libro
557 3828 596 3891 de
621 3827 845 3893 Ecclesiastico
868 3849 924 3911 po
980 3838 1105 3911 tequam
1121 3839 1310 3910 postcomm
1325 3828 1513 3891 divisionem
1528 3826 1644 3890 fierent
1658 3846 1725 3909 par-

260 3934 373 3991 testate
401 3928 509 3991 Petrus
535 3927 573 3989 de
599 3926 719 3991 Alliaco
744 3926 886 3990 allirmat
913 3952 920 3990 ι
978 3927 1160 3990 ticularium
1188 3926 1403 3990 Ecclesierum
1431 3923 1598 4008 episcopi3
1628 3926 1721 3988 statui

172 4026 404 4091 Ecclesiastiea
431 4033 612 4107 potestates,
637 4024 761 4087 scilicet
790 4037 922 4108 papatus
977 4035 1083 4089 autem
1107 4026 1329 4107 Apostolorum
1355 4024 1568 4105 inquantum
1595 4022 1724 4087 luerunt

172 4136 204 4191 et
219 4124 446 4202 cardinalatus,
463 4124 496 4185 iu
512 4123 670 4206 Apostolis
686 4122 920 4205 pralulserunt,
977 4124 1132 4206 episcopi,
1152 4123 1295 4186 succedit
1308 4123 1385 4186 ordo
1401 4123 1641 4204 episcoporum3
1654 4142 1725 4203 sep

172 4234 251 4308 puta
273 4225 307 4286 iu
328 4224 419 4287 Petro
440 4222 562 4305 papalis
583 4222 732 4303 dignitas,
749 4223 827 4286 etin
851 4224 921 4287 aliis
938 4226 963 4289 l)
979 4224 1122 4305 tuaginta
1146 4240 1221 4284 vero
1246 4221 1413 4302 discipulis
1437 4222 1612 4284 succedunt
1636 4240 1724 4302 pres-

172 4322 334 4405 Apostolis
357 4320 458 4403 ipsius
483 4320 696 4383 cardinalatus
721 4322 891 4385 auctoritas
913 4346 919 4384 :
978 4323 1091 4405 byteri.
1109 4320 1153 4383 Ea
1172 4320 1378 4401 praiuductis
1398 4320 1495 4381 infert
1516 4319 1567 4381 bic
1587 4321 1721 4383 doctor:

171 4422 260 4504 quia,
275 4428 309 4484 ut
328 4427 415 4501 petet
433 4439 470 4482 ex
491 4418 626 4481 decursu
641 4420 776 4483 Actuum
792 4421 922 4503 Aposto-
977 4421 1021 4483 Ex
1036 4420 1086 4481 his
1108 4419 1263 4500 sequitur,
1280 4419 1363 4499 quod
1385 4418 1424 4479 ad
1440 4418 1599 4480 Romanos
1620 4418 1725 4481 Ponti·

172 4522 277 4585 lorum
304 4519 438 4599 aliisque
460 4516 685 4580 ecclesiasticis
707 4518 860 4597 historiis,
877 4528 922 4582 at·
977 4518 1057 4581 sices
1082 4515 1239 4599 pertineat
1262 4514 1429 4596 episcopos
1453 4514 1619 4594 ordinare3
1640 4517 1724 4579 nude

171 4639 235 4701 que
260 4624 442 4680 sauctorum
467 4615 594 4677 Patrem
619 4616 765 4697 decretis,
781 4626 854 4681 ante
875 4619 921 4680 di·
977 4625 1008 4678 et
1032 4617 1140 4678 Petrus
1165 4615 1282 4676 multos
1306 4614 1339 4675 in
1363 4613 1461 4675 Roma
1479 4615 1640 4678 ordinavit
1658 4616 1725 4697 epi-

172 4716 329 4781 visionem
344 4713 567 4799 Apostolorum
590 4714 650 4797 ipsi
670 4716 812 4796 Apostoli
832 4717 920 4780 Petro
976 4733 1102 4796 scopos,
1128 4732 1208 4795 quos
1231 4713 1271 4775 ad
1297 4712 1365 4775 loca
1389 4712 1514 4776 diversa
1540 4714 1666 4795 direxit,
1693 4723 1725 4777 et

70 4832 158 4887 mapa
171 4826 325 4899 tanquam
348 4812 547 4897 principale*
561 4814 682 4893 gerenti
706 4814 851 4877 cilicium
868 4817 921 4878 ad·
975 4817 1014 4877 de
1035 4813 1170 4877 consilio
1189 4812 1410 4893 Apostolorum
1430 4812 1581 4876 Jacobum
1601 4815 1724 4877 leroso-

172 4916 332 4990 stitemnt‚
350 4922 499 4993 tanquam
519 4910 731 4974 cardinalatus
752 4912 922 4976 ministeri-
976 4914 1132 4995 lymerum
1157 4909 1318 4973 ordinavit
1340 4910 1538 4992 episcopum.

173 5034 229 5077 nm
244 5018 438 5091 exercentes,
455 5010 536 5073 sicut
551 5028 637 5073 nunc
656 5010 745 5091 Papa
765 5010 922 5075 adsistunt
1017 5012 1150 5091 lnsuper
1163 5008 1274 5071 scribit
1288 5007 1339 5069 bic
1355 5008 1465 5071 doctor
1478 5032 1485 5071 :
1497 5009 1637 5089 Apostoli
1655 5028 1723 5090 pos

173 5110 365 5187 cardinales,
382 5116 532 5190 tauquam
548 5107 650 5191 ipsius
667 5108 859 5191 principales
874 5131 923 5173 as·
977 5116 1050 5171 sunt
1065 5107 1235 5189 tripliciter
1248 5105 1452 5169 considerari.
1464 5106 1578 5185 Primo,
1590 5116 1625 5169 ut
1638 5107 1723 5171 Chri·

173 5227 315 5272 sessores
339 5215 372 5269 et
394 5206 566 5270 consiliarii
591 5215 622 5269 et
646 5216 866 5289 cooperatores
889 5210 921 5271 in
977 5216 1025 5271 sto
1053 5204 1296 5289 presentialiter
1326 5204 1515 5267 adstiterunt
1546 5213 1618 5267 ante
1651 5207 1722 5288 ejus

174 5305 332 5389 regimine
357 5304 546 5369 universalis
570 5304 732 5369 Ecclesia.
754 5306 921 5389 Postquam
978 5305 1208 5370 ascensionem.
1227 5302 1383 5381 Secundo,
1406 5311 1441 5365 ut
1461 5302 1649 5366 adstiterunt
1668 5304 1721 5369 Pe
