4309 6250
491 511 611 560 comm
630 511 799 559 ιιιιιιιιιι
818 511 990 573 maome,
1012 510 1102 558 ιιιιι
1123 511 1157 558 ιι.
1180 527 1220 542 -
1239 509 1310 558 ιιι.
1333 508 1398 556 nn
1660 485 1717 554 stt

174 683 328 766 populum
356 703 450 746 suum
477 683 517 746 ad
544 683 750 766 praedandum
777 689 811 746 et
835 680 921 746 occi·
934 681 960 746 Α
975 681 1036 746 hoc
1060 680 1217 765 permisit,
1242 679 1410 744 affirmans
1433 685 1542 744 coacta
1569 675 1722 760 obsequia

173 782 315 845 dendnm
337 780 519 846 incredulos
544 801 609 846 sua
632 780 705 863 legi.
720 779 756 844 ln
774 799 838 863 quo
857 779 920 842 sihi
975 779 1039 844 lieo
1060 797 1124 844 non
1145 797 1216 843 esso
1238 784 1379 862 accepta.

175 881 237 964 ipsi
263 880 444 945 contrarius
466 881 711 945 demonstratur.
732 878 865 962 Nempe,
885 885 921 940 ut
1014 878 1238 942 Verumtamen
1263 875 1429 941 christiani
1454 876 1599 940 doctores
1622 873 1724 938 laten·

120 1013 160 1044 m.
173 985 294 1043 tactum
312 979 471 1060 existimo,
486 987 600 1061 quarto
613 977 761 1042 hloorani
780 976 921 1060 capitulo
974 985 1037 1056 tur,
1052 975 1137 1058 quod
1159 974 1298 1038 haeretici
1319 983 1413 1056 atque
1434 993 1453 1036 ι
1474 972 1539 1036 fide
1560 979 1722 1056 apostata,

172 1077 314 1139 dicitur:
339 1078 411 1140 Vim
433 1095 639 1156 nequaquem
659 1085 797 1153 propter
820 1080 920 1154 tepent
975 1073 1031 1157 qni
1059 1074 1159 1138 fidem
1190 1073 1288 1137 semel
1322 1080 1525 1154 acceperunt,
1554 1072 1594 1135 sd
1622 1070 1723 1134 fidem

173 1177 344 1252 inferatis,
358 1195 460 1254 quum
484 1183 573 1234 recto
593 1193 765 1254 pravaque
788 1176 843 1234 nia
861 1193 920 1252 po·
976 1172 1110 1255 cogendi
1126 1180 1200 1235 sunt
1216 1195 1223 1235 ι
1240 1179 1396 1253 quatenns
1409 1170 1495 1251 quod
1509 1169 1724 1252 promiserunt

173 1276 301 1350 tesoetae
315 1275 394 1334 sint.
406 1271 446 1335 Et
457 1271 534 1336 item
548 1272 662 1353 quinto
675 1271 814 1354 capitulo
828 1271 919 1354 qussi
976 1270 1041 1335 heo
1067 1279 1100 1334 et
1127 1276 1331 1352 acceperunt,
1351 1268 1488 1332 tenendo
1516 1266 1720 1348 adimpleant.

172 1389 211 1434 ex
229 1371 285 1434 Dei
305 1389 443 1453 persona
460 1369 579 1433 dicitnr
595 1367 771 1433 llahometo
787 1393 794 1432 :
813 1374 919 1432 Tuum
976 1368 1246 1444 Quemadmodum
1262 1385 1400 1448 namque
1415 1384 1531 1430 vovere
1550 1371 1599 1428 est
1612 1363 1724 1428 volun-

171 1480 217 1530 est
232 1489 304 1530 mea
314 1478 478 1546 praecepto
488 1470 642 1546 pentibus
654 1471 852 1530 solummodo
863 1487 920 1546 po·
976 1467 1061 1546 tatis,
1082 1466 1213 1531 reddere
1238 1473 1355 1545 auum,
1376 1463 1575 1528 necessitatis
1588 1486 1596 1542 ;
1613 1463 1659 1527 sic
1683 1463 1724 1526 fi·

172 1569 323 1644 sefacere.
333 1567 516 1647 flumusque
530 1566 670 1648 capitulo
684 1565 917 1630 nonodecimo:
976 1567 1049 1630 dem
1074 1565 1248 1647 suscipere,
1267 1563 1439 1628 voluntatis
1461 1571 1521 1642 est,
1542 1569 1722 1644 susceptam

170 1667 213 1728 Si
229 1669 319 1727 Deris
337 1668 444 1734 veliet,
459 1684 568 1726 omnes
586 1665 714 1724 terreni
731 1667 831 1726 simiai
854 1685 921 1726 cre-
976 1683 1053 1728 vero
1072 1673 1191 1740 tenere,
1209 1661 1417 1726 necessitatis.
1433 1659 1538 1725 Nihilo
1557 1660 1665 1722 minus
1679 1660 1722 1722 ·hi

170 1766 298 1822 derent.
314 1765 369 1824 An
385 1771 422 1823 tu
433 1765 604 1840 pentesad
619 1765 719 1840 fidem
733 1771 764 1822 et
777 1765 921 1824 creduli·
976 1763 1031 1845 qui
1055 1761 1154 1825 fidem
1178 1779 1341 1842 nunquam
1367 1757 1503 1842 professi
1528 1765 1614 1837 sunt,
1636 1775 1724 1822 coer-

172 1870 271 1920 totem
280 1879 394 1937 cepere
403 1861 524 1932 studes,
532 1879 634 1940 pisum
644 1863 921 1922 nisiDeoeotente
938 1859 1070 1926 licendi
1086 1869 1160 1923 sunt
1174 1879 1214 1924 ne
1233 1858 1331 1922 fidem
1351 1857 1486 1922 aliorum
1506 1864 1722 1938 corrumpant,

170 1978 264 2019 nemo
278 1961 413 2018 credere
431 1961 543 2035 possit,
557 1961 618 2038 qui
631 1963 733 2018 maios
753 1967 851 2039 atquc
869 1961 921 2020 in·
976 1967 1032 2023 ant
1044 1960 1115 2042 ejus
1129 1957 1336 2022 diffusionem
1351 1957 1597 2039 impediant,aut
1610 1955 1724 2019 fideles

169 2059 322 2118 credulos
350 2056 387 2116 in
416 2076 476 2117 sno
505 2060 601 2117 sorde
622 2059 792 2117 dimittit?
814 2060 921 2119 Tuum
976 2058 1180 2122 molestent:
1207 2056 1262 2138 qui
1288 2064 1394 2119 tamen
1419 2053 1446 2117 si
1471 2054 1548 2117 victi
1577 2053 1725 2136 captique

170 2175 236 2216 non
256 2164 306 2215 est
325 2156 394 2215 nisi
414 2157 567 2234 injuncta
586 2157 657 2215 iliis
675 2158 842 2219 nuntiare.
860 2157 921 2220 Sed
977 2157 1108 2236 fuerint,
1133 2174 1198 2220 non
1226 2154 1462 2238 compelluntur
1485 2154 1524 2215 ad
1555 2151 1675 2228 fidcm3
1699 2151 1726 2214 si

170 2262 203 2316 et
225 2252 370 2334 capitulo
390 2251 546 2316 uicesimo
567 2261 680 2335 quarto
696 2256 846 2317 :Nuntio
859 2255 922 2334 (in-
977 2274 1053 2320 vero
1077 2253 1220 2336 prebent
1240 2273 1274 2316 se
1295 2254 1335 2316 ad
1357 2251 1455 2314 fidem
1479 2258 1616 2334 paratos,
1634 2249 1726 2312 mise-

170 2350 252 2433 quit)
281 2353 333 2412 nit
360 2353 457 2412 aliud
483 2353 603 2412 attinet
631 2353 701 2412 nisi
722 2364 922 2430 preceptum
977 2353 1143 2417 ricorditer
1157 2370 1231 2414 cnm
1246 2350 1293 2414 eis
1307 2350 1466 2431 agendum
1481 2355 1540 2427 est,
1553 2357 1588 2411 ut
1602 2346 1727 2411 scilicet

170 2448 293 2526 cuique
309 2447 460 2523 pentinm
483 2449 660 2524 applicare.
677 2447 822 2530 Capitulo
845 2467 923 2531 qno
977 2453 1017 2515 ad
1046 2450 1145 2513 fidem
1175 2447 1403 2532 suscipiantur,
1430 2447 1532 2530 magis
1559 2465 1654 2528 qnam
1684 2445 1726 2508 ri-

170 2564 232 2627 que
248 2543 405 2608 vicesimo
419 2544 523 2628 primo
543 2544 636 2627 quasi
657 2563 695 2608 ex
719 2545 783 2610 Deo
806 2547 925 2611 dicitnr
977 2567 1091 2633 goroso
1113 2555 1277 2612 necentur.

169 2643 283 2706 lfahon
301 2644 390 2705 :Nos
402 2663 467 2703 non
483 2645 634 2704 misimus
648 2652 678 2703 te
695 2647 859 2706 custodem
873 2650 924 2706 oei

168 2751 350 2802 coactos-em
377 2741 638 2818 dipredientium
666 2762 687 2801 a
711 2745 789 2819 iope.
817 2746 923 2804 Trium

169 2842 259 2900 enim
288 2858 355 2899 non
378 2847 425 2898 est
447 2839 517 2898 nisi
546 2847 676 2900 tontum
700 2859 769 2900 rem
793 2861 922 2902 ennun-
1160 2819 1405 2886 ARTICULUS
1427 2820 1538 2884 XXII·

170 2939 268 2997 isare·
1026 2963 1147 3022 Contra
1159 2961 1322 3038 perfidias
1341 2960 1508 3019 undecimi
1524 2960 1679 3035 capituli,

199 3034 295 3098 'Ecce
326 3033 453 3115 ¹1⁰0inss
487 3051 648 3115 qnimqufl
682 3035 921 3100 &Vidfflfissfme
940 3039 1128 3112 Gnideticet
1157 3051 1244 3130 quod
1267 3049 1417 3110 Christus
1441 3067 1506 3108 non
1533 3049 1576 3108 sit
1598 3067 1725 3126 possus.

170 3134 320 3197 eamdem
334 3131 426 3214 ponit
446 3133 624 3215 repetitque
643 3134 845 3197 sententiam.
861 3135 924 3198 Gur

171 3251 249 3314 ergo
277 3230 455 3315 saepissime
483 3240 594 3295 eontra
620 3250 691 3295 eam
715 3233 859 3296 hortatur
882 3234 922 3297 ad
1048 3238 1186 3313 ENIQUE
1211 3237 1244 3300 in
1269 3237 1330 3300 isto
1355 3234 1399 3299 ait
1422 3236 1563 3319 capitulo
1587 3236 1724 3300 lishon:

172 3329 416 3414 predationem,
445 3329 625 3412 ceptionem
653 3338 686 3393 et
716 3332 923 3413 expugnatio·
1059 3338 1170 3401 Jndoei
1196 3338 1317 3398 Merite
1345 3336 1576 3411 blasphemiam
1604 3344 1634 3395 et
1667 3336 1726 3395 im-

172 3446 247 3490 ιιθιιι
271 3426 510 3490 odvesstssffssm
534 3446 599 3490 8¹1ae
623 3427 871 3510 legi‚i1utfem¹⁸
893 3428 922 3491 ei
977 3440 1179 3498 moderatam
1203 3434 1433 3495 contumeliam
1454 3433 1618 3508 inserunt,
1631 3452 1726 3512 seque

173 3526 224 3589 vel
239 3527 374 3589 credant
391 3533 445 3588 sut
463 3526 688 3589 devastenturl
702 3525 727 3589 0
740 3546 835 3609 qnam
855 3527 923 3589 lon·
978 3535 1144 3595 cinerum
1174 3533 1294 3593 hilariae
1320 3531 1443 3607 fitium,
1469 3530 1532 3591 Dei
1560 3532 1726 3599 nuntium,

173 3644 212 3707 ge
235 3634 287 3689 est
313 3624 374 3687 ista
400 3623 577 3688 exhortatio
600 3644 619 3687 ι
639 3624 785 3688 doctrina
807 3624 921 3687 Christi
973 3632 1148 3709 peremisse
1159 3630 1341 3705 perhibent.
1351 3629 1417 3689 Sed
1427 3646 1630 3707 nequequam
1645 3646 1726 3697 euno

173 3722 463 3807 Apostolommqnc
477 3721 565 3804 ejnsl
581 3721 684 3797 Quum
698 3723 784 3786 enim
799 3732 925 3807 aposlo-
978 3732 1034 3790 sed
1056 3729 1111 3789 sui
1133 3728 1273 3787 similem
1298 3727 1537 3802 suspendentes,
1559 3725 1728 3801 interfece-

173 3823 225 3885 lns
250 3820 388 3884 Jacohns
418 3808 650 3903 Hermogenem
678 3840 806 3903 ιιιιςιιιιι
835 3822 925 3903 peni·
980 3836 1060 3889 runt
1070 3848 1084 3896 ,·
1099 3830 1185 3889 Deus
1201 3842 1275 3885 cero
1291 3844 1363 3884 enm
1378 3824 1423 3883 ad
1441 3842 1473 3883 se
1488 3824 1728 3900 transmiprore

175 3929 227 3983 tus
245 3918 448 3984 confudisset
465 3938 502 3982 ac
526 3928 718 4001 superasset,
733 3938 798 3983 non
819 3929 924 3983 tamen
978 3928 1069 4004 feeit.
1096 3923 1248 4004 Denique,
1271 3920 1400 4003 quidam
1428 3919 1510 3983 inter
1538 3920 1727 3985 Sarracenos

175 4019 283 4102 coegit
309 4036 384 4081 eum
411 4018 452 4081 ad
479 4016 591 4097 fidem,
620 4018 676 4081 sed
703 4018 780 4081 dixit
806 4042 813 4081 ε
841 4018 926 4081 Vade
979 4023 1035 4085 diu
1059 4029 1211 4099 moratus,
1228 4021 1325 4083 refert
1348 4020 1432 4101 quod
1456 4018 1622 4082 Sarraceni
1643 4038 1728 4082 asse

176 4118 258 4181 liber
278 4134 482 4198 quocumque
503 4114 664 4191 uolneris3
680 4134 744 4180 non
768 4125 817 4180 est
839 4118 926 4180 enim
982 4130 1064 4201 rant,
1080 4121 1186 4183 lesum
1202 4120 1355 4200 horaque
1374 4137 1447 4181 eum
1467 4118 1565 4180 Judtei
1586 4136 1729 4201 compre

176 4214 357 4299 discipline
381 4222 498 4277 nostra
518 4221 555 4277 nt
572 4215 693 4278 invitus
713 4215 829 4297 aliquis
851 4234 927 4279 con·
942 4218 968 4282 h
981 4220 1120 4283 hendere
1135 4217 1315 4296 volucrunt,
1327 4216 1472 4299 posuisse
1486 4214 1624 4298 figuram
1639 4234 1729 4279 susm

176 4323 331 4377 vertatur.
354 4312 509 4394 Denique,
534 4312 636 4376 saneti
660 4314 795 4397 apostoli
818 4314 926 4378 Simon
983 4319 1016 4381 in
1030 4317 1142 4381 ludam
1158 4314 1351 4397 proditorem
1366 4338 1373 4376 :
1387 4314 1495 4395 sicque
1510 4314 1607 4379 iudaei
1622 4315 1729 4378 Jcsnm

176 4421 208 4477 et
231 4414 340 4493 ludas,
355 4431 454 4495 quum
478 4413 559 4477 duos
582 4412 795 4495 nequissimos
818 4433 927 4496 magos
982 4436 1096 4498 capere
1111 4413 1316 4491 estimantes,
1329 4413 1440 4476 iudam
1456 4421 1619 4495 ceperunt,
1636 4413 1730 4494 eique

178 4532 287 4577 coram
326 4511 477 4575 omnihus
516 4511 744 4590 convicissent,
780 4512 930 4576 dixerunt
983 4515 1160 4577 intulerunt
1181 4512 1334 4594 quidquid
1356 4512 1429 4575 lesu
1454 4531 1488 4574 se
1507 4512 1626 4575 inferre
1640 4521 1730 4596 puts-

165 4612 302 4695 ‚eisdem
329 4634 337 4673 :
362 4608 431 4673 Non
454 4610 604 4692 dignatur
627 4610 710 4673 flens
737 4620 846 4673 coacta
874 4612 929 4673 ha·
983 4615 1071 4677 hant.
1088 4611 1167 4675 Huic
1192 4610 1278 4674 dicto
1303 4610 1476 4675 concordat
1499 4612 1584 4693 quod
1608 4612 1641 4674 in
1666 4610 1729 4675 alio

177 4710 255 4773 here
276 4708 428 4786 servitia3
445 4708 566 4772 idcirco
588 4708 701 4771 habete
727 4708 861 4773 liberam
883 4710 929 4773 fa·
983 4713 1131 4775 Aleorani
1165 4710 1306 4793 capitulo
1340 4710 1494 4791 scriptum
1527 4718 1586 4790 est,
1620 4718 1729 4791 utpote

179 4809 331 4871 cultatem
345 4806 485 4870 faciendi
499 4806 583 4888 quod
598 4806 707 4870 vultiS.
723 4808 812 4885 llam,
828 4827 928 4889 quum
982 4810 1067 4894 quod
1081 4812 1192 4871 leuitet'
1208 4812 1285 4871 Jesu
1305 4810 1447 4869 illudere
1466 4810 1675 4878 (estimantes,
1689 4811 1730 4868 ab

180 4908 211 4970 S.
242 4906 396 4969 silvester
427 4904 670 4969 Constantinum
705 4906 927 4987 imperatorem
984 4914 1052 4986 ipso
1064 4911 1175 4985 potins
1189 4918 1266 4967 sient
1282 4909 1385 4967 itinsi.
1403 4905 1442 4969 Et
1455 4924 1530 4967 ecce
1544 4923 1638 4987 quam
1654 4905 1731 4968 stul-

180 5004 393 5069 oonvertisset
405 5003 445 5067 sd
459 5002 627 5081 Christum,
635 5022 695 5067 nec
710 5012 813 5067 umen
827 5006 929 5070 adhuc
984 5015 1052 5069 tum
1073 5004 1295 5069 mendaciuml

180 5104 298 5185 aliquis
313 5110 495 5167 senatorum
514 5102 727 5165 Romanorum
743 5103 840 5167 vellet
854 5122 929 5167 con·
1024 5104 1048 5167 Ο
1072 5103 1185 5167 infelix
1209 5111 1241 5165 et
1264 5102 1460 5165 detestabilis
1485 5102 1607 5177 lishon,
1633 5120 1732 5182 quan-

182 5202 379 5283 veniatque
392 5200 435 5263 oh
449 5200 481 5263 id
496 5200 669 5283 imperator
679 5200 930 5283 indignans,om-
986 5211 1052 5265 tum
1077 5202 1144 5264 haec
1166 5200 1337 5263 asserendo
1358 5198 1521 5263 offendisti
1544 5216 1608 5261 non
1630 5199 1732 5261 solnm

182 5320 240 5365 nes
256 5298 523 5379 velletoccidere,
539 5298 570 5363 S.
583 5298 931 5365 Silvesternullatenns
988 5301 1100 5381 Deum
1122 5301 1177 5363 sed
1200 5308 1232 5362 ct
1255 5298 1434 5363 Gabrielem
1458 5296 1618 5380 angelum,
1639 5315 1735 5380 quem
1757 5318 1760 5323 ·
