<?xml version="1.0" encoding="UTF-8"?>
<!DOCTYPE html PUBLIC "-//W3C//DTD XHTML 1.0 Transitional//EN"
    "http://www.w3.org/TR/xhtml1/DTD/xhtml1-transitional.dtd">
<html xmlns="http://www.w3.org/1999/xhtml" xml:lang="en" lang="en">
 <head>
  <title>
</title>
<meta http-equiv="Content-Type" content="text/html;charset=utf-8" />
  <meta name='ocr-system' content='tesseract 3.04.00' />
  <meta name='ocr-capabilities' content='ocr_page ocr_carea ocr_par ocr_line ocrx_word'/>
</head>
<body>
  <div class='ocr_page' id='page_1' title='image "./doctorisecstati03unkngoog_0068.png"; bbox 0 0 4309 6250; ppageno 0'>
   <div class='ocr_carea' id='block_1_1' title="bbox 422 467 1757 554">
    <p class='ocr_par' dir='ltr' id='par_1_1' title="bbox 422 467 1757 554">
     <span class='ocr_line' id='line_1_1' title="bbox 422 467 1757 554; baseline 0.007 -20"><span class='ocrx_word' id='word_1_1' title='bbox 422 467 463 534; x_wconf 83' lang='grc'><strong>60</strong></span> <span class='ocrx_word' id='word_1_2' title='bbox 637 491 677 540; x_wconf 83' lang='lat' dir='ltr'><strong>na</strong></span> <span class='ocrx_word' id='word_1_3' title='bbox 698 493 862 540; x_wconf 76' lang='lat' dir='ltr'><strong>nrourrxrn</strong></span> <span class='ocrx_word' id='word_1_4' title='bbox 882 494 921 540; x_wconf 85' lang='lat' dir='ltr'><strong>ar</strong></span> <span class='ocrx_word' id='word_1_5' title='bbox 942 495 1090 542; x_wconf 80' lang='lat' dir='ltr'><strong>nanninus</strong></span> <span class='ocrx_word' id='word_1_6' title='bbox 1111 496 1138 541; x_wconf 87' lang='lat' dir='ltr'><strong>n.</strong></span> <span class='ocrx_word' id='word_1_7' title='bbox 1162 497 1190 541; x_wconf 87' lang='lat' dir='ltr'><strong>r.</strong></span> <span class='ocrx_word' id='word_1_8' title='bbox 1212 496 1330 554; x_wconf 73' lang='lat' dir='ltr'><strong>narn,</strong></span> <span class='ocrx_word' id='word_1_9' title='bbox 1353 497 1441 544; x_wconf 82' lang='lat' dir='ltr'><strong>arana</strong></span> <span class='ocrx_word' id='word_1_10' title='bbox 1461 499 1482 544; x_wconf 93' lang='lat'><strong>1.</strong></span> <span class='ocrx_word' id='word_1_11' title='bbox 1504 516 1545 526; x_wconf 93' lang='lat'>-</span> <span class='ocrx_word' id='word_1_12' title='bbox 1564 498 1634 543; x_wconf 78' lang='lat' dir='ltr'><strong>aar.</strong></span> <span class='ocrx_word' id='word_1_13' title='bbox 1657 497 1757 544; x_wconf 87' lang='lat' dir='ltr'><strong>xxxm</strong></span> 
     </span>
    </p>
   </div>
   <div class='ocr_carea' id='block_1_2' title="bbox 417 658 2153 5359">
    <p class='ocr_par' dir='ltr' id='par_1_2' title="bbox 417 658 2118 3395">
     <span class='ocr_line' id='line_1_2' title="bbox 422 658 2115 750; baseline 0.009 -30"><span class='ocrx_word' id='word_1_14' title='bbox 422 658 569 742; x_wconf 84' lang='lat' dir='ltr'><strong>virginea</strong></span> <span class='ocrx_word' id='word_1_15' title='bbox 603 662 762 728; x_wconf 88' lang='lat' dir='ltr'><strong>Genitrice</strong></span> <span class='ocrx_word' id='word_1_16' title='bbox 793 665 997 746; x_wconf 89' lang='lat' dir='ltr'><strong>suscipiendo</strong></span> <span class='ocrx_word' id='word_1_17' title='bbox 1027 665 1291 730; x_wconf 86' lang='lat' dir='ltr'><strong>maternallNisi</strong></span> <span class='ocrx_word' id='word_1_18' title='bbox 1326 686 1384 750; x_wconf 80' lang='lat' dir='ltr'><strong>ego</strong></span> <span class='ocrx_word' id='word_1_19' title='bbox 1416 668 1536 748; x_wconf 87' lang='lat' dir='ltr'><strong>abiero,</strong></span> <span class='ocrx_word' id='word_1_20' title='bbox 1566 667 1743 732; x_wconf 79' lang='lat' dir='ltr'><strong>Paracletus</strong></span> <span class='ocrx_word' id='word_1_21' title='bbox 1770 687 1835 732; x_wconf 92' lang='lat' dir='ltr'><strong>non</strong></span> <span class='ocrx_word' id='word_1_22' title='bbox 1865 667 1973 730; x_wconf 92' lang='lat' dir='ltr'><strong>veniet</strong></span> <span class='ocrx_word' id='word_1_23' title='bbox 1984 690 2115 744; x_wconf 68' lang='lat' dir='ltr'><strong>amm</strong></span> 
     </span>
     <span class='ocr_line' id='line_1_3' title="bbox 423 757 2008 845; baseline 0.009 -25"><span class='ocrx_word' id='word_1_24' title='bbox 423 758 588 840; x_wconf 90' lang='lat' dir='ltr'><strong>obsequia,</strong></span> <span class='ocrx_word' id='word_1_25' title='bbox 605 761 706 826; x_wconf 89' lang='lat' dir='ltr'><strong>lactea</strong></span> <span class='ocrx_word' id='word_1_26' title='bbox 724 763 885 842; x_wconf 90' lang='lat' dir='ltr'><strong>alimenta,</strong></span> <span class='ocrx_word' id='word_1_27' title='bbox 902 771 934 826; x_wconf 89' lang='lat' dir='ltr'><strong>et</strong></span> <span class='ocrx_word' id='word_1_28' title='bbox 952 783 1022 844; x_wconf 85' lang='lat' dir='ltr'><strong>quae</strong></span> <span class='ocrx_word' id='word_1_29' title='bbox 1042 764 1103 845; x_wconf 83' lang='lat' dir='ltr'><strong>piae</strong></span> <span class='ocrx_word' id='word_1_30' title='bbox 1124 763 1171 826; x_wconf 88' lang='lat' dir='ltr'><strong>af·</strong></span> <span class='ocrx_word' id='word_1_31' title='bbox 1224 766 1353 829; x_wconf 87' lang='lat' dir='ltr'><strong>advos.</strong></span> <span class='ocrx_word' id='word_1_32' title='bbox 1985 757 2008 796; x_wconf 81' lang='lat'><strong>⁷·</strong></span> 
     </span>
     <span class='ocr_line' id='line_1_4' title="bbox 423 856 1972 946; baseline 0.006 -28"><span class='ocrx_word' id='word_1_33' title='bbox 423 856 637 940; x_wconf 79' lang='lat' dir='ltr'><strong>lactuosaeque</strong></span> <span class='ocrx_word' id='word_1_34' title='bbox 661 869 778 925; x_wconf 91' lang='lat' dir='ltr'><strong>matres</strong></span> <span class='ocrx_word' id='word_1_35' title='bbox 803 861 869 925; x_wconf 92' lang='lat' dir='ltr'><strong>suis</strong></span> <span class='ocrx_word' id='word_1_36' title='bbox 894 863 997 925; x_wconf 79' lang='lat' dir='ltr'><strong>solent</strong></span> <span class='ocrx_word' id='word_1_37' title='bbox 1019 861 1169 924; x_wconf 87' lang='lat' dir='ltr'><strong>exhibere</strong></span> <span class='ocrx_word' id='word_1_38' title='bbox 1264 865 1598 946; x_wconf 78' lang='lat' dir='ltr'><strong>Opraeamabilissima</strong></span> <span class='ocrx_word' id='word_1_39' title='bbox 1616 885 1653 928; x_wconf 90' lang='lat' dir='ltr'><strong>ac</strong></span> <span class='ocrx_word' id='word_1_40' title='bbox 1676 865 1862 928; x_wconf 79' lang='lat' dir='ltr'><strong>felicissima</strong></span> <span class='ocrx_word' id='word_1_41' title='bbox 1881 865 1972 946; x_wconf 81' lang='lat' dir='ltr'><strong>virgo</strong></span> 
     </span>
     <span class='ocr_line' id='line_1_5' title="bbox 423 953 1975 1044; baseline 0.006 -29"><span class='ocrx_word' id='word_1_42' title='bbox 423 953 587 1018; x_wconf 77' lang='lat' dir='ltr'>infantulis</span> <span class='ocrx_word' id='word_1_43' title='bbox 616 959 817 1040; x_wconf 77' lang='lat' dir='ltr'><strong>praedilectis.</strong></span> <span class='ocrx_word' id='word_1_44' title='bbox 845 959 997 1041; x_wconf 86' lang='lat' dir='ltr'><strong>Denique,</strong></span> <span class='ocrx_word' id='word_1_45' title='bbox 1027 959 1169 1022; x_wconf 87' lang='lat' dir='ltr'><strong>Christus</strong></span> <span class='ocrx_word' id='word_1_46' title='bbox 1224 962 1330 1042; x_wconf 89' lang='lat' dir='ltr'><strong>llaria,</strong></span> <span class='ocrx_word' id='word_1_47' title='bbox 1356 982 1429 1024; x_wconf 93' lang='lat' dir='ltr'><strong>cum</strong></span> <span class='ocrx_word' id='word_1_48' title='bbox 1459 962 1543 1044; x_wconf 92' lang='lat' dir='ltr'><strong>quali</strong></span> <span class='ocrx_word' id='word_1_49' title='bbox 1572 963 1751 1040; x_wconf 87' lang='lat' dir='ltr'><strong>devotione,</strong></span> <span class='ocrx_word' id='word_1_50' title='bbox 1775 982 1849 1024; x_wconf 90' lang='lat' dir='ltr'><strong>cum</strong></span> <span class='ocrx_word' id='word_1_51' title='bbox 1873 982 1975 1044; x_wconf 90' lang='lat' dir='ltr'><strong>quan-</strong></span> 
     </span>
     <span class='ocr_line' id='line_1_6' title="bbox 423 1051 1974 1142; baseline 0.006 -28"><span class='ocrx_word' id='word_1_52' title='bbox 423 1051 527 1116; x_wconf 90' lang='lat' dir='ltr'><strong>virilis</strong></span> <span class='ocrx_word' id='word_1_53' title='bbox 549 1053 652 1118; x_wconf 88' lang='lat' dir='ltr'><strong>lactus</strong></span> <span class='ocrx_word' id='word_1_54' title='bbox 670 1056 781 1134; x_wconf 71' lang='lat' dir='ltr'><strong>astatis,</strong></span> <span class='ocrx_word' id='word_1_55' title='bbox 799 1076 872 1120; x_wconf 91' lang='lat' dir='ltr'><strong>suos</strong></span> <span class='ocrx_word' id='word_1_56' title='bbox 891 1057 931 1120; x_wconf 87' lang='lat' dir='ltr'><strong>ad</strong></span> <span class='ocrx_word' id='word_1_57' title='bbox 951 1077 984 1120; x_wconf 90' lang='lat' dir='ltr'><strong>se</strong></span> <span class='ocrx_word' id='word_1_58' title='bbox 1004 1057 1169 1120; x_wconf 87' lang='lat' dir='ltr'><strong>venientes</strong></span> <span class='ocrx_word' id='word_1_59' title='bbox 1225 1068 1256 1121; x_wconf 92' lang='lat' dir='ltr'><strong>ta</strong></span> <span class='ocrx_word' id='word_1_60' title='bbox 1281 1060 1508 1142; x_wconf 73' lang='lat' dir='ltr'><strong>tranquillitate</strong></span> <span class='ocrx_word' id='word_1_61' title='bbox 1532 1079 1569 1123; x_wconf 90' lang='lat' dir='ltr'><strong>ac</strong></span> <span class='ocrx_word' id='word_1_62' title='bbox 1592 1060 1749 1142; x_wconf 75' lang='lat' dir='ltr'><strong>spirituali</strong></span> <span class='ocrx_word' id='word_1_63' title='bbox 1774 1061 1974 1142; x_wconf 87' lang='lat' dir='ltr'><strong>jucunditate</strong></span> 
     </span>
     <span class='ocr_line' id='line_1_7' title="bbox 423 1150 1976 1240; baseline 0.006 -28"><span class='ocrx_word' id='word_1_64' title='bbox 423 1150 596 1232; x_wconf 91' lang='lat' dir='ltr'><strong>discipulos</strong></span> <span class='ocrx_word' id='word_1_65' title='bbox 624 1153 657 1215; x_wconf 92' lang='lat' dir='ltr'><strong>in</strong></span> <span class='ocrx_word' id='word_1_66' title='bbox 687 1163 796 1219; x_wconf 86' lang='lat' dir='ltr'><strong>sancto</strong></span> <span class='ocrx_word' id='word_1_67' title='bbox 831 1154 998 1218; x_wconf 90' lang='lat' dir='ltr'><strong>consuevit</strong></span> <span class='ocrx_word' id='word_1_68' title='bbox 1026 1155 1168 1236; x_wconf 93' lang='lat' dir='ltr'><strong>recipere</strong></span> <span class='ocrx_word' id='word_1_69' title='bbox 1224 1158 1365 1220; x_wconf 79' lang='lat' dir='ltr'><strong>transisti</strong></span> <span class='ocrx_word' id='word_1_70' title='bbox 1387 1159 1425 1220; x_wconf 94' lang='lat' dir='ltr'><strong>ad</strong></span> <span class='ocrx_word' id='word_1_71' title='bbox 1448 1159 1611 1237; x_wconf 89' lang='lat' dir='ltr'><strong>lectulum,</strong></span> <span class='ocrx_word' id='word_1_72' title='bbox 1628 1159 1844 1240; x_wconf 80' lang='lat' dir='ltr'><strong>amplexatura</strong></span> <span class='ocrx_word' id='word_1_73' title='bbox 1865 1168 1896 1221; x_wconf 89' lang='lat' dir='ltr'><strong>et</strong></span> <span class='ocrx_word' id='word_1_74' title='bbox 1920 1160 1976 1222; x_wconf 90' lang='lat' dir='ltr'><strong>de-</strong></span> 
     </span>
     <span class='ocr_line' id='line_1_8' title="bbox 421 1249 2093 1340; baseline 0.007 -30"><span class='ocrx_word' id='word_1_75' title='bbox 421 1249 542 1312; x_wconf 89' lang='lat' dir='ltr'><strong>osculo.</strong></span> <span class='ocrx_word' id='word_1_76' title='bbox 560 1251 655 1315; x_wconf 88' lang='lat' dir='ltr'><strong>llulto</strong></span> <span class='ocrx_word' id='word_1_77' title='bbox 670 1252 771 1334; x_wconf 84' lang='lat' dir='ltr'><strong>magis</strong></span> <span class='ocrx_word' id='word_1_78' title='bbox 793 1262 841 1316; x_wconf 89' lang='lat' dir='ltr'><strong>est</strong></span> <span class='ocrx_word' id='word_1_79' title='bbox 862 1254 1066 1332; x_wconf 86' lang='lat' dir='ltr'><strong>credendum,</strong></span> <span class='ocrx_word' id='word_1_80' title='bbox 1084 1254 1169 1334; x_wconf 90' lang='lat' dir='ltr'><strong>quod</strong></span> <span class='ocrx_word' id='word_1_81' title='bbox 1224 1256 1404 1319; x_wconf 83' lang='lat' dir='ltr'><strong>osculatura</strong></span> <span class='ocrx_word' id='word_1_82' title='bbox 1431 1257 1465 1319; x_wconf 90' lang='lat' dir='ltr'><strong>in</strong></span> <span class='ocrx_word' id='word_1_83' title='bbox 1494 1257 1574 1339; x_wconf 92' lang='lat' dir='ltr'><strong>ipso,</strong></span> <span class='ocrx_word' id='word_1_84' title='bbox 1606 1277 1670 1320; x_wconf 93' lang='lat' dir='ltr'><strong>non</strong></span> <span class='ocrx_word' id='word_1_85' title='bbox 1697 1258 1813 1340; x_wconf 91' lang='lat' dir='ltr'><strong>Joseph</strong></span> <span class='ocrx_word' id='word_1_86' title='bbox 1846 1257 1973 1320; x_wconf 89' lang='lat' dir='ltr'><strong>labrum</strong></span> <span class='ocrx_word' id='word_1_87' title='bbox 2090 1257 2093 1263; x_wconf 90' lang='grc'><strong>’</strong></span> 
     </span>
     <span class='ocr_line' id='line_1_9' title="bbox 421 1345 1972 1437; baseline 0.007 -30"><span class='ocrx_word' id='word_1_88' title='bbox 421 1345 454 1408; x_wconf 93' lang='lat' dir='ltr'><strong>in</strong></span> <span class='ocrx_word' id='word_1_89' title='bbox 479 1346 615 1411; x_wconf 82' lang='lat' dir='ltr'><strong>infantia</strong></span> <span class='ocrx_word' id='word_1_90' title='bbox 637 1369 674 1413; x_wconf 87' lang='lat' dir='ltr'><strong>ac</strong></span> <span class='ocrx_word' id='word_1_91' title='bbox 696 1351 833 1432; x_wconf 90' lang='lat' dir='ltr'><strong>pueritia</strong></span> <span class='ocrx_word' id='word_1_92' title='bbox 856 1353 1056 1429; x_wconf 89' lang='lat' dir='ltr'><strong>constitutus,</strong></span> <span class='ocrx_word' id='word_1_93' title='bbox 1078 1370 1169 1413; x_wconf 90' lang='lat' dir='ltr'><strong>suam</strong></span> <span class='ocrx_word' id='word_1_94' title='bbox 1226 1354 1409 1436; x_wconf 82' lang='lat' dir='ltr'><strong>lignarium,</strong></span> <span class='ocrx_word' id='word_1_95' title='bbox 1422 1356 1476 1418; x_wconf 90' lang='lat' dir='ltr'><strong>sed</strong></span> <span class='ocrx_word' id='word_1_96' title='bbox 1492 1356 1598 1418; x_wconf 88' lang='lat' dir='ltr'><strong>lesum</strong></span> <span class='ocrx_word' id='word_1_97' title='bbox 1613 1375 1747 1437; x_wconf 91' lang='lat' dir='ltr'><strong>puerum</strong></span> <span class='ocrx_word' id='word_1_98' title='bbox 1763 1356 1972 1433; x_wconf 89' lang='lat' dir='ltr'><strong>adorandum,</strong></span> 
     </span>
     <span class='ocr_line' id='line_1_10' title="bbox 419 1444 1975 1534; baseline 0.006 -28"><span class='ocrx_word' id='word_1_99' title='bbox 419 1444 650 1528; x_wconf 85' lang='lat' dir='ltr'><strong>dulcissimam,</strong></span> <span class='ocrx_word' id='word_1_100' title='bbox 667 1448 906 1512; x_wconf 88' lang='lat' dir='ltr'><strong>dilectissimam</strong></span> <span class='ocrx_word' id='word_1_101' title='bbox 922 1459 1016 1531; x_wconf 91' lang='lat' dir='ltr'><strong>atque</strong></span> <span class='ocrx_word' id='word_1_102' title='bbox 1036 1450 1169 1512; x_wconf 90' lang='lat' dir='ltr'><strong>sanctis·</strong></span> <span class='ocrx_word' id='word_1_103' title='bbox 1226 1451 1323 1514; x_wconf 85' lang='lat' dir='ltr'><strong>totius</strong></span> <span class='ocrx_word' id='word_1_104' title='bbox 1351 1452 1461 1514; x_wconf 92' lang='lat' dir='ltr'><strong>mundi</strong></span> <span class='ocrx_word' id='word_1_105' title='bbox 1487 1451 1721 1531; x_wconf 83' lang='lat' dir='ltr'><strong>fabricatorem,</strong></span> <span class='ocrx_word' id='word_1_106' title='bbox 1747 1453 1841 1534; x_wconf 84' lang='lat' dir='ltr'><strong>cujus</strong></span> <span class='ocrx_word' id='word_1_107' title='bbox 1865 1463 1975 1515; x_wconf 91' lang='lat' dir='ltr'><strong>conta-</strong></span> 
     </span>
     <span class='ocr_line' id='line_1_11' title="bbox 420 1542 1970 1631; baseline 0.005 -27"><span class='ocrx_word' id='word_1_108' title='bbox 420 1542 534 1606; x_wconf 86' lang='lat' dir='ltr'><strong>simam</strong></span> <span class='ocrx_word' id='word_1_109' title='bbox 548 1545 689 1624; x_wconf 83' lang='lat' dir='ltr'><strong>Matrem,</strong></span> <span class='ocrx_word' id='word_1_110' title='bbox 705 1547 808 1610; x_wconf 91' lang='lat' dir='ltr'><strong>adbuc</strong></span> <span class='ocrx_word' id='word_1_111' title='bbox 823 1547 1057 1610; x_wconf 91' lang='lat' dir='ltr'><strong>adolescentem</strong></span> <span class='ocrx_word' id='word_1_112' title='bbox 1073 1556 1105 1610; x_wconf 93' lang='lat' dir='ltr'><strong>et</strong></span> <span class='ocrx_word' id='word_1_113' title='bbox 1118 1547 1169 1628; x_wconf 85' lang='lat' dir='ltr'><strong>ju·</strong></span> <span class='ocrx_word' id='word_1_114' title='bbox 1225 1557 1295 1612; x_wconf 91' lang='lat' dir='ltr'><strong>ctus</strong></span> <span class='ocrx_word' id='word_1_115' title='bbox 1327 1558 1359 1611; x_wconf 92' lang='lat' dir='ltr'><strong>te</strong></span> <span class='ocrx_word' id='word_1_116' title='bbox 1387 1549 1595 1631; x_wconf 82' lang='lat' dir='ltr'><strong>spiritualiter</strong></span> <span class='ocrx_word' id='word_1_117' title='bbox 1627 1549 1805 1613; x_wconf 86' lang='lat' dir='ltr'><strong>delectabat</strong></span> <span class='ocrx_word' id='word_1_118' title='bbox 1832 1550 1970 1630; x_wconf 83' lang='lat' dir='ltr'><strong>intense,</strong></span> 
     </span>
     <span class='ocr_line' id='line_1_12' title="bbox 419 1641 1970 1729; baseline 0.006 -28"><span class='ocrx_word' id='word_1_119' title='bbox 419 1641 599 1721; x_wconf 76' lang='lat' dir='ltr'><strong>ramulam,</strong></span> <span class='ocrx_word' id='word_1_120' title='bbox 616 1643 728 1707; x_wconf 90' lang='lat' dir='ltr'><strong>crebro</strong></span> <span class='ocrx_word' id='word_1_121' title='bbox 752 1644 793 1707; x_wconf 93' lang='lat' dir='ltr'><strong>sit</strong></span> <span class='ocrx_word' id='word_1_122' title='bbox 811 1646 983 1708; x_wconf 85' lang='lat' dir='ltr'><strong>osculatus.</strong></span> <span class='ocrx_word' id='word_1_123' title='bbox 1000 1644 1070 1728; x_wconf 93' lang='lat' dir='ltr'><strong>Ipsa</strong></span> <span class='ocrx_word' id='word_1_124' title='bbox 1091 1663 1169 1725; x_wconf 77' lang='lat' dir='ltr'><strong>quo</strong></span> <span class='ocrx_word' id='word_1_125' title='bbox 1223 1647 1414 1729; x_wconf 92' lang='lat' dir='ltr'><strong>purissimet</strong></span> <span class='ocrx_word' id='word_1_126' title='bbox 1449 1646 1501 1709; x_wconf 93' lang='lat' dir='ltr'><strong>Sic</strong></span> <span class='ocrx_word' id='word_1_127' title='bbox 1533 1647 1594 1709; x_wconf 90' lang='lat' dir='ltr'><strong>viri</strong></span> <span class='ocrx_word' id='word_1_128' title='bbox 1627 1646 1820 1710; x_wconf 83' lang='lat' dir='ltr'><strong>excellenter</strong></span> <span class='ocrx_word' id='word_1_129' title='bbox 1850 1646 1970 1711; x_wconf 85' lang='lat' dir='ltr'><strong>heroici</strong></span> 
     </span>
     <span class='ocr_line' id='line_1_13' title="bbox 419 1738 1968 1828; baseline 0.005 -28"><span class='ocrx_word' id='word_1_130' title='bbox 419 1756 481 1817; x_wconf 90' lang='lat' dir='ltr'><strong>que</strong></span> <span class='ocrx_word' id='word_1_131' title='bbox 500 1738 768 1804; x_wconf 80' lang='lat' dir='ltr'><strong>affectuosissima</strong></span> <span class='ocrx_word' id='word_1_132' title='bbox 787 1743 882 1805; x_wconf 85' lang='lat' dir='ltr'><strong>Mater</strong></span> <span class='ocrx_word' id='word_1_133' title='bbox 901 1763 937 1805; x_wconf 88' lang='lat' dir='ltr'><strong>ac</strong></span> <span class='ocrx_word' id='word_1_134' title='bbox 958 1742 1168 1824; x_wconf 90' lang='lat' dir='ltr'><strong>pudicissima</strong></span> <span class='ocrx_word' id='word_1_135' title='bbox 1222 1745 1336 1808; x_wconf 92' lang='lat' dir='ltr'><strong>Paulus</strong></span> <span class='ocrx_word' id='word_1_136' title='bbox 1357 1752 1389 1808; x_wconf 91' lang='lat' dir='ltr'><strong>et</strong></span> <span class='ocrx_word' id='word_1_137' title='bbox 1409 1745 1574 1822; x_wconf 82' lang='lat' dir='ltr'><strong>Antonius,</strong></span> <span class='ocrx_word' id='word_1_138' title='bbox 1590 1745 1732 1808; x_wconf 89' lang='lat' dir='ltr'><strong>Barlaam</strong></span> <span class='ocrx_word' id='word_1_139' title='bbox 1755 1755 1787 1808; x_wconf 90' lang='lat' dir='ltr'><strong>ct</strong></span> <span class='ocrx_word' id='word_1_140' title='bbox 1807 1746 1968 1828; x_wconf 87' lang='lat' dir='ltr'><strong>Josaphat,</strong></span> 
     </span>
     <span class='ocr_line' id='line_1_14' title="bbox 419 1834 2118 1924; baseline 0.006 -28"><span class='ocrx_word' id='word_1_141' title='bbox 419 1834 526 1916; x_wconf 84' lang='lat' dir='ltr'><strong>Virgo,</strong></span> <span class='ocrx_word' id='word_1_142' title='bbox 547 1838 677 1901; x_wconf 89' lang='lat' dir='ltr'><strong>unicum</strong></span> <span class='ocrx_word' id='word_1_143' title='bbox 703 1839 751 1902; x_wconf 93' lang='lat' dir='ltr'><strong>sui</strong></span> <span class='ocrx_word' id='word_1_144' title='bbox 776 1841 858 1903; x_wconf 91' lang='lat' dir='ltr'><strong>uteri</strong></span> <span class='ocrx_word' id='word_1_145' title='bbox 883 1839 999 1922; x_wconf 80' lang='lat' dir='ltr'><strong>pignus</strong></span> <span class='ocrx_word' id='word_1_146' title='bbox 1023 1834 1205 1921; x_wconf 82' lang='lat' dir='ltr'><strong>temporell</strong></span> <span class='ocrx_word' id='word_1_147' title='bbox 1222 1843 1318 1905; x_wconf 86' lang='lat' dir='ltr'><strong>Jacob</strong></span> <span class='ocrx_word' id='word_1_148' title='bbox 1349 1861 1476 1924; x_wconf 90' lang='lat' dir='ltr'><strong>quoque</strong></span> <span class='ocrx_word' id='word_1_149' title='bbox 1507 1842 1685 1922; x_wconf 88' lang='lat' dir='ltr'><strong>patriarcha</strong></span> <span class='ocrx_word' id='word_1_150' title='bbox 1717 1851 1749 1906; x_wconf 93' lang='lat' dir='ltr'><strong>et</strong></span> <span class='ocrx_word' id='word_1_151' title='bbox 1781 1842 1869 1905; x_wconf 88' lang='lat' dir='ltr'><strong>lilius</strong></span> <span class='ocrx_word' id='word_1_152' title='bbox 1897 1843 1969 1924; x_wconf 87' lang='lat' dir='ltr'><strong>ejus</strong></span> <span class='ocrx_word' id='word_1_153' title='bbox 2001 1874 2118 1922; x_wconf 51' lang='lat' dir='ltr'><strong>amm,</strong></span> 
     </span>
     <span class='ocr_line' id='line_1_15' title="bbox 419 1936 2021 2022; baseline 0.004 -27"><span class='ocrx_word' id='word_1_154' title='bbox 419 1943 597 2015; x_wconf 91' lang='lat' dir='ltr'><strong>opportuno</strong></span> <span class='ocrx_word' id='word_1_155' title='bbox 618 1936 651 1998; x_wconf 93' lang='lat' dir='ltr'><strong>in</strong></span> <span class='ocrx_word' id='word_1_156' title='bbox 676 1956 733 2000; x_wconf 93' lang='lat' dir='ltr'><strong>suo</strong></span> <span class='ocrx_word' id='word_1_157' title='bbox 758 1937 874 2002; x_wconf 90' lang='lat' dir='ltr'><strong>lectulo</strong></span> <span class='ocrx_word' id='word_1_158' title='bbox 899 1957 1008 2001; x_wconf 90' lang='lat' dir='ltr'><strong>secum</strong></span> <span class='ocrx_word' id='word_1_159' title='bbox 1032 1937 1168 2002; x_wconf 86' lang='lat' dir='ltr'><strong>colloca·</strong></span> <span class='ocrx_word' id='word_1_160' title='bbox 1221 1941 1349 2022; x_wconf 86' lang='lat' dir='ltr'><strong>Josepb,</strong></span> <span class='ocrx_word' id='word_1_161' title='bbox 1367 1960 1400 2003; x_wconf 91' lang='lat' dir='ltr'><strong>se</strong></span> <span class='ocrx_word' id='word_1_162' title='bbox 1423 1939 1561 2004; x_wconf 89' lang='lat' dir='ltr'><strong>invicem</strong></span> <span class='ocrx_word' id='word_1_163' title='bbox 1586 1941 1816 2021; x_wconf 88' lang='lat' dir='ltr'><strong>amplectentes</strong></span> <span class='ocrx_word' id='word_1_164' title='bbox 1836 1937 2021 2005; x_wconf 71' lang='lat' dir='ltr'><strong>demon-²⁹·</strong></span> 
     </span>
     <span class='ocr_line' id='line_1_16' title="bbox 419 2033 1970 2122; baseline 0.003 -26"><span class='ocrx_word' id='word_1_165' title='bbox 419 2035 476 2112; x_wconf 91' lang='lat' dir='ltr'><strong>vit,</strong></span> <span class='ocrx_word' id='word_1_166' title='bbox 493 2043 524 2095; x_wconf 92' lang='lat' dir='ltr'><strong>et</strong></span> <span class='ocrx_word' id='word_1_167' title='bbox 539 2053 577 2096; x_wconf 88' lang='lat' dir='ltr'><strong>ex</strong></span> <span class='ocrx_word' id='word_1_168' title='bbox 592 2033 808 2098; x_wconf 90' lang='lat' dir='ltr'><strong>sincerissimo</strong></span> <span class='ocrx_word' id='word_1_169' title='bbox 824 2045 899 2100; x_wconf 88' lang='lat' dir='ltr'><strong>tunc</strong></span> <span class='ocrx_word' id='word_1_170' title='bbox 919 2055 1026 2100; x_wconf 87' lang='lat' dir='ltr'><strong>amore</strong></span> <span class='ocrx_word' id='word_1_171' title='bbox 1046 2040 1166 2122; x_wconf 89' lang='lat' dir='ltr'><strong>ample·</strong></span> <span class='ocrx_word' id='word_1_172' title='bbox 1221 2038 1378 2117; x_wconf 89' lang='lat' dir='ltr'><strong>labantur,</strong></span> <span class='ocrx_word' id='word_1_173' title='bbox 1405 2047 1437 2101; x_wconf 95' lang='lat' dir='ltr'><strong>et</strong></span> <span class='ocrx_word' id='word_1_174' title='bbox 1464 2038 1680 2119; x_wconf 86' lang='lat' dir='ltr'><strong>spiritualibus</strong></span> <span class='ocrx_word' id='word_1_175' title='bbox 1705 2039 1821 2120; x_wconf 89' lang='lat' dir='ltr'><strong>cupitis</strong></span> <span class='ocrx_word' id='word_1_176' title='bbox 1849 2040 1970 2120; x_wconf 88' lang='lat' dir='ltr'><strong>ample-</strong></span> 
     </span>
     <span class='ocr_line' id='line_1_17' title="bbox 418 2132 1971 2217; baseline 0.003 -23"><span class='ocrx_word' id='word_1_177' title='bbox 418 2133 562 2195; x_wconf 89' lang='lat' dir='ltr'><strong>ctebatur</strong></span> <span class='ocrx_word' id='word_1_178' title='bbox 591 2141 622 2194; x_wconf 92' lang='lat' dir='ltr'><strong>et</strong></span> <span class='ocrx_word' id='word_1_179' title='bbox 650 2132 892 2196; x_wconf 90' lang='lat' dir='ltr'><strong>deosculabatur</strong></span> <span class='ocrx_word' id='word_1_180' title='bbox 916 2136 1063 2198; x_wconf 89' lang='lat' dir='ltr'><strong>eumdem</strong></span> <span class='ocrx_word' id='word_1_181' title='bbox 1093 2156 1165 2200; x_wconf 92' lang='lat' dir='ltr'><strong>eum</strong></span> <span class='ocrx_word' id='word_1_182' title='bbox 1223 2136 1315 2198; x_wconf 90' lang='lat' dir='ltr'><strong>xibus</strong></span> <span class='ocrx_word' id='word_1_183' title='bbox 1344 2136 1396 2199; x_wconf 89' lang='lat' dir='ltr'><strong>vix</strong></span> <span class='ocrx_word' id='word_1_184' title='bbox 1429 2144 1575 2217; x_wconf 90' lang='lat' dir='ltr'><strong>poterant</strong></span> <span class='ocrx_word' id='word_1_185' title='bbox 1602 2137 1720 2199; x_wconf 90' lang='lat' dir='ltr'><strong>satiari.</strong></span> <span class='ocrx_word' id='word_1_186' title='bbox 1751 2137 1775 2199; x_wconf 91' lang='grc' dir='ltr'>Ο</span> <span class='ocrx_word' id='word_1_187' title='bbox 1803 2137 1971 2200; x_wconf 87' lang='lat' dir='ltr'><strong>benedicta</strong></span> 
     </span>
     <span class='ocr_line' id='line_1_18' title="bbox 418 2229 1972 2317; baseline 0.003 -24"><span class='ocrx_word' id='word_1_188' title='bbox 418 2229 597 2293; x_wconf 83' lang='lat' dir='ltr'><strong>reverentia</strong></span> <span class='ocrx_word' id='word_1_189' title='bbox 616 2238 647 2292; x_wconf 88' lang='lat' dir='ltr'><strong>et</strong></span> <span class='ocrx_word' id='word_1_190' title='bbox 665 2230 829 2293; x_wconf 89' lang='lat' dir='ltr'><strong>honestate</strong></span> <span class='ocrx_word' id='word_1_191' title='bbox 848 2240 1008 2311; x_wconf 84' lang='lat' dir='ltr'><strong>extrema3</strong></span> <span class='ocrx_word' id='word_1_192' title='bbox 1027 2242 1165 2317; x_wconf 85' lang='lat' dir='ltr'><strong>atquem</strong></span> <span class='ocrx_word' id='word_1_193' title='bbox 1221 2243 1254 2296; x_wconf 91' lang='lat' dir='ltr'><strong>et</strong></span> <span class='ocrx_word' id='word_1_194' title='bbox 1278 2235 1476 2315; x_wconf 87' lang='lat' dir='ltr'><strong>praeamanda</strong></span> <span class='ocrx_word' id='word_1_195' title='bbox 1499 2234 1604 2312; x_wconf 89' lang='lat' dir='ltr'><strong>llaria,</strong></span> <span class='ocrx_word' id='word_1_196' title='bbox 1621 2253 1716 2316; x_wconf 90' lang='lat' dir='ltr'><strong>quam</strong></span> <span class='ocrx_word' id='word_1_197' title='bbox 1738 2236 1863 2298; x_wconf 90' lang='lat' dir='ltr'><strong>modico</strong></span> <span class='ocrx_word' id='word_1_198' title='bbox 1888 2254 1972 2298; x_wconf 93' lang='lat' dir='ltr'><strong>som-</strong></span> 
     </span>
     <span class='ocr_line' id='line_1_19' title="bbox 417 2327 1972 2412; baseline 0.002 -22"><span class='ocrx_word' id='word_1_199' title='bbox 417 2328 483 2410; x_wconf 88' lang='lat' dir='ltr'><strong>jam</strong></span> <span class='ocrx_word' id='word_1_200' title='bbox 498 2327 751 2409; x_wconf 88' lang='lat' dir='ltr'><strong>amplectebatur</strong></span> <span class='ocrx_word' id='word_1_201' title='bbox 764 2337 799 2391; x_wconf 93' lang='lat' dir='ltr'><strong>ut</strong></span> <span class='ocrx_word' id='word_1_202' title='bbox 814 2329 932 2410; x_wconf 89' lang='lat' dir='ltr'><strong>lilium,</strong></span> <span class='ocrx_word' id='word_1_203' title='bbox 941 2331 1006 2412; x_wconf 85' lang='lat' dir='ltr'><strong>jam</strong></span> <span class='ocrx_word' id='word_1_204' title='bbox 1022 2333 1168 2396; x_wconf 90' lang='lat' dir='ltr'><strong>adoravit</strong></span> <span class='ocrx_word' id='word_1_205' title='bbox 1221 2349 1262 2392; x_wconf 92' lang='lat' dir='ltr'><strong>no</strong></span> <span class='ocrx_word' id='word_1_206' title='bbox 1287 2349 1356 2391; x_wconf 91' lang='lat' dir='ltr'><strong>eras</strong></span> <span class='ocrx_word' id='word_1_207' title='bbox 1382 2337 1550 2392; x_wconf 91' lang='lat' dir='ltr'><strong>contentat</strong></span> <span class='ocrx_word' id='word_1_208' title='bbox 1575 2349 1669 2410; x_wconf 92' lang='lat' dir='ltr'><strong>quam</strong></span> <span class='ocrx_word' id='word_1_209' title='bbox 1695 2331 1766 2392; x_wconf 88' lang='lat' dir='ltr'><strong>altis</strong></span> <span class='ocrx_word' id='word_1_210' title='bbox 1791 2330 1972 2393; x_wconf 90' lang='lat' dir='ltr'><strong>considera-</strong></span> 
     </span>
     <span class='ocr_line' id='line_1_20' title="bbox 418 2425 1971 2510; baseline 0.001 -22"><span class='ocrx_word' id='word_1_211' title='bbox 418 2435 453 2488; x_wconf 94' lang='lat' dir='ltr'><strong>ut</strong></span> <span class='ocrx_word' id='word_1_212' title='bbox 468 2446 577 2488; x_wconf 93' lang='lat' dir='ltr'><strong>verum</strong></span> <span class='ocrx_word' id='word_1_213' title='bbox 592 2427 852 2509; x_wconf 77' lang='lat' dir='ltr'><strong>neumuquam</strong></span> <span class='ocrx_word' id='word_1_214' title='bbox 868 2428 1002 2491; x_wconf 82' lang='lat' dir='ltr'><strong>floridus</strong></span> <span class='ocrx_word' id='word_1_215' title='bbox 1017 2430 1165 2510; x_wconf 91' lang='lat' dir='ltr'><strong>lectulus,</strong></span> <span class='ocrx_word' id='word_1_216' title='bbox 1221 2425 1373 2503; x_wconf 80' lang='lat' dir='ltr'><strong>tionibuS,</strong></span> <span class='ocrx_word' id='word_1_217' title='bbox 1404 2445 1498 2507; x_wconf 89' lang='lat' dir='ltr'><strong>quam</strong></span> <span class='ocrx_word' id='word_1_218' title='bbox 1527 2426 1634 2507; x_wconf 81' lang='lat' dir='ltr'><strong>ignitis</strong></span> <span class='ocrx_word' id='word_1_219' title='bbox 1663 2426 1843 2506; x_wconf 74' lang='lat' dir='ltr'><strong>aflectibus,</strong></span> <span class='ocrx_word' id='word_1_220' title='bbox 1873 2445 1971 2508; x_wconf 92' lang='lat' dir='ltr'><strong>quam</strong></span> 
     </span>
     <span class='ocr_line' id='line_1_21' title="bbox 418 2523 1970 2607; baseline 0 -20"><span class='ocrx_word' id='word_1_221' title='bbox 418 2526 451 2588; x_wconf 92' lang='lat' dir='ltr'><strong>in</strong></span> <span class='ocrx_word' id='word_1_222' title='bbox 468 2544 531 2606; x_wconf 88' lang='lat' dir='ltr'><strong>quo</strong></span> <span class='ocrx_word' id='word_1_223' title='bbox 547 2525 698 2587; x_wconf 88' lang='lat' dir='ltr'><strong>sanctitas</strong></span> <span class='ocrx_word' id='word_1_224' title='bbox 714 2525 793 2607; x_wconf 87' lang='lat' dir='ltr'><strong>ipsa,</strong></span> <span class='ocrx_word' id='word_1_225' title='bbox 811 2526 944 2589; x_wconf 92' lang='lat' dir='ltr'><strong>Sanctus</strong></span> <span class='ocrx_word' id='word_1_226' title='bbox 965 2528 1165 2607; x_wconf 86' lang='lat' dir='ltr'><strong>Sanctorum,</strong></span> <span class='ocrx_word' id='word_1_227' title='bbox 1222 2523 1356 2585; x_wconf 90' lang='lat' dir='ltr'><strong>internis</strong></span> <span class='ocrx_word' id='word_1_228' title='bbox 1384 2543 1421 2586; x_wconf 92' lang='lat' dir='ltr'><strong>ae</strong></span> <span class='ocrx_word' id='word_1_229' title='bbox 1451 2523 1569 2586; x_wconf 82' lang='lat' dir='ltr'><strong>divinis</strong></span> <span class='ocrx_word' id='word_1_230' title='bbox 1594 2525 1751 2587; x_wconf 88' lang='lat' dir='ltr'><strong>exercitiis</strong></span> <span class='ocrx_word' id='word_1_231' title='bbox 1775 2526 1911 2588; x_wconf 89' lang='lat' dir='ltr'><strong>vacabas</strong></span> <span class='ocrx_word' id='word_1_232' title='bbox 1937 2526 1970 2587; x_wconf 94' lang='lat' dir='ltr'><strong>in</strong></span> 
     </span>
     <span class='ocr_line' id='line_1_22' title="bbox 417 2621 1971 2707; baseline 0 -22"><span class='ocrx_word' id='word_1_233' title='bbox 417 2623 490 2686; x_wconf 84' lang='lat' dir='ltr'><strong>lons</strong></span> <span class='ocrx_word' id='word_1_234' title='bbox 512 2623 607 2686; x_wconf 89' lang='lat' dir='ltr'><strong>totius</strong></span> <span class='ocrx_word' id='word_1_235' title='bbox 625 2623 799 2703; x_wconf 72' lang='lat' dir='ltr'><strong>munditiae,</strong></span> <span class='ocrx_word' id='word_1_236' title='bbox 817 2633 849 2686; x_wconf 93' lang='lat' dir='ltr'><strong>et</strong></span> <span class='ocrx_word' id='word_1_237' title='bbox 867 2625 962 2688; x_wconf 89' lang='lat' dir='ltr'><strong>Mater</strong></span> <span class='ocrx_word' id='word_1_238' title='bbox 981 2625 1082 2707; x_wconf 91' lang='lat' dir='ltr'><strong>ipsius</strong></span> <span class='ocrx_word' id='word_1_239' title='bbox 1103 2627 1168 2707; x_wconf 93' lang='lat' dir='ltr'><strong>spi·</strong></span> <span class='ocrx_word' id='word_1_240' title='bbox 1221 2621 1348 2698; x_wconf 90' lang='lat' dir='ltr'><strong>lectulo,</strong></span> <span class='ocrx_word' id='word_1_241' title='bbox 1367 2628 1398 2683; x_wconf 90' lang='lat' dir='ltr'><strong>et</strong></span> <span class='ocrx_word' id='word_1_242' title='bbox 1421 2621 1634 2684; x_wconf 87' lang='lat' dir='ltr'><strong>sincerissime</strong></span> <span class='ocrx_word' id='word_1_243' title='bbox 1654 2621 1832 2685; x_wconf 83' lang='lat' dir='ltr'><strong>exsultabas</strong></span> <span class='ocrx_word' id='word_1_244' title='bbox 1858 2623 1890 2684; x_wconf 91' lang='lat' dir='ltr'><strong>in</strong></span> <span class='ocrx_word' id='word_1_245' title='bbox 1914 2632 1971 2686; x_wconf 93' lang='lat' dir='ltr'><strong>tuo</strong></span> 
     </span>
     <span class='ocr_line' id='line_1_23' title="bbox 419 2718 1973 2803; baseline -0.001 -20"><span class='ocrx_word' id='word_1_246' title='bbox 419 2720 623 2783; x_wconf 90' lang='lat' dir='ltr'><strong>ritualissima</strong></span> <span class='ocrx_word' id='word_1_247' title='bbox 656 2721 774 2802; x_wconf 87' lang='lat' dir='ltr'><strong>pariter</strong></span> <span class='ocrx_word' id='word_1_248' title='bbox 801 2722 1026 2803; x_wconf 76' lang='lat' dir='ltr'><strong>quiescebant!</strong></span> <span class='ocrx_word' id='word_1_249' title='bbox 1055 2723 1167 2786; x_wconf 87' lang='lat' dir='ltr'><strong>Nonne</strong></span> <span class='ocrx_word' id='word_1_250' title='bbox 1220 2719 1280 2781; x_wconf 88' lang='lat' dir='ltr'><strong>tibi</strong></span> <span class='ocrx_word' id='word_1_251' title='bbox 1295 2718 1442 2799; x_wconf 83' lang='lat' dir='ltr'><strong>praesenti</strong></span> <span class='ocrx_word' id='word_1_252' title='bbox 1459 2719 1628 2799; x_wconf 79' lang='lat' dir='ltr'><strong>infantulo,</strong></span> <span class='ocrx_word' id='word_1_253' title='bbox 1644 2719 1885 2784; x_wconf 88' lang='lat' dir='ltr'><strong>deliciosissima</strong></span> <span class='ocrx_word' id='word_1_254' title='bbox 1900 2739 1973 2801; x_wconf 90' lang='lat' dir='ltr'><strong>spe-</strong></span> 
     </span>
     <span class='ocr_line' id='line_1_24' title="bbox 418 2816 1627 2903; baseline -0.001 -21"><span class='ocrx_word' id='word_1_255' title='bbox 418 2820 542 2900; x_wconf 87' lang='lat' dir='ltr'><strong>melior,</strong></span> <span class='ocrx_word' id='word_1_256' title='bbox 559 2819 798 2883; x_wconf 91' lang='lat' dir='ltr'><strong>desiderabilior</strong></span> <span class='ocrx_word' id='word_1_257' title='bbox 822 2821 1093 2902; x_wconf 87' lang='lat' dir='ltr'><strong>spiritualiterque</strong></span> <span class='ocrx_word' id='word_1_258' title='bbox 1116 2822 1168 2903; x_wconf 88' lang='lat' dir='ltr'><strong>ju·</strong></span> <span class='ocrx_word' id='word_1_259' title='bbox 1223 2816 1464 2896; x_wconf 89' lang='lat' dir='ltr'><strong>ciosissimoque</strong></span> <span class='ocrx_word' id='word_1_260' title='bbox 1483 2817 1627 2899; x_wconf 89' lang='lat' dir='ltr'><strong>objectet</strong></span> 
     </span>
     <span class='ocr_line' id='line_1_25' title="bbox 418 2917 1167 3002; baseline 0.003 -22"><span class='ocrx_word' id='word_1_261' title='bbox 418 2919 551 2981; x_wconf 91' lang='lat' dir='ltr'><strong>cundior</strong></span> <span class='ocrx_word' id='word_1_262' title='bbox 575 2917 636 2980; x_wconf 88' lang='lat' dir='ltr'><strong>luit</strong></span> <span class='ocrx_word' id='word_1_263' title='bbox 659 2937 723 2980; x_wconf 90' lang='lat' dir='ltr'><strong>una</strong></span> <span class='ocrx_word' id='word_1_264' title='bbox 746 2937 808 2982; x_wconf 88' lang='lat' dir='ltr'><strong>nox</strong></span> <span class='ocrx_word' id='word_1_265' title='bbox 824 2919 914 3002; x_wconf 86' lang='lat' dir='ltr'><strong>talis,</strong></span> <span class='ocrx_word' id='word_1_266' title='bbox 943 2938 1039 3000; x_wconf 92' lang='lat' dir='ltr'><strong>super</strong></span> <span class='ocrx_word' id='word_1_267' title='bbox 1067 2920 1167 2982; x_wconf 84' lang='lat' dir='ltr'><strong>millia</strong></span> 
     </span>
     <span class='ocr_line' id='line_1_26' title="bbox 418 3014 1204 3098; baseline 0.003 -20"><span class='ocrx_word' id='word_1_268' title='bbox 418 3015 561 3078; x_wconf 91' lang='lat' dir='ltr'><strong>noctium</strong></span> <span class='ocrx_word' id='word_1_269' title='bbox 586 3034 664 3096; x_wconf 90' lang='lat' dir='ltr'><strong>quas</strong></span> <span class='ocrx_word' id='word_1_270' title='bbox 688 3014 757 3077; x_wconf 79' lang='lat' dir='ltr'><strong>aliae</strong></span> <span class='ocrx_word' id='word_1_271' title='bbox 786 3035 858 3078; x_wconf 91' lang='lat' dir='ltr'><strong>cum</strong></span> <span class='ocrx_word' id='word_1_272' title='bbox 888 3017 954 3078; x_wconf 92' lang='lat' dir='ltr'><strong>suis</strong></span> <span class='ocrx_word' id='word_1_273' title='bbox 983 3017 1204 3098; x_wconf 87' lang='lat' dir='ltr'><strong>expenduntG</strong></span> 
     </span>
     <span class='ocr_line' id='line_1_27' title="bbox 418 3112 1165 3194; baseline 0.003 -18"><span class='ocrx_word' id='word_1_274' title='bbox 418 3113 565 3194; x_wconf 86' lang='lat' dir='ltr'><strong>sponsist</strong></span> <span class='ocrx_word' id='word_1_275' title='bbox 581 3112 655 3187; x_wconf 85' lang='lat' dir='ltr'><strong>Quis</strong></span> <span class='ocrx_word' id='word_1_276' title='bbox 670 3131 734 3176; x_wconf 92' lang='lat' dir='ltr'><strong>uon</strong></span> <span class='ocrx_word' id='word_1_277' title='bbox 749 3113 843 3177; x_wconf 87' lang='lat' dir='ltr'><strong>vellet</strong></span> <span class='ocrx_word' id='word_1_278' title='bbox 859 3114 983 3177; x_wconf 90' lang='lat' dir='ltr'><strong>cunctis</strong></span> <span class='ocrx_word' id='word_1_279' title='bbox 1002 3115 1112 3178; x_wconf 91' lang='lat' dir='ltr'><strong>mundi</strong></span> <span class='ocrx_word' id='word_1_280' title='bbox 1128 3136 1165 3179; x_wconf 87' lang='lat' dir='ltr'><strong>ao</strong></span> 
     </span>
     <span class='ocr_line' id='line_1_28' title="bbox 419 3211 1929 3307; baseline 0.002 -33"><span class='ocrx_word' id='word_1_281' title='bbox 419 3211 525 3274; x_wconf 87' lang='lat' dir='ltr'><strong>carnis</strong></span> <span class='ocrx_word' id='word_1_282' title='bbox 546 3231 674 3293; x_wconf 88' lang='lat' dir='ltr'><strong>semper</strong></span> <span class='ocrx_word' id='word_1_283' title='bbox 692 3230 800 3275; x_wconf 89' lang='lat' dir='ltr'><strong>carere</strong></span> <span class='ocrx_word' id='word_1_284' title='bbox 819 3212 942 3275; x_wconf 91' lang='lat' dir='ltr'><strong>deliciis</strong></span> <span class='ocrx_word' id='word_1_285' title='bbox 958 3232 1014 3294; x_wconf 94' lang='lat' dir='ltr'><strong>pro</strong></span> <span class='ocrx_word' id='word_1_286' title='bbox 1030 3233 1094 3275; x_wconf 92' lang='lat' dir='ltr'><strong>una</strong></span> <span class='ocrx_word' id='word_1_287' title='bbox 1109 3214 1167 3275; x_wconf 92' lang='lat' dir='ltr'><strong>bu·</strong></span> <span class='ocrx_word' id='word_1_288' title='bbox 1259 3231 1307 3290; x_wconf 65' lang='lat' dir='ltr'><strong>De</strong></span> <span class='ocrx_word' id='word_1_289' title='bbox 1321 3230 1428 3288; x_wconf 60' lang='lat' dir='ltr'><strong>pilare</strong></span> <span class='ocrx_word' id='word_1_290' title='bbox 1441 3249 1550 3288; x_wconf 66' lang='lat' dir='ltr'><strong>mensa</strong></span> <span class='ocrx_word' id='word_1_291' title='bbox 1567 3230 1652 3305; x_wconf 57' lang='lat' dir='ltr'><strong>repis</strong></span> <span class='ocrx_word' id='word_1_292' title='bbox 1666 3232 1792 3290; x_wconf 58' lang='lat' dir='ltr'><strong>Mem</strong></span> <span class='ocrx_word' id='word_1_293' title='bbox 1806 3249 1844 3289; x_wconf 70' lang='grc' dir='ltr'><strong>ας</strong></span> <span class='ocrx_word' id='word_1_294' title='bbox 1857 3232 1929 3307; x_wconf 59' lang='lat' dir='ltr'><strong>ejus</strong></span> 
     </span>
     <span class='ocr_line' id='line_1_29' title="bbox 417 3306 1773 3395; baseline 0.007 -26"><span class='ocrx_word' id='word_1_295' title='bbox 417 3306 557 3389; x_wconf 85' lang='lat' dir='ltr'><strong>jusmodi</strong></span> <span class='ocrx_word' id='word_1_296' title='bbox 580 3316 673 3371; x_wconf 89' lang='lat' dir='ltr'><strong>nocte</strong></span> <span class='ocrx_word' id='word_1_297' title='bbox 688 3311 700 3370; x_wconf 87' lang='lat' dir='ltr'><strong>l</strong></span> <span class='ocrx_word' id='word_1_298' title='bbox 1413 3319 1592 3380; x_wconf 83' lang='lat' dir='ltr'><strong>Genitricis</strong></span> <span class='ocrx_word' id='word_1_299' title='bbox 1606 3320 1773 3395; x_wconf 74' lang='lat' dir='ltr'><strong>cirpineae.</strong></span> 
     </span>
    </p>

    <p class='ocr_par' dir='ltr' id='par_1_3' title="bbox 418 3406 2153 5359">
     <span class='ocr_line' id='line_1_30' title="bbox 459 3406 1166 3490; baseline 0.003 -21"><span class='ocrx_word' id='word_1_300' title='bbox 459 3406 594 3487; x_wconf 88' lang='lat' dir='ltr'><strong>Scimus,</strong></span> <span class='ocrx_word' id='word_1_301' title='bbox 611 3406 764 3489; x_wconf 86' lang='lat' dir='ltr'><strong>coptima</strong></span> <span class='ocrx_word' id='word_1_302' title='bbox 779 3414 810 3471; x_wconf 88' lang='lat' dir='ltr'><strong>et</strong></span> <span class='ocrx_word' id='word_1_303' title='bbox 823 3407 1056 3489; x_wconf 82' lang='lat' dir='ltr'><strong>perfectissima</strong></span> <span class='ocrx_word' id='word_1_304' title='bbox 1075 3408 1166 3490; x_wconf 82' lang='lat' dir='ltr'><strong>virgo</strong></span> 
     </span>
     <span class='ocr_line' id='line_1_31' title="bbox 418 3504 2121 3586; baseline 0.002 -19"><span class='ocrx_word' id='word_1_305' title='bbox 418 3504 523 3583; x_wconf 86' lang='lat' dir='ltr'><strong>llaria,</strong></span> <span class='ocrx_word' id='word_1_306' title='bbox 539 3506 623 3586; x_wconf 90' lang='lat' dir='ltr'><strong>quod</strong></span> <span class='ocrx_word' id='word_1_307' title='bbox 639 3524 768 3567; x_wconf 90' lang='lat' dir='ltr'><strong>carnem</strong></span> <span class='ocrx_word' id='word_1_308' title='bbox 784 3506 854 3567; x_wconf 87' lang='lat' dir='ltr'><strong>Filii</strong></span> <span class='ocrx_word' id='word_1_309' title='bbox 871 3506 916 3567; x_wconf 93' lang='lat' dir='ltr'><strong>tui</strong></span> <span class='ocrx_word' id='word_1_310' title='bbox 938 3526 1002 3569; x_wconf 92' lang='lat' dir='ltr'><strong>nou</strong></span> <span class='ocrx_word' id='word_1_311' title='bbox 1024 3507 1164 3569; x_wconf 88' lang='lat' dir='ltr'><strong>sensuali</strong></span> <span class='ocrx_word' id='word_1_312' title='bbox 1288 3507 1435 3569; x_wconf 81' lang='grc' dir='ltr'><em>ΕΝΙΑΤ</em></span> <span class='ocrx_word' id='word_1_313' title='bbox 1464 3507 1603 3565; x_wconf 81' lang='lat' dir='ltr'><strong>dilectus</strong></span> <span class='ocrx_word' id='word_1_314' title='bbox 1640 3527 1729 3566; x_wconf 83' lang='lat' dir='ltr'><strong>meus</strong></span> <span class='ocrx_word' id='word_1_315' title='bbox 1764 3510 1800 3567; x_wconf 82' lang='lat' dir='ltr'><strong>ia</strong></span> <span class='ocrx_word' id='word_1_316' title='bbox 1835 3510 1966 3570; x_wconf 75' lang='lat' dir='ltr'><strong>tortum</strong></span> <span class='ocrx_word' id='word_1_317' title='bbox 1985 3531 2121 3581; x_wconf 66' lang='lat' dir='ltr'><strong>cetam.</strong></span> 
     </span>
     <span class='ocr_line' id='line_1_32' title="bbox 418 3603 1969 3685; baseline 0.001 -19"><span class='ocrx_word' id='word_1_318' title='bbox 418 3622 526 3666; x_wconf 87' lang='lat' dir='ltr'><strong>amore</strong></span> <span class='ocrx_word' id='word_1_319' title='bbox 547 3623 606 3665; x_wconf 93' lang='lat' dir='ltr'><strong>nec</strong></span> <span class='ocrx_word' id='word_1_320' title='bbox 626 3603 798 3666; x_wconf 87' lang='lat' dir='ltr'><strong>carnaliter</strong></span> <span class='ocrx_word' id='word_1_321' title='bbox 816 3604 981 3685; x_wconf 84' lang='lat' dir='ltr'><strong>diligebas,</strong></span> <span class='ocrx_word' id='word_1_322' title='bbox 1003 3604 1058 3667; x_wconf 89' lang='lat' dir='ltr'><strong>sed</strong></span> <span class='ocrx_word' id='word_1_323' title='bbox 1078 3624 1167 3685; x_wconf 89' lang='lat' dir='ltr'><strong>pror·</strong></span> <span class='ocrx_word' id='word_1_324' title='bbox 1302 3625 1411 3673; x_wconf 70' lang='lat' dir='ltr'><strong>suram,</strong></span> <span class='ocrx_word' id='word_1_325' title='bbox 1440 3614 1477 3663; x_wconf 81' lang='lat' dir='ltr'><strong>ut</strong></span> <span class='ocrx_word' id='word_1_326' title='bbox 1505 3608 1648 3664; x_wconf 81' lang='lat' dir='ltr'><strong>comedat</strong></span> <span class='ocrx_word' id='word_1_327' title='bbox 1681 3606 1829 3681; x_wconf 79' lang='lat' dir='ltr'><strong>fructum</strong></span> <span class='ocrx_word' id='word_1_328' title='bbox 1859 3626 1969 3683; x_wconf 82' lang='lat' dir='ltr'><strong>pomo-</strong></span> 
     </span>
     <span class='ocr_line' id='line_1_33' title="bbox 419 3701 2153 3810; baseline 0.001 -45"><span class='ocrx_word' id='word_1_329' title='bbox 419 3722 473 3765; x_wconf 90' lang='lat' dir='ltr'><strong>sus</strong></span> <span class='ocrx_word' id='word_1_330' title='bbox 488 3702 659 3784; x_wconf 91' lang='lat' dir='ltr'><strong>purissime</strong></span> <span class='ocrx_word' id='word_1_331' title='bbox 676 3726 683 3763; x_wconf 76' lang='grc' dir='ltr'>ε</span> <span class='ocrx_word' id='word_1_332' title='bbox 701 3712 732 3765; x_wconf 91' lang='lat' dir='ltr'><strong>et</strong></span> <span class='ocrx_word' id='word_1_333' title='bbox 747 3711 852 3765; x_wconf 90' lang='lat' dir='ltr'><strong>tamen</strong></span> <span class='ocrx_word' id='word_1_334' title='bbox 871 3703 953 3765; x_wconf 90' lang='lat' dir='ltr'><strong>banc</strong></span> <span class='ocrx_word' id='word_1_335' title='bbox 973 3704 1108 3766; x_wconf 91' lang='lat' dir='ltr'><strong>naturali</strong></span> <span class='ocrx_word' id='word_1_336' title='bbox 1128 3724 1165 3767; x_wconf 88' lang='lat' dir='ltr'><strong>ac</strong></span> <span class='ocrx_word' id='word_1_337' title='bbox 1222 3723 1298 3763; x_wconf 82' lang='lat' dir='ltr'><strong>rum</strong></span> <span class='ocrx_word' id='word_1_338' title='bbox 1323 3722 1466 3762; x_wconf 85' lang='lat' dir='ltr'><strong>suorum.</strong></span> <span class='ocrx_word' id='word_1_339' title='bbox 1484 3701 1527 3764; x_wconf 89' lang='lat' dir='ltr'><strong>Ile</strong></span> <span class='ocrx_word' id='word_1_340' title='bbox 1553 3702 1712 3782; x_wconf 89' lang='lat' dir='ltr'><strong>primitiva</strong></span> <span class='ocrx_word' id='word_1_341' title='bbox 1733 3712 1842 3766; x_wconf 90' lang='lat' dir='ltr'><strong>sancta</strong></span> <span class='ocrx_word' id='word_1_342' title='bbox 1864 3704 1970 3767; x_wconf 81' lang='lat' dir='ltr'><strong>Eccle</strong></span> <span class='ocrx_word' id='word_1_343' title='bbox 2152 3769 2153 3810; x_wconf 60' lang='lat'><strong>,</strong></span> 
     </span>
     <span class='ocr_line' id='line_1_34' title="bbox 418 3799 2153 3883; baseline -0.002 -19"><span class='ocrx_word' id='word_1_344' title='bbox 418 3802 575 3883; x_wconf 88' lang='lat' dir='ltr'><strong>spirituali</strong></span> <span class='ocrx_word' id='word_1_345' title='bbox 596 3820 703 3865; x_wconf 90' lang='lat' dir='ltr'><strong>amore</strong></span> <span class='ocrx_word' id='word_1_346' title='bbox 724 3801 848 3864; x_wconf 89' lang='lat' dir='ltr'><strong>intense</strong></span> <span class='ocrx_word' id='word_1_347' title='bbox 868 3802 1006 3865; x_wconf 88' lang='lat' dir='ltr'><strong>amabas.</strong></span> <span class='ocrx_word' id='word_1_348' title='bbox 1028 3802 1108 3865; x_wconf 91' lang='lat' dir='ltr'><strong>Hinc</strong></span> <span class='ocrx_word' id='word_1_349' title='bbox 1128 3822 1166 3865; x_wconf 91' lang='lat' dir='ltr'><strong>ex</strong></span> <span class='ocrx_word' id='word_1_350' title='bbox 1222 3802 1269 3864; x_wconf 89' lang='lat' dir='ltr'><strong>sia</strong></span> <span class='ocrx_word' id='word_1_351' title='bbox 1290 3800 1323 3861; x_wconf 92' lang='lat' dir='ltr'><strong>in</strong></span> <span class='ocrx_word' id='word_1_352' title='bbox 1344 3799 1516 3863; x_wconf 84' lang='lat' dir='ltr'><strong>Jerusalem</strong></span> <span class='ocrx_word' id='word_1_353' title='bbox 1538 3808 1729 3881; x_wconf 81' lang='lat' dir='ltr'><strong>congregata</strong></span> <span class='ocrx_word' id='word_1_354' title='bbox 1748 3803 1900 3883; x_wconf 90' lang='lat' dir='ltr'><strong>scriptum</strong></span> <span class='ocrx_word' id='word_1_355' title='bbox 1920 3811 1970 3866; x_wconf 91' lang='lat' dir='ltr'><strong>est</strong></span> <span class='ocrx_word' id='word_1_356' title='bbox 2152 3815 2153 3860; x_wconf 82' lang='lat' dir='ltr'><strong>t</strong></span> 
     </span>
     <span class='ocr_line' id='line_1_35' title="bbox 418 3898 2153 3982; baseline 0.001 -20"><span class='ocrx_word' id='word_1_357' title='bbox 418 3900 575 3982; x_wconf 89' lang='lat' dir='ltr'><strong>corporali</strong></span> <span class='ocrx_word' id='word_1_358' title='bbox 592 3907 750 3977; x_wconf 88' lang='lat' dir='ltr'><strong>contactu,</strong></span> <span class='ocrx_word' id='word_1_359' title='bbox 763 3899 1166 3981; x_wconf 88' lang='lat' dir='ltr'><strong>deosculatione,amplexu</strong></span> <span class='ocrx_word' id='word_1_360' title='bbox 1222 3898 1501 3979; x_wconf 91' lang='lat' dir='ltr'><strong>quemadmodum,</strong></span> <span class='ocrx_word' id='word_1_361' title='bbox 1532 3906 1659 3979; x_wconf 91' lang='lat' dir='ltr'><strong>recepto</strong></span> <span class='ocrx_word' id='word_1_362' title='bbox 1692 3898 1811 3979; x_wconf 87' lang='lat' dir='ltr'><strong>Spiritu</strong></span> <span class='ocrx_word' id='word_1_363' title='bbox 1840 3900 1967 3982; x_wconf 87' lang='lat' dir='ltr'><strong>Sancto,</strong></span> <span class='ocrx_word' id='word_1_364' title='bbox 2152 3903 2153 3956; x_wconf 91' lang='lat' dir='ltr'><strong>l</strong></span> 
     </span>
     <span class='ocr_line' id='line_1_36' title="bbox 418 3994 2122 4079; baseline 0.001 -18"><span class='ocrx_word' id='word_1_365' title='bbox 418 3998 617 4062; x_wconf 91' lang='lat' dir='ltr'><strong>dilectissimi</strong></span> <span class='ocrx_word' id='word_1_366' title='bbox 642 3998 711 4060; x_wconf 79' lang='lat' dir='ltr'><strong>llilii</strong></span> <span class='ocrx_word' id='word_1_367' title='bbox 736 3997 792 4075; x_wconf 90' lang='lat' dir='ltr'><strong>tui,</strong></span> <span class='ocrx_word' id='word_1_368' title='bbox 815 3997 1031 4078; x_wconf 90' lang='lat' dir='ltr'><strong>spiritualibus</strong></span> <span class='ocrx_word' id='word_1_369' title='bbox 1054 4017 1167 4060; x_wconf 87' lang='lat' dir='ltr'><strong>accen·</strong></span> <span class='ocrx_word' id='word_1_370' title='bbox 1222 3996 1334 4058; x_wconf 80' lang='lat' dir='ltr'><strong>fideles</strong></span> <span class='ocrx_word' id='word_1_371' title='bbox 1359 3994 1404 4056; x_wconf 94' lang='lat' dir='ltr'><strong>illi</strong></span> <span class='ocrx_word' id='word_1_372' title='bbox 1433 3995 1601 4058; x_wconf 90' lang='lat' dir='ltr'><strong>sumebant</strong></span> <span class='ocrx_word' id='word_1_373' title='bbox 1627 3995 1734 4059; x_wconf 91' lang='lat' dir='ltr'><strong>cibum</strong></span> <span class='ocrx_word' id='word_1_374' title='bbox 1762 4017 1836 4060; x_wconf 92' lang='lat' dir='ltr'><strong>cum</strong></span> <span class='ocrx_word' id='word_1_375' title='bbox 1864 4000 1970 4062; x_wconf 86' lang='lat' dir='ltr'><strong>exsul·</strong></span> <span class='ocrx_word' id='word_1_376' title='bbox 1997 4029 2122 4079; x_wconf 47' lang='lat' dir='ltr'><strong>mma,</strong></span> 
     </span>
     <span class='ocr_line' id='line_1_37' title="bbox 419 4092 2024 4175; baseline 0.002 -17"><span class='ocrx_word' id='word_1_377' title='bbox 419 4096 544 4159; x_wconf 91' lang='lat' dir='ltr'><strong>debaris</strong></span> <span class='ocrx_word' id='word_1_378' title='bbox 562 4095 746 4172; x_wconf 82' lang='lat' dir='ltr'><strong>aflectibus,</strong></span> <span class='ocrx_word' id='word_1_379' title='bbox 763 4104 794 4157; x_wconf 90' lang='lat' dir='ltr'><strong>et</strong></span> <span class='ocrx_word' id='word_1_380' title='bbox 813 4097 851 4157; x_wconf 89' lang='lat' dir='ltr'><strong>ad</strong></span> <span class='ocrx_word' id='word_1_381' title='bbox 873 4094 998 4157; x_wconf 88' lang='lat' dir='ltr'><strong>deitatis</strong></span> <span class='ocrx_word' id='word_1_382' title='bbox 1024 4095 1093 4157; x_wconf 87' lang='lat' dir='ltr'><strong>Filii</strong></span> <span class='ocrx_word' id='word_1_383' title='bbox 1121 4096 1166 4157; x_wconf 89' lang='lat' dir='ltr'><strong>tui</strong></span> <span class='ocrx_word' id='word_1_384' title='bbox 1221 4094 1339 4157; x_wconf 86' lang='lat' dir='ltr'><strong>tatione</strong></span> <span class='ocrx_word' id='word_1_385' title='bbox 1363 4100 1395 4155; x_wconf 93' lang='lat' dir='ltr'><strong>et</strong></span> <span class='ocrx_word' id='word_1_386' title='bbox 1418 4092 1623 4175; x_wconf 89' lang='lat' dir='ltr'><strong>simplicitate</strong></span> <span class='ocrx_word' id='word_1_387' title='bbox 1648 4096 1763 4173; x_wconf 91' lang='lat' dir='ltr'><strong>cordis,</strong></span> <span class='ocrx_word' id='word_1_388' title='bbox 1786 4098 1970 4161; x_wconf 88' lang='lat' dir='ltr'><strong>collaudan-</strong></span> <span class='ocrx_word' id='word_1_389' title='bbox 1985 4096 2024 4136; x_wconf 75' lang='lat'><strong>⁴⁷·</strong></span> 
     </span>
     <span class='ocr_line' id='line_1_38' title="bbox 419 4192 1967 4278; baseline 0.003 -21"><span class='ocrx_word' id='word_1_390' title='bbox 419 4194 721 4275; x_wconf 88' lang='lat' dir='ltr'><strong>contemplationem</strong></span> <span class='ocrx_word' id='word_1_391' title='bbox 756 4193 940 4255; x_wconf 89' lang='lat' dir='ltr'><strong>elevabatur</strong></span> <span class='ocrx_word' id='word_1_392' title='bbox 974 4212 1065 4255; x_wconf 91' lang='lat' dir='ltr'><strong>mens</strong></span> <span class='ocrx_word' id='word_1_393' title='bbox 1100 4203 1164 4270; x_wconf 88' lang='lat' dir='ltr'><strong>tua,</strong></span> <span class='ocrx_word' id='word_1_394' title='bbox 1184 4197 1270 4259; x_wconf 87' lang='lat' dir='ltr'><strong>Dtes</strong></span> <span class='ocrx_word' id='word_1_395' title='bbox 1291 4193 1400 4254; x_wconf 85' lang='lat' dir='ltr'><strong>Deum.</strong></span> <span class='ocrx_word' id='word_1_396' title='bbox 1418 4192 1539 4266; x_wconf 86' lang='lat' dir='ltr'><strong>Quanto</strong></span> <span class='ocrx_word' id='word_1_397' title='bbox 1563 4194 1664 4274; x_wconf 82' lang='lat' dir='ltr'><strong>magis</strong></span> <span class='ocrx_word' id='word_1_398' title='bbox 1689 4204 1736 4257; x_wconf 88' lang='lat' dir='ltr'><strong>est</strong></span> <span class='ocrx_word' id='word_1_399' title='bbox 1760 4196 1967 4278; x_wconf 90' lang='lat' dir='ltr'><strong>credendum,</strong></span> 
     </span>
     <span class='ocr_line' id='line_1_39' title="bbox 419 4290 1971 4377; baseline 0.002 -20"><span class='ocrx_word' id='word_1_400' title='bbox 419 4293 668 4374; x_wconf 86' lang='lat' dir='ltr'><strong>mysteriumque</strong></span> <span class='ocrx_word' id='word_1_401' title='bbox 683 4291 910 4355; x_wconf 91' lang='lat' dir='ltr'><strong>incarnationis</strong></span> <span class='ocrx_word' id='word_1_402' title='bbox 925 4291 996 4352; x_wconf 79' lang='lat' dir='ltr'><strong>Filii</strong></span> <span class='ocrx_word' id='word_1_403' title='bbox 1012 4292 1067 4354; x_wconf 86' lang='lat' dir='ltr'><strong>Dei</strong></span> <span class='ocrx_word' id='word_1_404' title='bbox 1084 4312 1120 4354; x_wconf 88' lang='lat' dir='ltr'><strong>ex</strong></span> <span class='ocrx_word' id='word_1_405' title='bbox 1136 4300 1166 4354; x_wconf 91' lang='lat' dir='ltr'><strong>te</strong></span> <span class='ocrx_word' id='word_1_406' title='bbox 1222 4291 1308 4371; x_wconf 90' lang='lat' dir='ltr'><strong>quod</strong></span> <span class='ocrx_word' id='word_1_407' title='bbox 1327 4290 1509 4352; x_wconf 88' lang='lat' dir='ltr'><strong>beatissima</strong></span> <span class='ocrx_word' id='word_1_408' title='bbox 1528 4310 1565 4352; x_wconf 92' lang='lat' dir='ltr'><strong>ac</strong></span> <span class='ocrx_word' id='word_1_409' title='bbox 1580 4292 1698 4372; x_wconf 87' lang='lat' dir='ltr'><strong>Spiritu</strong></span> <span class='ocrx_word' id='word_1_410' title='bbox 1717 4294 1832 4357; x_wconf 90' lang='lat' dir='ltr'><strong>Sancto</strong></span> <span class='ocrx_word' id='word_1_411' title='bbox 1852 4296 1971 4377; x_wconf 92' lang='lat' dir='ltr'><strong>plenis-</strong></span> 
     </span>
     <span class='ocr_line' id='line_1_40' title="bbox 418 4386 1970 4481; baseline 0.003 -26"><span class='ocrx_word' id='word_1_412' title='bbox 418 4393 522 4468; x_wconf 84' lang='lat' dir='ltr'><strong>lactae‚</strong></span> <span class='ocrx_word' id='word_1_413' title='bbox 544 4391 583 4454; x_wconf 90' lang='lat' dir='ltr'><strong>ad</strong></span> <span class='ocrx_word' id='word_1_414' title='bbox 608 4390 794 4453; x_wconf 85' lang='lat' dir='ltr'><strong>memoriam</strong></span> <span class='ocrx_word' id='word_1_415' title='bbox 819 4389 1053 4469; x_wconf 89' lang='lat' dir='ltr'><strong>sapientissime</strong></span> <span class='ocrx_word' id='word_1_416' title='bbox 1078 4408 1168 4452; x_wconf 75' lang='lat' dir='ltr'><strong>reve</strong></span> <span class='ocrx_word' id='word_1_417' title='bbox 1224 4390 1304 4451; x_wconf 89' lang='lat' dir='ltr'><strong>sima</strong></span> <span class='ocrx_word' id='word_1_418' title='bbox 1327 4386 1421 4450; x_wconf 91' lang='lat' dir='ltr'><strong>llaria</strong></span> <span class='ocrx_word' id='word_1_419' title='bbox 1445 4407 1517 4449; x_wconf 91' lang='lat' dir='ltr'><strong>cum</strong></span> <span class='ocrx_word' id='word_1_420' title='bbox 1542 4390 1709 4471; x_wconf 81' lang='lat' dir='ltr'><strong>Unigenito</strong></span> <span class='ocrx_word' id='word_1_421' title='bbox 1734 4411 1791 4481; x_wconf 86' lang='lat' dir='ltr'><strong>suo</strong></span> <span class='ocrx_word' id='word_1_422' title='bbox 1812 4394 1970 4459; x_wconf 88' lang='lat' dir='ltr'><strong>ablactato</strong></span> 
     </span>
     <span class='ocr_line' id='line_1_41' title="bbox 420 4485 1970 4569; baseline 0.001 -14"><span class='ocrx_word' id='word_1_423' title='bbox 420 4488 676 4568; x_wconf 87' lang='lat' dir='ltr'><strong>casti,benelicia</strong></span> <span class='ocrx_word' id='word_1_424' title='bbox 690 4488 826 4568; x_wconf 89' lang='lat' dir='ltr'><strong>desuper</strong></span> <span class='ocrx_word' id='word_1_425' title='bbox 841 4486 898 4549; x_wconf 88' lang='lat' dir='ltr'><strong>tibi</strong></span> <span class='ocrx_word' id='word_1_426' title='bbox 914 4487 1052 4550; x_wconf 85' lang='lat' dir='ltr'><strong>exhibita</strong></span> <span class='ocrx_word' id='word_1_427' title='bbox 1067 4494 1168 4550; x_wconf 88' lang='lat' dir='ltr'><strong>atten-</strong></span> <span class='ocrx_word' id='word_1_428' title='bbox 1223 4508 1242 4549; x_wconf 88' lang='lat' dir='ltr'><strong>a</strong></span> <span class='ocrx_word' id='word_1_429' title='bbox 1276 4487 1368 4562; x_wconf 86' lang='lat' dir='ltr'><strong>lacte,</strong></span> <span class='ocrx_word' id='word_1_430' title='bbox 1405 4485 1515 4548; x_wconf 90' lang='lat' dir='ltr'><strong>avulso</strong></span> <span class='ocrx_word' id='word_1_431' title='bbox 1549 4487 1590 4549; x_wconf 90' lang='lat' dir='ltr'><strong>ab</strong></span> <span class='ocrx_word' id='word_1_432' title='bbox 1627 4489 1735 4569; x_wconf 91' lang='lat' dir='ltr'><strong>ubere,</strong></span> <span class='ocrx_word' id='word_1_433' title='bbox 1773 4491 1970 4557; x_wconf 90' lang='lat' dir='ltr'><strong>sobriissime</strong></span> 
     </span>
     <span class='ocr_line' id='line_1_42' title="bbox 420 4583 1972 4669; baseline 0.002 -17"><span class='ocrx_word' id='word_1_434' title='bbox 420 4588 493 4653; x_wconf 92' lang='lat' dir='ltr'><strong>disti</strong></span> <span class='ocrx_word' id='word_1_435' title='bbox 531 4610 538 4648; x_wconf 89' lang='lat'>:</span> <span class='ocrx_word' id='word_1_436' title='bbox 573 4585 681 4666; x_wconf 92' lang='lat' dir='ltr'><strong>sicque</strong></span> <span class='ocrx_word' id='word_1_437' title='bbox 716 4604 754 4647; x_wconf 85' lang='lat' dir='ltr'><strong>ex</strong></span> <span class='ocrx_word' id='word_1_438' title='bbox 786 4584 900 4647; x_wconf 90' lang='lat' dir='ltr'><strong>borum</strong></span> <span class='ocrx_word' id='word_1_439' title='bbox 936 4585 1165 4663; x_wconf 90' lang='lat' dir='ltr'><strong>recordatione,</strong></span> <span class='ocrx_word' id='word_1_440' title='bbox 1224 4584 1360 4665; x_wconf 90' lang='lat' dir='ltr'><strong>sumpsit</strong></span> <span class='ocrx_word' id='word_1_441' title='bbox 1385 4583 1492 4646; x_wconf 91' lang='lat' dir='ltr'><strong>cibum</strong></span> <span class='ocrx_word' id='word_1_442' title='bbox 1517 4603 1590 4647; x_wconf 92' lang='lat' dir='ltr'><strong>cum</strong></span> <span class='ocrx_word' id='word_1_443' title='bbox 1615 4585 1731 4667; x_wconf 77' lang='lat' dir='ltr'><strong>ganum</strong></span> <span class='ocrx_word' id='word_1_444' title='bbox 1757 4589 1913 4669; x_wconf 88' lang='lat' dir='ltr'><strong>spirituali</strong></span> <span class='ocrx_word' id='word_1_445' title='bbox 1938 4602 1972 4655; x_wconf 90' lang='lat' dir='ltr'><strong>et</strong></span> 
     </span>
     <span class='ocr_line' id='line_1_43' title="bbox 420 4681 1971 4765; baseline 0.003 -16"><span class='ocrx_word' id='word_1_446' title='bbox 420 4683 635 4765; x_wconf 84' lang='lat' dir='ltr'><strong>Omnipotenti</strong></span> <span class='ocrx_word' id='word_1_447' title='bbox 651 4702 688 4744; x_wconf 91' lang='lat' dir='ltr'><strong>ex</strong></span> <span class='ocrx_word' id='word_1_448' title='bbox 703 4690 733 4744; x_wconf 94' lang='lat' dir='ltr'><strong>te</strong></span> <span class='ocrx_word' id='word_1_449' title='bbox 748 4689 834 4759; x_wconf 86' lang='lat' dir='ltr'><strong>nato,</strong></span> <span class='ocrx_word' id='word_1_450' title='bbox 847 4682 912 4745; x_wconf 93' lang='lat' dir='ltr'><strong>imo</strong></span> <span class='ocrx_word' id='word_1_451' title='bbox 927 4683 984 4745; x_wconf 93' lang='lat' dir='ltr'><strong>toti</strong></span> <span class='ocrx_word' id='word_1_452' title='bbox 999 4683 1168 4764; x_wconf 86' lang='lat' dir='ltr'><strong>superbea-</strong></span> <span class='ocrx_word' id='word_1_453' title='bbox 1225 4681 1408 4745; x_wconf 88' lang='lat' dir='ltr'><strong>columbina</strong></span> <span class='ocrx_word' id='word_1_454' title='bbox 1440 4682 1666 4763; x_wconf 87' lang='lat' dir='ltr'><strong>simplicitatel</strong></span> <span class='ocrx_word' id='word_1_455' title='bbox 1694 4684 1805 4748; x_wconf 92' lang='lat' dir='ltr'><strong>Nonne</strong></span> <span class='ocrx_word' id='word_1_456' title='bbox 1840 4688 1971 4753; x_wconf 92' lang='lat' dir='ltr'><strong>delicio-</strong></span> 
     </span>
     <span class='ocr_line' id='line_1_44' title="bbox 419 4778 1971 4862; baseline 0.002 -16"><span class='ocrx_word' id='word_1_457' title='bbox 419 4782 550 4847; x_wconf 82' lang='lat' dir='ltr'><strong>tissimae</strong></span> <span class='ocrx_word' id='word_1_458' title='bbox 565 4779 719 4857; x_wconf 83' lang='lat' dir='ltr'><strong>Trinitati,</strong></span> <span class='ocrx_word' id='word_1_459' title='bbox 736 4780 1047 4862; x_wconf 77' lang='lat' dir='ltr'><strong>praecordialissimas</strong></span> <span class='ocrx_word' id='word_1_460' title='bbox 1062 4788 1168 4862; x_wconf 82' lang='lat' dir='ltr'><strong>grates</strong></span> <span class='ocrx_word' id='word_1_461' title='bbox 1225 4798 1296 4841; x_wconf 92' lang='lat' dir='ltr'><strong>sum</strong></span> <span class='ocrx_word' id='word_1_462' title='bbox 1324 4778 1386 4840; x_wconf 86' lang='lat' dir='ltr'><strong>luit</strong></span> <span class='ocrx_word' id='word_1_463' title='bbox 1414 4779 1642 4858; x_wconf 87' lang='lat' dir='ltr'><strong>spectaculum,</strong></span> <span class='ocrx_word' id='word_1_464' title='bbox 1673 4783 1782 4844; x_wconf 90' lang='lat' dir='ltr'><strong>sedere</strong></span> <span class='ocrx_word' id='word_1_465' title='bbox 1814 4785 1853 4846; x_wconf 91' lang='lat' dir='ltr'><strong>ad</strong></span> <span class='ocrx_word' id='word_1_466' title='bbox 1888 4786 1971 4850; x_wconf 87' lang='lat' dir='ltr'><strong>rele-</strong></span> 
     </span>
     <span class='ocr_line' id='line_1_45' title="bbox 420 4877 1971 4963; baseline 0.003 -20"><span class='ocrx_word' id='word_1_467' title='bbox 420 4880 512 4963; x_wconf 84' lang='lat' dir='ltr'><strong>egisti</strong></span> <span class='ocrx_word' id='word_1_468' title='bbox 528 4898 566 4942; x_wconf 88' lang='lat' dir='ltr'><strong>ac</strong></span> <span class='ocrx_word' id='word_1_469' title='bbox 581 4878 734 4942; x_wconf 87' lang='lat' dir='ltr'><strong>obtulisti.</strong></span> <span class='ocrx_word' id='word_1_470' title='bbox 751 4878 858 4957; x_wconf 91' lang='lat' dir='ltr'><strong>Itaque</strong></span> <span class='ocrx_word' id='word_1_471' title='bbox 881 4878 913 4939; x_wconf 95' lang='lat' dir='ltr'><strong>in</strong></span> <span class='ocrx_word' id='word_1_472' title='bbox 936 4884 1012 4956; x_wconf 88' lang='lat' dir='ltr'><strong>te,o</strong></span> <span class='ocrx_word' id='word_1_473' title='bbox 1035 4879 1170 4941; x_wconf 91' lang='lat' dir='ltr'><strong>divinis·</strong></span> <span class='ocrx_word' id='word_1_474' title='bbox 1225 4878 1364 4940; x_wconf 90' lang='lat' dir='ltr'><strong>ctionem</strong></span> <span class='ocrx_word' id='word_1_475' title='bbox 1393 4896 1466 4939; x_wconf 88' lang='lat' dir='ltr'><strong>curn</strong></span> <span class='ocrx_word' id='word_1_476' title='bbox 1496 4877 1662 4959; x_wconf 81' lang='lat' dir='ltr'><strong>Unigenito</strong></span> <span class='ocrx_word' id='word_1_477' title='bbox 1690 4879 1745 4941; x_wconf 89' lang='lat' dir='ltr'><strong>Dei</strong></span> <span class='ocrx_word' id='word_1_478' title='bbox 1773 4900 1810 4944; x_wconf 89' lang='lat' dir='ltr'><strong>ac</strong></span> <span class='ocrx_word' id='word_1_479' title='bbox 1839 4902 1908 4961; x_wconf 90' lang='lat' dir='ltr'><strong>suo,</strong></span> <span class='ocrx_word' id='word_1_480' title='bbox 1938 4894 1971 4948; x_wconf 92' lang='lat' dir='ltr'><strong>et</strong></span> 
     </span>
     <span class='ocr_line' id='line_1_46' title="bbox 420 4974 1972 5063; baseline 0.001 -20"><span class='ocrx_word' id='word_1_481' title='bbox 420 4980 499 5043; x_wconf 88' lang='lat' dir='ltr'><strong>sima</strong></span> <span class='ocrx_word' id='word_1_482' title='bbox 514 4997 552 5040; x_wconf 91' lang='lat' dir='ltr'><strong>ac</strong></span> <span class='ocrx_word' id='word_1_483' title='bbox 567 4976 827 5059; x_wconf 82' lang='lat' dir='ltr'><strong>purificatissima</strong></span> <span class='ocrx_word' id='word_1_484' title='bbox 847 4976 953 5053; x_wconf 85' lang='lat' dir='ltr'><strong>Mater,</strong></span> <span class='ocrx_word' id='word_1_485' title='bbox 971 4994 1034 5039; x_wconf 91' lang='lat' dir='ltr'><strong>non</strong></span> <span class='ocrx_word' id='word_1_486' title='bbox 1056 4977 1169 5039; x_wconf 91' lang='lat' dir='ltr'><strong>babuit</strong></span> <span class='ocrx_word' id='word_1_487' title='bbox 1224 4995 1264 5039; x_wconf 87' lang='lat' dir='ltr'><strong>ex</strong></span> <span class='ocrx_word' id='word_1_488' title='bbox 1284 4974 1396 5038; x_wconf 90' lang='lat' dir='ltr'><strong>eodem</strong></span> <span class='ocrx_word' id='word_1_489' title='bbox 1418 4994 1491 5038; x_wconf 89' lang='lat' dir='ltr'><strong>cum</strong></span> <span class='ocrx_word' id='word_1_490' title='bbox 1512 4994 1550 5037; x_wconf 87' lang='lat' dir='ltr'><strong>eo</strong></span> <span class='ocrx_word' id='word_1_491' title='bbox 1571 4977 1700 5039; x_wconf 90' lang='lat' dir='ltr'><strong>vasculo</strong></span> <span class='ocrx_word' id='word_1_492' title='bbox 1720 4977 1827 5041; x_wconf 91' lang='lat' dir='ltr'><strong>cibum</strong></span> <span class='ocrx_word' id='word_1_493' title='bbox 1848 4983 1972 5063; x_wconf 90' lang='lat' dir='ltr'><strong>accipe·</strong></span> 
     </span>
     <span class='ocr_line' id='line_1_47' title="bbox 420 5073 1973 5158; baseline 0.004 -19"><span class='ocrx_word' id='word_1_494' title='bbox 420 5078 527 5141; x_wconf 93' lang='lat' dir='ltr'><strong>locum</strong></span> <span class='ocrx_word' id='word_1_495' title='bbox 561 5075 646 5158; x_wconf 92' lang='lat' dir='ltr'><strong>quod</strong></span> <span class='ocrx_word' id='word_1_496' title='bbox 675 5074 860 5157; x_wconf 83' lang='lat' dir='ltr'><strong>Unigenitus</strong></span> <span class='ocrx_word' id='word_1_497' title='bbox 888 5082 960 5137; x_wconf 90' lang='lat' dir='ltr'><strong>tuus</strong></span> <span class='ocrx_word' id='word_1_498' title='bbox 990 5075 1056 5136; x_wconf 92' lang='lat' dir='ltr'><strong>suis</strong></span> <span class='ocrx_word' id='word_1_499' title='bbox 1089 5074 1169 5136; x_wconf 87' lang='lat' dir='ltr'><strong>dixit</strong></span> <span class='ocrx_word' id='word_1_500' title='bbox 1225 5094 1259 5136; x_wconf 91' lang='lat' dir='ltr'><strong>re</strong></span> <span class='ocrx_word' id='word_1_501' title='bbox 1282 5082 1314 5135; x_wconf 92' lang='lat' dir='ltr'><strong>et</strong></span> <span class='ocrx_word' id='word_1_502' title='bbox 1337 5075 1467 5153; x_wconf 84' lang='lat' dir='ltr'><strong>potaret</strong></span> <span class='ocrx_word' id='word_1_503' title='bbox 1492 5073 1632 5155; x_wconf 85' lang='lat' dir='ltr'><strong>Denique</strong></span> <span class='ocrx_word' id='word_1_504' title='bbox 1655 5082 1688 5136; x_wconf 90' lang='lat' dir='ltr'><strong>et</strong></span> <span class='ocrx_word' id='word_1_505' title='bbox 1709 5074 1742 5137; x_wconf 92' lang='lat' dir='ltr'><strong>id</strong></span> <span class='ocrx_word' id='word_1_506' title='bbox 1766 5077 1818 5157; x_wconf 92' lang='lat' dir='ltr'><strong>pie</strong></span> <span class='ocrx_word' id='word_1_507' title='bbox 1844 5080 1973 5144; x_wconf 90' lang='lat' dir='ltr'><strong>videtur</strong></span> 
     </span>
     <span class='ocr_line' id='line_1_48' title="bbox 419 5172 1972 5258; baseline 0.003 -19"><span class='ocrx_word' id='word_1_508' title='bbox 419 5175 595 5258; x_wconf 77' lang='lat' dir='ltr'><strong>discipuIIS,</strong></span> <span class='ocrx_word' id='word_1_509' title='bbox 612 5192 720 5237; x_wconf 88' lang='lat' dir='ltr'><strong>amore</strong></span> <span class='ocrx_word' id='word_1_510' title='bbox 745 5172 926 5254; x_wconf 91' lang='lat' dir='ltr'><strong>aliqualiter</strong></span> <span class='ocrx_word' id='word_1_511' title='bbox 950 5172 1089 5235; x_wconf 90' lang='lat' dir='ltr'><strong>sensuali</strong></span> <span class='ocrx_word' id='word_1_512' title='bbox 1114 5175 1169 5236; x_wconf 87' lang='lat' dir='ltr'><strong>ad·</strong></span> <span class='ocrx_word' id='word_1_513' title='bbox 1225 5172 1429 5248; x_wconf 88' lang='lat' dir='ltr'><strong>credendum,</strong></span> <span class='ocrx_word' id='word_1_514' title='bbox 1447 5174 1530 5252; x_wconf 93' lang='lat' dir='ltr'><strong>quod</strong></span> <span class='ocrx_word' id='word_1_515' title='bbox 1551 5172 1748 5237; x_wconf 89' lang='lat' dir='ltr'><strong>humillimus</strong></span> <span class='ocrx_word' id='word_1_516' title='bbox 1767 5185 1799 5239; x_wconf 91' lang='lat' dir='ltr'><strong>et</strong></span> <span class='ocrx_word' id='word_1_517' title='bbox 1820 5178 1972 5243; x_wconf 91' lang='lat' dir='ltr'><strong>obedien-</strong></span> 
     </span>
     <span class='ocr_line' id='line_1_49' title="bbox 420 5269 1972 5359; baseline 0.003 -20"><span class='ocrx_word' id='word_1_518' title='bbox 420 5275 482 5341; x_wconf 88' lang='lat' dir='ltr'><strong>huc</strong></span> <span class='ocrx_word' id='word_1_519' title='bbox 507 5276 592 5339; x_wconf 86' lang='lat' dir='ltr'><strong>clrca</strong></span> <span class='ocrx_word' id='word_1_520' title='bbox 616 5274 722 5356; x_wconf 91' lang='lat' dir='ltr'><strong>ipsum</strong></span> <span class='ocrx_word' id='word_1_521' title='bbox 747 5270 883 5336; x_wconf 89' lang='lat' dir='ltr'><strong>detentis</strong></span> <span class='ocrx_word' id='word_1_522' title='bbox 912 5278 943 5335; x_wconf 92' lang='lat' dir='ltr'><strong>et</strong></span> <span class='ocrx_word' id='word_1_523' title='bbox 970 5270 1130 5335; x_wconf 82' lang='lat' dir='ltr'><strong>affectatis</strong></span> <span class='ocrx_word' id='word_1_524' title='bbox 1157 5295 1165 5333; x_wconf 80' lang='lat' dir='ltr'>z</span> <span class='ocrx_word' id='word_1_525' title='bbox 1224 5269 1366 5334; x_wconf 89' lang='lat' dir='ltr'><strong>tissimus</strong></span> <span class='ocrx_word' id='word_1_526' title='bbox 1395 5270 1494 5333; x_wconf 86' lang='lat' dir='ltr'><strong>Filius</strong></span> <span class='ocrx_word' id='word_1_527' title='bbox 1527 5270 1582 5334; x_wconf 91' lang='lat' dir='ltr'><strong>ille</strong></span> <span class='ocrx_word' id='word_1_528' title='bbox 1609 5290 1751 5335; x_wconf 84' lang='lat' dir='ltr'><strong>mensam</strong></span> <span class='ocrx_word' id='word_1_529' title='bbox 1787 5275 1972 5359; x_wconf 87' lang='lat' dir='ltr'><strong>frequenter</strong></span> 
     </span>
    </p>
   </div>
   <div class='ocr_carea' id='block_1_3' title="bbox 1376 3079 1811 3145">
    <p class='ocr_par' dir='ltr' id='par_1_4' title="bbox 1376 3079 1811 3145">
     <span class='ocr_line' id='line_1_50' title="bbox 1376 3079 1811 3145; baseline 0.005 -3"><span class='ocrx_word' id='word_1_530' title='bbox 1376 3079 1620 3144; x_wconf 83' lang='lat' dir='ltr'><strong>ARTICULUS</strong></span> <span class='ocrx_word' id='word_1_531' title='bbox 1650 3080 1811 3145; x_wconf 90' lang='lat' dir='ltr'><strong>XXXIII.</strong></span> 
     </span>
    </p>
   </div>
   <div class='ocr_carea' id='block_1_4' title="bbox 0 0 2160 6245">
    <p class='ocr_par' dir='ltr' id='par_1_5' title="bbox 0 0 2160 6245">
     <span class='ocr_line' id='line_1_51' title="bbox 0 0 2160 6245; baseline 0 0"><span class='ocrx_word' id='word_1_532' title='bbox 0 0 2160 6245; x_wconf 95' lang='lat' dir='ltr'><strong> </strong></span> 
     </span>
    </p>
   </div>
  </div>
 </body>
</html>
