4309 6250
546 508 692 557 srrsroaa
712 510 755 555 so
776 504 934 555 rmncrrxs
955 506 1150 579 carnoucos
1173 524 1214 538 -
1233 506 1305 554 aar.
1328 509 1347 553 r
1660 488 1720 554 509

169 675 302 739 omissio
317 679 513 741 eommdem.
528 676 641 741 Ethoc
656 677 851 760 experientia
864 678 919 740 do
934 681 960 743 Α
976 676 1051 741 cilio
1071 678 1111 739 de
1132 676 1244 761 aptiori
1266 678 1360 741 modo
1379 675 1587 741 subveniendi
1607 676 1722 741 Graecis

169 782 220 837 cet
234 774 387 855 quotidie.
403 776 481 839 Hinc
496 776 689 839 reverendus
708 784 798 858 pater
815 783 847 838 et
864 776 921 839 do·
974 782 1085 840 contra
1113 776 1313 853 Sarracenos,
1344 794 1385 837 na
1413 774 1593 839 Graecomm
1622 754 1723 858 impia-

168 880 239 935 ctor
266 874 459 985 pmcipuus,
487 874 636 938 dominus
664 873 774 936 Petrus
801 874 842 936 de
868 874 921 936 hl·
974 873 1056 936 rium
1075 893 1095 936 a
1114 872 1325 937 Sarracenis'
1314 892 1381 955 Jam
1404 893 1488 955 poue
1512 873 1720 953 destructum,

168 969 265 1052 liaeo,
291 972 337 1035 ait
364 973 398 1035 in
426 974 507 1037 libro
535 991 592 1035 suo
616 973 657 1035 de
683 971 919 1037 deformatione
973 972 1105 1037 omnino
1120 972 1202 1035 ah'
1175 992 1221 1035 ers
1236 973 1426 1051 destruatur,
1443 979 1474 1035 et
1488 991 1528 1034 ne
1543 972 1720 1049 Sarraceui,

167 1068 320 1133 Ecclesiae
345 1095 354 1134 ι
375 1070 410 1133 ln
434 1071 585 1134 Toletano
609 1069 746 1134 concilio
771 1069 916 1151 legitur:
973 1071 1135 1134 destructo
1154 1088 1253 1152 regno
1277 1070 1469 1151 Grrecorum,
1487 1070 1640 1134 invadant
1664 1071 1723 1133 lio

165 1165 253 1231 Nihil
273 1187 356 1250 pene
380 1188 484 1233 mores
508 1168 688 1251 disciplinae
712 1168 753 1231 ab
775 1166 919 1232 Ecclesia
974 1189 1104 1232 manum
1125 1169 1293 1251 imperium
1319 1178 1350 1231 et
1374 1188 1507 1252 regnum
1531 1168 1637 1232 ltaliae.
1653 1168 1723 1231 Alia

105 1259 108 1263 ⁴
166 1265 284 1328 Christi
313 1266 413 1348 magis
441 1266 572 1348 expellit
598 1284 694 1347 quam
723 1266 917 1349 negligentia
974 1284 1068 1329 cause
1083 1274 1142 1344 cst,
1155 1274 1189 1329 ut
1203 1265 1235 1327 in
1251 1265 1387 1329 concilio
1402 1264 1542 1347 generali
1556 1265 1723 1347 providea-

166 1364 339 1445 praesulum
363 1372 394 1426 et
417 1366 630 1441 sacerdotum,
647 1366 703 1447 qui
725 1365 917 1447 contemptis
973 1371 1024 1426 tur
1041 1365 1082 1427 dc
1101 1366 1195 1429 modo
1216 1364 1424 1447 recuperandi
1446 1372 1590 1427 sanctum
1612 1363 1721 1445 Sepul-

165 1462 356 1543 canonibus,
371 1464 412 1525 ad
425 1464 631 1546 corrigendos
646 1482 750 1528 mores
767 1464 918 1527 ecclesia·
973 1482 1074 1541 crum,
1091 1472 1185 1545 atque
1204 1473 1238 1526 ut
1262 1462 1468 1527 subveniatur
1491 1461 1641 1525 fidelibus
1666 1462 1720 1543 qui

165 1562 264 1624 sticos
277 1552 415 1643 synodos
429 1562 535 1625 facere
554 1562 730 1646 negligunt.
747 1564 825 1626 ltem
840 1564 919 1626 scri·
973 1562 1058 1625 iuter
1081 1562 1272 1625 Sarracenos
1297 1570 1329 1625 et
1353 1581 1451 1645 prope
1474 1580 1529 1625 eos
1558 1568 1722 1625 morantur

164 1658 214 1721 bit
228 1658 346 1722 ibidem
356 1660 570 1743 :Experientia
583 1662 777 1743 docet,quod
793 1670 918 1744 propter
972 1670 1066 1742 atque
1081 1660 1183 1723 abeis
1199 1660 1417 1723 inhumaniter
1430 1661 1664 1743 opprimuntur.

164 1755 329 1820 defectum
363 1759 586 1841 conciliorum,
617 1760 755 1824 maxime
786 1779 918 1842 gencra-
1011 1760 1165 1823 Proterea
1184 1759 1520 1840 advertendum,quod
1536 1760 1647 1823 doctor
1661 1759 1721 1821 iste

163 1855 259 1936 lium,
274 1875 346 1937 quaa
360 1857 427 1920 sola
445 1859 596 1921 audacter
613 1868 646 1922 et
666 1859 824 1940 intrepide
846 1878 917 1941 pos,-
931 1862 954 1925 B
972 1856 1040 1920 hnc
1062 1857 1191 1939 scripsit
1211 1856 1243 1919 in
1264 1856 1495 1921 constantiensi
1516 1857 1671 1937 eoncilio;
1688 1863 1721 1921 et

163 1961 241 2015 sunt
255 1973 367 2018 omnes
382 1956 551 2038 corrigere,
569 1957 652 2019 mala
666 1976 736 2039 quae
755 1957 917 2020 universa·
971 1956 1055 2037 quod
1071 1974 1145 2019 vere
1160 1963 1192 2019 et
1205 1954 1366 2037 sapienter
1379 1956 1446 2019 haec
1459 1955 1631 2039 scripserit,
1639 1956 1717 2037 jam,

162 2051 230 2115 lem
252 2062 387 2135 tangunt
399 2062 432 2117 et
445 2062 645 2119 concernunt
658 2055 845 2136 Ecclesiam,
861 2056 915 2118 diu
971 2055 1050 2136 prob
1066 2055 1171 2117 dolort
1181 2054 1375 2136 experientia
1390 2054 1511 2137 pandit.
1528 2054 1618 2117 Nunc
1633 2054 1719 2118 enirn

162 2160 353 2215 manserunt
374 2153 550 2217 incorrecta
575 2163 606 2216 et
631 2154 801 2237 impunita,
823 2155 917 2219 adeo-
970 2152 1155 2235 metropolis
1177 2152 1232 2215 illa
1250 2152 1440 2231 Graecorum,
1457 2154 1533 2216 urbs
1547 2152 1719 2217 Constanti-

161 2268 227 2332 que
254 2259 425 2314 crevemnt
451 2260 484 2315 et
511 2252 689 2316 inveterata
717 2260 802 2331 sunt,
828 2253 913 2334 quod
970 2251 1108 2333 nopolis,
1124 2270 1197 2314 cum
1213 2252 1347 2315 diversis
1362 2252 1495 2315 urbibus
1511 2252 1576 2315 suis
1591 2272 1610 2315 a
1623 2251 1719 2335 perfi-

162 2350 295 2412 tandem
319 2352 419 2413 multa
438 2350 558 2432 injusta
576 2352 636 2414 sub
655 2358 807 2433 praetextu
831 2351 915 2415 fictae
969 2350 1020 2412 dis
1033 2368 1071 2413 ac
1086 2350 1191 2433 impiis
1206 2350 1270 2413 illis
1285 2359 1405 2415 vastata
1420 2351 1573 2425 est.Quod
1588 2350 1615 2413 si
1630 2352 1719 2433 juxta

161 2457 196 2510 et
223 2457 382 2531 cormptae
400 2450 639 2512 consuetudinis
657 2449 744 2513 licita
768 2460 917 2532 reputan-
970 2448 1098 2512 decreta
1108 2449 1354 2514 Constanticnsis
1369 2458 1401 2513 et
1413 2449 1603 2513 Basileensis
1617 2450 1721 2514 conci·

162 2556 227 2625 tur,
246 2547 388 2629 itaquod
410 2548 502 2611 multi
521 2548 724 2630 suspicantur
741 2551 825 2633 quod
847 2550 914 2613 haec
970 2547 1085 2612 liorum
1100 2546 1238 2611 fuissent
1251 2548 1381 2611 interim
1402 2548 1560 2612 celebrata
1582 2549 1720 2613 concilia

161 2653 231 2708 tam
246 2645 301 2708 diu
315 2645 563 2710 dissimulaverit
575 2648 716 2712 Romana
728 2649 871 2712 Ecclesia
884 2656 916 2712 et
970 2654 1091 2727 mnam,
1109 2646 1273 2728 provisum
1287 2646 1401 2711 fuisset
1419 2648 1452 2709 in
1472 2647 1517 2711 eis
1538 2647 1578 2710 de
1597 2647 1720 2711 Graeco·

163 2762 264 2825 super
290 2744 340 2805 his
369 2744 475 2808 faeere
503 2746 678 2827 neglexerit
704 2747 851 2826 concilia,
881 2754 916 2809 ut
970 2765 1041 2809 mm
1056 2744 1210 2825 subsidio,
1228 2764 1287 2808 nec
1303 2764 1435 2828 regnum
1450 2764 1559 2809 eorum
1574 2754 1659 2809 esset
1673 2746 1718 2809 sic

163 2841 267 2923 possit
290 2842 328 2904 ad
353 2862 419 2905 suae
442 2842 570 2906 libitum
593 2845 765 2908 voluntatis
788 2844 915 2927 plenius
969 2844 1168 2926 dissipatum,
1195 2863 1255 2907 uec
1285 2844 1502 2927 patriarchalis
1525 2844 1637 2908 civitas
1663 2844 1718 2907 illa

162 2940 337 3021 dominari,
365 2940 564 3023 aliarumque
597 2942 811 3006 Ecclesiarum
843 2944 915 3025 jura
970 2942 1018 3005 sic
1032 2952 1117 3006 esset
1129 2942 1262 3025 perdita.
1280 2942 1359 3006 llinc
1381 2943 1587 3007 vehementer
1606 2944 1718 3007 timen-

163 3039 301 3102 liberius
332 3058 487 3122 usurpare
518 3064 526 3103 ι
556 3041 598 3104 ob
632 3041 726 3122 cujus
760 3041 954 3109 diffamiaetl
972 3041 1047 3103 dum
1071 3050 1120 3104 cst
1142 3040 1206 3103 illis
1231 3061 1269 3105 cx
1297 3061 1433 3124 quorum
1462 3041 1556 3124 eulpa
1584 3042 1719 3126 contigit

162 3137 429 3220 expurgationem
451 3146 578 3202 tenetur
597 3159 695 3223 super
719 3142 917 3224 cougregati·
972 3140 1100 3203 interim
1115 3141 1245 3205 omissio
1264 3141 1488 3205 celebrationis
1507 3141 1718 3206 conciliorum

162 3256 226 3300 one
253 3237 464 3303 conciliorum
488 3238 687 3321 generalium
707 3249 740 3303 et
759 3241 918 3323 pmvinci·
972 3258 1146 3320 sacrorum,
1177 3259 1216 3304 nc
1249 3249 1281 3303 ct
1316 3248 1402 3303 tanta
1436 3241 1520 3304 mala
1552 3241 1606 3304 illa
1641 3260 1720 3323 prae-

163 3337 266 3398 alium
282 3337 458 3419 providere,
475 3339 652 3419 praesertim
666 3356 767 3419 quum
785 3340 917 3404 sanctis-
972 3337 1038 3401 fata
1061 3337 1259 3421 imputentur
1278 3339 1324 3401 cis
1345 3357 1364 3400 a
1389 3338 1464 3419 Deo,
1485 3337 1551 3403 imo
1574 3340 1718 3403 omnium

163 3435 249 3497 sima
276 3433 332 3496 illa
358 3435 440 3498 Pctri
468 3442 500 3498 et
531 3436 667 3500 aliorum
694 3438 916 3520 Apostolomm
971 3436 1103 3500 omissio
1131 3437 1286 3500 bonomm
1314 3456 1385 3518 qum
1407 3445 1476 3500 orta
1504 3445 1536 3500 et
1569 3455 1721 3501 consecu-

30 3558 105 3610 ιιι...
123 3562 148 3602 rs
163 3533 258 3596 curia
272 3533 418 3615 legatur
409 3553 443 3595 ιιι
458 3533 589 3598 Actibus
602 3535 826 3616 Apostolorum
839 3557 918 3620 qua·
971 3544 1004 3597 ta
1032 3535 1168 3598 fuissent
1197 3554 1234 3598 ex
1264 3552 1426 3598 sacrorum
1456 3535 1721 3599 celebrationibus

119 3636 240 3710 ”ftuor
263 3630 399 3695 concilia
422 3632 611 3695 celebrasse.
637 3633 770 3717 Insuper
792 3635 837 3698 ait
862 3636 916 3699 hic
972 3631 1193 3696 conciliorum.
1208 3629 1285 3694 Nam
1305 3631 1599 3694 ctGonstautiensis
1614 3631 1721 3695 conci·

30 3751 149 3803 ιιιιιιιιι
142 3718 290 3808 doctor,
306 3748 362 3812 qur
352 3728 465 3792 fuit
456 3749 491 3792 ιιι
509 3730 560 3792 his
581 3731 673 3794 valde
693 3741 853 3814 expertus,
869 3742 918 3796 ut·
972 3729 1006 3792 lii
1031 3731 1194 3793 decretum
1219 3729 1359 3794 fatetur:
1381 3729 1542 3810 Frequens
1565 3731 1723 3813 generali-

30 3685 36 3724 l
49 3689 118 3739 etseq

30 3814 150 3861 ιιιίθῑ

30 3894 64 3936 „q
163 3837 241 3910 pote
263 3828 360 3892 curia
380 3828 528 3892 Romanae
549 3829 746 3893 cardinalis:
763 3832 842 3894 Sunt
860 3832 918 3894 ali·
972 3848 1026 3890 um
1051 3827 1260 3891 conciliomm
1290 3825 1471 3908 celebratio,
1492 3829 1559 3910 agri
1586 3829 1721 3893 domini-

162 3927 221 4009 qui
252 3945 345 3989 casus
373 3927 506 3989 ardui
497 3947 532 3990 1n
565 3927 709 3992 Ecclesia
735 3931 917 3995 necessario
972 3926 1002 3988 ci
1030 3933 1080 3988 est
1105 3926 1331 4009 cultumque
1356 3945 1468 4008 vepres
1496 3934 1528 3990 et
1553 3927 1660 4008 spinas
1689 3934 1720 3991 ct

161 4025 401 4104 reformandi,
392 4045 427 4086 m
441 4025 559 4106 quibus
574 4044 639 4090 non
653 4035 759 4109 potest
777 4047 917 4092 commo-
972 4025 1106 4088 tribulos
1134 4025 1301 4105 haeresum,
1332 4025 1539 4088 schismatum
1573 4033 1605 4090 et
1635 4044 1720 4090 erro·

161 4125 237 4187 dius
259 4142 356 4205 quam
374 4143 433 4206 per
450 4125 598 4206 generale
618 4125 792 4189 concilium
812 4127 918 4208 provi·
972 4143 1042 4186 mm
1056 4123 1220 4206 exstirpat,
1228 4142 1376 4186 excessus
1392 4123 1533 4205 corrigit,
1543 4123 1719 4188 deformata

161 4223 245 4301 deri,
259 4221 410 4286 videlicet
426 4246 433 4284 :
450 4223 555 4304 primo
570 4223 754 4288 reformatio
768 4225 916 4289 Romane
931 4229 956 4292 ll
972 4222 1134 4302 reformat,
1161 4231 1192 4286 et
1219 4222 1345 4285 vincern
1369 4222 1495 4285 Domini
1523 4222 1562 4285 ad
1593 4222 1719 4305 frugem

160 4321 328 4399 Ecclesia,
353 4339 424 4403 quaa
446 4321 627 4384 necessaria
650 4331 709 4403 est,
729 4342 789 4386 nec
812 4324 916 4406 aptius
971 4320 1139 4384 uberrimae
1153 4321 1325 4384 fertilitatis
1344 4321 1505 4403 perduoit3
1523 4321 1650 4386 illorum
1666 4341 1719 4386 ve-

160 4439 263 4502 quam
276 4437 334 4501 per
347 4419 494 4500 generale
514 4419 685 4484 concilium
705 4420 778 4484 fieri
800 4430 915 4505 potest,
971 4437 1006 4483 ro
1020 4419 1178 4501 neglectio
1193 4419 1357 4502 praemissa
1370 4420 1454 4483 mala
1470 4420 1657 4486 disseminat
1674 4431 1720 4485 at-

160 4518 286 4583 idcirco
300 4537 365 4580 non
378 4517 473 4581 debet
487 4537 638 4600 respuere
652 4520 693 4582 ab
708 4518 764 4583 illo
779 4520 916 4585 concilio
970 4538 1032 4602 quo
1054 4517 1154 4581 fovet.

160 4616 479 4695 reformari3dcinde
494 4616 680 4682 reformatio
695 4618 790 4682 totius
805 4639 917 4703 corpo-
1008 4617 1093 4696 llaec,
1109 4636 1128 4680 ο
1146 4617 1277 4699 gloriosi
1303 4637 1340 4681 ae
1365 4617 1476 4700 inclyti
1501 4618 1662 4701 Principes
1687 4628 1719 4683 et

161 4717 206 4780 ris
231 4714 394 4778 Ecclesiae.
415 4715 453 4778 Et
476 4715 658 4798 specialiter
681 4717 915 4799 providendum
969 4716 1030 4781 viri
1052 4715 1212 4795 catholici,
1230 4716 1346 4800 scribo,
1362 4725 1519 4799 quatenus
1543 4737 1562 4781 a
1583 4718 1718 4783 Domino

159 4825 251 4880 esset
273 4823 384 4877 contra
401 4815 592 4879 Sarracenos
612 4824 644 4880 et
662 4816 742 4881 alios
766 4817 915 4884 infideles
970 4826 1078 4880 nostro
1113 4815 1324 4894 sanctissimo,
1362 4816 1496 4881 Domino
1530 4817 1716 4899 apostolico,

160 4913 434 4980 Christianitatem
449 4914 563 4977 acriter
578 4915 815 4998 impugnantes.
828 4918 917 4982 lnsu-
970 4915 1171 4979 concorditer
1189 4935 1225 4978 ac
1245 4915 1391 4979 celeriter
1411 4915 1580 4979 obtineatis
1602 4935 1719 4981 convo·

160 5035 222 5099 per
246 5015 360 5078 doctor
381 5013 442 5075 iste
465 5021 608 5095 testatur,
634 5017 719 5097 quod
744 5017 814 5080 dun
843 5026 917 5080 sunt
970 5015 1128 5080 cntionem
1143 5034 1179 5077 ac
1195 5014 1442 5079 celebrationem
1463 5015 1621 5097 generalis
1641 5034 1719 5081 con·

162 5133 271 5179 causae
295 5113 451 5194 speciales
479 5123 609 5196 propter
636 5133 716 5196 quas
744 5134 917 5199 properan·
970 5114 1048 5195 oilii,
1064 5134 1122 5198 per
1136 5116 1219 5196 quod
1234 5114 1377 5177 divinam
1398 5114 1657 5197 propitiationem
1679 5137 1716 5181 ac

163 5215 244 5277 dum
263 5221 312 5276 est
329 5211 370 5274 ad
390 5211 616 5277 celebrandum
638 5215 787 5295 generale
810 5216 917 5280 conci·
971 5214 1252 5278 clementissimam
1273 5232 1367 5296 opem
1387 5222 1497 5278 contra
1519 5215 1717 5300 adversarios

161 5318 257 5384 lium.
274 5317 353 5395 Una,
371 5314 453 5378 utin
467 5315 608 5397 generali
622 5318 826 5401 provideatur
840 5337 915 5382 con·
969 5315 1025 5378 llei
1046 5314 1233 5378 mereamini
1254 5313 1408 5378 obtinere.
