4309 6250
444 495 484 561 40
679 517 719 562 DE
740 516 904 564 blortlfarh
925 515 963 561 ΕΤ
983 514 1133 560 nahmens
1154 514 1181 559 Β.
1205 514 1234 558 V·
1257 512 1374 570 titillat,
1396 513 1485 559 trualt
1507 516 1526 561 Ι.
1550 533 1590 544 -
1611 515 1681 561 ART.
1704 516 1759 562 nx

446 683 529 766 plius
549 703 622 748 eum
641 685 766 764 amasti,
782 703 845 767 quo
864 683 979 748 clarius
1000 681 1193 765 cognovisti,
1209 680 1234 743 Α
1250 681 1393 764 debatur,
1411 701 1475 747 non
1494 683 1563 746 sine
1584 683 1673 767 gravi
1693 685 1813 765 dolore,
1830 706 1928 770 quum
1948 706 1998 749 es-

446 800 510 863 quo
530 780 719 846 familiarius
741 781 941 861 cohabitasti,
957 799 1021 862 quo
1045 779 1194 844 licentius
1250 788 1299 843 set
1321 781 1552 864 complexionis
1580 783 1770 864 tenerrime,
1796 793 1828 848 et
1856 793 1997 848 uteretur

448 882 682 944 contrectasti..
1248 877 1392 958 plenarie
1416 878 1549 941 ratione.
1567 879 1683 956 Tertio,
1699 881 1776 942 dum
1797 881 1877 962 justi
1897 882 1997 945 Sime-

297 991 433 1041 mareas·
487 977 659 1056 Postremo,
680 978 807 1042 Simeon
833 977 888 1040 ille
912 976 1017 1058 justus
1041 995 1078 1038 ac
1103 976 1195 1038 timo-
1250 974 1321 1037 onis
1346 975 1546 1057 prophetiam
1571 977 1705 1056 audivit,
1728 978 1865 1042 dicentis
1887 1003 1895 1042 ι
1914 980 1996 1043 Ecce
2017 1003 2101 1053 man.

300 1058 335 1101 ²⁹·
447 1081 547 1153 ratus,
572 1075 641 1139 viso
665 1075 745 1138 Filio
769 1082 836 1154 tuo,
861 1094 956 1156 quem
981 1082 1045 1136 tam
1073 1073 1129 1136 diu
1156 1093 1193 1136 ac
1249 1073 1372 1155 positus
1393 1082 1442 1136 est
1463 1074 1515 1136 hic
1540 1073 1572 1136 in
1601 1075 1723 1139 ruinam
1747 1085 1779 1140 et
1803 1078 1836 1141 in
1857 1069 2044 1142 resume-³⁵·

448 1171 571 1236 fervide
608 1173 712 1236 fuerat
745 1173 953 1255 praestolatus,
985 1171 1113 1254 gavisus
1146 1178 1196 1234 est
1250 1171 1386 1233 ctionem
1408 1172 1580 1234 multorum
1599 1171 1633 1234 in
1647 1173 1754 1253 lsrael,
1772 1184 1804 1238 et
1819 1176 1852 1238 in
1868 1176 1995 1259 signum

447 1270 664 1350 vehementer,
686 1270 750 1333 imo
773 1269 993 1350 ineffabiliter,
1018 1269 1195 1352 apprehen·
1250 1268 1302 1330 cui
1318 1269 1571 1349 contradicetur3
1588 1279 1619 1333 et
1634 1279 1720 1334 tuem
1736 1273 1836 1354 ipsius
1856 1275 1995 1337 animam

447 1367 557 1450 ditque
584 1387 719 1450 puerum
747 1368 853 1431 lesum
877 1368 911 1430 in
936 1367 1028 1430 ulnas
1051 1387 1137 1446 suas,
1163 1375 1195 1430 et
1250 1367 1454 1446 pertransibit
1467 1367 1658 1449 gladiuslix
1672 1369 1788 1451 quibus
1802 1372 1909 1434 verbis
1925 1391 1996 1434 con·

447 1465 611 1530 benedixit
634 1467 732 1529 Deum
757 1466 891 1545 Patrem,
912 1485 949 1529 ac
974 1465 1055 1528 dixit
1076 1490 1083 1527 :
1104 1465 1194 1530 Nunc
1250 1463 1401 1526 sideravit
1434 1465 1677 1528 dilectissimum
1705 1467 1822 1530 lilium
1859 1489 1995 1532 suuma

447 1564 579 1629 dimittis
600 1583 727 1627 servum
742 1573 843 1643 tuum,
857 1564 1001 1642 Domine,
1018 1566 1194 1627 secundum
1249 1561 1359 1624 multis
1378 1561 1494 1625 Judaeis
1514 1565 1728 1645 spernendum
1748 1585 1785 1628 ac
1805 1566 1996 1648 crucifigen-

447 1662 579 1725 verhum
600 1670 700 1740 tuum,
717 1661 750 1724 in
771 1662 994 1744 peravarum
1014 1671 1142 1724 sanctus
1164 1669 1196 1724 et
1249 1659 1325 1720 dum
1343 1683 1349 1722 :
1367 1661 1451 1740 quod
1471 1669 1502 1723 et
1520 1668 1594 1723 ante
1609 1664 1769 1743 cognorit.

448 1759 575 1841 sapiens
590 1778 686 1822 sonex
712 1759 766 1822 ille
790 1767 867 1838 te,o
890 1759 1028 1841 gloriosa
1052 1760 1195 1838 llaria,o
1288 1758 1414 1834 Quarto,
1439 1758 1566 1839 quando
1590 1761 1734 1843 percepit
1758 1762 1873 1825 Filium
1901 1783 1994 1826 suum
2023 1756 2120 1841 notai

448 1855 715 1920 affectuosissima
742 1857 848 1936 Mater,
879 1857 1039 1939 sapienter
1066 1855 1233 1940 praevi-B
1250 1854 1281 1916 in
1307 1855 1475 1937 Aigyptum
1500 1875 1571 1919 csse
1596 1857 1851 1922 transferendum
1878 1862 1917 1923 ad
1946 1860 1996 1922 f·
2011 1854 2090 1900 ¹³¹¹*

447 1955 539 2032 savit,
557 1961 588 2017 et
607 1961 716 2017 contre
739 1953 862 2018 futuros
884 1963 954 2017 tuos
975 1954 1101 2018 dolores
1120 1973 1196 2018 con·
1248 1952 1399 2034 giendum
1425 1956 1678 2035 persecutionem
1699 1957 1843 2036 Herodis,
1859 1967 1891 2021 et
1911 1961 1995 2041 quod

446 2071 523 2134 grue
556 2053 771 2133 premunivit,
801 2054 978 2115 admonens
1012 2061 1041 2116 tc
1075 2054 1122 2116 sic
1155 2055 1194 2116 de
1249 2049 1368 2133 impius
1399 2052 1454 2113 ille
1486 2053 1696 2134 inquisiturus
1728 2063 1813 2118 esset
1844 2057 1996 2120 innoeen-

445 2151 517 2212 llilii
533 2150 579 2212 tui
599 2149 765 2231 majestate
779 2159 874 2231 atque
894 2151 1061 2233 praesentia
1081 2151 1195 2232 gloria·
1248 2149 1407 2211 tissimum
1427 2149 1583 2214 Infantem
1603 2154 1643 2214 ad
1662 2153 1884 2217 occidendum.
1900 2155 1995 2229 Quin-

446 2247 484 2327 ri,
501 2256 536 2309 ut
560 2248 662 2310 nihilo
686 2248 792 2310 miuus
817 2248 916 2310 scires
939 2256 968 2310 te
990 2268 1062 2310 cum
1086 2248 1141 2312 illo
1163 2258 1196 2312 et
1249 2255 1292 2323 tc,
1323 2249 1449 2327 quando
1479 2249 1612 2327 audivit,
1643 2253 1811 2315 occasione
1842 2253 1913 2316 Filii
1944 2254 2069 2317 suinae.
2087 2273 2109 2311 rs

445 2353 576 2428 propter
596 2346 685 2407 illum
706 2346 805 2408 multa
824 2365 1000 2428 passuram.
1016 2345 1098 2408 llinc
1116 2347 1194 2409 dixit
1247 2345 1422 2407 trucidatos
1437 2365 1507 2409 esse
1522 2366 1540 2408 a
1555 2348 1676 2410 crudeli
1692 2357 1723 2410 et
1737 2350 1994 2414 ambitiosissime

311 2465 371 2510 rara.
396 2470 430 2519 rc,
445 2444 485 2506 ad
506 2453 537 2506 tc
559 2444 598 2505 de
619 2443 699 2507 llilio
721 2451 775 2506 tuo
792 2467 800 2505 ε
817 2444 899 2506 Ecce
921 2445 1043 2526 positus
1068 2454 1117 2507 est
1140 2445 1192 2508 hic
1248 2442 1304 2505 illo
1320 2451 1453 2524 tyranno
1473 2445 1627 2525 plurimos
1646 2465 1762 2527 pueros
1781 2447 1991 2513 innocentes:

298 2531 332 2572 ³⁵·
445 2541 483 2602 in
495 2541 620 2603 ruinam
635 2549 666 2604 ct
682 2541 714 2603 in
735 2543 998 2606 resurrectionem
1020 2544 1192 2606 multorum
1247 2557 1381 2620 quorum
1411 2541 1596 2622 parentibus
1624 2550 1655 2605 et
1679 2543 1803 2623 amicis,
1830 2545 1993 2627 potissime

445 2639 479 2701 in
504 2639 612 2716 lsrael,
641 2646 673 2702 et
700 2639 733 2701 in
763 2639 890 2721 signum
920 2640 972 2703 cui
997 2641 1194 2705 contradice—
1247 2638 1414 2717 matribus,
1430 2638 1577 2720 piissima
1595 2640 1692 2722 Virgo
1713 2642 1877 2706 condoluit
1899 2645 1993 2706 vehe

443 2744 515 2812 tur,
532 2743 563 2799 et
587 2743 673 2799 tuam
697 2736 798 2818 ipsius
822 2737 960 2800 animam
986 2739 1193 2820 pertransibit
1246 2744 1382 2798 menter.

447 2833 584 2915 gladius.
1287 2834 1390 2911 Sexte,
1407 2834 1483 2896 dum
1500 2835 1630 2898 unicum
1648 2837 1764 2899 filium
1784 2857 1878 2901 suum
1897 2840 1994 2902 caris-

1247 2932 1363 2995 simum
1379 2940 1488 2995 natum
1505 2933 1618 3015 pannis
1634 2933 1838 3016 involvendo,
1854 2957 1891 3000 ec
1905 2939 1994 3000 dein-

1211 3032 1233 3096 C
1247 3031 1286 3093 de
1301 3030 1427 3093 assidue
1442 3030 1607 3110 intuendo,
1623 3033 1781 3096 audiendo
1800 3043 1832 3097 et
1851 3035 1940 3117 juxta
1959 3057 1993 3100 sc

638 3117 881 3182 ARTICULUS
905 3117 998 3181 XIX·
1247 3129 1445 3207 collocando,
1469 3130 1681 3194 meditabatur
1704 3151 1799 3213 quam
1825 3136 1995 3198 crudeliter

446 3267 538 3333 Quod
557 3268 709 3342 proefatoe
721 3266 936 3341 jucunditati
958 3268 1133 3329 benedictae
1157 3289 1195 3327 ac
1247 3236 1332 3291 esset
1355 3228 1395 3290 ab
1424 3228 1533 3337 i¹f¹pii⁵
1558 3230 1809 3311 crucifigendus,
1831 3233 1995 3343 Rflffqfflfl·

485 3356 643 3431 viryrneoe
672 3356 794 3416 Macris
826 3356 997 3414 admioems
1026 3358 1097 3433 fu„
1125 3359 1193 3433 fre,
1247 3326 1307 3387 dus
1332 3333 1363 3387 et
1387 3326 1580 3387 occidendus
1602 3346 1664 3388 :cx
1688 3347 1751 3409 qua
1774 3330 1991 3409 meditatione,

485 3454 623 3522 quem,
645 3447 739 3504 ἀοῖον
763 3452 793 3503 05
817 3464 937 3503 mmor
961 3448 1138 3521 multiplex
1163 3457 1193 3507 e,
1247 3423 1281 3485 in
1305 3423 1519 3486 sacratissima
1547 3432 1640 3504 atque
1665 3425 1836 3489 mitissima
1860 3436 1893 3491 et
1914 3427 1993 3491 affe

485 3552 631 3593 amarus,
797 3566 801 3575 -
1247 3522 1449 3585 ctuosissima
1463 3522 1569 3601 hlatre,
1581 3524 1753 3586 tenerrima
1766 3544 1907 3606 prorsus,
1918 3528 1995 3610 piis-

1247 3619 1339 3697 sima,
1355 3619 1418 3681 fuit
1438 3619 1588 3701 frequens
1609 3627 1641 3683 et
1663 3621 1760 3684 nimis
1779 3642 1885 3686 amara
1909 3644 1995 3688 com·

308 3728 429 3781 eaerum,
506 3720 595 3779 ILII
606 3719 723 3777 matris
736 3738 814 3778 meoe
824 3729 1060 3795 pupnoverunt
1077 3727 1193 3777 contra
1247 3717 1363 3799 passio,
1379 3716 1527 3795 afflictio,
1548 3719 1705 3800 angustia,
1726 3720 1886 3784 interdurn
1912 3742 1993 3805 pene

519 3836 579 3878 me.
604 3814 675 3877 llilii
701 3815 810 3878 matris
836 3813 1027 3879 beatissimae
1051 3815 1192 3897 Virginis
1246 3833 1347 3896 usque
1372 3816 1410 3877 ad
1435 3815 1582 3877 ecstasim
1612 3825 1644 3879 et
1670 3817 1841 3882 defectum.
1864 3820 1993 3883 Verum-

443 3913 575 3977 fuerunt
597 3913 708 3990 ludaei,
732 3914 793 3976 filii
819 3915 1000 3997 Synagogto‚
1026 3913 1081 3996 qui
1105 3913 1193 3977 Chri·
1246 3922 1365 3991 tamen,
1381 3933 1419 3976 ex
1434 3913 1569 3995 Spiritus
1589 3915 1694 3978 Sancti
1714 3918 1932 4000 dispositione,
1948 3927 1992 3982 tu·

444 4019 528 4074 stum
555 4012 786 4094 persequendo,
813 4012 884 4091 ejus
907 4031 1033 4095 quoque
1057 4011 1193 4075 Genitri-
1247 4011 1286 4073 lis
1308 4011 1518 4074 consideratio
1537 4020 1569 4073 et
1586 4012 1723 4077 afflictio
1745 4015 1777 4076 in
1801 4015 1993 4080 benedictis-

445 4129 515 4174 oem
547 4109 688 4191 graviter
720 4108 917 4171 afflixerunt.
944 4110 1050 4192 ltaque
1081 4118 1191 4173 sancta
1248 4109 1327 4171 sima
1350 4108 1445 4171 llatre
1469 4108 1674 4173 moderamen
1702 4112 1872 4192 habebant,
1899 4124 1991 4179 etex

443 4215 476 4270 et
500 4206 638 4288 gloriosa
663 4206 753 4285 virgo
774 4204 872 4267 hlaria
890 4213 1019 4288 excepta
1043 4227 1107 4271 non
1128 4207 1230 4278 fuitD
1247 4206 1416 4269 intuitione
1431 4207 1643 4289 copiosissimi
1659 4228 1696 4271 ac
1711 4211 1911 4275 saluberrimi
1926 4213 1992 4277 fru-

300 4318 462 4371 rexmqa
491 4304 561 4386 lege
591 4310 623 4366 ct
653 4302 761 4382 regula
791 4301 846 4363 illa
871 4303 1031 4364 communi
1056 4324 1063 4362 :
1087 4305 1190 4368 fdultae
1245 4312 1315 4366 ctus
1348 4304 1505 4386 passionis
1537 4305 1716 4387 dominicae,
1748 4309 1927 4374 relevamen
1960 4323 1991 4375 et

296 4387 331 4429 ²⁰·
443 4402 664 4465 tribulationes
688 4400 857 4480 justorum.
879 4400 955 4479 lmo,
976 4419 1040 4480 quo
1062 4401 1187 4483 justior,
1244 4402 1493 4465 consolationem
1509 4403 1991 4490 sortiebantur.Septim0,quan·

443 4500 615 4584 perfectior
636 4507 730 4581 etque
751 4498 784 4559 in
807 4498 937 4561 caritate
957 4499 1012 4561 Ilei
1031 4519 1067 4562 ac
1091 4503 1191 4582 proxi·
1243 4503 1284 4565 do
1306 4501 1451 4582 quaesivit
1470 4520 1555 4579 eum,
1572 4511 1604 4563 et
1624 4512 1695 4584 post
1715 4505 1856 4568 triduum
1878 4509 1991 4589 quaesi·
2003 4532 2084 4579 naen.
2096 4534 2117 4572 u

442 4617 567 4663 morum
597 4605 665 4659 erat
692 4595 878 4673 ferventior,
909 4614 947 4659 eo
975 4597 1007 4659 in
1036 4598 1102 4661 vita
1129 4599 1188 4663 hac
1243 4608 1310 4662 tum
1327 4598 1451 4662 invenit
1470 4599 1647 4681 intemplo.
2003 4599 2037 4638 ⁴⁶·

442 4696 550 4780 plures
565 4704 597 4758 et
610 4693 790 4757 acerbiores
810 4692 923 4756 habuit
941 4694 1147 4758 afflictiones.
1283 4698 1411 4774 Octavo,
1427 4698 1554 4778 quando
1573 4697 1710 4760 advertit
1722 4704 1989 4781 quemadmodum

482 4794 587 4857 Primo
609 4799 715 4855 autem
738 4791 799 4853 fuit
822 4791 877 4873 pia
901 4793 1122 4874 compassione
1143 4794 1190 4857 af·
1244 4794 1342 4857 Judaei
1365 4794 1520 4857 inereduli
1544 4802 1575 4857 et
1597 4794 1712 4877 ingrati
1737 4797 1894 4862 Christum
1920 4821 1990 4883 per-

310 4918 362 4963 cue.
375 4932 397 4969 n.
408 4922 427 4962 r.
443 4892 543 4969 flicta,
560 4892 636 4954 dum
656 4889 777 4953 Christo
797 4909 836 4953 ex
856 4908 890 4954 se
911 4898 998 4969 nato,
1015 4892 1121 4953 statim
1142 4892 1189 4955 vi·
1243 4894 1458 4975 sequebantur
1470 4894 1676 4972 detrahendo,
1694 4900 1933 4980 murmurando,
1949 4902 1991 4964 ir-

442 4990 490 5053 dit
503 5008 576 5051 eum
596 4988 715 5069 frigore
730 4985 830 5066 affici,
848 4988 981 5069 ejusque
997 4988 1136 5070 vagitum
1151 5010 1188 5053 ac
1243 4992 1387 5070 ridendo,
1417 4992 1678 5073 blasphemando,
1708 4995 1928 5079 observando;
1958 5010 1990 5064 et

441 5088 600 5170 ploratum
628 5084 761 5166 audivit,
787 5094 819 5148 et
841 5086 918 5148 dum
948 5105 1020 5149 eum
1050 5087 1083 5150 in
1108 5088 1187 5152 duro
1242 5090 1368 5169 quando
1383 5090 1560 5153 eduxerunt
1573 5110 1646 5153 eum
1662 5092 1700 5154 ad
1716 5094 1986 5178 praecipitandum‚
2003 5124 2115 5170 resana.

441 5184 606 5249 reclinavit
634 5184 799 5265 presepio.
825 5183 972 5247 Secundo
1001 5192 1031 5247 et
1058 5186 1188 5266 gravius
1242 5194 1336 5267 atque
1358 5187 1433 5249 dum
1453 5206 1526 5249 cum
1546 5188 1686 5270 lapidare
1708 5192 1868 5256 volebant.
1884 5194 1985 5275 Nono,
2012 5225 2114 5267 cmm

319 5302 377 5347 rosa.
391 5305 424 5349 ar.
440 5282 639 5360 condolebat,
663 5283 738 5344 dum
760 5281 840 5346 Puer
864 5290 993 5345 sanctus
1020 5282 1186 5347 circumci-
1242 5285 1319 5348 dum
1341 5304 1414 5348 eum
1438 5285 1562 5348 audivit
1585 5288 1765 5369 passionem
1791 5310 1880 5355 suam
1907 5313 1988 5377 prae-
2002 5290 2036 5334 ³¹·
