4309 6250
429 485 469 552 66
635 506 676 553 DE
696 505 861 554 moutruva
882 506 919 552 ΕΤ
940 505 1089 552 uauomus
1108 506 1137 550 B.
1160 504 1189 550 V.
1211 502 1328 560 ΚΛΜ,
1350 501 1438 550 amun
1458 502 1479 548 l.
1501 519 1543 532 -·
1562 501 1632 548 ARV.
1655 502 1775 549 mvn!

431 675 605 739 detestatur
635 700 643 738 ε
672 675 748 756 imo,
777 694 841 757 quo
868 675 990 740 lamina
1022 682 1072 738 est
1099 693 1175 737 sexu
1191 675 1216 736 Α
1232 674 1385 751 mitatam,
1402 672 1644 755 impassibilem,
1662 668 1985 735 immortalemllinc

433 772 574 855 fragilior
588 793 624 836 ac
645 781 756 837 natura
775 773 942 852 infirmior,
960 793 997 836 eo
1012 773 1038 835 si
1055 781 1174 851 sancte,
1233 772 1321 833 nasci
1342 790 1380 833 cx
1401 771 1535 852 virgine,
1554 771 1696 848 educari,
1719 787 1875 847 crescere,
1902 766 1984 849 pati,

433 878 518 933 caste
537 879 569 935 et
587 871 792 954 spiritualiter
806 871 928 950 vixerit,
944 870 1112 952 gloriosior
1130 879 1178 932 est
1232 869 1390 951 crucifigi,
1416 868 1555 951 sepeliri,
1583 866 1813 946 circumscribi,
1840 884 1877 928 ac
1905 883 1987 926 con-

433 987 538 1032 coram
553 970 629 1049 Deo,
645 969 855 1048 victoriosior,
872 989 908 1032 ac
923 969 1045 1032 coelesti
1060 987 1177 1050 sponso
1232 967 1361 1047 similia,
1378 975 1564 1049 competunt
1577 965 1639 1048 ipsi
1660 965 1782 1028 ratione
1797 973 1918 1025 natura
1933 981 1988 1024 as-

432 1067 601 1148 aeceptior.
1233 1073 1377 1146 sumptae,
1407 1066 1526 1145 absque
1557 1063 1675 1144 injuria
1703 1070 1734 1125 et
1762 1060 1984 1142 derogatione,

470 1165 584 1228 Munda
599 1165 694 1247 igitur
714 1166 783 1228 acie
804 1165 920 1229 mentis
933 1165 1085 1229 intuenda
1104 1174 1178 1228 sunt
1231 1162 1405 1224 mutatione
1429 1181 1465 1224 ac
1490 1161 1617 1224 lesione
1641 1159 1776 1240 propria
1800 1157 1926 1220 deitatis
1950 1164 1987 1218 et

432 1260 513 1340 ista,
540 1270 571 1324 et
599 1263 846 1326 sacratissimam
875 1263 1178 1346 spiritualissimam-
1232 1261 1423 1323 assumentis
1438 1277 1580 1341 persona
1595 1258 1629 1320 in
1644 1257 1774 1340 pmpria
1784 1276 1841 1319 sua
1856 1265 1985 1318 natura.

431 1377 493 1440 que
521 1360 648 1422 Mariam
680 1380 754 1424 cum
787 1361 894 1424 debita
928 1360 1106 1424 reverentia
1140 1381 1177 1423 ac
1232 1359 1309 1439 lmo,
1337 1360 1369 1421 in
1394 1360 1560 1423 benedicta
1585 1357 1678 1420 Verbi
1701 1355 1810 1420 aetomi
1835 1356 1987 1418 incarna-

432 1458 586 1521 munditia
606 1460 869 1542 contemplemur,
886 1459 1033 1541 mysteria
1051 1477 1177 1540 quoque
1233 1458 1329 1536 tione,
1345 1458 1380 1519 in
1394 1458 1464 1538 ejus
1486 1455 1695 1519 mundissima
1717 1475 1754 1518 ex
1768 1454 1987 1519 illibatissima

430 1554 554 1618 Christi.
586 1556 666 1619 Vere
694 1575 831 1638 namque
864 1556 943 1618 dixit
969 1557 1138 1638 Apostolus
1168 1581 1175 1618 ε
1232 1564 1327 1637 atque
1355 1556 1553 1618 sanctissima
1579 1555 1710 1635 Virgine
1739 1553 1914 1632 nativitato,
1945 1553 1986 1614 in

300 1664 344 1708 ru.
358 1667 416 1718 uu,
430 1651 541 1716 Omnia
565 1654 684 1717 munda
713 1654 860 1731 mundis3
887 1653 1099 1736 coinquinatis
1123 1675 1178 1717 au·
1232 1654 1303 1734 ejus
1331 1652 1493 1716 salutifera
1518 1652 1677 1734 passione,
1704 1650 1832 1713 infinita
1855 1650 1986 1712 bonitas

285 1733 318 1773 ¹⁶·
430 1758 493 1812 em
509 1760 540 1814 et
562 1751 748 1815 infidelibus
769 1751 848 1813 nun
870 1759 919 1814 est
939 1754 1106 1831 munuum,
1122 1754 1177 1816 sau
1233 1751 1314 1832 ejus,
1335 1751 1447 1833 prees,
1470 1750 1596 1829 carras,
1617 1749 1770 1831 dignatio,
1794 1748 1983 1828 liberalitas,

430 1846 601 1928 inquinata)
622 1857 696 1911 sunt
717 1867 826 1912 eorum
851 1868 941 1911 mens
961 1857 993 1912 et
1013 1845 1214 1912 consciae-B
1232 1850 1473 1932 omnipotentia,
1491 1849 1657 1932 sapientia,
1673 1848 1809 1930 justitia,
1832 1846 1986 1909 inellabi-

428 1945 472 2007 tia
501 1969 507 2006 :
534 1945 728 2010 conlitentur
757 1966 791 2010 se
819 1965 914 2010 nosse
942 1947 1053 2024 Deum,
1085 1947 1177 2009 laetis
1232 1948 1315 2027 liter,
1338 1948 1562 2030 pulcherrime,
1588 1946 1837 2029 profundissime
1860 1954 1891 2008 et
1915 1945 1985 2007 evi-

429 2051 536 2106 autem
557 2053 685 2126 negant.
1199 2117 1203 2124 .
1231 2046 1417 2109 deotissime
1433 2053 1709 2127 representantur,
1726 2044 1881 2123 relucent,
1898 2062 1985 2106 com-

468 2141 629 2221 Praeterea,
656 2143 702 2205 sie
726 2133 824 2206 Deum
851 2143 1008 2205 credimus
1032 2143 1177 2205 incama-
1231 2146 1432 2222 mandantur,
1454 2144 1725 2225 contemplarique
1746 2143 1865 2220 valant,
1886 2150 1985 2223 prout

426 2247 505 2316 tum,
524 2249 554 2302 et
568 2259 606 2302 ex
621 2241 750 2322 Virgine
764 2250 885 2322 natum,
902 2249 995 2322 atque
1010 2241 1044 2302 in
1058 2259 1177 2303 assum·
1230 2243 1291 2305 boc
1306 2262 1401 2324 supra
1422 2251 1471 2305 est
1491 2251 1622 2322 tactum,
1639 2251 1670 2305 et
1690 2240 1766 2304 alibi
1788 2240 1904 2304 clarius
1925 2241 1984 2302 de·
1999 2267 2126 2318 aanor.

427 2345 481 2417 pta
507 2337 704 2401 humanitate
733 2339 1019 2420 circumscriptum,
1050 2347 1086 2400 ut
1112 2339 1178 2400 dei·
1230 2349 1451 2403 monstratum.
1468 2342 1514 2404 Ad
1530 2341 1656 2403 laudem
1671 2347 1702 2402 el
1722 2339 1857 2420 gloriam
1872 2338 1983 2400 Omni·
1999 2326 2096 2380 ΡΜ·

427 2442 524 2496 tatem
538 2436 608 2517 ejus
624 2455 680 2500 seu
694 2436 836 2500 divinam
858 2445 1003 2499 naturam
1019 2436 1177 2499 fateamur
1230 2438 1378 2520 potentis,
1403 2439 1459 2519 qui
1487 2448 1536 2502 est
1563 2457 1659 2521 super
1685 2438 1793 2500 omnia
1817 2437 1899 2499 Deus
1927 2456 1982 2498 su-

425 2532 615 2596 aatemaliter
638 2533 869 2613 invariabilem,
894 2533 1094 2614 invariatam,
1115 2534 1177 2597 illi·
1230 2534 1337 2596 blimis
1358 2543 1389 2597 et
1409 2534 1607 2599 benedictus.
1624 2537 1736 2597 Amen.
