4309 6250
450 471 513 537 ΜΞ
545 494 587 539 DE
608 495 817 543 lucrosum!
837 497 932 544 Sllssl
953 496 1121 544 rourfflms
1142 496 1180 543 ΕΤ
1200 494 1370 543 senatuis
1391 495 1531 562 deuouit,
1555 498 1643 545 ntuetr
1664 498 1685 544 1.
1708 516 1749 528 -
1769 497 1838 543 ΛΒΤ.
1860 498 1928 545 ml

309 674 437 751 §neb-n,
450 661 552 745 pitulo
573 667 629 728 Ad
652 670 844 744 apostolicae,
859 668 899 730 de
922 668 1084 730 Sententia
1108 675 1140 731 et
1163 686 1196 731 re
1212 666 1238 730 h
1253 675 1315 749 tue,
1329 668 1362 730 in
1377 667 1565 749 quibusdam
1581 686 1656 732 vero
1671 667 1772 750 magis
1786 668 1975 731 obediendum

307 741 436 791 ²¹⁸'¹⁸'⁰'²‘
450 761 603 842 judicata,
620 763 702 828 libro
716 775 815 828 sexto.
832 766 930 845 Unde,
947 774 983 828 ut
999 766 1120 829 dictum
1136 774 1195 847 est,
1253 776 1301 828 ost
1328 766 1402 830 duci
1430 766 1587 829 exereitus
1615 786 1711 849 quam
1740 766 1822 848 patri
1850 766 1974 829 carnali:

451 869 606 943 quantum
620 863 660 925 ad
674 862 781 945 aliqua
803 863 970 946 praelertur
983 864 1126 927 Ecclesia
1141 884 1197 927 seu
1253 864 1329 945 quia
1357 864 1586 929 inconveniens
1614 883 1678 927 non
1706 872 1755 927 est
1781 872 1898 947 patrem
1920 885 1976 927 esse

451 960 599 1042 generale
619 962 792 1025 concilium
814 963 914 1045 Papae.
1253 962 1449 1044 superiorem
1477 962 1510 1024 in
1540 962 1634 1025 rebus
1667 962 1874 1025 familiaribus
1899 970 1976 1044 atqie

490 1059 663 1139 Postremo,
692 1069 727 1123 ut
759 1061 894 1125 Thomas
928 1070 1069 1139 testatur,
1101 1062 1197 1126 editio
1253 1061 1448 1138 domesticis,
1465 1063 1579 1124 ducem
1599 1080 1675 1124 vero
1695 1062 1728 1123 in
1748 1060 1870 1124 bellicis
1888 1062 1975 1125 rebus.

451 1157 591 1239 Symboli
614 1177 633 1219 a
656 1159 690 1222 B.
711 1158 881 1223 Athanasio
904 1160 1087 1241 compilata,
1113 1161 1198 1223 laeta
1253 1159 1314 1222 Sed
1338 1160 1368 1221 ei
1392 1159 1446 1240 qui
1470 1160 1503 1221 in
1527 1160 1674 1222 omnibus
1698 1160 1821 1222 exsistit
1844 1159 1976 1241 superior,

450 1264 499 1319 est
513 1255 616 1337 potius
630 1275 688 1339 per
701 1258 831 1320 modum
842 1257 993 1321 doctrinae
1007 1277 1102 1339 quam
1119 1278 1196 1341 sym·
1254 1257 1377 1320 scilieet
1405 1258 1479 1338 Deo,
1505 1265 1537 1319 et
1565 1258 1593 1321 ei
1620 1258 1675 1339 qui
1704 1258 1791 1321 vices
1821 1257 1888 1339 ejus
1912 1257 1978 1339 gerit

450 1354 526 1432 boli,
543 1362 579 1415 ut
597 1373 635 1416 ex
659 1353 729 1435 ipso
754 1356 848 1418 modo
871 1356 1021 1436 loquendi
1042 1364 1194 1438 apparet;
1255 1356 1408 1437 plenarie,
1441 1356 1561 1418 scilieet
1588 1356 1690 1439 Papae,
1720 1364 1768 1418 est
1797 1356 1893 1437 magis
1918 1356 1978 1417 obe

450 1453 504 1516 sod
519 1454 670 1533 quoniam
684 1455 839 1536 integram
854 1454 932 1518 fidei
945 1456 1110 1518 veritatem
1125 1454 1196 1536 ejus
1254 1454 1405 1517 diendum
1430 1453 1628 1535 simpliciter.
1644 1488 1685 1499 —
1706 1454 1801 1517 Porro
1825 1454 1979 1516 monachus

327 1608 329 1613 .
449 1550 593 1615 doctrina
607 1553 746 1617 breviter
756 1553 1101 1632 continet,auctoritate
1117 1573 1197 1615 sum·
1255 1552 1356 1635 magis
1381 1544 1508 1615 tenetur
1530 1551 1660 1615 obedire
1685 1552 1791 1615 abbati
1815 1570 1904 1633 quarn
1926 1552 1979 1632 epi-

450 1649 495 1711 mi
509 1650 673 1713 Pontilieis
693 1651 755 1714 tuit
773 1661 911 1735 recepta,
927 1660 963 1714 ut
981 1652 1072 1733 quasi
1089 1652 1197 1733 regula
1254 1670 1351 1733 scopo
1375 1651 1407 1713 in
1429 1650 1478 1713 his
1499 1670 1569 1732 quae
1590 1651 1628 1714 ad
1653 1658 1770 1713 statuta
1791 1650 1901 1733 regula
1922 1669 1980 1731 per·

451 1748 530 1811 lidei
551 1748 732 1813 haberetur.
1254 1750 1376 1829 tinent3
1392 1750 1425 1811 in
1446 1750 1497 1812 his
1519 1758 1625 1812 autem
1649 1768 1719 1830 quaa
1750 1750 1791 1812 ad
1811 1748 1981 1834 ecclesiasti-

1215 1854 1239 1917 B
1255 1868 1325 1911 eam
1345 1848 1505 1930 pertinent
1523 1846 1739 1929 disciplinam,
1755 1848 1856 1929 magis
1874 1855 1982 1909 tenetur

1255 1947 1383 2010 obedire
1407 1947 1569 2030 episcopo,
1586 1946 1662 2027 quia
1686 1946 1719 2007 in
1744 1944 1808 2007 illis
1832 1946 1920 2008 abbas
1942 1953 1982 2005 est

626 2079 871 2144 ARTICULUS
893 2080 1020 2143 XXXI.
1256 2044 1407 2127 episcopo
1422 2044 1578 2107 subditus.
1595 2044 1655 2107 Sed
1675 2044 1765 2125 Papae
1784 2043 1882 2124 magis
1901 2061 1982 2123 quam

508 2208 511 2213 .
1257 2144 1352 2206 alicui
1373 2143 1426 2206 alii
1447 2142 1575 2224 praelato
1595 2141 1723 2205 obedire
1744 2149 1877 2204 tenetur.
1891 2176 1927 2185 -
1942 2141 1984 2201 ln-

450 2246 505 2306 An
529 2264 653 2306 suranco
676 2246 835 2323 Pontifici
857 2246 901 2305 sit
923 2248 1029 2321 mapis
1052 2248 1200 2306 obedien·
1256 2261 1361 2323 super,
1380 2251 1442 2303 tam
1462 2240 1635 2322 spiritualis
1654 2242 1749 2320 quam
1770 2240 1921 2302 saecularis
1938 2257 1985 2319 po·

490 2337 571 2393 dum
590 2336 626 2394 in
649 2336 799 2395 omnibus
822 2356 920 2413 qoam
944 2337 1136 2413 cuicumque
1154 2340 1200 2395 αἱ·
1256 2348 1352 2402 testas
1372 2359 1390 2401 a
1412 2346 1565 2422 potestate
1586 2338 1694 2401 divina
1712 2338 1864 2420 procedit.
1879 2336 1985 2399 ldciroo

491 2425 557 2483 “27²¹
571 2425 894 2501 inferlOrt'l’OleSlsslt'
906 2430 1122 2501 teuproelaw·
1256 2438 1416 2501 saecularis
1436 2444 1575 2518 potestas
1597 2436 1630 2498 in
1649 2444 1771 2497 tantum
1792 2444 1840 2498 est
1857 2434 1911 2497 sub
1931 2433 1986 2516 spi·

1143 2580 1145 2585 ,
1259 2535 1364 2597 rituali
1381 2535 1582 2615 inquantum
1602 2533 1630 2596 ei
1650 2534 1746 2598 olleo
1762 2532 1921 2614 supposita
1934 2540 1984 2607 est,

512 2632 681 2713 UPElilUS,
712 2635 846 2698 articulo
874 2636 1124 2714 octavodecimo,
1156 2645 1199 2698 ta-
1255 2642 1330 2716 puta
1356 2634 1388 2696 in
1413 2632 1463 2695 his
1488 2652 1559 2717 quaa
1580 2632 1619 2694 ad
1642 2630 1775 2694 salutem
1797 2631 1906 2693 anima
1926 2648 1987 2711 per-

526 2739 613 2794 etum
640 2741 689 2795 est
721 2734 988 2813 quemadmodum
1022 2734 1198 2796 secundum
1255 2732 1381 2795 tinent:
1399 2730 1519 2793 idcireo
1544 2730 1576 2791 in
1595 2729 1646 2791 his
1667 2730 1769 2811 magis
1790 2728 1986 2793 obediendum

452 2831 604 2913 l'homam
632 2839 727 2911 atque
755 2832 950 2910 Durandum,
980 2840 1119 2913 potestas
1148 2852 1198 2893 su·
1254 2840 1302 2893 est
1326 2829 1472 2912 potestati
1497 2828 1655 2910 spirituali
1678 2846 1775 2909 quam
1797 2826 1986 2891 saeculariln

452 2929 560 3011 perior
576 2936 608 2991 et
630 2928 764 2993 interior
781 2929 953 3011 dupliciter
971 2950 1004 2992 se
1026 2930 1145 2993 habeut
1158 2930 1198 2992 ad
1246 2929 1303 2991 ¹his
1319 2936 1423 2991 autern
1443 2945 1513 3008 quae
1532 2927 1571 2988 ad
1591 2926 1710 2990 bonum
1730 2934 1872 3008 spectant
1889 2924 1985 2998 civile,

453 3027 603 3091 invicem.
629 3027 733 3091 Primo
759 3029 818 3108 sie,
844 3029 928 3110 quod
952 3028 1086 3091 interior
1111 3034 1235 3110 poto-c
1254 3026 1354 3109 magis
1378 3025 1591 3089 obediendum
1616 3033 1665 3087 est
1689 3024 1835 3106 potestati
1857 3022 1986 3086 saeeulari

452 3136 516 3189 stas
537 3145 555 3187 a
576 3127 732 3208 superiori
758 3136 912 3208 potestate
937 3127 1076 3190 totaliter
1099 3127 1198 3190 oritur
1254 3145 1348 3209 quam
1374 3123 1542 3206 spirituali,
1566 3133 1660 3206 prout
1684 3123 1728 3186 ait
1751 3123 1900 3203 Salvator,
1916 3120 1985 3184 Red-
2008 3145 2068 3188 rur

452 3232 484 3289 et
506 3226 691 3304 deseendit3
717 3233 855 3307 tuncque
880 3226 1069 3307 simpliciter
1097 3227 1198 3307 magis
1254 3225 1318 3288 dite
1343 3242 1413 3305 quae
1439 3230 1512 3285 sunt
1536 3222 1677 3302 Caesaris,
1698 3222 1837 3285 Caesari:
1858 3220 1914 3283 nisi
1939 3210 2061 3302 po¹¹'‘²¹·

452 3322 666 3386 obediendum
686 3330 734 3384 est
755 3323 789 3384 in
809 3323 957 3386 omnibus
978 3324 1125 3404 potestati
1148 3343 1199 3385 su·
1255 3323 1358 3386 testati
1388 3320 1544 3404 spirituali
1572 3321 1733 3384 saecularis
1762 3327 1898 3402 potestas
1921 3337 1987 3382 cou-

452 3420 568 3503 periori
598 3439 694 3502 quam
722 3420 878 3483 inferiori.
905 3421 943 3482 Et
970 3421 1014 3482 ita
1042 3441 1075 3484 se
1104 3422 1200 3485 habet
1254 3421 1366 3504 juncta
1390 3421 1440 3498 sit,
1469 3419 1551 3484 sicut
1574 3419 1606 3480 in
1630 3419 1724 3501 Papa,
1749 3419 1806 3498 qui
1836 3418 1986 3497 utriusque

452 3526 591 3601 potestas
606 3518 695 3601 Papae
715 3519 754 3581 ad
774 3537 902 3582 omnem
923 3519 1121 3600 spiritualem
1143 3538 1198 3601 po
1256 3519 1418 3602 potestatis
1448 3519 1571 3600 apicem
1600 3527 1697 3594 tenet,
1728 3517 1785 3581 illo
1817 3517 1863 3579 sie
1894 3516 1988 3596 dispo

452 3626 598 3681 testatem
620 3618 654 3679 in
672 3617 825 3680 Ecclesia.
842 3617 921 3680 Hine
946 3618 1048 3699 magis
1069 3618 1198 3682 obedire
1256 3627 1351 3681 nente
1376 3617 1430 3698 qui
1456 3625 1504 3679 est
1528 3616 1675 3680 sacerdos
1700 3623 1731 3678 et
1755 3635 1822 3695 rex,
1839 3614 1987 3696 unigenito

452 3725 600 3779 tenemur
619 3716 709 3798 Papae
728 3734 823 3797 quarn
843 3715 939 3778 alicui
959 3715 1103 3779 inferiori
1122 3735 1200 3798 prae-
1257 3716 1378 3780 scilicet
1396 3715 1475 3778 litio
1489 3713 1561 3778 uei.
1577 3751 1618 3760 —
1632 3715 1739 3793 Porro,
1755 3715 1840 3795 quod
1859 3713 1901 3776 ait
1917 3713 1988 3793 Apo

454 3815 518 3878 lato
544 3838 552 3877 ε
582 3815 648 3877 imo
677 3822 708 3877 et
736 3814 912 3876 monachus
941 3815 1042 3896 magis
1069 3814 1199 3878 obedire
1257 3815 1367 3893 stolus,
1377 3812 1460 3892 Filii,
1470 3812 1595 3875 obedite
1611 3813 1795 3893 parentibus
1811 3831 1866 3893 per
1879 3809 1986 3884 omnia,
2010 3828 2086 3872 crana

455 3922 579 3977 tenetur
599 3913 647 3975 illi
669 3931 764 3994 quam
784 3931 842 3975 suo
863 3912 983 3990 abbati,
999 3913 1120 3994 absque
1136 3913 1200 3975 ulla
1257 3932 1321 3976 non
1343 3920 1391 3975 est
1413 3911 1658 3992 intelligendum
1680 3911 1720 3973 de
1741 3910 1888 3973 omnibus
1908 3908 1988 3970 abso
1998 3895 2024 3934 ²⁰·

387 4053 389 4057 .
454 4013 671 4077 distinetione.
688 4013 834 4075 Secundo
855 4013 899 4073 ita
918 4031 952 4074 se
971 4011 1101 4091 hahent,
1117 4014 1201 4094 quod
1257 4012 1333 4090 lute,
1350 4009 1405 4072 sed
1419 4010 1459 4088 de
1474 4009 1622 4072 omuibus
1637 4027 1707 4089 quae
1726 4009 1764 4072 ad
1787 4007 1989 4090 prelationem

454 4131 597 4176 uuanon
612 4112 712 4176 oritur
727 4111 851 4191 exalia,
868 4111 922 4173 sed
942 4111 1043 4173 ambae
1056 4111 1202 4174 oriuntur
1258 4109 1355 4192 patris
1378 4127 1474 4189 super
1495 4106 1601 4170 lilium
1625 4107 1795 4188 pertinent.

454 4231 493 4276 ex
507 4213 644 4294 quadam
664 4217 820 4292 potestate
839 4229 998 4292 suprema,
1015 4229 1085 4291 quae
1106 4213 1240 4276 uuaml)
1297 4205 1444 4280 Quamvis
1469 4213 1574 4267 autem
1596 4205 1762 4268 Durandus
1782 4205 1908 4267 'lhomaa
1927 4220 1992 4265 con·

454 4311 546 4375 alteri
561 4309 670 4373 subdit
683 4308 858 4371 secundum
874 4309 957 4388 quod
973 4309 1061 4370 vult:
1079 4318 1112 4371 et
1125 4317 1200 4370 tune
1259 4305 1373 4368 sentiat
1398 4304 1430 4366 in
1457 4303 1587 4385 prelata
1611 4302 1814 4367 distinetione
1841 4299 1992 4385 potestatis

453 4430 519 4473 una
543 4427 607 4472 non
629 4415 678 4471 est
699 4407 843 4488 superior
863 4407 924 4468 alia
945 4406 1008 4468 nisi
1030 4407 1062 4468 in
1084 4406 1146 4468 illis
1168 4407 1200 4468 in
1259 4403 1430 4486 superioris
1446 4421 1482 4465 ae
1498 4401 1670 4481 inferioris,
1687 4410 1793 4464 umen
1809 4401 1841 4463 in
1857 4401 1915 4464 hoc
1930 4418 1994 4462 eon-

453 4507 569 4590 quibus
597 4525 661 4567 una
690 4503 878 4586 supponitur
912 4504 966 4566 alii
1000 4524 1018 4566 a
1046 4513 1201 4586 potestate
1259 4502 1386 4565 tradieit
1400 4502 1428 4564 ei
1449 4502 1534 4583 quod
1552 4500 1665 4563 asserit
1685 4501 1878 4563 monachum
1892 4501 1924 4562 in
1936 4517 1993 4562 our·

454 4613 672 4690 suprema3et
692 4603 805 4665 inillis
824 4602 986 4665 dumtaxat
1006 4604 1108 4685 magis
1129 4605 1202 4666 obe·
1260 4602 1365 4681 nibus,
1382 4601 1478 4664 etiarn
1503 4609 1534 4662 at
1558 4599 1592 4661 in
1617 4599 1666 4661 his
1691 4619 1761 4680 quae
1782 4600 1940 4681 pertinent
1962 4595 1993 4658 ad

452 4706 604 4770 diendum
626 4710 674 4765 cst
695 4701 841 4783 potestati
866 4701 1020 4783 superiori
1041 4722 1137 4783 quam
1157 4702 1203 4764 iu·
1261 4707 1376 4762 statuta
1395 4699 1446 4762 vel
1466 4698 1610 4780 regulam
1636 4717 1699 4760 suae
1715 4697 1890 4778 religionis,
1908 4693 1994 4776 nragis

454 4803 575 4869 leriori.
606 4801 720 4882 Sicque
748 4799 867 4862 hahent
894 4819 928 4862 se
956 4807 1127 4880 potestates
1156 4820 1204 4862 ar·
1260 4798 1376 4861 debere
1392 4797 1520 4860 obedire
1535 4815 1662 4860 summo
1675 4795 1824 4858 Pontifici
1844 4815 1937 4878 quam
1950 4793 1996 4855 ab

455 4900 653 4987 ehiepiscopi
681 4908 713 4962 et
745 4897 897 4980 episcopi,
926 4898 1157 4961 descendentes
1185 4918 1203 4960 a
1261 4896 1433 4978 bati:quia
1449 4895 1525 4958 lieet
1538 4895 1644 4958 omnis
1658 4903 1798 4977 potestas
1817 4892 1996 4977 jurisdictio

455 5008 613 5085 potestate
633 4999 734 5080 Papae.
1261 4996 1311 5058 nis
1333 4993 1555 5058 ecclesiasticae
1577 4993 1737 5056 derivetur
1758 5013 1777 5055 a
1801 4994 1886 5076 Papa
1905 4989 1995 5074 quoad

498 5102 735 5176 Verumtamen,
751 5097 834 5160 sieut
852 5115 937 5160 nono
956 5097 1140 5160 Ethieorum
1161 5096 1205 5158 ait
1262 5094 1378 5157 illaad
1400 5112 1469 5175 quae
1494 5091 1663 5156 Christiani
1687 5099 1837 5155 tenentur
1860 5093 1951 5156 etiam
1974 5087 1996 5149 si

457 5198 676 5279 Philosophus,
693 5195 725 5257 in
747 5193 937 5276 quibusdam
961 5194 1033 5276 plus
1056 5194 1205 5257 obedien·
1262 5192 1389 5276 propria
1413 5199 1525 5273 sponte
1547 5209 1580 5254 se
1603 5191 1642 5253 ad
1664 5209 1702 5254 ea
1722 5208 1787 5253 non
1810 5191 1996 5273 obligareut3

458 5299 536 5364 dum
560 5305 609 5360 est
632 5295 712 5379 patri
734 5293 852 5356 carnali
875 5311 970 5374 quam
991 5293 1064 5354 duci
1087 5292 1205 5356 exerci-
1264 5301 1369 5354 umen
1385 5289 1438 5353 ubi
1455 5298 1521 5352 tota
1535 5297 1674 5371 potestas
1688 5288 1811 5371 praelati
1827 5309 1923 5374 super
1936 5285 1998 5350 sub
