4309 6250
786 876 1084 973 CONTRA

211 1188 899 1343 PERFIDIAM
985 1161 1657 1338 ΜΑΗΟΜΕΤΓ

566 1906 858 2030 LIBER
927 1901 1298 2028 PRIMUS

410 2253 462 2302 DE
494 2250 683 2303 reustum
718 2247 987 2298 ttnttottssttch
1014 2246 1065 2298 ET
1096 2245 1188 2298 FlDE
1222 2245 1460 2298 caritottclt.

922 2567 1046 2632 Ainlra
1067 2569 1193 2632 dicetur
1224 2567 1379 2632 llahomet
1406 2568 1501 2633 linxit
1525 2569 1585 2634 sibi
1606 2590 1624 2632 a
1644 2571 1707 2636 lieo

309 2631 555 2696 ARTICULUS
579 2629 757 2694 PRIMUS·
961 2685 1018 2747 per
1031 2617 1209 2729 Gabrielem
1224 2667 1373 2748 angelum
1388 2667 1533 2748 missum,
1546 2669 1655 2732 datum
1670 2689 1707 2734 ae

220 2772 419 2833 Testimonia
439 2769 619 2830 Maiomeei
641 2770 682 2826 de
702 2769 840 2828 Christo.
962 2763 1148 2826 revelatum.

1001 2861 1109 2942 ltaque
1134 2861 1167 2922 in
1191 2861 1358 2940 alcorano,
1381 2861 1484 2944 prima
1508 2863 1711 2928 distinctione

220 2956 419 3022 ROTESTOR
441 2956 475 3017 in
497 2953 621 3037 primis,
637 2953 723 3034 quod
742 2953 906 3016 recitando
963 2978 1020 3021 seu
1044 2977 1165 3040 uonna,
1189 2979 1244 3022 seu
1268 2959 1372 3042 primo
1393 2961 1543 3043 capitulo,
1565 2962 1682 3024 dieitur
1704 2984 1711 3024 ι

234 3076 272 3119 ea
295 3075 366 3138 quae
391 3054 424 3115 in
448 3053 604 3115 Alcorauo
627 3070 664 3114 cc
688 3051 758 3114 aliis
779 3051 907 3134 scriptis
963 3058 1102 3127 Christe,
1118 3059 1238 3119 Mario
1252 3059 1335 3135 filio,
1350 3059 1486 3118 divinus
1501 3062 1713 3135 spiritusau·

160 3156 198 3218 ad
221 3156 327 3238 legem
351 3154 463 3216 llahon
488 3152 722 3234 pertinentibus
742 3150 908 3214 continen·
962 3156 1086 3213 erilium
1101 3164 1198 3233 atque
1214 3156 1713 3220 testimoninmexstititliursus

160 3253 307 3333 tur,nihil
322 3252 410 3315 aliud
421 3251 560 3315 recitabo
572 3269 668 3332 quam
682 3249 747 3311 illic
758 3250 905 3325 hahetur,
963 3250 997 3312 in
1021 3251 1189 3332 Alcorano,
1207 3252 1240 3313 in
1262 3260 1380 3332 quarta
1401 3252 1601 3317 definitionis
1625 3274 1714 3318 exor-

160 3362 191 3414 et
205 3354 232 3415 si
251 3351 338 3415 aliud
353 3350 516 3432 quidpiam
536 3348 669 3411 recitare
684 3348 826 3425 videbor,
842 3366 908 3410 non
962 3348 1027 3427 dio,
1043 3350 1134 3431 quasi
1156 3368 1195 3413 ex
1213 3350 1268 3413 Dei
1290 3369 1426 3431 persona
1446 3352 1599 3415 asseritur
1615 3376 1622 3415 :
1641 3358 1713 3417 Om-

161 3452 239 3513 mihi
267 3451 454 3531 imputetur,
484 3447 539 3510 sed
568 3446 766 3528 corruptioni
800 3444 907 3527 potius
961 3450 1056 3507 nium
1070 3450 1315 3524 Prophetarum
1336 3451 1402 3509 atio
1416 3468 1515 3526 snper
1535 3454 1638 3511 alium
1651 3471 1714 3529 per

160 3548 360 3631 exemplaris,
380 3554 435 3609 aut
453 3544 532 3608 vitio
551 3543 768 3606 translationis
786 3566 793 3604 :
811 3561 906 3624 quam
961 3564 1012 3605 me
1032 3547 1218 3616 sublimato,
1238 3556 1268 3605 et
1290 3566 1402 3607 eorum
1424 3548 1619 3626 quidusdam
1639 3570 1712 3611 cnm

160 3654 265 3708 tamen
288 3644 366 3707 satis
389 3642 520 3705 fidelem
541 3638 745 3704 confidimus,
766 3640 907 3721 Denique
961 3646 1027 3703 Deo
1042 3646 1170 3713 locutis,
1179 3646 1317 3714 Christe,
1333 3646 1453 3705 Μανίας
1466 3647 1549 3721 filio,
1565 3648 1712 3707 animam

160 3742 342 3804 testimonia
360 3741 473 3803 hlahon
492 3738 532 3801 de
551 3738 675 3801 Christo
694 3737 906 3814 introducam,
922 3744 945 3807 B
962 3750 1107 3800 nostram
1132 3742 1269 3817 proprie
1291 3744 1504 3817 conserentes,
1524 3744 1590 3803 uim
1615 3754 1712 3823 atque

161 3858 224 3902 nou
258 3858 322 3921 quo
351 3855 503 3919 magnum
536 3836 615 3919 quid
648 3836 792 3913 arbitrer,
822 3836 908 3917 quod
962 3840 1119 3897 virtutem
1131 3856 1204 3913 proe
1217 3840 1333 3898 ceteris
1347 3841 1379 3897 ei
1387 3842 1601 3915 praebuimus.

160 3937 250 3999 lilius
275 3937 329 3999 ille
354 3934 543 4018 perditionis
565 3944 701 4014 eternae,
727 3934 909 3997 hominum·
1001 3934 1164 4013 Praeterea,
1190 3934 1302 4015 quinto
1326 3935 1473 3999 Alcorani
1499 3938 1639 4019 capitulo
1666 3939 1711 4003 le·

161 4058 222 4120 que
240 4038 394 4117 deceptor
412 4042 444 4097 et
462 4032 749 4116 pseudopropheta,
763 4033 908 4113 quedam
961 4032 1046 4114 gitur
1072 4056 1080 4095 ε
1106 4035 1228 4110 Anpeti
1251 4036 1397 4096 Mariam
1425 4038 1636 4114 alloquentes,
1660 4042 1710 4098 di·

162 4156 247 4215 vera,
264 4135 349 4197 houa
362 4140 394 4195 et
408 4150 523 4213 magua
535 4132 576 4193 de
589 4130 712 4193 Christo
729 4130 907 4212 protulerit,
961 4141 1085 4192 derunt
1101 4136 1154 4195 :0
1174 4134 1299 4201 Maria,
1314 4134 1462 4193 omnibus
1484 4136 1566 4195 viris
1587 4145 1617 4196 et
1638 4157 1711 4197 mn·

163 4236 218 4297 sed
246 4242 284 4296 ut
306 4230 442 4314 propriis
471 4227 660 4291 testimoniis
689 4228 907 4309 convincatur,
963 4232 1102 4290 tieribus
1126 4232 1342 4306 splendidior,
1365 4234 1521 4293 mundior
1541 4242 1638 4313 atque
1653 4236 1711 4313 ju·

162 4344 258 4414 atque
283 4350 321 4393 ex
344 4330 391 4392 eis
413 4328 454 4391 ad
480 4345 587 4390 veram
610 4346 647 4389 ac
668 4326 909 4389 saluberrimam
962 4330 1187 4399 condior,tibi
1200 4330 1321 4389 summi
1335 4331 1449 4389 nuntii
1459 4332 1623 4407 posidium
1637 4353 1711 4395 cum

162 4430 277 4493 Christi
313 4428 412 4491 lidcm
451 4422 615 4487 Sarraccni
654 4422 782 4486 lucilius
818 4423 910 4485 indu·
963 4428 1057 4485 verbo
1068 4428 1131 4487 Dei
1139 4428 1249 4505 (cnjus
1264 4446 1378 4487 nomen
1389 4437 1435 4488 est
1444 4430 1537 4489 lesus
1548 4432 1710 4504 Christus,

163 4539 288 4592 cantur.
962 4526 1023 4604 qui
1044 4533 1090 4583 est
1113 4527 1216 4601 facies
1243 4528 1390 4585 omnium
1410 4530 1562 4604 penitam
1589 4531 1626 4589 in
1653 4532 1711 4591 hoc

199 4628 335 4708 lusupcr
355 4622 605 4705 agnoscendum,
621 4620 706 4701 quod
727 4619 811 4682 sicut
829 4620 911 4683 lihcr
961 4625 1142 4702 futuroque
1166 4627 1293 4692 soeculo,
1313 4626 1453 4700 sapiens,
1480 4628 1533 4686 vir
1557 4630 1713 4707 optimus)

162 4727 241 4807 legis
265 4722 392 4799 Christi,
415 4720 620 4802 Evangelium
641 4718 839 4800 appellatum
863 4720 909 4781 sic
962 4723 1002 4781 ab
1033 4723 1260 4781 universitatis
1285 4724 1436 4783 Creatore
1464 4726 1620 4787 mittitur.
1644 4729 1711 4787 Illa

162 4825 243 4887 liher
266 4823 345 4905 legis
364 4818 543 4896 ldahometi,
559 4818 694 4881 hlcoran
715 4818 843 4880 dicitur.
859 4818 910 4879 dl·
964 4822 1130 4896 respondit
1160 4840 1171 4879 .·
1197 4824 1222 4883 0
1249 4824 1348 4891 Dens,
1376 4841 1478 4899 quam
1507 4825 1617 4885 virum
1646 4844 1709 4885 non

162 4942 259 4986 coran
275 4939 412 5002 namque
427 4918 596 4980 Arabicum
617 4934 733 4979 nomen
749 4926 808 4994 est,
823 4916 909 4996 quod
927 4918 950 4981 C
965 4922 1067 4995 tetipi,
1095 4920 1205 4995 fitium
1237 4922 1393 4997 quomodo
1421 4922 1628 4996 concipiam?
1654 4925 1710 4983 ln·

161 5022 389 5103 interpretatur
406 5015 553 5079 collectio
572 5015 804 5094 mandatorum,
819 5024 851 5077 et
866 5014 910 5077 la·
962 5020 1084 5098 quiunt
1099 5018 1210 5095 anpeti
1224 5020 1313 5079 :Deo
1329 5019 1416 5077 nihil
1429 5022 1574 5079 occurrit
1596 5023 1710 5096 impos-

161 5121 228 5183 tinc
246 5120 441 5183 hlcorauum
459 5123 600 5179 vocatur.
615 5114 714 5189 Quem
728 5113 858 5191 librum,
875 5122 910 5176 ut
963 5118 1068 5184 sibile,
1092 5118 1203 5176 omnia
1226 5127 1328 5192 prout
1357 5121 1426 5177 vult
1454 5120 1614 5194 operanti.
1637 5121 1711 5194 Ipse

210 5320 219 5358 ¹
237 5316 282 5366 Ex
293 5312 415 5364 editione
429 5308 588 5361 Coloniensi
603 5306 822 5370 partuuemal,
839 5308 911 5358 titt.
