4309 6250
458 514 519 581 536
559 532 600 581 DE
621 535 830 584 lucrosum
850 537 946 584 Sllssl
967 534 1136 583 remmota
1157 534 1195 579 ET
1215 532 1384 579 amahus
1404 532 1544 597 cohctttt,
1566 533 1654 579 nunu
1675 534 1695 579 l.
1718 550 1759 563 -
1779 532 1848 579 Attr.
1869 532 1900 579 tv

458 704 633 769 christiano
647 706 817 789 requiritur
831 705 915 790 quod
937 706 979 768 sit
999 724 1092 782 unus,
1110 703 1205 767 totius
1221 701 1246 764 Α
1262 720 1368 781 ouem,
1393 704 1439 766 lu
1462 702 1633 784 aliquando
1656 721 1829 767 conversus
1852 702 1988 766 eonfrmu
2007 714 2084 765 naun.

458 802 608 868 Ecclesia
623 813 729 887 caput,
745 804 869 868 scilicet
883 805 974 887 Papa.
989 805 1151 880 Praterea,
1167 803 1206 865 ad
1262 802 1375 864 fratres
1390 809 1480 881 tuos;
1497 810 1528 865 et
1542 802 1572 865 ei
1588 802 1646 865 soli
1662 802 1820 884 promisit,
1837 801 1903 863 Tibi
1921 802 1987 865 dabo
1998 780 2065 881 ’ᾖ

458 902 613 966 unitatem
628 903 778 967 Ecclesia
799 903 971 985 requiritur
990 901 1074 986 quod
1095 921 1206 965 omues
1263 900 1368 964 claves
1384 901 1472 983 regni
1488 900 1654 979 coelorum,
1671 908 1707 963 ut
1720 900 1933 963 ostenderetur
1945 904 2059 982 portl-

458 999 572 1065 fideles
594 1002 627 1063 in
649 1002 715 1064 fide
737 1002 939 1065 conveniant.
962 1002 1052 1065 Circa
1072 1019 1149 1065 vero
1170 1020 1207 1062 ea
1263 1004 1358 1061 testas
1373 997 1508 1061 clavium
1522 1016 1579 1080 per
1590 1016 1663 1059 eum
1675 999 1714 1060 ad
1729 998 1809 1061 alios
1825 997 1985 1077 derivanda,

459 1118 530 1182 qua
549 1100 627 1163 fidei
650 1108 733 1178 sunt,
751 1100 908 1182 contingit
928 1100 1119 1182 questiones
1141 1118 1207 1163 mo-
1262 1096 1301 1159 ad
1326 1095 1579 1159 conservandum
1604 1095 1755 1159 Ecclesia
1780 1096 1936 1160 unitatem.
1957 1132 1988 1143 -

459 1198 548 1277 veri3
574 1218 632 1281 per
658 1199 874 1262 diversitatem
901 1206 1007 1262 autern
1035 1198 1207 1261 sententia-
1262 1194 1329 1259 Nou
1354 1202 1460 1259 autem
1488 1194 1552 1257 dici
1582 1202 1696 1277 potest,
1722 1196 1808 1279 quod
1832 1196 1889 1258 etsi
1915 1195 1987 1258 Petro

462 1316 532 1359 rum
557 1298 751 1360 divideretur
773 1296 926 1373 Ecclesia,
943 1296 1006 1359 uisi
1031 1296 1064 1359 in
1086 1296 1207 1359 unitate
1262 1292 1450 1375 dignitatem
1479 1294 1561 1357 hanc
1585 1294 1719 1373 dederit,
1745 1312 1810 1357 non
1840 1303 1936 1357 tamen
1957 1293 1988 1355 ad

461 1395 627 1479 peronius
641 1396 831 1458 sententiam
847 1403 1208 1476 conservareturmpor-
1262 1392 1342 1456 alios
1366 1412 1423 1474 per
1448 1411 1521 1455 eum
1545 1392 1717 1455 derivatur.
1739 1392 1931 1456 Manifestum
1951 1400 1988 1454 est

460 1502 506 1556 tet
529 1512 605 1576 ergo
629 1495 713 1575 quod
739 1494 779 1556 sit
799 1513 881 1555 unus
902 1493 956 1576 qui
978 1493 1036 1557 toti
1057 1492 1208 1556 Ecclesia
1263 1492 1349 1555 enim
1374 1492 1458 1573 quod
1482 1492 1624 1555 Christus
1647 1491 1825 1555 Ecclesiam
1850 1491 1893 1554 sic
1915 1490 1989 1553 iusti-

461 1593 578 1673 prasit.
595 1592 794 1655 Manifestum
818 1600 867 1655 est
890 1600 995 1655 autem
1014 1593 1099 1674 quod
1121 1592 1209 1655 Chri·
1264 1590 1332 1667 tuit,
1350 1598 1385 1652 ut
1398 1597 1482 1653 esset
1495 1609 1595 1671 usque
1617 1590 1656 1652 ad
1677 1589 1779 1653 finem
1794 1590 1899 1653 saculi
1913 1591 1989 1651 dura·

461 1698 528 1752 stus
552 1689 703 1754 Ecclesia
730 1690 764 1752 in
789 1689 976 1753 necessariis
1005 1709 1068 1752 non
1094 1688 1206 1769 defuit,
1263 1697 1344 1768 tura,
1361 1689 1535 1751 secundum
1552 1688 1629 1756 illud
1644 1688 1766 1770 :Super
1781 1687 1894 1751 solium
1908 1688 2067 1751 llariduaa

325 1807 413 1864 apter.
424 1822 446 1861 v.
461 1808 555 1870 quam
575 1788 696 1869 dilexit,
714 1797 745 1852 et
765 1806 823 1871 pro
844 1808 882 1852 ea
903 1788 1090 1871 sauguinem
1114 1808 1206 1851 suum
1262 1795 1294 1849 et
1309 1806 1403 1869 super
1418 1806 1550 1869 regnum
1566 1786 1636 1868 ejus
1651 1786 1784 1864 sedebit,
1792 1794 1827 1849 ut
1842 1785 1990 1850 confirmet

313 1872 347 1913 ²⁵·
461 1887 555 1966 fudit,
573 1907 672 1969 quum
686 1895 729 1950 'et
742 1888 791 1957 ‚de
815 1887 979 1969 Syuagoga
1002 1886 1127 1950 dicatur
1151 1907 1208 1969 per
1226 1886 1249 1948 B
1264 1884 1341 1947 illud
1365 1892 1397 1947 et
1419 1885 1602 1947 corroboret
1624 1884 1658 1946 in
1680 1884 1803 1965 judicio
1824 1892 1857 1948 et
1874 1884 1989 1966 justitia,

356 2004 444 2053 raus.
459 1985 629 2049 Dominum
646 2009 654 2049 ε
670 1986 750 2061 Quid
772 1986 854 2048 ultra
868 1986 964 2048 debui
979 1985 1085 2049 facere
1107 1985 1207 2048 vinea
1263 1983 1376 2046 amodo
1404 1990 1437 2045 et
1463 2002 1563 2064 usque
1591 1982 1626 2047 in
1649 1983 1888 2065 sempiternum.
1912 1982 1992 2045 Mani·

461 2103 551 2161 mea,
577 2092 610 2146 et
636 2102 701 2147 non
729 2083 816 2147 fecit
841 2082 909 2147 Non
937 2092 985 2147 est
1013 2102 1089 2165 ergo
1117 2083 1209 2146 dubi·
1263 2081 1380 2143 festum
1408 2088 1457 2144 est
1481 2100 1556 2163 ergo
1581 2083 1664 2162 quod
1688 2081 1732 2143 ita
1757 2080 1831 2145 illos
1854 2082 1904 2163 qui
1928 2090 1990 2143 tunc

460 2183 591 2244 mudum
613 2182 689 2263 quin
714 2181 969 2245 exordinatione
990 2181 1105 2245 Christi
1126 2201 1208 2243 unus
1264 2187 1353 2243 erant
1382 2180 1414 2242 in
1439 2180 1614 2243 ministerio
1640 2180 1818 2258 constituit,
1844 2188 1991 2243 uteorum

460 2280 517 2343 toti
541 2278 692 2343 Ecclesia
716 2280 832 2361 presit.
857 2280 1020 2360 Praterea,
1046 2280 1126 2342 nulli
1151 2280 1208 2342 du·
1263 2286 1401 2360 potestas
1416 2278 1613 2341 derivaretur
1628 2278 1666 2341 ad
1686 2286 1831 2361 posteros
1850 2297 1905 2361 pro
1922 2278 1990 2343 utili-

460 2378 549 2441 hium
564 2397 634 2441 esse
648 2378 743 2440 debet
756 2377 832 2460 quin
848 2378 998 2441 Ecclesia
1019 2398 1152 2460 regnum
1168 2378 1208 2439 sit
1264 2383 1326 2439 tate
1341 2374 1491 2439 Ecclesia
1505 2376 1660 2457 usquead
1676 2376 1784 2439 saculi
1804 2376 1912 2454 finem,
1928 2396 1994 2459 pra

459 2477 580 2560 optime
601 2475 795 2556 ordinatum,
813 2484 922 2559 utpote
937 2496 994 2559 per
1008 2497 1080 2539 eum
1103 2476 1209 2558 dispo
1264 2474 1372 2537 sertim
1395 2493 1494 2555 quum
1524 2474 1595 2557 ipse
1619 2474 1704 2537 dicat
1731 2498 1738 2537 ε
1764 2475 1847 2539 Ecce
1870 2494 1925 2557 ego
1950 2493 1995 2537 ro
2015 2494 2072 2539 unt.

372 2575 555 2645 evmsitum
580 2594 754 2658 perquem
780 2594 869 2656 reges
895 2582 1028 2657 regnant
1048 2583 1081 2637 et
1101 2576 1207 2657 legum
1264 2573 1388 2636 hiscum
1414 2592 1484 2635 sum
1518 2573 1668 2636 omnihus
1696 2573 1811 2636 diebus
1838 2592 1933 2655 usque
1962 2558 2081 2635 adm*

343 2688 349 2701 ·
459 2674 639 2737 conditores
660 2680 746 2736 recta
763 2673 948 2735 decernunt.
970 2672 1130 2753 Optimum
1155 2692 1209 2735 au·
1264 2670 1571 2735 consummationem
1597 2672 1715 2735 saculi.
1742 2672 1800 2734 Per
1823 2672 1883 2735 hoc
1905 2680 1994 2734 autem

459 2781 524 2834 tem
549 2790 682 2853 regnum
708 2770 921 2833 multitudiuis
945 2779 1053 2833 estut
1082 2780 1209 2853 regatur
1263 2770 1441 2833 excluditur
1464 2778 1736 2852 presumptuosus
1759 2788 1847 2833 error
1865 2788 1996 2852 quorum

459 2890 518 2953 per
540 2889 639 2932 unum
661 2870 769 2950 :quod
793 2877 880 2951 patet
903 2888 940 2931 ex
964 2869 1031 2931 fine
1055 2870 1206 2951 regentis.
1263 2870 1348 2947 dam,
1370 2867 1425 2950 qui
1449 2886 1483 2930 se
1509 2868 1686 2931 subduccre
1706 2867 1852 2931 nituntur
1875 2866 1997 2932 ababa

459 2967 521 3031 Pax
543 2966 630 3030 enim
655 2975 688 3029 et
710 2966 814 3029 unitas
838 2966 1035 3029 subditorum
1058 2974 1107 3029 est
1131 2966 1208 3029 linis
1263 2965 1383 3029 dieutia
1407 2973 1439 3028 et
1460 2964 1655 3029 correctione
1680 2966 1773 3044 Petri,
1796 2984 1996 3029 successorem

461 3066 611 3148 regentis.
627 3064 761 3128 Unitatis
776 3073 881 3129 autem
896 3065 1122 3147 congruentior
1136 3085 1209 3129 ean·
1226 3071 1247 3134 C
1264 3064 1529 3146 ejus,Romanum
1545 3063 1938 3142 Pontificem,universalis
1950 3063 1996 3126 Ec-

461 3185 496 3228 sa
518 3174 568 3228 est
591 3184 673 3227 unus
697 3183 791 3246 quam
817 3164 920 3227 multi.
940 3163 1138 3227 Manifestum
1161 3174 1210 3227 est
1264 3164 1367 3226 alesia
1387 3172 1545 3246 pastorem
1564 3183 1634 3226 esse
1654 3183 1717 3227 non
1738 3173 1995 3246 recognoscentes.

461 3284 537 3346 ergo
548 3283 680 3346 regnum
695 3263 845 3326 Ecclesia
860 3263 906 3324 sic
920 3281 990 3325 esse
1005 3263 1206 3343 dispositum,
1303 3263 1374 3324 llac
1388 3262 1496 3325 omnia
1510 3270 1583 3324 sunt
1600 3262 1696 3325 verba
1710 3263 1836 3326 Thema
1851 3263 1919 3327 loco
1933 3281 1998 3344 pra·

461 3371 497 3425 ut
510 3382 593 3425 uuus
615 3362 670 3425 toti
686 3360 836 3425 Ecclesia
851 3360 958 3442 prasit
979 3380 1034 3423 seu
1049 3362 1209 3424 universis
1263 3361 1399 3443 allegato
1417 3383 1424 3421 ε
1442 3361 1605 3442 inquibus
1621 3361 1798 3425 clarissime
1818 3362 1961 3425 asseritur
1972 3369 1998 3423 et

463 3461 640 3544 prasideat.
1264 3460 1425 3544 probatur,
1442 3460 1526 3540 quod
1549 3459 1631 3542 Papa
1651 3459 1810 3524 universa
1833 3461 1935 3543 prasit
1951 3460 1998 3522 Ec-

503 3559 535 3622 si
555 3567 661 3621 autem
685 3558 757 3640 quis
780 3558 875 3634 dicat,
892 3560 976 3639 quod
996 3579 1095 3622 unum
1116 3569 1210 3640 caput
1265 3559 1380 3639 alesia,
1402 3565 1434 3622 et
1458 3557 1514 3620 toti
1540 3557 1738 3620 multitudini
1763 3557 1997 3624 Christianorum

462 3665 495 3721 et
515 3677 598 3718 unus
619 3663 726 3738 pastor
746 3663 793 3717 est
815 3655 968 3732 Christus,
984 3656 1037 3737 qui
1058 3665 1107 3718 est
1128 3676 1209 3718 unus
1266 3657 1442 3739 prasideat.
1473 3655 1539 3729 Quo
1572 3663 1669 3737 patet,
1696 3657 1782 3739 quod
1812 3676 1876 3721 nou
1908 3657 1997 3721 solnm

463 3754 559 3817 unius
583 3753 732 3816 Ecclesia
756 3772 902 3836 sponsus,
919 3772 982 3816 non
1009 3753 1211 3817 sufficienter
1265 3771 1498 3835 quamcumque
1519 3753 1744 3835 particularem
1759 3754 1933 3818 Ecclesiam
1953 3755 1998 3816 ha·
2104 3829 2105 3834 γ

463 3852 644 3934 respondet.
661 3850 861 3914 Manifestum
880 3851 1028 3913 estenim
1044 3852 1128 3932 quod
1144 3870 1211 3915 om·
1267 3853 1339 3914 beat
1366 3870 1512 3934 purgare,
1539 3851 1731 3932 illuminare,
1758 3853 1925 3936 perficere,
1952 3875 1999 3935 gu·
2104 3843 2105 3892 ἶ

463 3951 517 4013 nia
532 3949 748 4013 ecclesiastica
770 3956 969 4012 sacramenta
983 3949 1052 4030 ipse
1066 3949 1210 4012 Christus
1266 3951 1399 4014 bernar-e
1414 3959 1446 4013 et
1458 3949 1677 4031 judieare,sed
1692 3951 1788 4013 etiam
1804 3953 1998 4017 universalem

462 4049 592 4133 perficit
608 4072 615 4111 :
633 4047 703 4130 ipse
724 4056 773 4110 est
792 4047 879 4110 enim
900 4047 956 4128 qui
975 4046 1125 4129 baptizat,
1142 4049 1209 4130 ipse
1266 4068 1303 4111 ac
1333 4056 1442 4130 totam,
1472 4067 1511 4112 ex
1540 4047 1688 4112 omnibus
1716 4051 1921 4114 resultantem
1953 4069 1999 4112 seu

462 4147 518 4228 qui
533 4155 664 4229 peecata
684 4145 827 4222 remittit,
845 4145 913 4227 ipse
927 4155 976 4210 est
994 4166 1088 4209 verus
1108 4165 1211 4208 sacer·
1266 4148 1446 4210 adunatam.
1464 4146 1690 4210 Verumtamen
1705 4146 1737 4209 iu
1753 4147 1802 4210 his
1817 4148 1922 4212 verbis
1935 4149 2001 4211 'lho

462 4246 531 4324 dos,
547 4245 650 4327 quise
670 4243 786 4323 obtulit
806 4242 841 4304 in
863 4263 917 4307 ara
939 4245 1054 4323 crucis,
1071 4253 1103 4307 et
1117 4245 1326 4325 cujusllma
1354 4244 1537 4327 praehabitis
1566 4244 1672 4326 aliqua
1707 4245 1911 4310 continentur
1940 4265 1999 4328 qua
2103 4245 2104 4270 ¹

462 4345 579 4406 virtute
594 4361 710 4425 corpus
725 4340 796 4422 ejus
815 4340 848 4402 iu
868 4341 959 4404 altari
978 4343 1120 4423 quotidie
1136 4363 1211 4406 con·
1267 4363 1378 4406 sanum
1396 4342 1560 4424 requirunt
1580 4343 1793 4423 intellectum,
1810 4355 1844 4408 ut
1864 4347 1944 4429 qnod
1963 4344 1999 4407 ait

463 4451 625 4519 secratur;
641 4450 673 4504 et
697 4448 815 4519 amen,
830 4439 982 4520 quoniam
1004 4442 1211 4521 corporaliter
1266 4440 1425 4503 Christum
1446 4441 1504 4504 soli
1525 4441 1615 4504 Petro
1634 4443 1831 4524 promisisse,
1848 4444 1916 4507 'libi
1930 4445 2000 4506 daho
2022 4461 2056 4506 ur

424 4530 430 4540 ’
462 4561 526 4605 non
546 4548 614 4604 erat
632 4559 705 4602 cum
726 4539 876 4602 omnibus
895 4538 1045 4602 fidelihus
1064 4558 1211 4621 perman·
1266 4538 1372 4600 claves
1396 4539 1485 4620 regni
1511 4538 1686 4617 coelorum3
1712 4549 1745 4603 et
1764 4543 1850 4624 quod
1876 4527 2068 4626 potestas¹l¹³

462 4659 555 4704 surus
577 4637 829 4721 praesentialiter,
846 4636 942 4718 elegit
961 4637 1137 4716 ministros,
1154 4660 1210 4722 per
1266 4637 1405 4700 clavium
1430 4656 1488 4719 per
1511 4657 1585 4700 eum
1613 4640 1653 4701 ad
1682 4639 1761 4703 alios
1790 4641 1930 4706 derivata
1955 4641 1998 4702 sit.

461 4756 542 4819 quos
570 4736 719 4818 praedicta
748 4743 946 4799 sacramenta
968 4735 1121 4799 fidelibus
1146 4738 1209 4800 dis-
1266 4736 1461 4818 llocquippe
1475 4736 1604 4817 quidam
1620 4737 1666 4800 sic
1681 4739 1783 4821 accipi
1800 4740 2000 4822 volunt,quod

461 4843 620 4919 pensaret.
641 4834 757 4897 Eadem
784 4854 859 4917 ergo
882 4835 1013 4915 ratione,
1037 4835 1111 4918 quia
1131 4855 1210 4918 pra-
1266 4843 1298 4896 et
1317 4835 1413 4898 ceteri
1435 4853 1561 4916 quoque
1582 4835 1723 4918 Apostoli
1747 4857 1765 4900 a
1791 4839 1881 4903 Petro
1905 4849 1935 4902 et
1954 4855 2001 4921 per

461 4935 597 4998 seutiam
617 4933 814 5014 corporalem
835 4942 904 4997 erat
918 4933 1068 4997 Ecclesia
1089 4936 1210 4998 subtra-
1265 4933 1402 5012 Petrum,
1419 4941 1452 4996 et
1475 4952 1539 4996 non
1565 4933 1786 4998 immediatae
1807 4937 1939 5014 Christo,
1955 4955 2001 5019 po

462 5042 581 5113 cturus,
597 5031 737 5114 oportuit
757 5039 793 5094 ut
813 5030 908 5094 alicui
928 5032 1141 5096 committeret
1154 5034 1209 5115 qui
1265 5040 1408 5095 testatem
1437 5031 1575 5094 clavium
1600 5033 1665 5096 sint
1688 5034 1802 5098 sortiti.
1828 5037 1946 5100 Idcirco
1968 5036 2001 5096 de

461 5133 533 5196 loco
551 5131 611 5207 sui,
629 5128 818 5193 universalis
839 5129 989 5193 Ecclesia
1010 5139 1135 5213 gereret
1156 5150 1210 5194 cu·
1264 5131 1326 5193 hoc
1347 5130 1431 5193 infra
1452 5130 1580 5214 plenius
1603 5132 1688 5214 loqui
1710 5143 1847 5215 oportet.
2101 5115 2102 5122 ἵ

332 5293 345 5321 0
377 5293 438 5323 m
461 5251 540 5294 ram.
557 5231 637 5292 Hinc
652 5235 700 5290 est
714 5228 799 5308 quod
814 5227 904 5290 Petro
918 5228 996 5290 dixit
1011 5237 1084 5291 autc
1099 5249 1210 5292 ascen·
1304 5229 1753 5311 Amplius,supersecundum
1765 5233 1999 5311 Sententiarum,

340 5372 346 5385 .
439 5311 595 5407 'sionem,
616 5328 711 5390 Pasce
733 5344 809 5389 oves
831 5345 939 5403 meas3
961 5335 992 5390 et
1015 5336 1087 5389 aute
1109 5328 1210 5410 passi·
1264 5327 1469 5391 distinctione
1488 5327 1612 5407 ultima,
1629 5330 1743 5392 asserit
1763 5331 1911 5414 Thomas,
1927 5331 1998 5414 quod
