4309 6250
788 518 882 566 66666
903 518 1092 567 lammens
1651 504 1713 570 740

197 687 262 745 buit
280 686 405 760 propriae
423 687 529 760 speciei
552 687 799 760 personalitatem,
814 688 908 753 4670,

195 778 295 841 4880;
311 778 361 833 666
380 794 415 833 66
435 779 549 834 duobus
568 777 774 835 exsistentibus
793 778 823 833 in
841 780 909 833 actu

196 866 357 937 personalis
379 866 559 939 actualisque
585 866 769 931 exsistentiae,
790 882 848 922 non
877 866 910 921 fit

194 971 246 1026 per
268 955 486 1027 generationem
515 970 574 1012 666
601 970 735 1027 6666666,
756 956 848 1012 4880.
875 962 926 995 -‘

194 1043 241 1114 Cf.
258 1043 397 1101 Christus.

157 1133 221 1188 PES
237 1148 295 1188 non
311 1136 479 1205 6646646666
499 1138 595 1207 caput,
611 1134 700 1196 6200,
717 1136 745 1189 64
762 1133 787 1187 64
806 1132 909 1205 capitis

195 1222 291 1278 6144646
317 1223 431 1287 celaret,
456 1223 588 1279 conlusio
613 1227 642 1279 et
667 1222 757 1279 totius
780 1220 909 1295 corporis

194 1310 281 1367 ruina
296 1310 481 1383 provenirent
495 1328 530 1367 ex
544 1310 599 1367 hac
618 1314 805 1367 monstruosa
818 1326 909 1365 amu·

195 1398 313 1465 latione,
329 1399 421 1455 6201).
438 1399 650 1457 -Beatissimi
666 1401 735 1456 6664
749 1400 836 1470 66666
851 1398 910 1454 hta·

195 1488 257 1553 riae,
273 1488 379 1560 quibus
394 1488 541 1545 Christum
557 1488 706 1561 bajulavit,
727 1488 798 1544 300.
814 1488 908 1542 -Ad

195 1576 297 1633 666616
324 1579 432 1650 pedum
458 1576 568 1633 summi
597 1576 743 1633 pontilicis
769 1592 852 1649 reges
880 1578 908 1631 64

194 1664 387 1738 imperatores
403 1666 609 1738 procumbunt,
625 1666 714 1721 6300.

158 1754 536 1827 PE'lltUS(S.)apostolus,a
550 1758 631 1827 petra
645 1754 687 1809 sic
705 1754 799 1810 dictus
814 1757 865 1819 est,
877 1753 907 1811 id

193 1846 239 1899 est
252 1842 364 1908 firmus,
380 1843 480 1909 6510,
496 1860 547 1900 666
562 1843 710 1907 16666466,
727 1843 757 1899 46
772 1842 838 1900 ildei
853 1843 908 1899 sci·

193 1932 262 1988 licet
277 1932 414 1989 tirmitate
428 1935 455 1988 et
470 1933 500 1989 46
516 1932 601 1988 officii
617 1932 905 1996 66611666466526.

195 2022 321 2077 Vocatur
334 2022 422 2078 etiam
433 2022 639 2094 Cephas.quod
655 2021 800 2094 significat
810 2026 906 2093 caput,

191 2111 287 2176 6176,
308 2112 361 2167 654
375 2112 405 2175 D,
428 2111 517 2167 totius
543 2110 677 2167 Ecclesiae
699 2128 768 2167 cum
794 2110 906 2167 Christo

191 2201 283 2257 robur
301 2203 330 2256 64
353 2204 442 2273 66466,
457 2200 545 2266 6710,
566 2200 797 2266 firmamentum,
816 2201 904 2268 6530,

191 2306 298 2346 aarum
322 2289 482 2353 immobile,
505 2290 597 2354 6540,
618 2293 646 2345 64
668 2288 904 2357 tundamentum,

191 2380 289 2445 6700,
303 2380 394 2444 6716,
406 2395 464 2434 666
480 2378 609 2452 primum
626 2382 655 2435 ei
674 2378 843 2453 principale,
854 2381 905 2436 sed

192 2469 412 2535 secundarium,
434 2470 484 2525 671
495 2470 525 2534 Β,
545 2484 580 2525 66
607 2468 745 2526 columna
773 2468 904 2535 luminis,

191 2560 282 2614 6576.
300 2560 391 2614 llomo
414 2558 569 2630 passibilis,
584 2575 672 2630 super
690 2574 794 2615 omnes
812 2558 906 2615 bomi-

192 2664 245 2704 nes
273 2646 425 2703 ordinatus
447 2650 490 2703 ast
513 2664 530 2703 a
557 2647 681 2713 Christo,
705 2649 798 2713 5346,
823 2649 906 2721 cujus

193 2737 307 2810 primus
329 2735 476 2794 confessor
495 2736 666 2801 16446534),
682 2739 711 2794 64
728 2736 906 2794 inthroniza-

190 2830 239 2883 tus
254 2825 333 2882 orbis
346 2828 491 2883 terrarum
506 2826 607 2882 doctor
620 2828 649 2882 ci
659 2825 904 2899 magister,5331),

191 2916 233 2979 0,
258 2932 291 2971 66
319 2914 541 2987 discipulorum,
570 2915 673 2980 5330,
702 2914 906 2971 sanctissimus

189 3009 289 3062 vertex
304 3004 363 3061 6664
377 3008 406 3061 64
418 3003 569 3076 6666461464
589 3003 679 3070 chori,
700 3006 797 3072 6560,
812 3005 905 3061 archi·

189 3094 348 3167 apostolus,
363 3093 464 3159 580A’,
480 3093 590 3151 eximia
602 3097 631 3151 et
645 3095 776 3152 maxima
794 3095 903 3152 theolo-

189 3201 295 3258 gorum
310 3184 475 3249 summitas,
488 3185 579 3249 1556,
591 3185 800 3258 6570666666
815 3185 903 3242 464466

186 3275 332 3339 Ecclesia,
347 3273 444 3339 5330,
460 3289 525 3346 quoa
548 3272 720 3331 6411666664
743 3274 773 3330 46
796 3275 902 3339 616466,

187 3365 256 3422 6646
274 3367 304 3421 64
321 3365 445 3435 Europa,
461 3368 579 3436 propter
602 3365 677 3436 quod
703 3367 747 3420 ter
771 3364 800 3420 in
825 3380 902 3422 anno

187 3455 352 3512 celebratur
375 3452 480 3510 testum
504 3455 540 3509 de
565 3453 638 3525 ipso,
654 3453 750 3509 6540.
766 3487 802 3496 -
821 3457 903 3512 1666-

190 3563 250 3618 666,
262 3547 305 3601 664
327 3543 416 3600 464466
435 3542 539 3598 mundi
559 3543 696 3616 praelatus
715 3543 901 3617 6466466666,

188 3633 291 3695 6510,
311 3633 351 3698 0,
372 3633 479 3689 domus
498 3631 602 3687 Christi
622 3631 793 3688 universalis
812 3634 904 3690 domi-

190 3741 256 3788 nus,
273 3722 374 3785 6520,
390 3724 419 3778 64
442 3722 633 3783 constructor,
652 3721 749 3786 5330,
770 3723 901 3782 Pontiler

189 3827 325 3870 summus
348 3815 377 3868 64
399 3809 552 3883 664666666
570 3810 844 3877 4466666666130,
861 3815 903 3869 64-

189 3919 246 3975 666
267 3900 298 3956 46
319 3899 449 3973 primatu
468 3897 671 3972 Apostolorum
692 3901 824 3973 martyrii
842 3902 902 3974 glo-

187 3992 233 4048 ria
259 3992 424 4052 coronatus,
452 3988 550 4053 6560,
580 3987 782 4044 clavicularius
808 3991 902 4063 regni,

223 4171 276 4226 'ier
298 4167 495 4240 interrogatus
513 4169 555 4222 est
573 4183 610 4222 an
630 4165 775 4223 Christum
800 4168 901 4242 dilige-

187 4263 241 4325 ret,
271 4257 411 4331 quoniam
439 4259 483 4312 466
513 4255 597 4310 illum
626 4255 749 4313 timidus
775 4258 900 4329 negarit,

187 4348 287 4406 6530.
309 4379 342 4387 -
366 4345 589 4400 Praehonoratus
608 4361 625 4400 a
645 4344 693 4401 Dei
713 4345 794 4409 Filio,
809 4348 898 4412 6450,

186 4443 215 4496 64
234 4453 293 4510 666
312 4435 415 4494 ceteris
434 4437 584 4505 reputatus
607 4434 713 4507 dignus
737 4434 827 4506 ipsius
849 4453 900 4493 au·

186 4526 329 4586 ctoritatis
343 4530 371 4582 et
380 4523 594 4598 jurisdictionis
609 4525 800 4592 successione,
812 4527 898 4592 6450,

187 4620 358 4692 potestatem
374 4631 458 4670 suam
475 4613 643 4670 immediate
658 4615 769 4686 accepit
787 4633 805 4671 a
823 4616 901 4672 Chri·

186 4711 240 4772 sto,
265 4721 324 4761 666
348 4704 384 4760 ab
407 4702 543 4766 Ecclesia,
568 4702 661 4758 6040
685 4705 713 4759 64
741 4721 774 4768 6.,
799 4705 896 4770 6460,

183 4791 476 4862 6520;6661461)644
494 4791 722 4849 sollicitudinem
742 4810 829 4865 super
847 4796 900 4851 Ec·

183 4887 314 4951 alesiam,
330 4899 388 4940 non
404 4881 646 4947 dominationem,
660 4883 761 4938 6680.
775 4915 806 4924 -
822 4886 898 4950 Ouo-

184 4980 222 5034 ad
256 4972 459 5032 excellentiam
492 4975 520 5026 et
550 4971 753 5028 auctoritatem
786 4977 903 5030 6646666

182 5065 335 5140 Apostolos
357 5064 483 5135 superat,
507 5061 604 5123 6160,
625 5061 717 5124 6561),
740 5062 781 5126 0,
804 5064 894 5127 6711),

182 5157 261 5230 quod
277 5153 416 5226 probatur
429 5167 463 5206 er
478 5149 573 5206 verbis
592 5149 743 5215 hlelitonis,
760 5151 895 5222 discipuli

183 5250 211 5304 S.
245 5243 375 5308 loannis,
409 5240 509 5305 6560,
544 5239 671 5310 Dionysii
703 5240 895 5312 areopagita,

181 5337 276 5403 6576,
298 5331 419 5390 loannis
445 5328 651 5404 Chrysostomi,
675 5328 833 5386 Alexandri
861 5331 897 5389 de

999 688 1094 753 Hales,
1110 687 1207 753 6560,
1227 687 1304 746 Petri
1328 690 1364 747 66
1385 689 1504 756 6114666,
1520 690 1619 757 6560,
1638 691 1714 749 Petri

999 779 1034 834 de
1047 777 1224 842 Tarantasia,
1235 780 1289 834 657
1295 780 1332 841 0,
1343 783 1372 836 64
1386 780 1506 837 loannis
1520 782 1713 851 Ruysbroeclr,

998 868 1087 923 6576.
1103 869 1190 924 Sedet
1212 867 1291 924 enim
1316 869 1346 924 in
1373 869 1510 926 cathedra
1532 868 1632 943 regali,
1646 886 1716 942 quo·

1000 956 1080 1011 niam
1101 956 1236 1029 66466666
1258 960 1302 1012 664
1324 958 1457 1014 omnium
1482 974 1596 1030 regum,
1611 959 1713 1024 6510,

998 1046 1090 1112 65214,
1110 1046 1209 1109 6640,
1230 1045 1259 1101 46
1283 1046 1422 1103 cathedra
1444 1046 1617 1120 magistrali,
1642 1065 1714 1120 quo·

998 1132 1077 1188 niam
1107 1134 1209 1190 doctor
1235 1138 1277 1191 est
1305 1135 1439 1192 omnium
1468 1136 1712 1203 Christianorum,

999 1223 1098 1285 6540,
1114 1221 1145 1277 46
1160 1223 1298 1280 cathedra
1308 1223 1453 1296 judiciali,
1469 1225 1540 1297 6646
1558 1228 1596 1281 66
1615 1225 1712 1297 ipsum

997 1314 1109 1383 spectat
1116 1310 1263 1384 judicium
1278 1312 1411 1369 omnium
1431 1330 1597 1380 666666666,
1613 1316 1663 1370 654
1673 1315 1711 1372 0.

999 1432 1030 1442 -
1047 1400 1131 1457 Prius
1146 1400 1201 1457 1644
1214 1402 1291 1473 Papa
1307 1402 1385 1458 orbis
1399 1419 1490 1475 quam
1507 1404 1595 1469 urbis,
1611 1405 1711 1471 6150,

998 1492 1050 1545 616
1059 1490 1112 1546 C':
1135 1494 1260 1561 6664666
1286 1492 1365 1548 enim
1389 1491 1475 1549 66646
1498 1494 1593 1549 466644
1617 1495 1714 1551 cathe-

997 1581 1082 1636 dram
1110 1578 1254 1644 Ecclesia,
1282 1580 1394 1637 nullam
1422 1580 1477 1637 sibi
1506 1582 1710 1654 particularem

997 1668 1155 1725 Ecclesiam
1170 1668 1311 1741 eligendo,
1323 1674 1352 1726 64
1365 1674 1436 1727 4666
1450 1672 1568 1728 sedebat
1578 1672 1712 1729 ubicum-

998 1776 1053 1831 que
1067 1758 1190 1824 rolebat,
1206 1759 1315 1824 613ος
1331 1761 1437 1818 664666
1455 1761 1618 1819 Antiochia
1636 1763 1713 1819 sedit

996 1848 1082 1905 annis
1109 1851 1231 1921 septem.
1261 1850 1386 1922 denique
1409 1852 1533 1908 llomam
1561 1853 1712 1910 4666646144

996 1938 1095 1993 sedem
1111 1954 1206 2001 suam,
1222 1938 1322 1993 6430.

1032 2026 1081 2082 llic
1096 2028 1279 2083 Pentecostes
1296 2045 1357 2100 prae
1378 2030 1516 2085 omnibus
1535 2034 1594 2086 tam
1615 2032 1710 2089 644466-

996 2114 1113 2172 cissime
1128 2115 1304 2187 praedicarit.
1320 2120 1399 2188 quod
1413 2118 1469 2173 tria
1488 2118 1582 2175 millia
1596 2120 1709 2177 ludaeo-

996 2222 1062 2261 rum
1078 2204 1227 2271 convertit,
1239 2206 1340 2273 6710,
1351 2211 1380 2263 64
1392 2211 1457 2279 6664
1470 2208 1621 2265 modicum
1635 2214 1710 2267 tem·

995 2292 1083 2365 poris,
1096 2294 1225 2366 quinque
1241 2295 1666 2366 661146,2470,3290,6710;
1681 2302 1710 2357 64

994 2382 1223 2440 innumerabilia
1246 2384 1390 2441 miracula
1410 2385 1487 2452 16644,
1501 2388 1591 2452 2470,
1607 2389 1707 2445 4250.

994 2504 1030 2513 -
1056 2473 1180 2528 Ananim
1202 2475 1230 2529 et
1252 2474 1384 2546 Saphirae
1407 2476 1523 2547 culpam
1547 2477 1708 2551 redarguit,

990 2562 1040 2634 jus
1062 2562 1211 2633 potestatis
1228 2580 1290 2620 suae
1310 2564 1452 2636 aperiens,
1467 2566 1561 2630 6536,
1576 2569 1605 2623 64
1621 2569 1710 2625 verbo

994 2667 1042 2707 eos
1057 2651 1220 2723 prostravit,
1236 2653 1343 2715 671ος
1359 2653 1553 2711 6616664666
1568 2655 1709 2728 proditori

994 2740 1086 2797 alium
1101 2741 1264 2813 subrogari,
1276 2742 1497 2801 determinative
1511 2748 1540 2801 64
1552 2745 1709 2803 auctorita·

993 2829 1049 2885 tire
1064 2829 1178 2886 locutus
1193 2833 1244 2896 est,
1256 2830 1362 2898 6710;
1379 2831 1561 2905 6666464466
1574 2836 1708 2892 sacerdo·

993 2922 1056 2973 tum
1080 2918 1300 2990 prohibentibus
1319 2920 1446 2993 amplius
1464 2922 1632 2993 praedicare,
1656 2941 1707 2996 pro

993 3008 1131 3064 omnibus
1141 3008 1245 3081 grandi
1258 3010 1429 3067 auctoritate
1439 3012 1707 3084 666666644,6710;

994 3096 1107 3169 primus
1125 3096 1283 3154 simoniam
1298 3100 1511 3166 condemnarit,
1528 3102 1619 3159 5836.
1635 3135 1668 3146 -
1684 3105 1707 3160 6

992 3186 1125 3244 06666146
1144 3187 1374 3246 immoderanter
1392 3191 1529 3247 honorari
1553 3193 1706 3260 recusavit,

992 3275 1092 3339 6520,
1101 3274 1246 3331 etludoeis
1259 3275 1356 3349 ipsum
1370 3279 1561 3350 arguentibus
1575 3283 1653 3353 quod
1669 3285 1707 3339 ad

991 3363 1158 3421 Cornelium
1173 3363 1330 3429 introisset,
1336 3367 1592 3438 6666666446506.
1601 3371 1708 3436 Quam·

991 3453 1033 3508 vis
1047 3452 1135 3509 etiam
1154 3453 1287 3525 superior
1301 3453 1388 3510 166644
1403 3455 1491 3513 Paulo
1505 3461 1649 3529 quantum
1668 3462 1706 3517 66

991 3541 1165 3614 dignitatem
1180 3541 1367 3615 praelationis,
1383 3545 1474 3601 606A'
1489 3550 1518 3602 et
1531 3563 1564 3610 6.,
1580 3548 1662 3604 6066
1679 3552 1707 3606 64

992 3649 1026 3702 6.,
1046 3631 1126 3688 444466
1148 3631 1402 3703 reprehensionem
1427 3635 1576 3706 publicam
1599 3637 1707 3710 patien-

991 3720 1103 3777 tissime
1118 3721 1193 3785 46144,
1204 3721 1306 3784 5800,
1317 3722 1401 3794 quasi
1415 3723 1522 3781 oblitus
1536 3726 1580 3782 sui
1597 3727 1705 3798 prima·

991 3813 1047 3874 tus,
1062 3811 1164 3876 6690,
1180 3813 1267 3882 64666
1282 3810 1322 3866 446
1335 3813 1502 3884 exemplum
1517 3816 1640 3886 posteris
1653 3817 1705 3873 tri·

991 3899 1062 3963 buit,
1072 3902 1104 3954 ut
1119 3915 1176 3955 non
1188 3899 1384 3972 dedignentur
1398 3903 1523 3973 majores
1536 3922 1553 3959 a
1567 3905 1706 3977 posterio-

990 3989 1071 4045 ribus
1086 3989 1296 4062 corrigi,6l9C.
1307 4023 1337 4030 -
1355 3991 1419 4064 lpso
1434 3993 1470 4048 ab
1483 3995 1595 4052 llerode
1608 3999 1702 4068 capto,

991 4079 1124 4151 protinus
1142 4078 1269 4136 Ecclesia
1287 4081 1380 4136 orarii
1401 4081 1463 4137 sine
1487 4081 1703 4144 intermissione

991 4185 1043 4240 pro
1058 4168 1149 4240 ipsius
1168 4168 1346 4232 liberatione,
1363 4172 1440 4242 quod
1461 4188 1512 4242 pro
1533 4172 1703 4233 liberatione

987 4257 1088 4313 'iacobi
1109 4273 1167 4312 non
1189 4257 1616 4326 1666664,6710.-0664666
1637 4281 1704 4320 con·

989 4345 1055 4402 cilia
1069 4361 1136 4402 cum
1149 4345 1291 4418 Apostolis
1305 4346 1468 4412 celebravit,
1484 4349 1618 4407 509016
1634 4369 1702 4409 con·

989 4434 1055 4492 cilio
1069 4433 1321 4506 ierosolymitano,
1337 4436 1438 4493 audita
1453 4441 1647 4497 controversia
1666 4445 1701 4500 de

989 4522 1188 4579 observatione
1203 4523 1352 4595 legalium,
1361 4526 1444 4597 quasi
1454 4527 1546 4599 juder
1561 4530 1700 4598 definivit,

988 4615 1116 4676 672664
1129 4613 1234 4668 Jacobo
1248 4615 1336 4669 rerba
1350 4615 1413 4687 ejus
1428 4617 1629 4683 confirmante,
1639 4638 1701 4677 om·

988 4719 1039 4759 nes
1053 4701 1236 4758 concorditer
1254 4708 1449 4772 assenserunt,
1463 4707 1555 4761 67214.
1573 4739 1605 4750 -—
1620 4710 1701 4768 Jaco-

988 4793 1058 4850 bum
1082 4791 1250 4864 episcopum
1274 4792 1520 4865 ierosolymorum
1546 4797 1700 4867 ordinarit,

987 4881 1088 4944 6130,
1102 4881 1203 4948 6150,
1218 4885 1247 4938 64
1261 4882 1290 4937 46
1306 4884 1400 4939 146666
1413 4883 1521 4940 multos
1539 4887 1699 4961 episcopos,

986 4972 1109 5044 666666
1125 4970 1189 5026 loca
1203 4971 1316 5027 diversa
1331 4971 1446 5036 direxit,
1461 4973 1561 5032 6150.
1579 5008 1611 5019 -
1626 4980 1701 5035 Gon·

986 5059 1124 5117 lessarius
1139 5058 1234 5116 forsan
1251 5060 1496 5129 0066461400,
1506 5067 1606 5122 aderat
1621 5067 1699 5126 illius

986 5151 1073 5207 morti
1089 5153 1118 5206 et
1131 5151 1334 5223 assumptioni,
1348 5153 1429 5208 1556
1444 5156 1473 5210 64
1486 5171 1520 5219 6.,
1532 5157 1619 5228 64666
1633 5174 1698 5214 eam

988 5257 1104 5296 summe
1119 5240 1304 5296 reverebatur
1315 5244 1347 5296 64
1362 5241 1410 5297 064
1427 5242 1602 5301 0664466666
1617 5250 1646 5302 64
1660 5250 1699 5303 46·

986 5329 1046 5386 4466
1054 5328 1189 5386 Ecclesia
1203 5329 1333 5399 llatrem,
1344 5331 1437 5387 6450.
1448 5363 1485 5374 -
1499 5333 1581 5390 04666
1596 5335 1699 5396 mortis
