4309 6250
409 485 469 551 4²0
741 500 859 550 comat
879 500 1047 547 vuumolalt
1067 500 1239 559 monum,
1261 500 1349 547 Llllllll
1370 501 1410 547 lv.
1433 519 1473 531 -
1493 502 1564 549 Aer.
1586 502 1630 548 vu

410 692 472 755 que
497 672 599 735 millia
621 672 773 752 virorum,
800 670 941 753 exceptis
969 669 1159 734 mulieribus
1173 670 1198 733 A
1214 679 1343 752 gumtus
1359 678 1407 733 cst
1421 679 1494 733 ante
1507 689 1573 750 eos,
1590 670 1849 752 resplenduitque
1863 669 1960 734 iacies

411 780 443 834 et
458 769 611 853 parvulis,
627 769 834 852 intelligendo
850 789 908 852 per
926 769 1089 851 parvulos,
1105 787 1160 830 eos
1214 768 1285 850 ejus
1307 776 1342 830 ut
1365 770 1423 832 sol.
1446 771 1669 851 Apparuerunt
1691 787 1819 850 quoque
1843 769 1960 850 lloyses

412 870 468 951 qui
484 869 561 932 citra
576 869 687 951 viginti
709 888 808 931 annos
830 868 969 932 luerunt.
986 868 1058 930 Post
1079 867 1158 947 haeo,
1214 874 1246 929 et
1269 865 1354 928 Elias
1377 866 1544 948 loquentes
1568 886 1642 930 oum
1670 886 1718 930 eo.
1745 868 1835 929 'lunc
1864 867 1959 930 nubes

266 984 398 1037 urreisa.
413 986 511 1050 quum
526 967 667 1047 Apostoli
683 974 790 1029 essent
811 966 843 1027 in
866 965 952 1043 navi,
970 965 1055 1028 venit
1071 965 1160 1027 lesus
1200 964 1321 1043 ‘lucida
1345 964 1549 1028 obumbravit
1572 985 1638 1029 eos.
1665 966 1703 1028 Et
1730 985 1806 1028 ecce
1835 984 1895 1029 vox
1921 966 1959 1028 de

266 1051 301 1091 ²⁸·
413 1067 452 1129 ad
477 1084 531 1129 eos
555 1064 721 1127 ambulans
747 1085 842 1147 super
870 1084 968 1128 mare.
995 1064 1161 1144 Quumque
1215 1062 1300 1126 nube
1315 1063 1468 1142 insonuit,
1484 1064 1684 1127 diconszllic
1699 1063 1860 1127 estFilius
1875 1084 1959 1127 meus

279 1173 337 1231 ura.
365 1177 400 1219 ³4
413 1165 553 1228 venisset
572 1164 606 1227 in
625 1173 741 1226 terram
764 1162 912 1243 Genesar,
929 1163 1086 1225 miserunt
1100 1161 1160 1223 viri
1215 1160 1363 1240 dilectus,
1388 1162 1421 1224 in
1450 1181 1513 1243 quo
1541 1162 1619 1225 mihi
1647 1162 1730 1225 bene
1758 1160 1957 1245 complacui;

267 1240 300 1281 ³⁶·
414 1262 474 1327 loai
490 1262 574 1325 illius
589 1262 621 1324 in
637 1262 819 1324 universam
837 1258 1000 1343 regionem
1014 1261 1113 1339 illam,
1130 1268 1161 1321 et
1216 1260 1321 1341 ipsum
1343 1260 1460 1323 audite.

414 1363 611 1425 adduxerunt
625 1360 665 1422 ad
679 1360 785 1423 Jesum
800 1378 910 1423 omnes
925 1358 1084 1437 inlirmos,
1107 1378 1161 1420 cu·
1239 1358 1335 1419 «Ante
1350 1358 1532 1440 praescripta
1547 1377 1674 1440 quoque
1689 1357 1846 1421 miracula
1864 1367 1960 1421 muta·
1981 1388 2055 1430 rm.
2069 1403 2088 1431 ,,,

414 1458 557 1541 ravitque
572 1477 647 1535 eos;
664 1466 695 1521 et
710 1457 904 1540 quicumque
925 1456 1086 1519 fimbriam
1108 1475 1161 1519 ve·
1216 1456 1263 1517 vit
1277 1454 1418 1518 Christus
1432 1475 1546 1537 aquam
1562 1456 1595 1519 in
1611 1457 1723 1519 vinum
1738 1457 1772 1519 in
1789 1457 1920 1537 nuptiis,
1929 1465 1961 1520 et
1975 1456 2028 1494 '‘¹'-

413 1557 553 1620 stimenti
568 1557 638 1639 ejus
653 1556 836 1639 tangebant,
847 1574 919 1619 mox
934 1555 1137 1617 sanabantur.
1215 1551 1321 1615 filium
1343 1553 1454 1635 reguli,
1475 1554 1530 1635 qui
1551 1554 1632 1617 mori
1654 1554 1839 1636 incipiebat,
1864 1554 1961 1637 impe-
1986 1584 2039 1625 ng,
2064 1598 2089 1627 .,,

265 1666 400 1716 Ιῡιϊιτάῑ-
452 1654 554 1729 Quum
569 1656 644 1718 inde
659 1654 776 1717 rediret
789 1652 1000 1731 lesus,liliam
1015 1651 1161 1715 mulieris
1215 1650 1299 1713 riose
1314 1651 1447 1714 curavit.
1464 1652 1667 1715 Postmodum
1681 1654 1853 1734 quemdam
1872 1674 1891 1716 a
1908 1674 1961 1735 nass
1972 1652 2076 1753 Ἐξ,

266 1730 300 1772 ²⁸·
412 1753 595 1816 Chananaeae
618 1752 686 1815 solo
703 1752 795 1833 jussu
814 1772 833 1813 a
851 1750 1002 1814 demonis
1024 1749 1161 1813 obsessi·
1216 1749 1338 1812 tivitate
1366 1769 1486 1812 caecum
1518 1751 1724 1831 illuminavit,
1753 1760 1786 1814 et
1811 1751 1960 1814 Lanarum
1974 1778 1993 1815 r.
2029 1724 2089 1756 ''¹''

264 1870 397 1923 tarasiae.
411 1870 484 1929 one,
502 1869 634 1933 corpore
650 1851 775 1930 absens,
793 1849 923 1912 curavit.
941 1848 1013 1911 Post
1027 1849 1088 1911 boc
1107 1867 1160 1910 ve-
1175 1847 1200 1910 Β
1216 1848 1362 1927 militem,
1380 1848 1435 1930 qui
1451 1868 1508 1929 per
1521 1857 1657 1930 quatuor
1670 1850 1740 1913 dies
1759 1849 1865 1913 luerat
1882 1870 1963 1914 mor·
1974 1836 2087 1942 dmm·
2130 1929 2131 1938 ἵ

411 1949 505 2011 niens
540 1949 626 2011 cirea
659 1966 746 2009 mare
780 1946 924 2024 dalilae,
954 1946 1098 2009 ascendit
1127 1945 1160 2006 in
1215 1954 1300 2026 tuus,
1316 1946 1490 2009 suscitavit.
1508 1948 1622 2011 Decem
1644 1948 1740 2011 ctiam
1760 1948 1902 2031 leprosos
1922 1949 1963 2011 si·
1988 1980 2089 2021 w„

412 2056 565 2126 montem,
594 2053 626 2108 et
658 2052 862 2108 accesserunt
890 2044 929 2107 ad
958 2064 1032 2107 eum
1060 2045 1160 2106 turba
1214 2044 1281 2105 mul
1298 2044 1439 2122 curavit;
1455 2054 1549 2127 atque
1565 2046 1663 2108 indie
1682 2046 1862 2109 Palmarum
1884 2046 2039 2109 mul-¹²⁴⁸·
2130 2071 2131 2078 ¹

411 2145 530 2225 multae,
548 2145 700 2207 babentes
724 2162 833 2206 seeum
859 2161 970 2220 oaecos,
987 2150 1019 2205 et
1043 2150 1157 2219 mutos,
1214 2150 1263 2205 tos
1278 2161 1379 2205 caecos
1394 2151 1426 2205 et
1441 2144 1553 2207 surdos
1569 2145 1693 2207 curavit
1707 2144 1741 2206 in
1755 2144 1887 2227 templo.
1988 2169 2063 2212 uuis.
2130 2211 2131 2214 ,

411 2251 443 2306 et
458 2243 598 2322 claudos,
615 2261 651 2305 ao
673 2241 805 2318 debiles,
823 2249 854 2303 et
874 2241 952 2303 alios
976 2240 1091 2303 multos
1112 2241 1161 2301 in·
1254 2241 1292 2302 Et
1329 2260 1404 2304 ecce
1442 2242 1550 2305 omnia
1588 2243 1750 2306 mirabilia
1787 2244 1850 2307 ista
1887 2238 2056 2307 lecit¹¹¹·“·
2130 2289 2131 2318 ,

411 2340 546 2419 lirmos;
577 2342 842 2423 projeceruntque
874 2358 928 2403 eos
962 2346 1035 2401 ante
1062 2339 1160 2421 pedes
1214 2339 1355 2401 Christus
1377 2339 1460 2402 inira
1481 2341 1704 2405 brevissimum
1723 2351 1862 2425 tempus,
1879 2343 1964 2405 vide-
2130 2333 2131 2346 ¹

264 2456 396 2504 mareas.
411 2440 537 2517 Christi,
565 2440 620 2520 qui
645 2439 810 2502 universos
835 2437 968 2499 sanavit.
994 2437 1160 2518 Quumque
1214 2437 1290 2501 licet
1303 2437 1388 2501 inira
1401 2447 1465 2501 tres
1479 2459 1580 2503 annos
1595 2449 1627 2502 et
1641 2441 1823 2503 dimidium.
1833 2441 1964 2504 Verum·

411 2538 503 2601 turba
523 2538 628 2601 triduo
651 2556 759 2601 secum
782 2536 962 2615 mansisset,
980 2535 1067 2617 pavit
1084 2553 1161 2616 qua·
1215 2543 1401 2600 tamennon
1416 2537 1477 2599 nisi
1492 2558 1595 2620 pauca
1615 2540 1655 2601 de
1676 2539 1879 2603 mirabilibus
1894 2541 1963 2622 ejus

412 2646 484 2700 tuor
499 2636 611 2713 millia,
630 2644 743 2715 preter
757 2635 906 2697 mulieres
928 2641 959 2695 et
980 2652 1106 2715 pueros,
1123 2652 1161 2695 ex
1214 2653 1232 2696 a
1254 2634 1446 2698 beatissimis
1465 2636 1676 2720 Evangelistis
1695 2638 1857 2721 descripta
1877 2648 1961 2715 sunt,

411 2742 533 2816 septem
557 2734 692 2815 panibus
716 2741 749 2795 et
775 2731 886 2814 paucis
916 2730 1091 2812 pisciculis,
1117 2731 1160 2792 ita
1214 2732 1290 2815 quia
1312 2742 1440 2797 sanctus
1459 2736 1655 2817 evangelista
1676 2736 1813 2800 Ioannes
1838 2738 1872 2799 in
1896 2737 1963 2800 line

412 2833 497 2914 quod
526 2840 647 2914 septem
677 2838 791 2912 sportae
821 2838 1004 2893 manserant
1031 2848 1069 2891 ex
1099 2829 1161 2891 lra-
1215 2831 1373 2913 evangelii
1402 2832 1452 2895 sui
1482 2841 1616 2897 testatur
1641 2858 1648 2895 :
1673 2834 1770 2897 llulta
1796 2835 1860 2899 alia
1886 2836 1964 2898 lecit
1987 2856 2059 2899 rm

410 2930 560 3013 gmentis.
1215 2930 1315 3007 lesus,
1332 2949 1403 3012 quaa
1427 2930 1454 2993 si
1476 2932 1655 2995 scribantur
1672 2952 1730 3015 per
1749 2933 1888 3015 singula,
1903 2953 1963 2997 nec
1976 2934 2015 2970 ¹¹¹*
2028 2922 2056 2960 ²⁵·

272 3036 397 3089 Mare-nu.
451 3029 604 3092 Praeterea
628 3026 834 3109 interrogavit
861 3026 1003 3089 Christus
1028 3026 1160 3107 aposto
1177 3030 1199 3093 C
1217 3028 1320 3109 ipsum
1336 3028 1472 3093 arbitror
1490 3031 1645 3094 mundum
1665 3050 1758 3112 posse
1780 3051 1895 3112 capere
1909 3052 1964 3095 eos
2130 3047 2131 3076 t

264 3102 298 3144 ²⁷¹
412 3127 471 3207 loa,
497 3128 607 3190 dicens
636 3151 642 3189 :
669 3126 766 3200 Quem
796 3145 846 3190 me
874 3124 986 3188 dicunt
1012 3126 1159 3189 homines
1186 3124 1189 3129 ⁴
1215 3127 1270 3210 qui
1294 3129 1455 3192 scribendi
1479 3140 1554 3192 sunt
1574 3129 1684 3195 libros.

295 3242 383 3286 ueri.
412 3229 504 3290 esset
528 3225 734 3307 Respondens
759 3224 869 3286 Simon
898 3224 1019 3301 Petrus,
1047 3224 1156 3287 dixit:
2130 3180 2132 3325 l

263 3319 308 3355 ¹¹¹·
322 3308 398 3351 ¹⁸⁴⁹·
412 3325 457 3387 Tu
471 3344 506 3387 os
521 3323 781 3402 Christus,Filius
792 3322 847 3386 liei
859 3322 993 3386 vivirlit
1006 3322 1035 3385 ei
1051 3323 1157 3386 Iesus:

410 3423 523 3486 Beatus
548 3442 593 3501 es,
611 3422 720 3484 Simon
744 3422 804 3484 Bar
827 3421 915 3499 lona,
932 3421 1006 3503 quia
1030 3441 1104 3484 caro
1128 3430 1160 3484 et
1414 3435 1660 3501 ARTfflULUS
1683 3437 1759 3502 vn,
2130 3470 2131 3497 ,

411 3521 540 3603 sanguis
554 3538 618 3583 non
635 3518 788 3582 revelavit
803 3519 871 3599 tibi,
888 3521 944 3582 sed
958 3519 1047 3582 Pater
1069 3540 1159 3583 meus
2130 3512 2131 3567 7

410 3618 465 3699 qui
480 3627 528 3682 est
543 3617 576 3678 in
597 3616 698 3680 coelis.
716 3617 753 3678 llt
774 3635 833 3697 ego
855 3616 925 3679 dico
944 3616 1012 3697 tibi,
1029 3618 1104 3698 quia
1125 3626 1159 3678 tu
1301 3601 1491 3661 Pr⁰⁸⁶02t250
1505 3604 1545 3660 de
1560 3603 1686 3663 curisti
1700 3607 1872 3668 doelrt'm's·

410 3736 445 3780 es
467 3716 577 3779 Petrus
597 3714 684 3796 (quia
707 3714 739 3777 in
766 3715 832 3777 lide
857 3713 993 3794 firmus),
1010 3723 1042 3778 et
1065 3735 1161 3796 super
2130 3790 2131 3809 χ

411 3815 494 3877 bane
510 3822 631 3895 petram
647 3813 694 3893 (id
713 3820 761 3875 est
779 3811 857 3875 fidei
879 3820 940 3875 tuae
962 3811 1159 3890 firmitatem)
1278 3811 1348 3875 OST
1368 3814 1563 3895 praeinducta
1588 3815 1800 3900 interrogatus
1823 3822 1865 3884 ab
1882 3824 1966 3905 Apo-
1992 3852 2065 3898 m,
2130 3814 2131 3887 ἶ

410 3911 576 3976 edificabo
590 3910 767 3974 Ecclesiam
783 3929 897 3987 meam,
914 3917 946 3973 et
961 3919 1058 3992 portae
1080 3909 1161 3974 inie-
1293 3912 1382 3974 stolis
1414 3913 1555 3976 Christus
1588 3916 1660 3996 quis
1687 3919 1791 3999 major
1817 3931 1903 3984 esset
1930 3923 1964 3985 in
1977 3932 2028 3966 nm,
2039 3921 2056 3971 ¹·
2068 3917 2085 3954 ¹·

412 4010 438 4072 ri
454 4028 518 4073 non
534 4009 752 4092 prevalebunt
773 4009 924 4071 adversus
946 4027 1027 4070 eam.
1045 4008 1083 4070 Et
1105 4009 1160 4071 tibi
1215 4028 1313 4091 regno
1338 4010 1502 4090 ooelorum,
1524 4014 1686 4094 respondit
1703 4014 1793 4077 :Nisi
1816 4020 1963 4082 conversi
2130 4044 2131 4139 p

412 4108 493 4171 dabo
509 4107 614 4170 claves
636 4107 724 4187 regni
746 4107 900 4169 coelorum
917 4130 924 4168 :
941 4115 973 4169 et
986 4108 1161 4188 quodcum·
1215 4106 1352 4186 fueritis,
1370 4116 1402 4171 et
1425 4108 1614 4173 efficiamini
1639 4112 1724 4175 sicut
1746 4115 1884 4196 parvuli,
1900 4137 1963 4181 non

413 4225 474 4288 que
499 4204 646 4286 ligaveris
672 4211 918 4285 superterram,
944 4205 1005 4267 erit
1029 4205 1160 4287 ligatum
1177 4208 1200 4270 D
1215 4205 1374 4268 intrabitis
1402 4206 1435 4268 in
1464 4227 1597 4289 regnum
1623 4210 1788 4292 coelorum,
1813 4214 1874 4277 boc
1904 4224 1962 4292 est,

413 4313 444 4368 et
460 4305 491 4366 in
508 4303 597 4366 coelis
611 4325 619 4380 ;
635 4311 667 4365 et
680 4302 903 4383 quodcumque
918 4302 1050 4364 solveris
1066 4324 1161 4386 super
1215 4302 1281 4365 Nisi
1296 4304 1446 4384 humiles,
1463 4305 1507 4386 pii
1523 4315 1555 4368 et
1568 4307 1754 4371 innocentes
1773 4309 1849 4373 lacti
1865 4311 1965 4377 lueri-

288 4422 349 4468 rtra.
365 4425 399 4468 u.
413 4411 542 4478 terram,
559 4400 619 4464 erit
641 4398 778 4462 solutum
793 4400 871 4462 etin
888 4400 987 4464 coelis.
1005 4401 1093 4464 Tunc
1115 4404 1162 4465 di·
1216 4400 1268 4480 tis,
1284 4402 1446 4466 coelestem
1462 4423 1525 4466 non
1540 4406 1685 4485 poteritis
1705 4406 1841 4488 gloriam
1862 4412 1966 4495 adipi-

413 4500 459 4563 xit
473 4498 614 4561 Christus
629 4497 797 4578 Apostolis,
813 4498 888 4580 quia
907 4508 1066 4579 oporteret
1087 4521 1160 4563 eum
1216 4499 1273 4562 sci.
1300 4500 1357 4574 Qui
1382 4510 1487 4563 autem
1514 4503 1775 4567 scandalizaverit
1799 4527 1901 4571 unum
1925 4511 1963 4572 de
1977 4533 2077 4577 rausa.
2130 4516 2131 4545 ³

414 4599 460 4660 ire
479 4595 716 4676 lerosolymam,
733 4604 765 4657 et
784 4595 882 4658 multa
902 4597 966 4677 pati
991 4617 1009 4659 a
1034 4599 1163 4662 seniori·
1216 4598 1341 4679 pusillis
1356 4598 1424 4661 istis
1439 4599 1494 4681 qui
1510 4600 1544 4661 in
1560 4620 1610 4663 me
1626 4603 1770 4682 credunt,
1787 4607 1916 4687 expedit
1934 4609 1963 4671 ei

412 4697 473 4760 bus
492 4703 524 4758 et
542 4694 661 4757 Scribis
681 4703 774 4776 atque
796 4694 995 4776 principibus
1016 4699 1161 4761 sacerdo·
1215 4701 1250 4756 ut
1278 4697 1489 4776 suspendatur
1521 4698 1605 4761 mola
1637 4699 1776 4763 asinaria
1809 4702 1842 4763 in
1881 4706 1964 4769 collo

279 4817 338 4860 rora.
352 4820 397 4870 an
413 4803 492 4872 tum,
509 4800 541 4856 et
554 4790 669 4871 occidi,
686 4799 718 4853 et
736 4791 828 4852 tertia
845 4791 897 4853 die
917 4810 1093 4874 resurgere.
1111 4795 1162 4857 Di·
1214 4793 1296 4873 ejus,
1313 4801 1344 4855 et
1358 4794 1559 4877 demergatur
1581 4796 1613 4857 in
1634 4797 1831 4878 protundum
1851 4804 1962 4866 maris.

264 4879 318 4924 Μ·
329 4893 354 4931 '¹'
364 4884 398 4924 ²³·
412 4895 520 4976 xitque
535 4889 700 4972 discipulis
715 4889 780 4951 suis
798 4913 805 4950 :
824 4889 855 4951 Si
876 4889 948 4971 quis
968 4892 1035 4954 vult
1050 4893 1159 4956 venire
1215 4891 1267 4954 Va
1281 4892 1402 4954 bomini
1419 4893 1465 4955 illi
1479 4912 1646 4975 perquem
1661 4898 1846 4961 scandalum
1861 4903 1962 4965 vonit.

412 5000 485 5077 post
512 5009 575 5067 me,
602 4990 738 5069 abneget
766 4988 983 5068 semetipsum,
1011 4997 1042 5052 et
1070 4992 1160 5054 tollat
1214 4990 1325 5052 Videte
1349 5010 1389 5052 ne
1414 4993 1625 5055 contemnatis
1652 5013 1752 5058 unum
1775 5017 1813 5059 ex
1839 5001 1965 5081 pusillis
1975 5024 2027 5070 rau.
2037 5026 2064 5066 o.
2130 4962 2131 5003 ¹

412 5109 539 5155 crucem
563 5107 651 5150 suam
673 5086 827 5167 quotidie,
845 5094 876 5148 et
898 5095 1047 5166 sequatur
1069 5111 1130 5153 me.
1167 5141 1170 5146 .
1213 5088 1303 5166 istis,
1320 5089 1391 5151 dico
1406 5091 1493 5152 enim
1508 5090 1610 5168 vobis,
1627 5091 1701 5173 quia
1722 5096 1828 5176 angeli
1850 5116 1962 5164 eorum
2130 5094 2131 5101 '

295 5209 383 5254 narei.
451 5190 523 5252 Post
542 5187 609 5248 haeo
628 5183 717 5246 duxit
738 5183 863 5246 Petrum
888 5193 919 5246 et
943 5181 1094 5250 lacobu'm
1120 5210 1156 5253 ao
1212 5187 1245 5247 in
1261 5187 1350 5249 coelis
1366 5207 1492 5270 semper
1506 5188 1617 5251 vident
1630 5188 1747 5254 faciem
1762 5193 1862 5270 Patris
1884 5200 1959 5262 mei.
2130 5180 2131 5265 l

262 5284 313 5326 ”¹¹¹
326 5277 396 5324 ¹'³·⁵'
411 5288 564 5353 loannem
581 5282 613 5344 in
629 5288 770 5344 montem
785 5280 944 5345 excelsum
958 5306 965 5361 ς
983 5291 1014 5345 et
1030 5287 1157 5348 transli—
1212 5285 1245 5347 Si
1260 5285 1441 5367 peccaverit
1457 5286 1489 5349 in
1505 5296 1535 5350 te
1545 5288 1592 5368 (id
1607 5297 1656 5350 est
1669 5299 1700 5352 to
1715 5291 1851 5375 sciente)
1862 5295 1963 5362 trater
1974 5315 2081 5364 itu-ur.
2130 5300 2131 5373 l

2130 5454 2132 5494 i

2130 5741 2132 5801 l

2130 5898 2132 5934 Ι

2130 5948 2132 6023 l
