4309 6250
414 474 474 541 {lh
650 497 691 543 DE
711 496 874 545 nisurum
895 496 932 543 ΕΤ
952 495 1101 542 nunninus
1121 496 1149 541 tt.
1171 494 1200 540 V.
1223 497 1339 553 ΚΑΜ,
1361 496 1450 544 stans
1470 497 1514 544 lll.
1537 516 1578 527 -
1598 498 1668 544 Anu.
1691 498 1723 544 Vl

414 670 447 725 et
460 664 596 745 qualiter
616 664 737 748 praefati
760 667 862 729 sancti
884 665 944 729 viri
965 665 1094 727 caritate
1114 684 1161 727 ar·
1176 665 1201 727 A
1218 666 1346 745 lutaquc
1367 666 1529 729 voluntate
1554 666 1656 731 voluit
1678 685 1752 730 eum
1775 685 1832 749 pro
1853 663 1977 729 mundi

416 763 516 825 serint
537 764 753 843 proximorum
776 772 869 845 atque
892 763 994 826 divini
1016 764 1084 826 zelo
1108 764 1163 825 ho·
1217 764 1297 827 mori
1320 765 1433 842 salute,
1455 764 1487 826 in
1508 774 1661 847 quantum
1681 766 1764 827 Deus
1786 766 1828 827 ita
1850 782 1979 846 praeor-

416 860 514 923 noris.
546 860 656 924 Nonne
684 881 741 944 pro
769 862 862 944 plebe
890 861 1025 923 cervicis
1061 860 1164 923 duris·
1216 860 1340 923 dinavit
1354 881 1390 924 ac
1406 862 1521 939 voluit3
1538 871 1569 925 et
1583 862 1696 924 maluit
1710 861 1976 925 amantissimum

417 958 516 1037 simae,
533 976 590 1040 pro
609 968 703 1040 gente
721 958 896 1039 incredula,
913 977 970 1041 pro
991 957 1163 1021 rebellibus
1217 978 1309 1021 suum
1346 961 1561 1043 temporaliter
1595 960 1659 1043 pati
1695 958 1978 1041 corporaliterque

417 1064 448 1117 et
470 1056 602 1137 ingratis
624 1066 751 1120 sanctus
775 1058 895 1139 Moyses
920 1056 1091 1120 Dominum
1112 1075 1164 1118 ex·
1217 1057 1333 1135 occidi,
1349 1077 1444 1139 quam
1466 1058 1585 1121 electos
1605 1066 1722 1121 interm
1744 1056 1899 1120 felicitate
1915 1057 1978 1119 de-

311 1174 387 1218 nseo.
417 1154 529 1231 oravit,
551 1156 613 1216 Aut
640 1154 765 1217 dimitte
788 1155 906 1236 populo
926 1156 1008 1217 hanc
1035 1172 1161 1229 noxam,
1218 1151 1317 1229 stitui,
1331 1172 1367 1214 ac
1383 1153 1692 1235 superbeatissimam
1708 1152 1892 1215 Trinitatem
1908 1171 1977 1215 suo

268 1249 335 1343 ἔξω·
366 1241 399 1289 ³¹²
417 1258 471 1312 aut
485 1250 555 1314 dele
570 1271 620 1314 me
635 1251 674 1313 de
689 1251 771 1316 libro
790 1261 845 1315 tuo
867 1271 961 1333 quem
984 1250 1163 1333 scripsistil
1218 1249 1337 1312 honore
1353 1257 1385 1312 et
1404 1250 1503 1330 cultu,
1520 1269 1600 1331 quos
1620 1270 1659 1312 ex
1679 1249 1794 1312 Christi
1817 1249 1976 1331 passione

416 1348 591 1430 Oquantns
605 1350 699 1412 ardor
712 1350 780 1411 veri
796 1350 913 1412 amoris
927 1356 934 1411 t
951 1348 1068 1411 Eodem
1085 1347 1164 1410 affe
1218 1345 1321 1409 fuerat
1335 1347 1492 1428 habitura,
1509 1348 1637 1429 privari.
1654 1348 1879 1411 Nihilominus
1901 1348 1976 1410 alio

187 1431 195 1447 ⁸
273 1467 401 1520 anans.
417 1454 470 1509 otu
495 1446 619 1509 locutus
643 1456 691 1509 est
718 1448 843 1525 Paulus,
870 1466 926 1510 vas
951 1455 1076 1510 aeternae
1101 1446 1164 1508 ele·
1219 1454 1364 1526 respectu
1387 1446 1426 1508 de
1451 1446 1499 1507 sui
1526 1445 1594 1507 llilii
1620 1445 1767 1528 passione
1795 1446 1977 1508 vehemen-

268 1543 533 1615 emanationis
550 1568 557 1604 :
574 1544 727 1626 Optabam
743 1564 801 1627 ego
820 1545 888 1627 ipse
907 1545 1076 1607 anathema
1094 1562 1163 1606 esse
1218 1542 1341 1605 tissime
1368 1544 1563 1623 tristabatur,
1593 1552 1686 1626 prout
1714 1544 1754 1606 de
1787 1544 1847 1606 hoc
1880 1542 1975 1605 infra

415 1640 572 1705 aChristo
587 1660 644 1723 pro
659 1642 811 1705 fratribus
827 1642 906 1704 meis
920 1642 1047 1704 ludaeis.
1091 1718 1099 1731 ,
1218 1640 1319 1720 magis
1340 1641 1534 1704 tractabitur.

454 1741 562 1821 ltaque
583 1749 776 1823 preceptum
799 1740 938 1803 caritatis
960 1740 1015 1803 hei
1038 1749 1069 1802 et
1093 1759 1165 1822 pro·
1257 1737 1359 1818 Atque
1377 1739 1416 1800 ad
1435 1739 1518 1800 istud
1537 1746 1660 1821 spectat
1677 1739 1762 1820 quod
1786 1739 1819 1801 iu
1838 1739 1974 1801 articuli
2146 1745 2147 1814 l

414 1840 492 1902 nimi
507 1839 770 1903 benedictissima
782 1840 872 1921 virgo
888 1840 983 1902 llaria
1001 1859 1066 1922 prae
1086 1859 1164 1902 oun-
1180 1837 1203 1899 B
1218 1835 1314 1917 hujus
1335 1835 1463 1899 exordio
1483 1855 1521 1899 ex
1542 1838 1680 1899 themate
1701 1846 1750 1899 est
1768 1836 1934 1900 inductum
1961 1862 1971 1901 :

415 1937 476 1999 otis
511 1936 721 2000 ineffabiliter
753 1936 945 1999 excellenter
978 1936 1125 2018 implevit
1153 1960 1160 1999 :
1218 1933 1251 1993 iu
1267 1952 1330 2014 quo
1345 1934 1578 2014 sapientissima
1593 1953 1630 1997 ac
1649 1934 1884 1997 ferventissima
1904 1935 1975 1997 vir·

413 2035 531 2117 quippe
555 2054 624 2117 quae
648 2054 812 2117 uunquam
836 2042 956 2097 motum
983 2040 1037 2096 aut
1057 2042 1163 2095 actum
1217 2048 1258 2111 go
1280 2031 1375 2093 lllaria
1403 2032 1546 2094 hortatur
1574 2032 1658 2095 filias
1683 2033 1769 2110 Sion,
1795 2033 1827 2094 id
1851 2040 1899 2095 est
1928 2032 1974 2093 fr·
1992 2058 2115 2104 eum„

413 2134 464 2195 vel
491 2132 729 2195 inclinationem
757 2152 775 2195 a
799 2131 938 2194 caritatis
963 2131 1163 2214 plenitudine
1217 2128 1336 2190 delium
1348 2129 1680 2211 speculativarumque
1695 2131 1870 2212 animas‚ut
1880 2150 1974 2212 egre·

414 2230 626 2293 retrahentem
654 2238 708 2292 aut
734 2230 962 2312 impedientem
983 2230 1015 2290 in
1039 2248 1072 2292 se
1092 2249 1163 2291 sen·
1216 2226 1345 2287 diantur
1358 2226 1398 2288 do
1419 2226 1485 2290 luto
1506 2226 1606 2307 faecis,
1621 2229 1661 2290 de
1676 2228 1763 2291 visco
1784 2247 1821 2291 ac
1843 2228 1972 2291 actibus

382 2392 384 2395 ,
414 2327 456 2389 sit
479 2336 534 2390 aut
554 2327 676 2390 habuit.
699 2328 842 2408 Insuper,
867 2327 936 2408 ipsa
957 2327 1108 2408 cognovit
1129 2346 1162 2388 se
1217 2324 1420 2402 carnalitatis,
1438 2333 1469 2387 et
1483 2343 1540 2406 per
1559 2324 1672 2406 fidem,
1689 2327 1864 2407 caritatem,
1879 2345 1973 2390 com-

413 2426 551 2506 desuper
568 2425 773 2487 constitutam
794 2425 849 2486 Dei
865 2433 896 2487 et
916 2424 1082 2488 hominum
1098 2443 1163 2486 me·
1217 2422 1398 2502 passionem
1419 2442 1455 2485 ao
1475 2422 1684 2486 imitationem
1708 2425 1972 2506 contemplentur

412 2521 590 2600 diatricem,
607 2521 753 2584 fidelium
775 2530 921 2601 matrem,
938 2521 1088 2585 Ecclesiae
1109 2523 1163 2584 ad·
1217 2541 1234 2577 (ι
1250 2538 1357 2599 regem
1373 2519 1573 2583 Salomonem
1589 2542 1619 2600 s,
1630 2521 1778 2585 videlicet
1791 2521 1967 2600 Christum,

413 2627 569 2697 vocatam,
599 2620 789 2683 miserorum
828 2620 1000 2701 refugium,
1033 2620 1162 2702 pietatis
1216 2635 1328 2679 verum
1353 2625 1383 2678 et
1408 2637 1568 2680 summum
1592 2618 1776 2697 Pacihcum,
1799 2641 1816 2678 a
1840 2618 1873 2680 in
1896 2619 1971 2681 dia-

413 2718 568 2800 reginam.
584 2717 706 2780 ldoirco
728 2725 870 2780 materna
892 2718 1022 2781 caritate
1042 2718 1164 2799 jugiter
1217 2715 1340 2776 demate
1365 2734 1427 2796 quo
1452 2715 1616 2779 coronavit
1640 2735 1711 2777 eum
1733 2726 1834 2779 mater
1854 2736 1911 2778 sua
1934 2740 1966 2794 s,

412 2815 681 2879 affectuosissime
709 2834 745 2877 ao
770 2815 959 2878 fidelissime
985 2836 1077 2878 suum
1104 2817 1163 2878 im·
1216 2811 1249 2872 id
1277 2819 1325 2873 est
1353 2812 1386 2873 in
1414 2822 1577 2894 assumpta
1600 2814 1797 2876 humanitate
1821 2822 1854 2877 et
1880 2814 1970 2895 ejus-

412 2912 861 2996 plevitofficium,hominum
876 2914 1075 2995 procurando
1091 2933 1163 2977 eon·
1216 2910 1288 2971 dem
1317 2910 1519 2972 acerbissima
1542 2911 1702 2992 passione,
1728 2930 1792 2993 qua
1818 2911 1970 2974 humani-

412 3010 605 3089 versionem,
622 3020 654 3073 et
667 3020 817 3093 tanquam
840 3012 1075 3075 amorosissima
1091 3009 1198 3075 uni-C
1217 3016 1279 3070 tate
1304 3028 1377 3070 eum
1402 3009 1576 3089 coronavit,
1597 3009 1736 3088 vestivit,
1756 3010 1883 3073 ornavit
1907 3030 1967 3073 sua

411 3128 577 3173 versorum
606 3109 713 3172 nutrix
747 3129 783 3172 ac
818 3108 955 3191 genitrix
989 3109 1162 3173 dilectione
1216 3106 1355 3170 Genitrix
1370 3106 1567 3170 benedicta«
1582 3107 1614 3170 in
1636 3108 1688 3171 die
1710 3108 1965 3190 desponsationis

411 3206 587 3285 formatur3
613 3215 645 3270 et
672 3207 753 3269 sicut
778 3208 811 3268 in
837 3207 949 3270 ceteris
977 3208 1160 3288 virtutibus,
1216 3205 1302 3267 illius
1322 3227 1351 3285 n,
1368 3205 1428 3268 hoc
1453 3215 1500 3267 est
1524 3207 1557 3266 in
1582 3207 1659 3269 hora
1685 3206 1912 3270 iucarnationis
1933 3215 1967 3270 et
2149 3262 2150 3327 ,

412 3305 456 3368 ita
483 3305 517 3366 in
553 3305 682 3367 caritate
710 3304 765 3367 llei
795 3324 832 3367 ac
868 3305 1086 3387 proximorum
1114 3316 1164 3368 est
1217 3303 1435 3385 conceptionis
1464 3322 1527 3384 qua
1554 3302 1645 3365 illum
1674 3303 1861 3367 intemerata
1889 3323 1965 3367 cou-

412 3402 535 3466 Christo
560 3401 725 3464 simillima
748 3410 781 3464 et
804 3410 876 3484 post
896 3422 968 3464 eum
994 3403 1161 3482 altissima,
1217 3401 1312 3484 cepit,
1330 3402 1362 3462 in
1381 3420 1445 3482 qua
1463 3401 1561 3463 Filius
1584 3402 1654 3484 ejus
1680 3402 1740 3464 sibi
1759 3402 1966 3484 desponsavit

412 3519 450 3563 ac
474 3507 562 3563 tanto
582 3500 754 3582 perfectior
774 3500 846 3563 aliis
868 3508 986 3581 quanto
1012 3509 1163 3582 praestan-
1217 3499 1402 3579 Ecclesiam,
1419 3499 1484 3562 imo
1499 3507 1531 3561 et
1551 3499 1652 3581 ipsam
1673 3519 1770 3581 quam
1791 3500 1965 3582 assumpsit

414 3597 571 3661 tissimam
600 3598 656 3660 Dei
685 3599 813 3661 llatrem
839 3598 946 3660 decuit
972 3599 1042 3680 ejus
1069 3599 1164 3662 mini·
1217 3605 1477 3678 naturam,quam
1493 3596 1552 3659 sibi
1567 3597 1678 3660 intime
1694 3599 1855 3680 copulavit
1868 3606 1965 3679 atque

415 3696 489 3758 stris
509 3715 580 3758 esse
600 3695 835 3777 perfectiorem.
1216 3694 1403 3777 plenissime
1427 3694 1612 3757 fecundavit
1635 3718 1642 3756 ε
1662 3697 1746 3777 quod
1771 3695 1892 3758 factum
1915 3704 1966 3758 est

272 3813 401 3866 rmum,
456 3793 733 3874 Postremo,quum
748 3793 833 3856 dicat
847 3793 1000 3873 Salvator,
1014 3795 1163 3876 llajorom
1218 3814 1235 3851 «
1247 3792 1280 3854 in
1295 3792 1347 3855 die
1362 3793 1477 3854 latitiae
1491 3792 1594 3855 cordis
1609 3793 1679 3874 ejus
1694 3793 1805 3875 s,quia
1819 3803 1897 3856 tune
1912 3813 1965 3856 ex·
1980 3813 2126 3863 pamas.

267 3878 300 3920 ¹²·
414 3890 476 3953 hac
504 3891 667 3953 caritatem
696 3909 790 3954 nemo
818 3890 924 3969 habet,
954 3901 990 3954 ut
1023 3893 1163 3955 animam
1218 3891 1345 3952 sultavit
1369 3899 1404 3952 ut
1427 3891 1516 3973 gigas
1540 3891 1579 3952 ad
1605 3892 1793 3953 currendam
1815 3893 1910 3969 viam,
1932 3900 1965 3954 et

415 4006 505 4050 suam
530 3995 627 4069 ponat
649 3988 723 4069 quis
748 4007 806 4070 pro
829 3989 939 4052 amicis
964 3990 1051 4068 suis3
1067 3992 1163 4053 ctiam
1218 3988 1338 4050 delicias
1359 3988 1430 4070 ejus
1451 3996 1527 4050 tuno
1549 3996 1639 4050 erant
1659 4008 1728 4051 esse
1753 3998 1784 4052 et
1805 3989 1963 4053 demorari
1996 4011 2127 4062 Prorsus

414 4085 498 4148 istud
515 4085 584 4168 ipsa
598 4085 693 4168 pleno
707 4085 853 4169 implevit
866 4086 1035 4168 affectu,et
1050 4089 1076 4150 si
1093 4107 1165 4169 pos-
1219 4086 1251 4148 in
1266 4086 1371 4148 medio
1386 4086 1557 4167 singularis
1572 4105 1610 4148 ac
1629 4087 1855 4150 amantissimae
1869 4105 1966 4168 spon·
1980 4075 2021 4117 ³¹·

415 4183 509 4246 sibile
536 4184 640 4246 lleove
669 4184 822 4266 placitum
850 4186 1032 4264 exstitisset,
1063 4186 1165 4249 liben-
1179 4186 1204 4248 Ι)
1219 4203 1261 4246 sas
1282 4193 1313 4246 et
1331 4184 1435 4246 Matris
1456 4203 1521 4247 suae
1542 4184 1732 4266 purissima.

415 4281 537 4344 tissime
565 4301 629 4342 una
656 4300 730 4343 curn
758 4282 838 4346 Filio
861 4302 930 4362 suo,
951 4292 983 4345 et
1006 4284 1082 4346 item
1106 4303 1164 4366 pro

414 4377 495 4442 llilio
524 4397 593 4459 suo,
619 4379 649 4440 id
679 4387 727 4441 est
754 4397 812 4460 pro
840 4380 1002 4461 ereptione
1031 4381 1117 4443 illius
1145 4401 1165 4443 a

415 4483 528 4554 morte,
544 4475 783 4538 acerbissimam
799 4485 932 4540 mortem
949 4478 1162 4540 sustinuisset.
1428 4454 1674 4519 ARTICULUS
1699 4454 1757 4517 VI·

414 4573 474 4636 Sed
489 4582 522 4636 θῑ
539 4574 679 4637 animam
699 4573 770 4635 Filii
786 4575 846 4654 sub
863 4594 957 4655 ‘luam
978 4575 1048 4656 Plus
1067 4594 1164 4656 ‘luam
1220 4605 1322 4671 Onam
1340 4605 1435 4678 plene
1453 4611 1483 4661 et
1502 4603 1683 4661 eminenter
1697 4604 1919 4680 glorificanda
1934 4613 1967 4663 et

415 4671 575 4752 propriam
597 4670 761 4753 diligebat,
779 4671 884 4752 aliquo
906 4672 999 4735 modo
1021 4673 1166 4736 tradebat
1258 4693 1381 4767 optima
1396 4693 1489 4766 virqo
1502 4691 1616 4751 Marta
1633 4693 1699 4749 duo
1716 4693 1869 4751 caritatis
1878 4711 1967 4767 proe.

415 4768 449 4830 in
465 4777 609 4832 mortem.
626 4768 776 4843 Quamvis
791 4768 876 4830 enim
892 4769 1028 4831 naturali
1043 4769 1164 4833 affectu
1258 4789 1349 4855 cepta
1366 4781 1403 4838 in
1417 4782 1478 4838 tac
1493 4781 1561 4838 vita
1577 4779 1737 4854 implevit.

415 4865 622 4948 appetituque
650 4865 803 4928 sensitiva
839 4885 875 4928 ac
910 4867 1165 4931 conditionaliter

415 4963 608 5026 desideravit
632 4962 745 5024 Filium
772 4983 864 5025 suum
893 4983 957 5028 non
981 4965 1056 5046 pati,
1083 4965 1165 5028 sicut
1265 4971 1379 5031 ESUS
1407 4971 1574 5044 respondit
1598 4989 1609 5027 .·
1633 4969 1788 5029 Primum
1816 4972 1965 5031 omnium
1988 4988 2070 5034 urm.
2084 5005 2127 5041 m.

300 5085 389 5131 nnis,
416 5069 448 5124 et
463 5061 599 5144 ipsemet
612 5059 711 5122 Filius
726 5061 956 5142 dicens,Pater,
973 5062 998 5124 si
1014 5063 1164 5143 possibile
1278 5069 1469 5125 mandatnm
1482 5075 1540 5135 est,
1548 5067 1672 5140 Diliges
1680 5067 1856 5126 Dominum
1870 5076 1966 5128 tunm
1981 5054 2062 5098 ²⁹⁴¹·

268 5153 375 5202 ¹¹¹¹·³⁹·
416 5167 475 5239 est,
491 5151 727 5222 trauseatame
743 5160 825 5221 calix
840 5160 899 5222 iste
917 5183 923 5221 τ
940 5160 1043 5224 nihilo
1057 5161 1163 5224 minus
1218 5185 1258 5224 esc
1278 5173 1341 5223 toto
1360 5167 1456 5223 corde
1475 5173 1588 5232 tno,et
1609 5182 1650 5220 eac
1671 5171 1737 5221 tola
1757 5164 1871 5223 anima
1892 5173 1966 5236 tua,

415 5277 454 5324 ex
481 5258 655 5320 deliberata
684 5255 804 5319 ratione
832 5266 864 5320 et
891 5258 1046 5340 superiori
1071 5260 1163 5323 abso-
1218 5272 1310 5322 etex
1333 5271 1398 5321 tota
1422 5270 1539 5330 mente,
1554 5270 1585 5320 et
1605 5280 1646 5318 ere
1667 5268 1735 5320 tota
1756 5261 1968 5331 virtute,·se·
