4309 6250
462 501 522 567 644
546 517 587 566 DE
607 517 816 566 humanitate
837 516 932 564 solut
952 514 1121 562 contuitus
1141 512 1179 559 ET
1199 512 1369 560 dannatus
1389 511 1529 570 concinit,
1552 513 1642 558 utana
1661 511 1705 559 lli.
1728 530 1770 542 -·
1790 513 1860 558 ΛΒΤ.
1880 512 1939 558 xvh

326 707 380 751 ne.
396 707 448 759 aa.
462 690 543 754 illud
568 690 670 766 Lucae,
692 687 907 770 llumpehatur
931 695 997 750 rete
1022 703 1144 765 eorum,
1165 682 1249 746 tet
1266 682 1365 764 possit
1379 681 1564 762 dissolvere,
1579 699 1724 762 onusque
1745 681 1907 763 pastoralis
1920 699 1987 744 cura

463 797 563 852 statur
592 812 599 850 ι
626 787 768 849 Ecclesia
796 803 958 867 nunquam
987 783 1213 846 universaliter
1265 783 1304 844 de
1320 781 1406 844 illius
1424 781 1567 844 humeris
1586 799 1744 857 amovere,
1762 779 1813 843 vel
1835 781 1887 861 qui
1907 781 1989 862 possit

461 896 546 951 errat
566 894 621 949 aut
641 883 764 962 deficit,
780 884 839 947 etsi
862 883 1052 965 quandoque
1074 881 1212 962 particu-
1265 888 1318 941 aut
1333 880 1446 943 debeat
1460 899 1479 942 a
1493 879 1693 961 subjectione
1708 878 1769 941 sibi
1785 879 1888 940 dehita
1900 878 1988 958 subje-

462 986 579 1049 lariter.
597 983 641 1046 Ex
655 983 705 1046 his
727 983 817 1064 plura
832 982 1018 1044 Sanctorum
1040 979 1127 1042 dicta
1141 997 1211 1060 qua
1265 987 1349 1040 ctam
1370 977 1545 1041 Ecclesiam
1571 977 1747 1055 absolvere,
1764 996 1822 1040 scu
1845 996 1910 1039 eam
1932 976 1987 1057 ipso

463 1085 565 1167 prima
592 1083 675 1146 facie
703 1082 850 1145 videntur
879 1079 1047 1157 contraria,
1074 1077 1212 1140 faciliter
1265 1076 1392 1139 vivente
1411 1076 1501 1140 alteri
1521 1075 1621 1158 possit
1640 1076 1833 1156 desponsare
1849 1099 1856 1137 ε
1872 1076 1946 1156 quod
1966 1076 1988 1136 si

463 1183 742 1246 concordaremur.
1265 1175 1388 1255 fecerit,
1405 1175 1485 1238 alter
1497 1175 1553 1257 qui
1568 1174 1612 1236 sic
1629 1173 1851 1252 introducitur,
1862 1180 1907 1236 est
1918 1173 1989 1235 adul·

1265 1282 1322 1353 ter,
1351 1291 1416 1336 non
1445 1291 1592 1354 sponsus,
1621 1281 1654 1335 et
1681 1271 1823 1334 Ecclesia
1848 1271 1986 1352 quesibi

1263 1371 1442 1452 subjicitur,
1466 1390 1531 1436 non
1559 1370 1599 1433 fit
1624 1370 1767 1452 legitima
1791 1389 1919 1452 sponsa;
1933 1370 1986 1432 illa-

647 1469 892 1534 ARTICULUS
916 1469 1023 1532 XVII.
1262 1489 1325 1551 que
1344 1489 1417 1552 pars
1430 1469 1579 1533 Ecclesiae
1598 1489 1668 1551 quaa
1689 1488 1707 1531 a
1725 1469 1780 1531 tali
1799 1469 1932 1532 adultero
1949 1488 1986 1532 se

1262 1578 1400 1650 paratur,
1431 1587 1469 1631 ex
1496 1569 1569 1648 hoc,
1599 1567 1626 1629 si
1653 1567 1720 1648 jam
1754 1567 1789 1629 in
1817 1567 1908 1631 altero
1932 1586 1984 1630 uon

1261 1675 1355 1743 erret,
1374 1665 1516 1729 redditur
1530 1665 1671 1747 legitima
1691 1683 1809 1747 sponsa
1821 1665 1935 1743 Christi,
1949 1673 1985 1726 at·

1262 1784 1325 1845 que
1339 1764 1379 1827 ad
1393 1765 1495 1846 ipsam
1511 1773 1576 1826 tota
1589 1762 1729 1826 coelestis
1745 1764 1856 1846 Sponsi
1871 1763 1985 1825 influen-

457 1623 504 1683 De
524 1620 734 1698 plenitudine
754 1619 925 1694 potestatis
944 1619 1087 1692 papalis,
1113 1624 1143 1674 et
1169 1617 1209 1674 de

497 1710 693 1770 auctoritate
707 1727 745 1767 ac
755 1708 972 1783 praesidentia
987 1707 1110 1764 summi
1121 1707 1208 1765 Porr-

498 1800 597 1875 ta'ficis
619 1815 718 1872 super
738 1805 837 1855 totam
857 1804 887 1854 et
908 1796 1127 1854 universalem
1147 1795 1208 1854 Ec-

497 1890 639 1956 msiam,
665 1887 843 1945 secundum
876 1885 1083 1952 (supremum,
1108 1891 1139 1942 ει
1167 1885 1207 1942 de
1224 1865 1248 1927 B
1264 1863 1306 1926 tia
1324 1872 1356 1926 et
1373 1863 1544 1926 auctoritas
1561 1861 1734 1925 derivatur.
1750 1897 1792 1908 -
1803 1862 1892 1926 Porro
1913 1863 1984 1924 istud

496 1975 744 2052 confirmatione
763 1973 980 2052 quorumdam
1001 1991 1073 2050 qum
1090 1973 1150 2040 eit,
1166 1992 1207 2030 eoe
1262 1962 1409 2025 ultimum
1424 1961 1521 2043 hujus
1535 1961 1674 2024 doctoris
1693 1961 1826 2024 verbum
1844 1961 1985 2024 recitative

497 2065 595 2124 dictis
612 2065 738 2124 Thomoe
756 2081 793 2122 ac
814 2063 1064 2122 Beneventum.
1261 2062 1302 2124 ah
1317 2062 1387 2142 ipso
1401 2061 1566 2124 inductum
1585 2069 1644 2141 est,
1660 2069 1693 2123 et
1713 2060 1746 2123 in
1767 2060 1905 2143 sequenti
1922 2061 1985 2122 arti-

1262 2161 1334 2223 culo
1355 2161 1395 2222 de
1416 2159 1549 2222 veritate
1569 2158 1669 2240 ipsius
1690 2167 1856 2240 quaeretur.

528 2257 645 2325 uhtu
659 2259 792 2322 devotus
806 2259 917 2320 doctor
930 2255 1056 2319 Ordinis
1071 2255 1102 2318 S.
1111 2255 1206 2317 Eran—
1296 2259 1428 2340 lusuper
1441 2257 1651 2320 ait:Summns
1665 2255 1807 2320 Pontifex
1820 2277 1872 2340 pm
1885 2275 1935 2320 suo
1947 2277 1985 2319 ar

541 2358 630 2438 cisoi,
647 2365 932 2439 contemporaneus
951 2354 1084 2418 domino
1104 2355 1205 2417 Boua·
1260 2356 1355 2420 bitrio
1368 2364 1463 2437 atque
1478 2356 1603 2419 interno
1622 2354 1758 2437 Spiritus
1774 2356 1875 2419 Sancti
1888 2356 1984 2418 instin-

451 2465 605 2534 venturae,
619 2454 770 2519 videlicet
785 2455 882 2516 frater
896 2452 1076 2533 Ubertiuus‚
1091 2461 1204 2534 quarto
1259 2461 1323 2535 ctu,
1340 2461 1444 2535 potest
1462 2453 1628 2515 instituere
1647 2461 1678 2514 et
1693 2452 1862 2516 destituere
1874 2471 1982 2516 omnem

452 2555 616 2620 volumine
632 2572 689 2617 suo
704 2555 743 2616 de
758 2552 829 2615 Vita
845 2550 1013 2614 Salvatoris
1034 2571 1091 2614 seu
1106 2551 1204 2614 Arbo-
1258 2553 1352 2615 aliam
1380 2558 1568 2635 potestatem
1600 2551 1682 2614 intra
1710 2551 1858 2615 Ecclesia
1885 2571 1983 2633 corpus

453 2673 486 2718 re
510 2651 671 2732 Crucifixi,
687 2652 727 2714 de
752 2651 811 2712 ista
837 2649 966 2712 materia
991 2649 1073 2712 inter
1099 2659 1203 2712 cetera
1258 2659 1452 2729 contentam,
1479 2649 1630 2731 quoniam
1658 2649 1741 2732 Papa
1769 2659 1818 2712 est
1842 2651 1984 2713 nniversa-

453 2752 499 2816 ait
515 2776 522 2814 :
539 2751 575 2814 lu
591 2749 759 2814 collatione
775 2748 985 2830 episcopatus,
1002 2765 1133 2825 novum,
1150 2767 1204 2810 ve·
1258 2750 1297 2812 lis
1321 2748 1471 2812 Ecclesiae
1491 2767 1635 2811 summus
1653 2748 1831 2829 hierarcha,
1846 2769 1984 2812 summus·
2103 2776 2104 2783 κ

454 2869 525 2913 rum
545 2869 582 2912 ae
602 2847 767 2930 spirituale
787 2845 1023 2909 matrimonium
1044 2846 1204 2909 contrahi·
1257 2867 1320 2930 que
1346 2848 1494 2929 princeps
1518 2846 1616 2910 totius
1638 2845 1861 2911 ecclesiastice
1880 2848 1981 2910 hierar·

455 2957 506 3011 tur
531 2947 616 3010 inter
639 2946 824 3028 episcopum
849 2953 881 3006 et
905 2963 993 3006 suam
1015 2944 1200 3024 Ecclesiam,
1258 2946 1347 3009 cbiae.
1378 2946 1416 3007 Et
1442 2944 1594 3026 quoniam
1620 2945 1722 3008 virtus
1752 2947 1872 3009 ordinis
1902 2946 1982 3026 hujus

454 3046 551 3129 quod,
568 3044 752 3108 ¹secundnm
781 3043 1013 3123 Innocentium,
1039 3052 1136 3104 cetra
1162 3043 1202 3106 de
1221 3044 1394 3124 C(scilicet
1413 3043 1640 3127 episcopatus),
1656 3051 1688 3106 et
1709 3044 1908 3127 jurisdictio‘
1924 3045 2048 3114 toti-e„

321 3161 439 3205 ·rm1o·-
455 3143 695 3207 Renuntiatione
706 3148 729 3219 ',
742 3141 882 3223 capitulo
897 3145 991 3203 Inter
1004 3145 1201 3219 corporatio,
1258 3164 1296 3206 us
1309 3142 1551 3225 jurisdictionis,
1568 3144 1645 3206 ordo
1665 3143 1734 3207 sive
1753 3152 1887 3226 potestas
1899 3153 1941 3207 est
1955 3144 1982 3204 in

306 3226 427 3331 ‘mm’
455 3244 551 3307 hahet
574 3241 687 3305 fortius
712 3240 875 3303 vinculum
900 3258 995 3321 quam
1016 3240 1155 3318 carnale,
1172 3248 1204 3302 et
1258 3241 1340 3323 Papa
1361 3250 1511 3322 tanquam
1533 3241 1566 3302 in
1586 3223 1713 3304 sumnia
1730 3241 1845 3304 Christi
1864 3241 1923 3323 (qui
1940 3259 1984 3302 se·

307 3350 440 3401 libell-⁷·
456 3342 552 3405 asolo
568 3341 630 3403 Deo
645 3348 749 3423 potest
763 3338 907 3403 dissolvi.
924 3338 987 3401 Nec
1003 3338 1089 3400 enirn
1105 3338 1203 3401 nisia
1259 3360 1312 3402 rus
1335 3348 1383 3402 est
1407 3340 1503 3417 Deus)
1521 3339 1654 3417 vicario,
1671 3359 1690 3402 a
1714 3359 1778 3422 quo
1799 3341 1865 3405 solo
1885 3339 1983 3421 accipit

308 3416 360 3458 ‘¹²'
455 3441 519 3504 Deo
532 3438 730 3517 dissolvitur,
746 3438 873 3520 quando
894 3457 912 3499 a
933 3456 1057 3500 summo
1072 3436 1204 3500 Pontifi·
1258 3458 1340 3516 eam,
1356 3437 1503 3518 quamvis
1522 3437 1562 3499 ah
1583 3438 1766 3500 hominibus
1786 3437 1929 3520 eligatur3
1947 3438 1984 3499 id-

456 3558 504 3618 ce,
520 3536 574 3619 qui
590 3537 685 3599 hahet
703 3536 876 3599 vicemhei
896 3535 928 3597 in
954 3542 1047 3614 terra,
1064 3542 1204 3597 mutatur
1258 3538 1344 3600 circo
1359 3555 1417 3619 pro
1436 3544 1522 3599 tanto
1539 3536 1603 3598 dici
1624 3545 1739 3617 potest,
1755 3538 1857 3619 quoad
1875 3536 1984 3618 jurisdi-

456 3638 637 3719 episcopuS,
650 3635 701 3697 vel
716 3634 1011 3714 transferturzquod
1027 3633 1114 3696 omni
1129 3634 1204 3696 alte·
1260 3635 1397 3701 ctionem
1411 3635 1557 3697 ordinem
1571 3634 1775 3716 episcopatus
1794 3636 1828 3698 in
1849 3634 1984 3698 uniuersis

457 3736 484 3799 ri
500 3735 646 3817 potestati
662 3742 711 3797 est
729 3732 938 3815 impossihile.
957 3732 1088 3814 Propter
1104 3733 1201 3813 quod,
1259 3734 1319 3796 sub
1334 3734 1415 3815 Papa
1435 3732 1595 3814 episcopis
1614 3751 1708 3814 posse
1728 3734 1927 3798 variationem
1944 3752 1984 3794 ac·

457 3852 555 3917 quum
572 3850 715 3896 summus
730 3830 874 3894 Pontifex
889 3830 989 3893 multo
1004 3830 1119 3893 melius
1134 3830 1205 3892 uni·
1260 3831 1367 3913 cipere
1393 3855 1401 3893 ε
1424 3831 1499 3911 quia
1526 3850 1544 3893 a
1571 3849 1696 3895 summo
1721 3831 1874 3896 Pontifice
1899 3838 1984 3914 potest

459 3954 515 3997 cus
537 3940 567 3995 et
587 3932 710 4012 integer
730 3948 865 4012 sponsus
885 3929 954 3991 vice
973 3928 1088 3991 Christi
1108 3929 1205 3992 totius
1260 3930 1410 4011 episcopo
1429 3927 1520 4010 plebs
1539 3929 1684 4009 subjecta
1702 3930 1832 4010 auferri,
1848 3939 1934 4013 atquc
1951 3930 1984 3991 le·
2101 3927 2102 3938 ’

459 4031 609 4095 Ecclesia
625 4027 857 4109 peregrinantis
877 4026 908 4088 in
930 4036 1024 4105 terra,
1041 4027 1206 4090 solennius
1260 4028 1373 4109 gitima
1387 4028 1435 4089 sni
1457 4026 1579 4091 ordinis
1600 4029 1763 4093 exsecutio
1778 4028 1929 4107 interdici,
1942 4035 1984 4090 aut

458 4138 490 4193 et
505 4127 701 4191 immobilius
717 4124 880 4188 vinculum
896 4125 1070 4207 spiritualis
1086 4145 1206 4189 connu-
1261 4124 1423 4207 spirituale
1453 4125 1649 4189 connubium
1677 4127 1900 4209 episcoporum
1925 4144 1982 4189 cun

458 4229 503 4291 bii
529 4226 694 4289 contrahat
717 4243 790 4286 cum
815 4223 969 4302 Ecclesia,
990 4224 1057 4287 solo
1079 4224 1133 4286 Dei
1156 4225 1207 4306 Ju-
1221 4221 1246 4282 l)
1262 4224 1507 4305 particularibus
1531 4223 1683 4287 Ecclesiis
1712 4225 1840 4289 illorum
1863 4223 1984 4299 dissolri,

458 4327 542 4392 dicio
567 4333 598 4387 et
620 4323 708 4386 nulla
732 4323 871 4384 humana
898 4329 1053 4404 potestate
1083 4323 1207 4385 solven·
1261 4322 1412 4404 quoniam
1426 4321 1532 4384 omnis
1550 4321 1729 4403 jurisdictio
1747 4332 1780 4386 et
1799 4325 1932 4406 regimen
1950 4323 1985 4383 in·
2100 4345 2101 4358 2

458 4428 546 4503 dum,
564 4422 718 4505 quamdiu
742 4422 824 4483 idem
851 4420 994 4483 Pontifex
1018 4421 1098 4484 visit
1123 4422 1207 4484 intra
1262 4421 1415 4483 feriorum
1443 4440 1462 4482 a
1489 4420 1571 4501 Papa
1599 4429 1735 4499 tenetur,
1758 4431 1791 4484 et
1817 4423 1884 4505 ipse
1908 4421 1985 4485 totius
2100 4407 2101 4442 ¹

460 4542 575 4604 corpus
589 4519 748 4597 Ecclesia,
766 4538 784 4581 a
799 4518 891 4599 cujus
907 4537 1038 4599 corpore
1054 4538 1111 4601 per
1125 4539 1207 4582 mor·
1261 4518 1412 4581 Ecclesia
1426 4518 1588 4600 legitimus
1602 4538 1740 4601 sponsus
1754 4529 1813 4595 est,
1827 4529 1858 4583 et
1872 4521 1918 4583 cui
1932 4518 1985 4582 mlt
2100 4567 2101 4606 3

460 4630 523 4685 tem
540 4618 678 4701 ejicitur,
696 4625 749 4679 aut
771 4636 829 4698 per
851 4616 995 4679 haeresim
1017 4618 1208 4680 condemna·
1262 4626 1366 4699 potest
1393 4617 1567 4681 Ecclesiam
1596 4636 1684 4680 suam
1713 4617 1840 4682 auferre
1861 4628 1890 4682 et
1912 4614 1985 4681 alteri
2100 4627 2101 4668 t

460 4730 522 4797 tur,
543 4717 639 4780 etiam
667 4715 694 4777 si
724 4715 811 4797 prius
839 4714 993 4777 canonice
1023 4716 1205 4795 introisset;
1262 4717 1469 4797 conjungere,
1500 4715 1574 4797 quia
1602 4716 1636 4777 in
1669 4715 1729 4779 hoc
1764 4716 1906 4799 fungitur
1929 4716 1985 4778 ricc

460 4818 532 4882 ideo
547 4815 659 4879 dicunt
672 4812 903 4894 quidam,quod
915 4820 1207 4895 quantumcumque
1262 4814 1376 4877 Christi
1399 4815 1514 4878 summi
1538 4814 1604 4877 Dei.

460 4913 621 4979 renuntiet
649 4929 791 4973 summus
819 4910 974 4989 Pontifex,
1005 4930 1068 4973 non
1097 4920 1146 4974 est
1174 4913 1206 4975 in
1301 4913 1535 4994 ltaqueomnes
1554 4912 1694 4995 episcopi
1717 4922 1825 4977 tenent
1844 4923 1986 4979 totamsu-

459 5024 543 5078 terra
557 5012 610 5095 qui
627 5011 695 5074 vice
707 5009 760 5071 Dei
777 5008 926 5089 fungatur
941 5028 1037 5089 super
1051 5010 1165 5091 ipsum,
1173 5020 1208 5073 ut
1262 5032 1313 5075 arn
1331 5011 1587 5092 jurisdictionem
1606 5032 1625 5073 a
1645 5030 1770 5075 summo
1791 5010 1984 5089 Pontificem

397 5102 400 5109 ’
461 5108 725 5177 renuntiationem
746 5106 847 5187 possit
866 5105 916 5167 vel
935 5106 1049 5168 debeat
1063 5118 1208 5190 accepta·
1261 5129 1324 5192 qno
1352 5109 1433 5172 sicut
1461 5110 1493 5171 in
1522 5108 1635 5172 Christi
1664 5110 1781 5172 summi
1810 5111 1863 5174 hei
1884 5109 1985 5173 vicario
2099 5187 2100 5192 ἵ

460 5232 505 5291 rc,
522 5209 572 5272 vel
597 5207 651 5290 qui
676 5203 841 5268 vinculum
863 5203 1034 5285 spiritualis
1054 5206 1206 5268 connubii
1261 5217 1369 5271 manet
1389 5208 1485 5272 totius
1502 5207 1737 5290 jurisdictionis
1755 5219 1787 5273 et
1810 5207 1983 5274 auctoritatis

459 5310 543 5398 quod
569 5304 721 5373 contraxit
750 5322 822 5366 cum
852 5302 1022 5366 universali
1052 5304 1203 5385 Ecclesia,
1261 5307 1411 5370 Ecclesia
1425 5307 1600 5389 plenitudo.
1616 5307 1677 5370 Sed
1697 5317 1808 5372 contra
1826 5309 1902 5371 hanc
1921 5307 1984 5369 irre
