4309 6250
255 509 297 555 na
317 507 526 555 aucrommna
546 505 640 555 suurn
660 504 887 567 commensus
906 503 1077 551 emamus
1099 502 1240 562 cosernu,
1262 505 1351 552 nram
1371 506 1391 552 1.
1415 524 1456 537 -
1476 506 1547 552 aar.
1569 506 1623 552 xrr
1657 488 1717 552 559

168 693 244 756 pars
258 683 306 739 est
320 674 426 739 minor
439 682 516 738 toto.
533 674 592 737 Sed
614 673 815 750 intuendum,
830 671 914 751 quod
930 671 955 733 Α
970 674 1098 753 quendo
1125 692 1201 755 ergo
1228 675 1267 736 de
1295 674 1473 756 majoritate
1502 677 1615 760 prima,
1645 678 1717 741 dico

169 792 243 855 pars
257 782 289 835 et
304 780 403 836 totum
417 772 528 835 multis
542 772 645 834 modis
659 771 819 849 dicuntur,
829 769 917 831 vide·
970 770 1054 849 quod
1070 770 1152 853 Papa
1167 771 1208 833 sit
1226 772 1460 853 quodammodo
1481 775 1583 856 major
1602 782 1667 837 tota
1687 782 1719 837 et

169 871 245 933 licet
259 871 386 953 proprie
407 890 445 933 ac
467 870 693 953 metaphorice,
709 868 918 950 corporaliter
970 867 1143 931 universali
1159 869 1312 949 Ecclesia,
1323 871 1374 933 cui
1390 891 1453 935 non
1469 873 1573 936 solum
1588 872 1717 935 divisim

168 989 205 1032 ac
221 969 438 1051 spiritualiter.
455 968 563 1046 Porro,
578 986 678 1049 quum
698 967 827 1045 dicitur,
843 966 917 1028 Pars
971 966 1026 1028 sed
1041 974 1073 1028 et
1088 967 1246 1030 collectim
1267 978 1400 1051 sumptae
1421 979 1534 1052 praeest
1555 990 1591 1033 ac
1611 970 1719 1053 praesi-

167 1085 235 1129 non
255 1075 304 1129 θεῖ
322 1067 425 1149 major
443 1086 501 1130 suo
522 1074 608 1141 toto;
625 1064 651 1127 si
676 1083 748 1146 pars
774 1060 916 1127 scorsum
971 1064 1035 1140 det,
1052 1064 1135 1127 sicut
1149 1074 1310 1129 ostensum
1327 1076 1385 1145 est,
1402 1077 1434 1132 et
1447 1076 1577 1150 propter
1596 1077 1720 1134 contra·
1735 1104 1759 1133 ιι
1773 1104 1845 1133 ,ιι-ν...

167 1164 346 1246 accipiatur
359 1184 416 1227 seu
430 1165 662 1241 consideretur,
678 1171 710 1225 et
731 1162 809 1225 illud
832 1161 916 1243 quod
972 1162 1055 1225 rium
1071 1174 1258 1243 asserentes,
1272 1166 1375 1229 adhuc
1391 1167 1587 1249 probabitur,
1599 1168 1718 1250 ltaque,

167 1272 322 1343 remanet,
340 1271 439 1326 toturn
453 1263 589 1342 dicatur,
605 1262 652 1324 sic
668 1270 732 1324 tam
754 1261 788 1323 in
807 1277 918 1341 corpo-
971 1268 1124 1341 quantum
1151 1262 1189 1323 ad
1215 1260 1245 1323 id
1272 1262 1304 1323 in
1330 1281 1393 1344 quo
1421 1263 1516 1327 habet
1543 1282 1580 1327 ex
1609 1264 1720 1329 officio

166 1362 289 1424 ralihus
307 1381 403 1442 quam
424 1361 457 1423 in
477 1360 696 1442 spiritualibus
721 1366 824 1442 potest
842 1378 918 1421 con·
972 1377 1107 1439 praesse
1128 1359 1184 1420 toti
1204 1358 1366 1440 Ecclesia,
1383 1361 1515 1443 ejusque
1535 1383 1644 1425 curam
1667 1364 1721 1426 he-

166 1459 290 1541 tingere
306 1468 340 1521 ut
359 1480 432 1542 pars
453 1460 495 1521 sit
515 1458 618 1539 major
637 1466 670 1520 ct
690 1458 817 1539 dignior
838 1465 915 1534 toto,
954 1456 1058 1533 here,
1086 1456 1235 1519 videlicet
1262 1466 1297 1520 ut
1321 1458 1461 1522 Ecclesia
1489 1460 1578 1541 juxta
1607 1462 1720 1524 Christi

165 1578 223 1619 seu
240 1558 390 1621 universo
412 1565 596 1620 remanente
617 1556 745 1619 residuo
762 1556 850 1618 :imo
871 1556 916 1616 sic
972 1554 1075 1635 legem
1091 1554 1154 1617 Deo
1168 1556 1338 1635 deserviat,
1356 1558 1423 1639 ipse
1438 1558 1521 1641 Papa
1544 1560 1657 1641 major,
1674 1560 1720 1623 di-

166 1666 265 1738 caput
278 1657 418 1719 hominis
432 1656 563 1737 majoris
584 1654 791 1737 perfectionis
805 1652 847 1716 ah
860 1652 918 1715 ali·
971 1652 1075 1732 gnior,
1102 1654 1248 1735 superior
1271 1662 1365 1737 atque
1395 1657 1552 1737 potentior
1580 1667 1628 1721 est
1657 1666 1721 1722 tota

164 1755 284 1836 quihus
298 1754 483 1836 perhibetur
496 1772 591 1835 quam
606 1762 671 1816 tota
686 1752 830 1835 corporis
850 1770 917 1814 mo·
971 1749 1113 1813 Ecclesia
1142 1752 1203 1814 sihi
1239 1754 1421 1835 commissa,
1452 1756 1546 1837 cujus
1575 1757 1642 1839 ipse
1671 1768 1719 1820 est

165 1854 213 1917 les
229 1854 367 1930 residua,
382 1872 481 1935 quum
497 1870 608 1915 omnes
624 1851 789 1915 interiores
802 1849 916 1913 exteri·
934 1857 957 1919 Β
972 1858 1078 1931 caput,
1099 1850 1206 1931 judex,
1224 1851 1374 1933 magister
1398 1860 1429 1915 et
1452 1855 1515 1916 dux
1539 1874 1634 1937 super
1659 1864 1720 1919 ter-

164 1971 301 2034 oresque
316 1970 428 2014 sensus
444 1950 596 2033 incapite
614 1950 762 2031 vigeant;
778 1948 916 2029 denique
972 1966 1051 2025 ram,
1067 1956 1173 2011 tamen
1195 1950 1254 2019 suh
1278 1950 1401 2013 Christo
1426 1960 1458 2015 et
1481 1952 1570 2033 juxta
1593 1970 1720 2017 mensu·

163 2051 273 2114 Ahhas
300 2070 357 2113 seu
385 2049 474 2113 Prior
501 2047 697 2112 monachalis
726 2055 914 2126 conventus,
970 2064 1038 2107 ram
1061 2065 1098 2109 ac
1125 2046 1227 2127 legem
1252 2047 1313 2110 sihi
1338 2068 1356 2111 a
1381 2049 1503 2113 Christo
1528 2052 1715 2134 praelixam:

165 2152 343 2213 secundum
365 2170 400 2212 se
418 2158 569 2232 acceptus
589 2168 645 2210 seu
664 2166 807 2211 seorsum
832 2166 917 2209 sum·
970 2143 1121 2223 quoniam
1145 2144 1228 2206 inter
1246 2144 1404 2209 Christum
1425 2156 1457 2208 θῖ
1477 2148 1651 2213 Ecclesiam
1674 2160 1719 2213 ta-

165 2256 253 2330 ptus,
278 2248 381 2329 major
407 2256 456 2311 est
483 2256 548 2311 toto
578 2246 705 2309 residuo
733 2245 916 2308 monasticae
970 2240 1042 2303 liter
1065 2250 1236 2323 sumptam,
1256 2243 1338 2325 Papa
1362 2253 1411 2307 est
1436 2246 1570 2327 medius,
1592 2257 1624 2311 et
1648 2268 1720 2331 pro

165 2346 435 2428 congregationis,
450 2354 483 2408 et
501 2344 660 2427 praelatus,
677 2352 784 2425 pastor
804 2363 841 2406 ac
863 2363 917 2425 pa·
970 2340 1070 2421 prins,
1081 2360 1236 2419 summus,
1248 2342 1362 2424 plenus
1378 2362 1414 2406 ac
1429 2346 1588 2425 generalis
1602 2346 1717 2409 Christi

166 2454 216 2507 ter
231 2444 438 2526 ipsius.lnlra
453 2452 559 2506 tamen
573 2444 634 2506 hoc
649 2442 767 2505 clarius
781 2460 917 2523 expone·
971 2438 1121 2519 vicarius,
1151 2441 1418 2520 quemadmodum
1447 2451 1629 2507 sanctorum
1663 2446 1719 2509 Pa·

166 2551 230 2621 tur,
255 2541 311 2604 ubi
335 2542 375 2604 dc
399 2540 520 2623 duplici
548 2541 737 2621 majoritate,
761 2539 917 2622 dignitate
971 2544 1053 2598 trum
1076 2545 1170 2619 atque
1185 2538 1350 2602 doctorum
1372 2541 1561 2606 testimoniis
1580 2551 1629 2607 est
1647 2563 1720 2627 pro

165 2660 224 2703 seu
238 2640 458 2722 superioritate
477 2640 612 2703 dicetur.
628 2639 799 2720 -ltaque,
817 2657 916 2720 quum
970 2636 1091 2715 hatum,
1107 2644 1138 2698 et
1158 2636 1188 2698 S.
1205 2637 1384 2701 Bernardus
1405 2642 1606 2722 apertissime
1628 2642 1717 2725 dicit,

164 2739 296 2817 dicitur,
305 2739 449 2801 Ecclesia
462 2746 511 2800 est
523 2738 682 2819 quoddam
698 2746 810 2815 totum,
824 2737 916 2817 cujus
970 2742 1162 2816 sanctusque
1177 2735 1313 2799 Thomas
1332 2756 1370 2800 ex
1389 2738 1564 2803 intentione
1578 2741 1720 2805 declarat

164 2838 251 2919 Papa
268 2845 317 2901 cst
336 2836 538 2915 membrum
554 2838 626 2900 dico
649 2836 734 2919 quod
758 2837 841 2918 Papa
863 2855 918 2898 ne·
969 2853 1007 2896 ac
1027 2834 1150 2915 prohat,
1166 2837 1433 2915 quemadmodum
1453 2840 1553 2921 patuit
1578 2848 1609 2902 et
1634 2850 1720 2922 pate-
1734 2877 1758 2906 a
1771 2896 1776 2907 .
1791 2876 1819 2913 ιιι,
1836 2874 1864 2904 ιν.

163 2955 328 3018 quaquam
343 2944 392 2999 est
405 2935 509 3016 major
521 2944 576 2997 aut
588 2935 716 3017 dignior
730 2942 795 2998 tota
810 2933 918 2997 Eccle
970 2931 1028 2993 hit.
1044 2931 1109 2994 Nec
1129 2931 1211 2994 istud
1231 2936 1339 3014 (prout
1363 2936 1507 3016 protinus
1532 2937 1719 3019 deducetur)

164 3034 225 3114 sia,
235 3034 268 3096 id
283 3042 331 3096 est
345 3034 496 3096 universa
510 3032 756 3115 congregatione
769 3031 916 3094 fidelium
931 3035 953 3098 G
972 3028 1005 3090 in
1027 3029 1135 3111 aliquo
1158 3030 1289 3111 derogat
1314 3032 1493 3097 auctoritati
1522 3035 1717 3117 generalium

164 3152 205 3195 ex
229 3133 313 3216 Papa
336 3152 373 3196 ac
397 3133 511 3196 ceteris
534 3131 694 3194 universis
717 3138 883 3194 constante
907 3153 915 3192 ι
971 3126 1193 3190 conciliorum.

165 3231 233 3294 imo
252 3232 299 3293 sic
318 3230 460 3294 Ecclesia
485 3238 533 3294 est
558 3229 661 3311 major
683 3229 918 3311 quodammodo
1011 3225 1057 3286 Ad
1079 3227 1254 3288 secundum
1277 3237 1499 3311 argumentum
1522 3232 1613 3293 etad
1636 3248 1721 3311 qua-

164 3339 257 3410 parte
276 3331 342 3409 illa,
357 3331 447 3411 juxta
465 3329 549 3411 quod
568 3329 613 3391 ait
633 3328 777 3410 AEgidius
798 3329 838 3390 de
858 3329 918 3392 lto-
972 3323 1044 3384 dam
1073 3323 1135 3404 ipsi
1164 3343 1298 3404 annexa,
1326 3327 1498 3390 dicendum
1531 3329 1614 3409 quod
1643 3329 1719 3392 satis

163 3447 230 3506 ma,
247 3428 331 3509 quod
357 3429 477 3492 honum
503 3434 645 3490 creatum
667 3427 811 3488 additum
833 3426 917 3490 hono
972 3421 1137 3484 convincit
1159 3423 1335 3487 Ecclesiam
1353 3425 1488 3506 ejusque
1510 3435 1625 3489 statum
1650 3447 1720 3490 esse

163 3536 274 3590 creato
299 3526 376 3590 iacit
401 3527 506 3608 ipsum
535 3527 650 3607 majus.
677 3524 710 3586 Si
735 3544 810 3588 vero
834 3524 917 3608 Papa
971 3539 1068 3602 super
1081 3520 1196 3602 Papam
1212 3529 1243 3584 el
1257 3530 1373 3585 statum
1389 3524 1546 3605 papalem,
1562 3525 1721 3607 loquendo

163 3625 345 3688 secundum
365 3645 400 3687 sc
421 3643 565 3688 seorsum
585 3623 771 3705 accipiatur,
787 3631 820 3685 et
841 3623 918 3686 resi·
971 3620 1010 3680 de
1038 3617 1217 3699 majoritate
1242 3627 1274 3682 et
1298 3620 1518 3703 superioritate
1542 3624 1720 3704 pertinente

163 3724 230 3786 dua
263 3723 411 3786 fidelium
444 3721 636 3785 universitas
664 3729 765 3785 totum
793 3722 919 3784 dicatur
970 3717 1009 3780 ad
1039 3717 1189 3780 virtutem
1217 3737 1254 3780 ac
1284 3720 1432 3782 meritum
1463 3720 1547 3801 vitae,
1574 3729 1606 3783 et
1634 3721 1719 3785 idem

164 3842 224 3884 seu
240 3829 305 3885 tota
317 3821 474 3899 Ecclesia,
489 3821 560 3884 dico
575 3821 660 3902 quod
674 3819 757 3901 Papa
771 3820 814 3882 sit
832 3840 917 3882 sum-
971 3815 1106 3896 probant
1126 3816 1292 3896 sequentia
1316 3827 1512 3899 argumenta.
1530 3819 1613 3901 Papa
1634 3820 1719 3882 euim

163 3940 240 3982 mus
264 3919 419 4001 pontifex,
445 3928 552 4000 pastor
579 3927 612 3982 et
638 3918 788 4000 princeps
816 3917 915 3998 illius,
970 3921 1074 3996 potest
1108 3914 1239 3976 vitiosus
1276 3915 1458 3979 consistere.
1497 3917 1719 3981 Verumtamen

162 4025 398 4099 representans
426 4025 458 4078 θῖ
487 4015 640 4096 supplens
668 4016 773 4078 vicem
800 4015 916 4078 Christi
969 4012 1097 4095 proprie
1112 4012 1362 4095 simpliciterque
1378 4014 1548 4095 loquendo,
1558 4016 1719 4097 majoritas

163 4117 254 4180 circa
278 4115 366 4177 illam
394 4138 402 4176 ε
429 4115 528 4177 etita
552 4115 785 4195 quodammodo
814 4114 917 4195 major
969 4111 1003 4174 in
1019 4109 1161 4173 Ecclesia
1173 4110 1337 4194 potissime
1353 4113 1526 4176 attenditur
1547 4133 1645 4196 penes
1665 4116 1720 4179 do-

161 4223 216 4278 est
229 4213 285 4277 illa
298 4232 336 4276 ao
350 4213 455 4292 altior,
472 4213 600 4294 dignior
613 4220 708 4293 atque
722 4213 892 4293 potentior.
931 4211 1013 4272 [tna
1025 4209 1134 4290 gratiae
1153 4209 1251 4290 gratis
1265 4210 1356 4287 datae,
1374 4209 1524 4274 videlicet
1543 4214 1719 4276 secundum

208 4313 268 4374 Sed
284 4312 524 4388 advertendum,
541 4312 625 4392 quod
645 4310 763 4393 duplex
781 4320 830 4373 est
850 4329 916 4372 ma·
970 4308 1087 4390 gradus
1102 4316 1291 4389 potestatum
1307 4317 1338 4370 et
1352 4307 1534 4372 officiorum
1550 4329 1606 4374 sen
1620 4313 1721 4394 digni·

159 4412 291 4493 joritas,
307 4410 446 4492 dignitas
461 4428 518 4472 seu
532 4416 681 4492 potestas,
699 4416 821 4492 utputa,
838 4429 917 4491 prae-
971 4415 1069 4469 tatum
1102 4406 1402 4470 ecclesiasticarum.
1432 4408 1518 4471 Unde
1553 4410 1719 4474 Durandus

160 4510 296 4574 lationis
310 4528 367 4572 seu
381 4508 603 4590 presidentis,
619 4517 651 4570 et
664 4508 916 4571 conversationis
971 4506 1067 4596 irater
1082 4504 1192 4586 Minor,
1211 4505 1243 4567 in
1266 4507 1395 4570 Summa
1418 4527 1486 4586 sua,
1503 4508 1585 4572 lihro
1607 4529 1720 4573 secun-

161 4629 225 4672 seu
240 4608 392 4670 virtutum
407 4615 462 4668 aut
477 4606 583 4668 meriti
598 4606 682 4668 vitae.
698 4605 802 4668 Prima
816 4607 917 4688 majo·
970 4606 1023 4684 do,
1039 4605 1242 4668 distinctione
1258 4607 1453 4687 sexagesima
1473 4609 1619 4691 septima,
1635 4629 1720 4674 asse-

161 4708 245 4771 ritas
259 4705 398 4789 pertinet
411 4707 452 4768 ad
465 4705 549 4767 dona
567 4706 675 4786 gratiae
694 4705 790 4786 gratis
808 4706 888 4768 data
906 4729 913 4768 ε
971 4702 1013 4766 rit
1027 4704 1110 4784 quod
1126 4703 1290 4784 majoritas
1305 4706 1338 4766 in
1353 4705 1454 4768 trihus
1469 4707 1651 4788 attenditur,
1664 4728 1718 4789 pu·

160 4807 208 4869 ad
227 4824 323 4887 quam
343 4803 501 4885 pertinent
522 4804 638 4885 gradus
658 4803 855 4884 ciliciorum,
870 4805 916 4867 di·
970 4802 1049 4866 lain
1064 4802 1269 4884 praerogativa
1285 4803 1406 4866 ordinis
1421 4813 1453 4866 et
1468 4808 1717 4872 consecrationis

159 4904 324 4987 gnitatum
353 4911 385 4964 ct
415 4902 651 4985 principatuum
684 4901 916 4965 ecclesiastico-
970 4921 1006 4964 ac
1021 4901 1276 4982 dispensationis.
1287 4900 1372 4964 Idem
1388 4902 1553 4966 affirmant
1567 4905 1717 4969 [laimun-

160 5022 250 5081 rum,
259 5002 435 5064 secundum
446 5001 591 5064 doctores
603 5000 812 5063 concorditer.
821 5000 914 5065 Porro
969 5002 1029 5063 dus
1043 5008 1074 5061 et
1089 5000 1217 5062 Summa
1233 5001 1451 5064 confessorum
1474 5022 1510 5065 ac
1525 5003 1655 5067 Summa
1669 5006 1716 5068 Pi·

159 5101 309 5165 secunda
329 5099 468 5181 pertinet
490 5099 529 5161 ad
551 5100 636 5162 dona
657 5099 766 5181 gratie
789 5108 914 5180 gratum
970 5118 1062 5174 sana3
1085 5099 1266 5179 adduntque
1291 5107 1450 5180 quartum,
1467 5099 1616 5162 videlicet
1636 5121 1715 5182 prae·

157 5197 327 5278 facientis,
342 5199 418 5280 quia
436 5197 608 5261 attenditur
627 5216 727 5280 penes
747 5198 916 5280 perlectio-
969 5197 1145 5279 rogativam
1170 5197 1332 5278 temporis.

158 5320 242 5368 nem
271 5299 411 5363 caritatis
439 5299 656 5382 virtutumque
684 5298 829 5362 aliarum.
856 5299 914 5364 Lo-
1008 5298 1170 5361 l'ostremo
1189 5302 1285 5358 restat
1310 5295 1426 5360 solutio
1450 5297 1628 5381 argumenti
1652 5317 1715 5382 quo
