4309 6250
394 513 434 560 n!
456 515 620 562 blomans
641 515 679 562 ΕΤ
699 515 848 563 uunlnns
869 517 898 562 B.
921 517 949 561 V.
974 517 1092 576 ΙΑΜΕ,
1114 517 1202 564 usn
1223 517 1243 563 l.
1265 533 1307 546 -
1326 518 1397 565 ΑΜ.
1420 517 1540 564 mvn!
1700 499 1741 564 65

187 691 219 746 et
233 683 421 765 quantitate,
438 693 469 748 et
484 685 666 766 quodcirca
680 687 825 750 eamdem
840 687 975 768 quan-A
993 707 1062 750 rum
1098 687 1209 765 Deum,
1239 685 1456 770 temporaliter
1483 694 1673 769 conceptum
1709 692 1742 750 et

188 781 311 844 litatem
331 783 432 846 etatis
451 782 513 846 luit
532 783 733 865 desponsata,
750 793 837 848 tante
858 793 936 847 tem·
992 792 1103 848 natum
1121 805 1160 848 ex
1179 786 1325 864 muliere,
1340 784 1481 866 jacuisse
1499 784 1532 847 in
1552 791 1664 847 ventre
1682 783 1741 846 im-

187 879 275 960 pnris
312 881 415 962 spatio
449 882 591 964 dempto,
621 889 740 964 quanto
775 881 936 965 sponsalia
992 882 1160 944 munditiis
1187 882 1385 946 naturalibus
1417 901 1481 946 non
1510 889 1649 959 carente,
1680 881 1741 943 cir-

187 979 427 1042 matrimnnium
457 979 561 1043 solent
588 981 777 1062 praecedere,
798 982 935 1045 duorum
992 981 1182 1060 cumcisum,
1203 999 1333 1062 passum
1357 988 1388 1042 et
1412 978 1604 1042 crucifixum
1628 978 1739 1059 lauisse,

187 1075 338 1138 videlicet
359 1077 529 1140 mensium.
549 1077 620 1140 liaec
641 1077 799 1142 hibertus.
991 1086 1086 1159 atque
1106 1085 1170 1140 tam
1185 1079 1265 1141 viles
1286 1078 1562 1140 denominationes
1581 1076 1738 1156 sortitum,

226 1172 324 1254 Cujus
358 1192 422 1237 non
458 1175 657 1238 obstantibus
692 1175 797 1254 dictis,
829 1178 934 1240 verius
991 1193 1028 1237 ac
1054 1193 1111 1255 per
1135 1175 1271 1237 materni
1301 1175 1382 1237 uteri
1410 1183 1533 1256 portam
1561 1190 1738 1255 egressum.

185 1279 274 1353 puto,
298 1272 383 1354 qnod
405 1271 502 1354 Virgo
522 1273 712 1355 dignissima
737 1273 822 1337 circa
843 1274 936 1356 quin·
991 1273 1070 1336 Hinc
1095 1273 1224 1354 quidam
1250 1272 1402 1353 haeretici,
1429 1280 1464 1334 nt
1487 1270 1588 1335 Ebinu
1613 1279 1645 1333 et
1668 1269 1741 1333 Hel-

187 1370 417 1432 tumdecimum
442 1370 626 1452 conceperit
650 1390 781 1434 annum.
798 1371 861 1435 Nec
887 1392 936 1436 ar·
990 1370 1108 1449 vidius,
1138 1377 1336 1452 negaverunt
1362 1389 1434 1432 enm
1461 1369 1621 1452 virginem
1654 1387 1736 1432 esse.

185 1467 383 1549 gumentatio
402 1468 441 1530 ad
460 1469 641 1551 oppositum
662 1468 843 1533 introducta
861 1489 937 1534 con·
989 1467 1063 1549 Alii,
1094 1475 1130 1530 ut
1156 1467 1335 1545 Corinthus,
1365 1467 1530 1545 Photinus,
1556 1466 1737 1544 Dioscorus,

186 1565 296 1646 cludit,
326 1585 424 1648 quum
452 1574 485 1628 et
516 1567 712 1649 experientia
744 1569 867 1650 doceat,
897 1589 935 1632 ex
990 1573 1195 1629 asseruerunt
1217 1585 1288 1630 eam
1317 1584 1382 1631 non
1405 1565 1518 1644 Deum
1542 1564 1597 1628 sed
1623 1583 1739 1647 purum

184 1664 367 1746 juvenculis
386 1665 528 1728 nondum
549 1667 690 1730 sedecim
709 1685 865 1732 annorum
881 1688 936 1731 na·
988 1665 1153 1728 hominem
1180 1665 1354 1748 peperisse.
1385 1664 1447 1726 Alii
1480 1663 1643 1727 linxerunt
1669 1681 1739 1726 eam

185 1763 230 1824 sci
257 1762 442 1844 frequenter
466 1783 599 1844 magnos
623 1773 717 1847 atque
742 1765 934 1830 fortissimos
989 1763 1137 1844 genuisse
1161 1761 1290 1844 quidem
1314 1762 1421 1839 deum,
1448 1762 1503 1824 sed
1533 1780 1597 1825 non
1627 1779 1739 1824 verum

185 1861 284 1924 viros.
311 1860 349 1923 Et
373 1861 446 1924 dato
470 1862 555 1943 quod
583 1862 644 1926 hoc
673 1863 850 1926 secundtuu
880 1883 934 1928 ns·
951 1859 975 1922 B
991 1859 1101 1940 Deum,
1116 1869 1151 1922 ut
1174 1860 1268 1923 Arius
1287 1868 1319 1922 et
1339 1857 1739 1938 Eunomius,a1lvrmautes

184 1968 289 2022 turam
314 1958 420 2040 lieret,
436 1967 542 2022 tamen
566 1960 600 2022 in
624 1961 762 2042 gloriosa
785 1971 816 2024 et
839 1962 935 2026 bene-
990 1958 1149 2022 Christum
1164 1977 1234 2021 esse
1249 1976 1361 2041 puram
1381 1965 1569 2036 creaturam,
1586 1965 1618 2018 et
1631 1963 1738 2019 tamma

183 2057 363 2120 diutissima
377 2057 501 2140 virgine
520 2058 613 2121 Maria
627 2059 720 2122 aliter
738 2060 811 2124 lieri
832 2061 936 2142 potnit
991 2057 1064 2120 coeli
1079 2077 1117 2120 ac
1138 2067 1229 2120 terrae
1248 2065 1434 2121 creatorem.
1450 2056 1510 2119 Alii
1525 2055 1649 2118 mentiti
1665 2063 1740 2118 sunt

183 2163 216 2217 et
235 2155 432 2237 congruebat
449 2179 457 2217 z
474 2155 549 2237 quia
570 2155 603 2219 in
623 2176 661 2220 ea
680 2165 781 2220 totum
802 2157 864 2221 luit
883 2179 936 2222 su·
990 2174 1060 2219 eam
1086 2174 1151 2220 non
1175 2155 1339 2219 hominem
1361 2147 1471 2217 verum
1492 2154 1547 2217 sed
1567 2154 1739 2236 phantasti-

183 2272 242 2335 pra
256 2261 414 2332 naturam,
430 2262 462 2316 et
482 2253 553 2336 ipsa
566 2273 584 2317 a
598 2255 719 2335 Spiritu
741 2257 856 2320 Sancto
872 2258 935 2320 vir-
991 2273 1064 2316 cum
1093 2273 1274 2335 generasse,
1292 2261 1327 2316 ut
1349 2252 1551 2315 Manicheus.
1568 2251 1631 2313 Alii
1653 2251 1739 2314 hlas-

184 2357 283 2412 tutem
310 2351 531 2432 conceptivam
552 2359 585 2414 et
605 2353 822 2434 generativam
846 2373 935 2416 acce·
992 2352 1191 2434 phemantes,
1210 2351 1359 2414 dixerunt
1382 2350 1495 2412 Filium
1520 2350 1576 2413 Dei
1602 2349 1682 2412 nihil
1701 2368 1740 2411 ex

184 2447 243 2530 pit.
274 2447 426 2530 Denique,
461 2449 559 2514 Judaei
594 2451 757 2514 connubia
791 2451 934 2515 filiarum
993 2450 1061 2532 ipsa
1086 2449 1272 2532 sumpsisse,
1299 2449 1355 2513 sed
1378 2469 1436 2531 per
1460 2449 1563 2531 ipsam
1587 2457 1738 2529 tanquam

184 2565 314 2610 suarum
342 2565 407 2610 non
435 2557 670 2612 consueverunt
705 2549 835 2614 dillerre
870 2559 934 2614 tam
990 2567 1048 2630 per
1075 2549 1297 2630 aqueductum
1326 2549 1490 2611 dumtaxat
1516 2547 1679 2626 transisse,
1704 2553 1740 2609 nt

61 2665 108 2703 aa
125 2673 168 2704 ιιι.
183 2643 259 2722 diu3
275 2653 370 2726 atque
394 2649 442 2726 (ut
466 2655 586 2710 tactum
610 2655 659 2710 est
683 2650 793 2729 snpra)
816 2649 936 2712 dulcis·
991 2645 1189 2709 Valentinus.

183 2741 267 2804 sima
288 2761 326 2805 ac
354 2743 499 2825 piissima
523 2743 613 2828 virgo
636 2745 731 2809 ldaria
756 2745 789 2808 iu
814 2746 934 2830 templo
1030 2743 1147 2806 Verum
1166 2744 1226 2809 hos
1243 2761 1355 2808 ornnes
1374 2742 1504 2805 damnat
1522 2741 1680 2805 catholica
1698 2741 1739 2804 li-

182 2837 247 2901 init
269 2840 386 2918 oblata,
402 2841 598 2925 impletoque
623 2852 764 2926 tempore
785 2863 849 2926 quo
873 2845 934 2908 vir-
990 2841 1057 2904 des.
1087 2842 1126 2904 Et
1155 2841 1265 2923 utique
1298 2842 1412 2904 vitiosa
1443 2839 1574 2903 luerunt
1602 2839 1737 2922 caligine

182 2939 275 3020 gines
303 2939 337 3001 in
367 2941 486 3022 templo
513 2940 730 3005 deservientes
760 2961 934 3007 consueve—
988 2939 1146 3018 excecati,
1184 2957 1246 3004 uon
1289 2938 1450 3002 intuentes
1492 2937 1617 3001 sincere
1661 2937 1737 3020 quid

183 3045 259 3098 runt
287 3037 486 3120 desponsari,
516 3038 704 3104 felicissima
733 3041 829 3126 Virgo
859 3061 931 3106 cum
947 3041 969 3104 G
988 3039 1167 3117 abhorreat,
1183 3038 1260 3120 quid
1285 3037 1397 3120 diligat
1421 3037 1515 3100 Deus.
1531 3035 1642 3099 Nonne
1668 3035 1736 3118 ipse

182 3135 297 3198 ceteris
323 3137 362 3200 de
387 3138 506 3219 templo
532 3139 564 3201 in
591 3159 648 3201 sua
673 3139 804 3203 remissa
826 3150 874 3203 est
894 3162 931 3205 ac
989 3136 1106 3219 ubique
1134 3156 1208 3199 vere
1236 3144 1286 3199 est
1312 3155 1463 3219 presens,
1489 3142 1522 3199 et
1548 3134 1655 3198 omnia
1683 3154 1737 3217 pe-

181 3235 383 3316 desponsata.
399 3236 485 3299 Istud
510 3237 607 3299 etiam
632 3246 784 3301 consonat
809 3241 933 3322 exposi·
987 3243 1102 3316 netrat,
1118 3244 1151 3299 et
1171 3236 1257 3317 ipsas
1278 3234 1428 3303 illabitur,
1441 3252 1547 3296 rerum
1562 3233 1734 3315 essentias,

180 3332 305 3395 toribus
333 3332 534 3416 quibusdam,
561 3354 657 3417 super
685 3336 763 3399 illud
789 3338 932 3403 Cantico-
987 3340 1099 3414 estque
1137 3333 1278 3396 intimior
1311 3339 1406 3413 atque
1440 3331 1579 3394 vicinior
1612 3331 1737 3393 cunctis

181 3450 265 3511 rum,
292 3430 387 3495 Snrnr
416 3440 524 3495 nostra
550 3434 681 3513 parvula
706 3442 809 3497 estet
834 3436 931 3501 ubera
986 3449 1083 3512 quam
1104 3430 1282 3494 essentialis
1302 3449 1375 3513 pars
1400 3447 1458 3493 ⁸¹10
1479 3427 1638 3492 totiann
1659 3446 1736 3510 ergo

181 3544 246 3589 nnn
274 3526 381 3607 habet,
412 3528 593 3591 dicentibus
622 3529 707 3611 quod
736 3530 932 3593 electissima
987 3528 1148 3593 naturales
1171 3528 1391 3592 immunditias
1417 3526 1640 3589 materialesve
1669 3545 1737 3589 sor·

180 3624 273 3705 virgo
300 3624 395 3689 blaria
422 3625 455 3687 in
485 3634 594 3691 tenera
621 3635 712 3691 atate
737 3628 850 3691 Filium
876 3629 930 3691 Dei
987 3627 1054 3705 des,
1085 3628 1140 3689 sed
1168 3627 1315 3690 vitiorum
1344 3626 1493 3689 abhorret
1522 3625 1733 3707 impuritates,

180 3722 338 3805 concepit.
988 3724 1231 3807 spiritualesque
1253 3724 1407 3802 maculas,
1428 3722 1537 3805 gratiae
1564 3741 1601 3786 ac
1626 3723 1736 3787 virtuti

987 3822 1171 3887 contrarias.
1196 3822 1302 3904 Porro,
1329 3840 1457 3885 carnem
1484 3822 1657 3884 humanam
1686 3842 1735 3885 ra·

325 3940 571 4008 ARTICULUS
595 3944 786 4008 XXXVIII·
987 3919 1065 3983 tioni
1090 3920 1302 4001 obedientem,
1326 3918 1469 3981 castitate
1492 3925 1647 3997 ornatam,
1670 3918 1735 3981 vir·

484 4074 490 4089 .
642 4075 647 4090 .
879 4078 885 4093 ,
986 4026 1149 4082 tunsorum
1164 4027 1293 4082 actuum
1308 4018 1566 4095 instrumentum,
1582 4024 1733 4099 tanquam

180 4074 272 4139 Quod
282 4091 320 4131 ea
336 4092 408 4150 quse
421 4074 462 4131 de
476 4083 706 4133 rnearnatrone
719 4076 803 4136 Falsa
817 4078 883 4137 Der
899 4087 929 4182 et
985 4117 1120 4180 hostiam
1135 4125 1277 4180 samm
1292 4124 1485 4197 acceptum,
1499 4123 1645 4197 mquam
1660 4123 1733 4179 tem·

218 4162 412 4221 excellentia
436 4162 649 4224 sanctissime
669 4165 789 4225 Murice
812 4184 930 4226 asserr-
1198 4215 1204 4227 .
1296 4215 1303 4227 .
1398 4214 1405 4226 .
1501 4213 1507 4226 .

218 4268 304 4319 mus,
320 4250 441 4309 Mau
454 4268 520 4309 mm
535 4252 701 4328 dmm,
945 4216 970 4280 D
984 4217 1073 4299 plum
1089 4234 1182 4279 suum
1196 4214 1363 4296 1nhah1tat,
1380 4222 1463 4278 srcut
1480 4222 1524 4277 art
1537 4213 1729 4295 Apostolus:

984 4318 1032 4378 Au
1047 4313 1178 4377 nescitis
1196 4312 1348 4395 quomam
1368 4312 1512 4375 membra
1530 4319 1635 4375 vestra
1653 4321 1732 4377 tem·
1745 4342 1879 4397 rems,

35 4450 164 4505 mm„
250 4410 339 4473 ΕΗΒ
363 4411 424 4489 qui
444 4410 536 4471 dines
558 4420 603 4471 est
629 4412 665 4472 in
689 4413 928 4487 mr'serr'cordr'e,
985 4414 1072 4496 plum
1093 4420 1168 4475 sunt
1183 4411 1319 4494 Spiritus
1334 4410 1462 4474 Sanctil
1477 4410 1618 4491 Itemque
1636 4433 1644 4473 ε
1660 4410 1732 4477 Glo-
1747 4442 1850 4488 rm,

21 4515 43 4562 ὁ,
59 4516 80 4555 ⁵-
259 4516 400 4585 prepter
413 4510 552 4569 nimiam
566 4512 739 4571 caritatem
756 4532 848 4573 suam
864 4534 929 4593 qua
985 4511 1108 4575 rilicate
1118 4510 1248 4592 (inquit)
1259 4519 1291 4573 et
1304 4517 1427 4593 portate
1441 4509 1538 4572 Deum
1550 4509 1585 4571 in
1599 4528 1731 4593 corpore

178 4607 299 4668 dilexit
319 4624 390 4675 nos,
404 4624 506 4685 quum
525 4625 663 4667 essemus
681 4610 806 4669 morcui
819 4628 929 4687 pecca·
985 4620 1101 4675 vestro.
1127 4609 1277 4672 Videmus
1300 4609 1428 4691 quantis
1455 4609 1617 4673 miraculis
1645 4610 1732 4673 miri·

179 4708 234 4775 tis,
247 4704 492 4781 convivificavit
512 4724 569 4764 nos
585 4706 725 4775 Christo,
739 4709 836 4784 cujus
850 4728 928 4786 pra·
984 4708 1059 4772 licet
1084 4718 1117 4773 ot
1137 4707 1273 4773 honoret
1295 4710 1484 4772 Sanctorum
1509 4707 1673 4790 reliquias.
1699 4709 1730 4772 Si

178 4804 226 4863 tia
241 4802 319 4862 estis
334 4804 465 4861 salvati.
482 4798 569 4862 Filiis
584 4800 680 4883 hujus
695 4802 815 4885 seculi,
831 4805 929 4887 perli-
984 4808 1028 4871 ita
1062 4808 1196 4871 honorat
1231 4816 1356 4873 mortua
1395 4826 1540 4889 corpora,
1575 4816 1730 4890 quantum

177 4899 227 4962 dis
242 4896 401 4961 hereticis
415 4898 541 4980 Judaeis,
557 4899 799 4979 sarracenisco
814 4904 928 4967 ceteris
984 4906 1087 4970 adhuc
1116 4907 1267 4987 animata,
1289 4916 1322 4969 et
1349 4907 1469 4969 sanctis
1497 4906 1653 4971 exercitiis
1677 4908 1732 4971 de-

176 4998 255 5061 liliis
284 4994 474 5079 perditionis
501 5016 519 5058 a
545 4996 666 5061 lumine
695 4998 772 5063 lidei
800 5002 925 5083 alienis,
983 5005 1059 5083 dita,
1076 5012 1162 5068 amat
1181 5012 1214 5067 et
1235 5009 1424 5068 veneraturl
1439 5006 1484 5067 Ea
1505 5024 1581 5071 vero
1604 5024 1674 5088 que
1693 5024 1732 5069 ex

176 5095 283 5158 visum
308 5102 358 5157 est
382 5094 445 5157 Deo
470 5113 539 5158 esse
565 5094 768 5179 injuriosum,
794 5118 831 5163 ac
857 5101 927 5181 ejus
983 5104 1119 5166 naturali
1138 5104 1335 5169 institutione
1354 5124 1391 5168 ac
1406 5105 1515 5169 divina
1532 5106 1731 5171 ordinatione

175 5190 385 5269 excellentie,
416 5190 606 5272 perfectioni
634 5202 667 5257 et
695 5195 802 5277 gloriae
837 5198 928 5263 dero-
983 5202 1150 5281 hahemus,
1166 5222 1230 5267 non
1250 5204 1392 5284 spernit;
1408 5224 1445 5268 ae
1464 5224 1544 5287 pure
1562 5204 1729 5283 naturalia,

174 5310 262 5375 gare,
284 5290 371 5371 quod
396 5289 534 5353 dicimus
558 5290 761 5374 Unigenitum
786 5295 853 5377 Dei,
874 5316 928 5361 ve-
984 5318 1040 5364 seu
1070 5301 1279 5383 corporaliter
1306 5310 1430 5367 tantum
1460 5303 1635 5384 immunda,
1665 5322 1730 5368 non

300 5424 335 5475 Τ.
354 5424 394 5475 36.
1590 5440 1604 5491 ⁵
