4309 6250
456 476 516 544 456
606 497 757 547 olltoous
778 498 1008 545 blseurtrloms
1029 498 1122 544 mean
1143 496 1350 544 CHRlSTlANUU
1371 496 1408 541 ΕΤ
1428 495 1645 544 stanneam.
1666 516 1708 527 ···
1728 497 1797 543 ΔΙΤ.
1820 496 1847 542 Π

455 665 609 748 requisita
632 676 763 747 naturae,
780 687 843 731 uua
867 687 941 732 cum
966 666 1033 730 suis
1058 664 1202 730 stercori·
1217 665 1242 727 Α
1257 664 1296 727 ad
1310 665 1374 728 duo
1389 665 1582 747 interrogata
1595 668 1753 749 responde
1766 691 1773 729 ι
1784 677 1816 731 et
1828 668 1937 751 primo,
1951 687 1986 731 au

455 764 516 827 bus
531 764 646 829 effudit
665 766 792 849 propria
814 766 973 844 intestina,
990 765 1101 847 sicque
1122 762 1203 826 iufe-
1256 770 1289 827 et
1302 764 1474 845 scripturas
1488 763 1566 846 legis
1580 765 1722 829 ldosaiete
1741 774 1830 849 putas
1843 765 1984 829 infectasl

456 862 611 927 licissime
632 864 814 947 exspiravit.
1297 862 1509 927 Sannncartus.
1538 900 1580 910 -
1604 864 1721 945 Legem
1749 872 1781 928 et
1811 866 1984 947 scripturam

497 961 709 1027 sineremus.
726 963 853 1026 -Tale
876 962 954 1045 quid
979 983 997 1025 a
1020 982 1096 1025 casu
1120 960 1203 1025 acci-
1256 960 1369 1043 ldoysis
1390 962 1551 1044 librosque
1575 961 1802 1044 Prophetarum
1821 964 1985 1027 dicimusa

457 1060 532 1123 dere
552 1060 666 1143 potuit.
1257 1059 1395 1122 falsitate
1421 1080 1492 1124 esse
1516 1060 1688 1140 immunes,
1714 1062 1883 1124 secundum
1910 1061 1984 1143 quod

496 1157 713 1224 Cuatsrmrtos
735 1197 776 1207 —-
800 1160 833 1223 Si
858 1159 1103 1223 circumstantias
1126 1157 1201 1221 faeti
1257 1157 1361 1239 primo
1381 1159 1520 1239 desuper
1539 1158 1670 1221 revelati
1693 1166 1768 1221 suut
1787 1179 1823 1222 ac
1842 1158 1924 1238 dati;
1938 1160 1985 1221 sed

456 1257 706 1339 considerentur,
732 1259 815 1323 ultro
841 1258 1005 1341 apparebit
1033 1257 1132 1320 fuisse
1156 1256 1203 1319 di·
1257 1256 1408 1337 quoniam
1425 1256 1458 1317 in
1474 1256 1641 1338 scripturis
1663 1255 1727 1319 illis
1748 1257 1881 1339 plurima
1898 1256 1986 1320 eonti-

453 1356 537 1419 viuae
553 1356 694 1436 justitiae.
712 1357 771 1421 Sed
793 1357 865 1420 dico
887 1356 1017 1438 iusuper
1033 1380 1039 1417 :
1056 1356 1201 1437 quamvis
1258 1363 1374 1417 nentur
1387 1354 1552 1417 evidenter
1572 1354 1730 1418 contraria
1744 1355 1905 1434 Alcorauo,
1920 1354 1986 1417 fatc-

453 1454 617 1535 scripturae
631 1455 822 1537 evangelicae
838 1454 918 1537 legis
934 1473 952 1517 a
967 1454 1125 1535 pretactis
1139 1454 1203 1516 bae
1258 1471 1330 1515 mur
1349 1461 1381 1515 et
1400 1472 1455 1516 eas
1476 1472 1547 1516 esse
1568 1452 1716 1516 infectas.

453 1552 560 1616 reticis
574 1552 682 1634 aliquo
697 1554 791 1617 modo
812 1561 959 1636 poterant
974 1552 1088 1635 exponi
1105 1551 1202 1615 salvis
1297 1551 1512 1615 Cunrsrranus.
1528 1587 1570 1598 —
1589 1551 1717 1614 Eisdem
1739 1551 1908 1614 rationibus
1926 1552 1987 1632 qui-

442 1669 563 1715 ·eorum
592 1650 761 1729 erroribus,
793 1651 854 1714 hoc
882 1658 986 1713 tamen
1020 1669 1084 1713 nou
1113 1651 1203 1731 Juvat
1257 1649 1316 1711 bus
1340 1650 1405 1731 jam
1429 1649 1589 1712 declaravi
1613 1650 1787 1731 scripturas
1813 1650 1986 1732 evangelice
1995 1670 2089 1723 eim

454 1757 485 1813 te
502 1772 509 1811 ε
526 1750 601 1830 qula
622 1749 649 1812 si
671 1748 780 1812 faleris
796 1750 986 1831 scripturam
1006 1748 1087 1831 legis
1107 1768 1204 1812 evau—
1258 1748 1338 1830 legis
1366 1767 1430 1811 non
1459 1767 1530 1811 esse
1560 1747 1746 1811 falsificatus
1774 1757 1827 1812 aut
1853 1748 1984 1824 infectas,

454 1846 564 1930 gelicae
592 1866 656 1911 nou
684 1867 754 1910 esse
783 1855 975 1929 corruptam,
1006 1847 1202 1929 apertissime
1218 1849 1241 1910 B
1259 1848 1348 1909 valeo
1362 1847 1578 1911 demonstrare
1589 1866 1649 1910 nec
1664 1847 1736 1909 illas
1750 1848 1914 1929 scripturas
1926 1866 1986 1909 esse

454 1946 577 2028 cogeris
593 1946 740 2009 confiteri
755 1948 838 2027 quod
853 1946 995 2009 Christus
1017 1946 1058 2008 sit
1078 1965 1200 2027 passus,
1258 1953 1432 2026 corruptas,
1450 1945 1561 2007 saltem
1581 1963 1620 2008 eo
1644 1947 1739 2008 modo
1762 1965 1823 2028 quo
1843 1954 1875 2009 tu
1894 1945 1986 2009 dicere

455 2053 486 2107 et
515 2044 591 2107 item
619 2044 703 2125 quod
732 2044 773 2106 sit
801 2044 984 2125 unigenitus
1010 2044 1108 2107 Filius
1133 2044 1201 2121 Dei,
1259 2044 1369 2106 habes.

455 2143 603 2224 quodque
614 2160 678 2205 non
694 2142 788 2204 liceat
802 2141 1101 2222 circumcidl,atque
1115 2160 1204 2223 opor·
1298 2141 1572 2205 Sarracenos-
1594 2141 1675 2204 Satis
1699 2143 1859 2224 perpendo
1880 2142 1986 2205 eisdem
2104 2141 2105 2154 ¹

455 2248 518 2303 teat
545 2240 698 2321 baptizari
727 2240 759 2301 in
788 2240 917 2305 nomine
947 2240 1045 2302 Patris
1074 2241 1202 2303 etl'ilii
1258 2239 1433 2302 rationibus
1455 2239 1487 2301 id
1507 2257 1601 2321 posse
1622 2237 1763 2321 probari.

454 2346 486 2401 et
509 2337 645 2420 Spiritus
671 2338 788 2401 Sancti.
817 2338 861 2401 Ex
886 2337 1002 2419 quibus
1026 2338 1203 2402 clarissime
1298 2336 1655 2401 Cenomanos-Non
1676 2337 1780 2400 solum
1801 2337 1986 2417 eisdem,sed
2104 2333 2105 2352 ¹

448 2437 597 2517 sequitur
621 2436 742 2499 falsitas
765 2436 924 2516 Alcorani,
952 2437 984 2498 in
1009 2455 1072 2518 quo
1097 2437 1203 2519 passio
1259 2442 1289 2497 ct
1310 2433 1381 2496 aliis
1402 2434 1549 2515 plurimis
1569 2435 1776 2517 argumentis.

456 2536 569 2598 Christi
593 2544 737 2615 negatur,
754 2541 786 2597 et
810 2534 991 2598 affirmatur
1015 2536 1099 2615 quod
1118 2535 1205 2598 Chri·
1299 2532 1512 2595 smmccnus.
1529 2533 1701 2596 -Audire
1724 2534 1792 2597 haec
1813 2534 1915 2617 cupio.

460 2642 527 2695 slus
549 2651 614 2695 uon
636 2633 675 2693 sit
697 2632 794 2695 Filius
816 2632 882 2695 Dei.
1299 2630 1515 2693 Cuarsmauus.
1531 2633 1610 2692 -Α
1625 2639 1769 2713 tempore
1789 2651 1850 2714 quo
1864 2632 1987 2715 Apostoli

497 2731 709 2793 Ssnnncanus.
726 2766 766 2775 —
787 2730 832 2793 Ne
855 2730 921 2793 heec
947 2730 1095 2793 confiteri
1119 2750 1205 2793 com·
1260 2729 1432 2811 predicare
1456 2738 1622 2811 coeperuut
1645 2730 1852 2812 Evangelium
1876 2730 1987 2800 Christi,

457 2828 568 2911 pellar,
599 2827 738 2910 praemisi
767 2829 852 2909 quod
882 2847 945 2890 non
975 2828 1017 2890 sit
1044 2830 1084 2890 de
1117 2827 1204 2891 facili
1259 2826 1321 2889 fuit
1335 2826 1417 2888 iuter
1430 2825 1626 2889 Christianos
1640 2835 1735 2909 atque
1751 2828 1989 2910 ludeosgraudis

457 2926 560 3007 alege
574 2926 700 3007 propria
715 2945 751 2987 ae
767 2934 891 3006 patrum
907 2927 1107 3008 propriorum
1123 2946 1206 2990 rece-
1259 2924 1426 3003 dissensio,
1446 2932 1478 2986 et
1501 2924 1615 2988 honori
1640 2944 1676 2987 ac
1701 2924 1811 3007 glorie
1831 2926 1938 2990 Christi
1959 2944 1989 2987 ac

457 3023 766 3097 dendum.Quamvis
782 3025 899 3086 etenim
916 3043 1000 3087 nuuc
1016 3043 1080 3087 nou
1095 3044 1205 3088 occur·
1224 3022 1246 3084 C
1260 3023 1511 3086 Christianorum
1526 3031 1558 3084 et
1569 3023 1761 3105 evangelicae
1776 3025 1855 3106 legis
1869 3024 1988 3087 maxime

457 3131 506 3186 rat
527 3120 606 3184 mihi
630 3122 795 3204 responsio
820 3122 859 3184 ad
885 3132 1071 3203 argumenta
1090 3122 1204 3205 quihus
1261 3120 1442 3184 inviderunt
1455 3120 1552 3185 ludaei
1570 3121 1739 3201 increduli,
1754 3132 1788 3186 et
1806 3123 1888 3188 omni
1908 3123 1988 3186 modo

457 3221 598 3306 probasti
619 3221 811 3302 scripturam
831 3220 1024 3301 evangelice
1045 3221 1125 3303 legis
1141 3242 1204 3284 nou
1261 3221 1308 3282 eis
1331 3219 1476 3302 possibili
1507 3219 1691 3282 restiterunt
1719 3221 1843 3284 Christo
1865 3241 1900 3284 ac
1925 3220 1988 3283 ndei

457 3340 528 3384 esse
553 3327 747 3400 corruptam,
764 3327 873 3399 postea
898 3327 1004 3380 tamen
1026 3318 1132 3382 forsan
1154 3339 1206 3382 oc·
1261 3318 1452 3380 christiana.
1483 3316 1627 3380 Christus
1661 3326 1768 3380 autem
1802 3329 1835 3382 et
1865 3317 1987 3402 Apostoli

458 3426 574 3494 curret,
591 3425 645 3479 aut
659 3416 775 3497 aliquis
790 3416 980 3498 sapientium
997 3417 1075 3498 legis
1090 3427 1205 3480 nostrae
1261 3416 1434 3497 scripturas
1462 3416 1579 3478 veteris
1604 3416 1797 3479 Testamenti
1826 3417 1989 3499 frequenter

459 3516 573 3599 poterit
598 3515 800 3596 respondere.
818 3551 858 3560 -
878 3515 1041 3594 Praeterea,
1058 3517 1205 3596 quamvis
1260 3514 1498 3595 allegaveruut3
1526 3533 1583 3576 nee
1608 3521 1715 3576 tamen
1743 3515 1786 3578 ob
1811 3515 1989 3579 falsificatis
2105 3508 2106 3583 J

458 3615 492 3677 in
512 3614 571 3676 hac
590 3621 678 3696 parte
697 3631 760 3693 qua
784 3621 1001 3695 competenter
1018 3633 1205 3696 persuasum
1260 3631 1334 3675 nem
1359 3612 1469 3674 talium
1493 3611 1718 3693 allegationum
1740 3621 1988 3696 praesumpserunt
2105 3622 2106 3631 ’

460 3719 617 3789 estate,
644 3711 833 3792 scripturam
859 3711 938 3792 legis
963 3720 1023 3775 tuae
1048 3731 1111 3776 uon
1136 3732 1205 3775 esse
1260 3710 1358 3773 ludaai
1374 3711 1545 3792 scripturas
1560 3730 1632 3773 suas
1647 3730 1851 3794 eorrumpere
1871 3723 1922 3776 aut
1932 3732 1988 3774 mu·
2105 3754 2106 3781 ,

461 3818 653 3892 corruptam,
687 3807 793 3888 aliquo
827 3811 921 3871 modo
952 3811 990 3872 ad
1025 3811 1208 3873 Christiani·
1262 3816 1339 3886 tare,
1356 3809 1467 3871 saltem
1487 3827 1525 3871 eo
1545 3811 1639 3873 modo
1659 3819 1694 3872 ut
1711 3817 1746 3872 tu
1766 3811 1873 3876 dicero
1894 3811 1986 3889 habes,

462 3927 566 3970 smum
589 3906 744 3984 inclinem
761 3905 890 3969 aliunde
913 3915 1018 3969 tamen
1035 3917 1120 3970 tanta
1141 3928 1208 3972 mo·
1262 3915 1370 3989 utpote
1399 3907 1499 3969 multa
1527 3908 1670 3971 addendo
1698 3917 1753 3969 aut
1781 3909 1986 3985 subtrahendo,
2105 3916 2106 3979 j

458 4007 525 4069 tiva
548 4025 597 4068 me
620 4005 793 4084 retrahunt,
811 4006 894 4086 quod
915 4005 977 4067 nisi
1000 4007 1039 4069 ad
1058 4027 1096 4068 ea
1117 4008 1208 4069 satis·
1261 4006 1406 4086 quamvis
1430 4006 1589 4067 interdum
1613 4005 1646 4067 iu
1667 4005 1775 4088 aliqua
1796 4008 1929 4071 dictione
1945 4015 1989 4069 aut

460 4105 574 4169 feceris
597 4103 687 4182 mihi,
703 4121 767 4166 non
790 4103 1004 4183 acquiescam.
1262 4102 1382 4186 syllaba
1398 4110 1537 4165 mutasse
1550 4103 1669 4184 aliquid
1684 4105 1990 4168 convincanturCon·

499 4203 714 4265 Cuarsrmnus.
740 4236 780 4246 -
804 4200 877 4275 Qua
906 4201 967 4264 siut
996 4202 1050 4263 illa
1073 4203 1204 4281 motiva,
1223 4208 1323 4269 Dstat
1347 4219 1433 4282 ergo,
1449 4200 1534 4280 quod
1560 4219 1619 4263 uec
1644 4201 1708 4263 alia
1724 4204 1893 4267 occasione
1909 4204 1988 4266 ulem

458 4302 535 4365 satis
557 4299 706 4382 conjicio.
725 4298 804 4361 Sunt
826 4299 910 4361 enim
926 4299 971 4379 (ui
993 4298 1100 4380 fallor)
1115 4320 1206 4382 argu·
1261 4298 1406 4362 fecerunt
1421 4319 1485 4362 suas
1500 4299 1739 4382 corruptionem
1751 4302 1990 4385 scripturepra·

457 4407 564 4463 meuta
588 4417 658 4480 quaa
682 4397 780 4460 habes
805 4405 914 4460 contra
939 4397 1038 4460 fidem
1058 4417 1206 4480 superex—
1261 4398 1368 4460 sertim
1384 4416 1482 4479 quum
1497 4406 1529 4459 et
1549 4396 1581 4458 iu
1597 4398 1842 4464 Deuteronomio
1861 4402 1918 4464 hoc
1931 4419 1989 4481 pro

457 4496 691 4562 cellentissimee
706 4494 868 4558 Trinitatis
889 4495 1075 4578 deitatisque
1091 4496 1205 4558 Christi
1261 4495 1399 4558 hihuerit
1412 4495 1459 4558 eis
1473 4495 1605 4576 Moyses,
1621 4495 1732 4558 dicens
1749 4497 1838 4561 :Nou
1852 4498 1987 4581 adjicietis
1997 4514 2084 4562 nans
2105 4506 2106 4589 l

457 4617 494 4660 ae
523 4593 717 4658 Sacrameuti
746 4593 852 4656 altaris
883 4616 889 4654 :
920 4611 989 4673 quae
1021 4604 1207 4674 argumenta
1262 4593 1447 4655 adverbum
1470 4593 1554 4673 quod
1576 4613 1635 4674 ego
1657 4596 1809 4678 praecipio
1830 4597 1987 4678 vobis,nec
2105 4608 2106 4675 l

460 4695 548 4758 velut
583 4692 767 4755 insolubilia
802 4699 941 4773 reputas,
972 4701 1102 4775 propter
1136 4713 1206 4774 quea
1260 4691 1412 4754 auferetis
1433 4710 1471 4752 ex
1492 4710 1540 4753 eo.
1558 4690 1608 4752 Sic
1630 4701 1662 4753 et
1684 4691 1822 4756 loannes
1845 4695 1987 4778 apostolus
2105 4688 2106 4763 l

460 4793 554 4858 ctiam
583 4790 681 4854 Judaei
709 4809 773 4853 nou
802 4789 928 4852 modice
957 4791 1161 4854 retrahuntur
1187 4812 1206 4854 a
1261 4809 1297 4852 ac
1312 4789 1507 4870 evangelista
1522 4788 1554 4849 in
1570 4786 1986 4878 fincsumaitdpocalypsis:

459 4879 661 4972 susceptione
683 4888 760 4952 fidei
782 4887 969 4951 christiane.
1261 4888 1292 4951 Si
1314 4888 1386 4969 quis
1408 4887 1592 4969 apposuerit
1613 4887 1652 4949 ad
1671 4888 1753 4967 haec,
1768 4903 1904 4973 apponet
1920 4893 1987 4954 Deus
2004 4911 2082 4962 spem

499 4990 712 5053 Sanancanus.
737 5023 777 5033 ·-
800 4987 846 5049 lta
873 4995 908 5049 ut
932 4987 1071 5068 loqueris
1097 5008 1147 5051 res
1172 5009 1205 5052 se
1261 5005 1452 5068 supereum
1477 4984 1587 5067 plagas
1611 4985 1747 5067 scriptas
1771 4987 1804 5051 in
1828 4990 1907 5054 libro
1928 4970 2055 5063 isto‚¹⁸'¹’‘

459 5089 564 5151 habet.
1260 5093 1291 5147 et
1306 5083 1427 5147 auferet
1446 5093 1568 5166 partem
1587 5085 1657 5166 ejus
1678 5085 1719 5148 de
1732 5086 1814 5151 libro
1829 5089 1909 5154 vitre.
1923 5089 1988 5152 llinc

498 5187 713 5250 Cunrsrmrtus.
730 5183 822 5246 —Ut
842 5201 918 5264 ergo
942 5184 981 5246 ad
1001 5182 1205 5247 dissolvenda
1260 5186 1342 5247 scias
1358 5183 1533 5247 certissime
1552 5183 1761 5249 assertionem
1783 5187 1871 5252 illam
1885 5193 1921 5254 de
1933 5207 1989 5252 cor·

457 5282 639 5367 hujusmodi
661 5289 845 5363 argumenta
869 5281 1004 5344 celerius
1024 5280 1201 5362 veniamus,
1260 5282 1406 5366 ruptione
1431 5281 1665 5364 Scripturarum
1688 5301 1759 5348 esse
1788 5286 1986 5353 falsissimam.
