<?xml version="1.0" encoding="UTF-8"?>
<!DOCTYPE html PUBLIC "-//W3C//DTD XHTML 1.0 Transitional//EN"
    "http://www.w3.org/TR/xhtml1/DTD/xhtml1-transitional.dtd">
<html xmlns="http://www.w3.org/1999/xhtml" xml:lang="en" lang="en">
 <head>
  <title>
</title>
<meta http-equiv="Content-Type" content="text/html;charset=utf-8" />
  <meta name='ocr-system' content='tesseract 3.04.00' />
  <meta name='ocr-capabilities' content='ocr_page ocr_carea ocr_par ocr_line ocrx_word'/>
</head>
<body>
  <div class='ocr_page' id='page_1' title='image "./doctorisecstati03unkngoog_0681.png"; bbox 0 0 4309 6250; ppageno 0'>
   <div class='ocr_carea' id='block_1_1' title="bbox 230 483 1720 558">
    <p class='ocr_par' dir='ltr' id='par_1_1' title="bbox 230 483 1720 558">
     <span class='ocr_line' id='line_1_1' title="bbox 230 483 1720 558; baseline 0 -10"><span class='ocrx_word' id='word_1_1' title='bbox 230 503 271 548; x_wconf 75' lang='lat' dir='ltr'><strong>nn</strong></span> <span class='ocrx_word' id='word_1_2' title='bbox 291 502 500 548; x_wconf 74' lang='lat' dir='ltr'><strong>Auctottrrartt</strong></span> <span class='ocrx_word' id='word_1_3' title='bbox 522 503 617 549; x_wconf 82' lang='lat' dir='ltr'><strong>sutttlt</strong></span> <span class='ocrx_word' id='word_1_4' title='bbox 637 500 804 548; x_wconf 77' lang='lat' dir='ltr'><strong>rottmmcts</strong></span> <span class='ocrx_word' id='word_1_5' title='bbox 827 500 864 545; x_wconf 79' lang='grc' dir='ltr'><strong>ΕΤ</strong></span> <span class='ocrx_word' id='word_1_6' title='bbox 884 497 1055 546; x_wconf 72' lang='lat' dir='ltr'><strong>GENERAUS</strong></span> <span class='ocrx_word' id='word_1_7' title='bbox 1076 499 1216 558; x_wconf 74' lang='lat' dir='ltr'><strong>GONfflLH,</strong></span> <span class='ocrx_word' id='word_1_8' title='bbox 1240 500 1328 548; x_wconf 82' lang='lat' dir='ltr'><strong>tmtm</strong></span> <span class='ocrx_word' id='word_1_9' title='bbox 1349 502 1392 547; x_wconf 90' lang='lat' dir='ltr'><strong>lll.</strong></span> <span class='ocrx_word' id='word_1_10' title='bbox 1418 520 1456 530; x_wconf 93' lang='grc'>-</span> <span class='ocrx_word' id='word_1_11' title='bbox 1477 502 1546 548; x_wconf 85' lang='lat' dir='ltr'><strong>All&#39;l&#39;.</strong></span> <span class='ocrx_word' id='word_1_12' title='bbox 1569 501 1635 547; x_wconf 84' lang='lat' dir='ltr'><strong>xxn</strong></span> <span class='ocrx_word' id='word_1_13' title='bbox 1659 483 1720 548; x_wconf 67' lang='grc'><strong>655</strong></span> 
     </span>
    </p>
   </div>
   <div class='ocr_carea' id='block_1_2' title="bbox 30 667 1863 5187">
    <p class='ocr_par' dir='ltr' id='par_1_2' title="bbox 160 667 1722 1934">
     <span class='ocr_line' id='line_1_2' title="bbox 209 667 1721 753; baseline -0.001 -19"><span class='ocrx_word' id='word_1_14' title='bbox 209 671 373 750; x_wconf 79' lang='lat' dir='ltr'><strong>Praeterea,</strong></span> <span class='ocrx_word' id='word_1_15' title='bbox 397 672 543 735; x_wconf 82' lang='lat' dir='ltr'><strong>Clemens</strong></span> <span class='ocrx_word' id='word_1_16' title='bbox 564 673 646 753; x_wconf 89' lang='lat' dir='ltr'><strong>Papa</strong></span> <span class='ocrx_word' id='word_1_17' title='bbox 669 670 701 732; x_wconf 92' lang='lat' dir='ltr'><strong>in</strong></span> <span class='ocrx_word' id='word_1_18' title='bbox 726 667 917 732; x_wconf 87' lang='lat' dir='ltr'><strong>canonizati·</strong></span> <span class='ocrx_word' id='word_1_19' title='bbox 931 669 957 731; x_wconf 97' lang='lat' dir='ltr'><strong>A</strong></span> <span class='ocrx_word' id='word_1_20' title='bbox 973 668 1148 749; x_wconf 84' lang='lat' dir='ltr'><strong>potestatis.</strong></span> <span class='ocrx_word' id='word_1_21' title='bbox 1163 669 1228 732; x_wconf 92' lang='lat' dir='ltr'><strong>lloc</strong></span> <span class='ocrx_word' id='word_1_22' title='bbox 1247 669 1334 731; x_wconf 93' lang='lat' dir='ltr'><strong>enim</strong></span> <span class='ocrx_word' id='word_1_23' title='bbox 1361 670 1407 732; x_wconf 91' lang='lat' dir='ltr'><strong>sic</strong></span> <span class='ocrx_word' id='word_1_24' title='bbox 1428 690 1499 734; x_wconf 91' lang='lat' dir='ltr'><strong>esse</strong></span> <span class='ocrx_word' id='word_1_25' title='bbox 1517 671 1620 734; x_wconf 91' lang='lat' dir='ltr'><strong>voluit</strong></span> <span class='ocrx_word' id='word_1_26' title='bbox 1637 671 1721 734; x_wconf 91' lang='lat' dir='ltr'><strong>ordi-</strong></span> 
     </span>
     <span class='ocr_line' id='line_1_3' title="bbox 165 767 1721 850; baseline -0.001 -18"><span class='ocrx_word' id='word_1_27' title='bbox 165 789 230 832; x_wconf 91' lang='lat' dir='ltr'><strong>one</strong></span> <span class='ocrx_word' id='word_1_28' title='bbox 255 771 286 834; x_wconf 88' lang='lat' dir='ltr'><strong>S.</strong></span> <span class='ocrx_word' id='word_1_29' title='bbox 312 771 394 833; x_wconf 90' lang='lat' dir='ltr'><strong>Petri</strong></span> <span class='ocrx_word' id='word_1_30' title='bbox 423 770 628 848; x_wconf 87' lang='lat' dir='ltr'><strong>confessoris,</strong></span> <span class='ocrx_word' id='word_1_31' title='bbox 654 769 732 833; x_wconf 91' lang='lat' dir='ltr'><strong>olim</strong></span> <span class='ocrx_word' id='word_1_32' title='bbox 755 767 915 832; x_wconf 87' lang='lat' dir='ltr'><strong>Coelestini</strong></span> <span class='ocrx_word' id='word_1_33' title='bbox 972 767 1058 828; x_wconf 84' lang='lat' dir='ltr'><strong>natio</strong></span> <span class='ocrx_word' id='word_1_34' title='bbox 1082 767 1191 830; x_wconf 88' lang='lat' dir='ltr'><strong>divina</strong></span> <span class='ocrx_word' id='word_1_35' title='bbox 1207 792 1214 830; x_wconf 74' lang='grc' dir='ltr'><strong>ι</strong></span> <span class='ocrx_word' id='word_1_36' title='bbox 1232 767 1334 830; x_wconf 89' lang='lat' dir='ltr'><strong>voluit</strong></span> <span class='ocrx_word' id='word_1_37' title='bbox 1357 788 1495 850; x_wconf 85' lang='lat' dir='ltr'><strong>namque</strong></span> <span class='ocrx_word' id='word_1_38' title='bbox 1519 777 1555 832; x_wconf 91' lang='lat' dir='ltr'><strong>ut</strong></span> <span class='ocrx_word' id='word_1_39' title='bbox 1578 769 1721 832; x_wconf 76' lang='lat' dir='ltr'><strong>Ecclesia</strong></span> 
     </span>
     <span class='ocr_line' id='line_1_4' title="bbox 165 864 1721 952; baseline -0.001 -22"><span class='ocrx_word' id='word_1_40' title='bbox 165 869 259 952; x_wconf 83' lang='lat' dir='ltr'><strong>Papae</strong></span> <span class='ocrx_word' id='word_1_41' title='bbox 284 869 321 948; x_wconf 84' lang='lat' dir='ltr'><strong>V,</strong></span> <span class='ocrx_word' id='word_1_42' title='bbox 343 869 388 931; x_wconf 90' lang='lat' dir='ltr'><strong>sic</strong></span> <span class='ocrx_word' id='word_1_43' title='bbox 414 869 457 932; x_wconf 92' lang='lat' dir='ltr'><strong>ait</strong></span> <span class='ocrx_word' id='word_1_44' title='bbox 483 893 490 932; x_wconf 73' lang='grc' dir='ltr'>ε</span> <span class='ocrx_word' id='word_1_45' title='bbox 516 868 758 950; x_wconf 89' lang='lat' dir='ltr'><strong>Dispensatione</strong></span> <span class='ocrx_word' id='word_1_46' title='bbox 783 867 916 950; x_wconf 90' lang='lat' dir='ltr'><strong>provida</strong></span> <span class='ocrx_word' id='word_1_47' title='bbox 972 864 1111 927; x_wconf 91' lang='lat' dir='ltr'><strong>militans</strong></span> <span class='ocrx_word' id='word_1_48' title='bbox 1126 866 1639 949; x_wconf 84' lang='lat' dir='ltr'><strong>repraesentarettriumphantem,</strong></span> <span class='ocrx_word' id='word_1_49' title='bbox 1654 876 1721 930; x_wconf 90' lang='lat' dir='ltr'><strong>tan-</strong></span> 
     </span>
     <span class='ocr_line' id='line_1_5' title="bbox 165 963 1722 1048; baseline 0 -20"><span class='ocrx_word' id='word_1_50' title='bbox 165 975 299 1030; x_wconf 87' lang='lat' dir='ltr'><strong>sanctus</strong></span> <span class='ocrx_word' id='word_1_51' title='bbox 318 967 369 1029; x_wconf 89' lang='lat' dir='ltr'><strong>vir</strong></span> <span class='ocrx_word' id='word_1_52' title='bbox 386 966 495 1030; x_wconf 90' lang='lat' dir='ltr'><strong>Petrus</strong></span> <span class='ocrx_word' id='word_1_53' title='bbox 513 967 552 1029; x_wconf 90' lang='lat' dir='ltr'><strong>ad</strong></span> <span class='ocrx_word' id='word_1_54' title='bbox 569 985 728 1029; x_wconf 84' lang='lat' dir='ltr'><strong>summurn</strong></span> <span class='ocrx_word' id='word_1_55' title='bbox 749 964 916 1048; x_wconf 87' lang='lat' dir='ltr'><strong>pontilica-</strong></span> <span class='ocrx_word' id='word_1_56' title='bbox 971 981 1067 1043; x_wconf 87' lang='lat' dir='ltr'><strong>quam</strong></span> <span class='ocrx_word' id='word_1_57' title='bbox 1092 963 1269 1046; x_wconf 77' lang='lat' dir='ltr'><strong>exemplata</strong></span> <span class='ocrx_word' id='word_1_58' title='bbox 1288 973 1319 1026; x_wconf 92' lang='lat' dir='ltr'><strong>et</strong></span> <span class='ocrx_word' id='word_1_59' title='bbox 1338 964 1473 1028; x_wconf 89' lang='lat' dir='ltr'><strong>lormata</strong></span> <span class='ocrx_word' id='word_1_60' title='bbox 1495 966 1597 1028; x_wconf 90' lang='lat' dir='ltr'><strong>instar</strong></span> <span class='ocrx_word' id='word_1_61' title='bbox 1614 966 1722 1028; x_wconf 87' lang='lat' dir='ltr'><strong>Eccle-</strong></span> 
     </span>
     <span class='ocr_line' id='line_1_6' title="bbox 163 1062 1722 1146; baseline 0.001 -20"><span class='ocrx_word' id='word_1_62' title='bbox 163 1072 218 1127; x_wconf 91' lang='lat' dir='ltr'><strong>tus</strong></span> <span class='ocrx_word' id='word_1_63' title='bbox 237 1065 362 1146; x_wconf 81' lang='lat' dir='ltr'><strong>apicem</strong></span> <span class='ocrx_word' id='word_1_64' title='bbox 382 1073 430 1127; x_wconf 86' lang='lat' dir='ltr'><strong>est</strong></span> <span class='ocrx_word' id='word_1_65' title='bbox 449 1071 639 1146; x_wconf 87' lang='lat' dir='ltr'><strong>provectus;</strong></span> <span class='ocrx_word' id='word_1_66' title='bbox 656 1071 688 1126; x_wconf 87' lang='lat' dir='ltr'><strong>al</strong></span> <span class='ocrx_word' id='word_1_67' title='bbox 707 1081 782 1126; x_wconf 85' lang='lat' dir='ltr'><strong>vero</strong></span> <span class='ocrx_word' id='word_1_68' title='bbox 805 1063 916 1124; x_wconf 87' lang='lat' dir='ltr'><strong>beatus</strong></span> <span class='ocrx_word' id='word_1_69' title='bbox 972 1062 1025 1124; x_wconf 83' lang='lat' dir='ltr'><strong>siae</strong></span> <span class='ocrx_word' id='word_1_70' title='bbox 1045 1062 1282 1145; x_wconf 86' lang='lat' dir='ltr'><strong>triumphantis,</strong></span> <span class='ocrx_word' id='word_1_71' title='bbox 1299 1063 1332 1124; x_wconf 92' lang='lat' dir='ltr'><strong>in</strong></span> <span class='ocrx_word' id='word_1_72' title='bbox 1354 1082 1417 1144; x_wconf 87' lang='lat' dir='ltr'><strong>qua</strong></span> <span class='ocrx_word' id='word_1_73' title='bbox 1440 1063 1588 1126; x_wconf 91' lang='lat' dir='ltr'><strong>omnibus</strong></span> <span class='ocrx_word' id='word_1_74' title='bbox 1614 1065 1722 1145; x_wconf 81' lang='lat' dir='ltr'><strong>praesi-</strong></span> 
     </span>
     <span class='ocr_line' id='line_1_7' title="bbox 162 1160 1142 1243; baseline -0.003 -17"><span class='ocrx_word' id='word_1_75' title='bbox 162 1163 219 1226; x_wconf 90' lang='lat' dir='ltr'><strong>hic</strong></span> <span class='ocrx_word' id='word_1_76' title='bbox 235 1163 286 1225; x_wconf 89' lang='lat' dir='ltr'><strong>vir</strong></span> <span class='ocrx_word' id='word_1_77' title='bbox 300 1163 388 1225; x_wconf 78' lang='lat' dir='ltr'><strong>mirae</strong></span> <span class='ocrx_word' id='word_1_78' title='bbox 409 1161 624 1243; x_wconf 77' lang='lat' dir='ltr'><strong>simplicitatis</strong></span> <span class='ocrx_word' id='word_1_79' title='bbox 643 1162 725 1223; x_wconf 91' lang='lat' dir='ltr'><strong>etin</strong></span> <span class='ocrx_word' id='word_1_80' title='bbox 745 1160 917 1243; x_wconf 89' lang='lat' dir='ltr'><strong>spectanti·</strong></span> <span class='ocrx_word' id='word_1_81' title='bbox 973 1161 1026 1223; x_wconf 92' lang='lat' dir='ltr'><strong>det</strong></span> <span class='ocrx_word' id='word_1_82' title='bbox 1046 1179 1142 1223; x_wconf 91' lang='lat' dir='ltr'><strong>unus.</strong></span> 
     </span>
     <span class='ocr_line' id='line_1_8' title="bbox 161 1258 1719 1343; baseline -0.001 -19"><span class='ocrx_word' id='word_1_83' title='bbox 161 1263 225 1324; x_wconf 91' lang='lat' dir='ltr'><strong>bus</strong></span> <span class='ocrx_word' id='word_1_84' title='bbox 241 1262 279 1323; x_wconf 91' lang='lat' dir='ltr'><strong>ad</strong></span> <span class='ocrx_word' id='word_1_85' title='bbox 300 1261 441 1343; x_wconf 88' lang='lat' dir='ltr'><strong>regimen</strong></span> <span class='ocrx_word' id='word_1_86' title='bbox 462 1259 650 1322; x_wconf 90' lang='lat' dir='ltr'><strong>universalis</strong></span> <span class='ocrx_word' id='word_1_87' title='bbox 664 1259 815 1322; x_wconf 84' lang='lat' dir='ltr'><strong>Ecclesiae</strong></span> <span class='ocrx_word' id='word_1_88' title='bbox 830 1258 916 1321; x_wconf 85' lang='lat' dir='ltr'><strong>inex·</strong></span> <span class='ocrx_word' id='word_1_89' title='bbox 1011 1258 1091 1321; x_wconf 90' lang='lat' dir='ltr'><strong>Huic</strong></span> <span class='ocrx_word' id='word_1_90' title='bbox 1107 1259 1304 1322; x_wconf 80' lang='lat' dir='ltr'><strong>concordans</strong></span> <span class='ocrx_word' id='word_1_91' title='bbox 1315 1260 1444 1340; x_wconf 91' lang='lat' dir='ltr'><strong>quidam</strong></span> <span class='ocrx_word' id='word_1_92' title='bbox 1455 1261 1576 1338; x_wconf 91' lang='lat' dir='ltr'><strong>doctor,</strong></span> <span class='ocrx_word' id='word_1_93' title='bbox 1584 1260 1719 1324; x_wconf 86' lang='lat' dir='ltr'><strong>ellatur:</strong></span> 
     </span>
     <span class='ocr_line' id='line_1_9' title="bbox 161 1356 1719 1441; baseline -0.001 -19"><span class='ocrx_word' id='word_1_94' title='bbox 161 1368 287 1441; x_wconf 88' lang='lat' dir='ltr'><strong>pertus,</strong></span> <span class='ocrx_word' id='word_1_95' title='bbox 307 1359 420 1422; x_wconf 90' lang='lat' dir='ltr'><strong>honori</strong></span> <span class='ocrx_word' id='word_1_96' title='bbox 442 1367 576 1441; x_wconf 87' lang='lat' dir='ltr'><strong>papatus</strong></span> <span class='ocrx_word' id='word_1_97' title='bbox 596 1359 701 1437; x_wconf 80' lang='lat' dir='ltr'><strong>cessit,</strong></span> <span class='ocrx_word' id='word_1_98' title='bbox 718 1378 757 1422; x_wconf 92' lang='lat' dir='ltr'><strong>ue</strong></span> <span class='ocrx_word' id='word_1_99' title='bbox 777 1358 817 1422; x_wconf 93' lang='lat' dir='ltr'><strong>ob</strong></span> <span class='ocrx_word' id='word_1_100' title='bbox 837 1378 916 1441; x_wconf 77' lang='lat' dir='ltr'><strong>prae-</strong></span> <span class='ocrx_word' id='word_1_101' title='bbox 972 1356 1080 1420; x_wconf 88' lang='lat' dir='ltr'><strong>Petrus</strong></span> <span class='ocrx_word' id='word_1_102' title='bbox 1094 1358 1256 1440; x_wconf 89' lang='lat' dir='ltr'><strong>apostolus</strong></span> <span class='ocrx_word' id='word_1_103' title='bbox 1272 1358 1386 1421; x_wconf 88' lang='lat' dir='ltr'><strong>summi</strong></span> <span class='ocrx_word' id='word_1_104' title='bbox 1404 1359 1610 1440; x_wconf 82' lang='lat' dir='ltr'><strong>pontificatus</strong></span> <span class='ocrx_word' id='word_1_105' title='bbox 1623 1359 1719 1422; x_wconf 90' lang='lat' dir='ltr'><strong>totius</strong></span> 
     </span>
     <span class='ocr_line' id='line_1_10' title="bbox 160 1456 1719 1538; baseline 0 -18"><span class='ocrx_word' id='word_1_106' title='bbox 160 1459 250 1520; x_wconf 91' lang='lat' dir='ltr'><strong>dicta</strong></span> <span class='ocrx_word' id='word_1_107' title='bbox 278 1477 316 1520; x_wconf 88' lang='lat' dir='ltr'><strong>ex</strong></span> <span class='ocrx_word' id='word_1_108' title='bbox 345 1475 402 1520; x_wconf 92' lang='lat' dir='ltr'><strong>suo</strong></span> <span class='ocrx_word' id='word_1_109' title='bbox 430 1457 585 1538; x_wconf 89' lang='lat' dir='ltr'><strong>regimine</strong></span> <span class='ocrx_word' id='word_1_110' title='bbox 618 1456 915 1538; x_wconf 89' lang='lat' dir='ltr'><strong>quomodocumque</strong></span> <span class='ocrx_word' id='word_1_111' title='bbox 971 1456 1121 1518; x_wconf 78' lang='lat' dir='ltr'><strong>Ecclesiae</strong></span> <span class='ocrx_word' id='word_1_112' title='bbox 1142 1457 1284 1538; x_wconf 89' lang='lat' dir='ltr'><strong>regimen</strong></span> <span class='ocrx_word' id='word_1_113' title='bbox 1304 1477 1322 1519; x_wconf 93' lang='lat' dir='ltr'><strong>a</strong></span> <span class='ocrx_word' id='word_1_114' title='bbox 1340 1456 1464 1520; x_wconf 88' lang='lat' dir='ltr'><strong>Christo</strong></span> <span class='ocrx_word' id='word_1_115' title='bbox 1487 1457 1548 1521; x_wconf 87' lang='lat' dir='ltr'><strong>sibi</strong></span> <span class='ocrx_word' id='word_1_116' title='bbox 1568 1458 1719 1520; x_wconf 90' lang='lat' dir='ltr'><strong>collatum</strong></span> 
     </span>
     <span class='ocr_line' id='line_1_11' title="bbox 160 1555 1721 1639; baseline -0.001 -19"><span class='ocrx_word' id='word_1_117' title='bbox 160 1557 344 1639; x_wconf 89' lang='lat' dir='ltr'><strong>periculum</strong></span> <span class='ocrx_word' id='word_1_118' title='bbox 360 1556 531 1619; x_wconf 88' lang='lat' dir='ltr'><strong>universali</strong></span> <span class='ocrx_word' id='word_1_119' title='bbox 547 1555 697 1618; x_wconf 83' lang='lat' dir='ltr'><strong>Ecclesiae</strong></span> <span class='ocrx_word' id='word_1_120' title='bbox 715 1575 916 1636; x_wconf 86' lang='lat' dir='ltr'><strong>promovere·</strong></span> <span class='ocrx_word' id='word_1_121' title='bbox 972 1556 1123 1638; x_wconf 89' lang='lat' dir='ltr'><strong>suscepit,</strong></span> <span class='ocrx_word' id='word_1_122' title='bbox 1146 1563 1178 1618; x_wconf 89' lang='lat' dir='ltr'><strong>et</strong></span> <span class='ocrx_word' id='word_1_123' title='bbox 1199 1555 1359 1637; x_wconf 88' lang='lat' dir='ltr'><strong>princeps,</strong></span> <span class='ocrx_word' id='word_1_124' title='bbox 1382 1556 1534 1637; x_wconf 87' lang='lat' dir='ltr'><strong>magister</strong></span> <span class='ocrx_word' id='word_1_125' title='bbox 1553 1575 1590 1619; x_wconf 91' lang='lat' dir='ltr'><strong>ac</strong></span> <span class='ocrx_word' id='word_1_126' title='bbox 1612 1564 1721 1638; x_wconf 89' lang='lat' dir='ltr'><strong>pastor</strong></span> 
     </span>
     <span class='ocr_line' id='line_1_12' title="bbox 161 1653 1721 1736; baseline -0.001 -19"><span class='ocrx_word' id='word_1_127' title='bbox 161 1663 227 1718; x_wconf 92' lang='lat' dir='ltr'><strong>tur.</strong></span> <span class='ocrx_word' id='word_1_128' title='bbox 244 1655 289 1716; x_wconf 85' lang='lat' dir='ltr'><strong>Ex</strong></span> <span class='ocrx_word' id='word_1_129' title='bbox 303 1655 354 1718; x_wconf 88' lang='lat' dir='ltr'><strong>his</strong></span> <span class='ocrx_word' id='word_1_130' title='bbox 370 1663 464 1736; x_wconf 90' lang='lat' dir='ltr'><strong>patet,</strong></span> <span class='ocrx_word' id='word_1_131' title='bbox 480 1655 564 1736; x_wconf 90' lang='lat' dir='ltr'><strong>quod</strong></span> <span class='ocrx_word' id='word_1_132' title='bbox 579 1655 670 1736; x_wconf 81' lang='lat' dir='ltr'><strong>Papae</strong></span> <span class='ocrx_word' id='word_1_133' title='bbox 691 1655 733 1716; x_wconf 91' lang='lat' dir='ltr'><strong>sit</strong></span> <span class='ocrx_word' id='word_1_134' title='bbox 753 1655 915 1718; x_wconf 91' lang='lat' dir='ltr'><strong>universa·</strong></span> <span class='ocrx_word' id='word_1_135' title='bbox 971 1653 1121 1716; x_wconf 80' lang='lat' dir='ltr'><strong>Ecclesiae</strong></span> <span class='ocrx_word' id='word_1_136' title='bbox 1135 1653 1239 1716; x_wconf 88' lang='lat' dir='ltr'><strong>lactus</strong></span> <span class='ocrx_word' id='word_1_137' title='bbox 1254 1663 1312 1717; x_wconf 89' lang='lat' dir='ltr'><strong>est.</strong></span> <span class='ocrx_word' id='word_1_138' title='bbox 1326 1655 1406 1717; x_wconf 89' lang='lat' dir='ltr'><strong>llinc</strong></span> <span class='ocrx_word' id='word_1_139' title='bbox 1421 1655 1551 1736; x_wconf 93' lang='lat' dir='ltr'><strong>quidam</strong></span> <span class='ocrx_word' id='word_1_140' title='bbox 1567 1655 1721 1736; x_wconf 70' lang='lat' dir='ltr'><strong>praecipui</strong></span> 
     </span>
     <span class='ocr_line' id='line_1_13' title="bbox 161 1752 1720 1835; baseline 0.001 -20"><span class='ocrx_word' id='word_1_141' title='bbox 161 1754 230 1815; x_wconf 88' lang='lat' dir='ltr'><strong>lem</strong></span> <span class='ocrx_word' id='word_1_142' title='bbox 249 1752 424 1816; x_wconf 83' lang='lat' dir='ltr'><strong>Ecclesiam</strong></span> <span class='ocrx_word' id='word_1_143' title='bbox 444 1772 564 1834; x_wconf 89' lang='lat' dir='ltr'><strong>regere,</strong></span> <span class='ocrx_word' id='word_1_144' title='bbox 581 1761 609 1816; x_wconf 91' lang='lat' dir='ltr'><strong>et</strong></span> <span class='ocrx_word' id='word_1_145' title='bbox 630 1754 715 1834; x_wconf 89' lang='lat' dir='ltr'><strong>quod</strong></span> <span class='ocrx_word' id='word_1_146' title='bbox 735 1753 777 1814; x_wconf 89' lang='lat' dir='ltr'><strong>sit</strong></span> <span class='ocrx_word' id='word_1_147' title='bbox 795 1763 912 1835; x_wconf 90' lang='lat' dir='ltr'><strong>pastor,</strong></span> <span class='ocrx_word' id='word_1_148' title='bbox 971 1753 1165 1834; x_wconf 78' lang='lat' dir='ltr'><strong>expositores</strong></span> <span class='ocrx_word' id='word_1_149' title='bbox 1179 1752 1314 1834; x_wconf 85' lang='lat' dir='ltr'><strong>symboli</strong></span> <span class='ocrx_word' id='word_1_150' title='bbox 1330 1754 1563 1834; x_wconf 80' lang='lat' dir='ltr'><strong>Apostolorum,</strong></span> <span class='ocrx_word' id='word_1_151' title='bbox 1582 1754 1667 1816; x_wconf 89' lang='lat' dir='ltr'><strong>circa</strong></span> <span class='ocrx_word' id='word_1_152' title='bbox 1681 1753 1720 1815; x_wconf 93' lang='lat' dir='ltr'><strong>il-</strong></span> 
     </span>
     <span class='ocr_line' id='line_1_14' title="bbox 161 1851 1717 1934; baseline 0 -20"><span class='ocrx_word' id='word_1_153' title='bbox 161 1861 271 1916; x_wconf 92' lang='lat' dir='ltr'><strong>rector</strong></span> <span class='ocrx_word' id='word_1_154' title='bbox 291 1861 323 1916; x_wconf 91' lang='lat' dir='ltr'><strong>ct</strong></span> <span class='ocrx_word' id='word_1_155' title='bbox 344 1861 439 1933; x_wconf 93' lang='lat' dir='ltr'><strong>caput</strong></span> <span class='ocrx_word' id='word_1_156' title='bbox 461 1851 574 1934; x_wconf 89' lang='lat' dir='ltr'><strong>ipsius.</strong></span> <span class='ocrx_word' id='word_1_157' title='bbox 931 1851 1037 1929; x_wconf 87' lang='lat' dir='ltr'><strong>Blud,</strong></span> <span class='ocrx_word' id='word_1_158' title='bbox 1061 1851 1159 1914; x_wconf 83' lang='lat' dir='ltr'><strong>Credo</strong></span> <span class='ocrx_word' id='word_1_159' title='bbox 1186 1851 1218 1913; x_wconf 94' lang='lat' dir='ltr'><strong>in</strong></span> <span class='ocrx_word' id='word_1_160' title='bbox 1242 1852 1354 1930; x_wconf 85' lang='lat' dir='ltr'><strong>Deum,</strong></span> <span class='ocrx_word' id='word_1_161' title='bbox 1375 1852 1605 1916; x_wconf 89' lang='lat' dir='ltr'><strong>conscribunt:</strong></span> <span class='ocrx_word' id='word_1_162' title='bbox 1623 1853 1717 1930; x_wconf 87' lang='lat' dir='ltr'><strong>Deus,</strong></span> 
     </span>
    </p>

    <p class='ocr_par' dir='ltr' id='par_1_3' title="bbox 158 1950 1720 3017">
     <span class='ocr_line' id='line_1_15' title="bbox 204 1950 1719 2035; baseline 0.001 -22"><span class='ocrx_word' id='word_1_163' title='bbox 204 1950 363 2032; x_wconf 84' lang='lat' dir='ltr'><strong>Amplius,</strong></span> <span class='ocrx_word' id='word_1_164' title='bbox 379 1950 486 2012; x_wconf 89' lang='lat' dir='ltr'><strong>Petrus</strong></span> <span class='ocrx_word' id='word_1_165' title='bbox 506 1950 545 2012; x_wconf 91' lang='lat' dir='ltr'><strong>de</strong></span> <span class='ocrx_word' id='word_1_166' title='bbox 564 1950 696 2028; x_wconf 92' lang='lat' dir='ltr'><strong>Alliaco,</strong></span> <span class='ocrx_word' id='word_1_167' title='bbox 713 1951 766 2033; x_wconf 88' lang='lat' dir='ltr'><strong>qui</strong></span> <span class='ocrx_word' id='word_1_168' title='bbox 791 1950 913 2035; x_wconf 73' lang='lat' dir='ltr'><strong>prelati</strong></span> <span class='ocrx_word' id='word_1_169' title='bbox 971 1959 1005 2011; x_wconf 93' lang='lat' dir='ltr'><strong>ut</strong></span> <span class='ocrx_word' id='word_1_170' title='bbox 1019 1969 1135 2014; x_wconf 89' lang='lat' dir='ltr'><strong>nomeu</strong></span> <span class='ocrx_word' id='word_1_171' title='bbox 1150 1960 1252 2028; x_wconf 89' lang='lat' dir='ltr'><strong>sonat,</strong></span> <span class='ocrx_word' id='word_1_172' title='bbox 1269 1951 1462 2032; x_wconf 88' lang='lat' dir='ltr'><strong>gubernator</strong></span> <span class='ocrx_word' id='word_1_173' title='bbox 1476 1959 1534 2014; x_wconf 88' lang='lat' dir='ltr'><strong>est.</strong></span> <span class='ocrx_word' id='word_1_174' title='bbox 1546 1951 1719 2032; x_wconf 87' lang='lat' dir='ltr'><strong>Dispositio</strong></span> 
     </span>
     <span class='ocr_line' id='line_1_16' title="bbox 160 2047 1719 2131; baseline 0 -21"><span class='ocrx_word' id='word_1_175' title='bbox 160 2049 248 2112; x_wconf 91' lang='lat' dir='ltr'><strong>Petri</strong></span> <span class='ocrx_word' id='word_1_176' title='bbox 263 2047 455 2112; x_wconf 90' lang='lat' dir='ltr'><strong>conlessoris</strong></span> <span class='ocrx_word' id='word_1_177' title='bbox 467 2047 562 2110; x_wconf 88' lang='lat' dir='ltr'><strong>vitam</strong></span> <span class='ocrx_word' id='word_1_178' title='bbox 575 2057 640 2111; x_wconf 91' lang='lat' dir='ltr'><strong>tam</strong></span> <span class='ocrx_word' id='word_1_179' title='bbox 651 2049 812 2130; x_wconf 89' lang='lat' dir='ltr'><strong>eleganter</strong></span> <span class='ocrx_word' id='word_1_180' title='bbox 823 2068 914 2131; x_wconf 88' lang='lat' dir='ltr'><strong>quam</strong></span> <span class='ocrx_word' id='word_1_181' title='bbox 970 2056 1074 2111; x_wconf 91' lang='lat' dir='ltr'><strong>autem</strong></span> <span class='ocrx_word' id='word_1_182' title='bbox 1097 2067 1202 2112; x_wconf 92' lang='lat' dir='ltr'><strong>rerum</strong></span> <span class='ocrx_word' id='word_1_183' title='bbox 1225 2050 1436 2111; x_wconf 89' lang='lat' dir='ltr'><strong>humanarum</strong></span> <span class='ocrx_word' id='word_1_184' title='bbox 1461 2049 1575 2112; x_wconf 88' lang='lat' dir='ltr'><strong>melius</strong></span> <span class='ocrx_word' id='word_1_185' title='bbox 1599 2049 1639 2112; x_wconf 89' lang='lat' dir='ltr'><strong>lit</strong></span> <span class='ocrx_word' id='word_1_186' title='bbox 1662 2067 1719 2130; x_wconf 91' lang='lat' dir='ltr'><strong>per</strong></span> 
     </span>
     <span class='ocr_line' id='line_1_17' title="bbox 159 2146 1719 2229; baseline 0 -19"><span class='ocrx_word' id='word_1_187' title='bbox 159 2147 280 2210; x_wconf 86' lang='lat' dir='ltr'><strong>devote</strong></span> <span class='ocrx_word' id='word_1_188' title='bbox 309 2146 510 2228; x_wconf 89' lang='lat' dir='ltr'><strong>conscripsit,</strong></span> <span class='ocrx_word' id='word_1_189' title='bbox 536 2147 568 2209; x_wconf 95' lang='lat' dir='ltr'><strong>in</strong></span> <span class='ocrx_word' id='word_1_190' title='bbox 592 2147 724 2229; x_wconf 81' lang='lat' dir='ltr'><strong>prologo</strong></span> <span class='ocrx_word' id='word_1_191' title='bbox 748 2147 834 2209; x_wconf 93' lang='lat' dir='ltr'><strong>illius</strong></span> <span class='ocrx_word' id='word_1_192' title='bbox 858 2149 914 2210; x_wconf 90' lang='lat' dir='ltr'><strong>Le-</strong></span> <span class='ocrx_word' id='word_1_193' title='bbox 970 2166 1068 2209; x_wconf 92' lang='lat' dir='ltr'><strong>unum</strong></span> <span class='ocrx_word' id='word_1_194' title='bbox 1084 2166 1180 2228; x_wconf 87' lang='lat' dir='ltr'><strong>quam</strong></span> <span class='ocrx_word' id='word_1_195' title='bbox 1194 2166 1252 2228; x_wconf 90' lang='lat' dir='ltr'><strong>per</strong></span> <span class='ocrx_word' id='word_1_196' title='bbox 1267 2148 1393 2224; x_wconf 92' lang='lat' dir='ltr'><strong>multos,</strong></span> <span class='ocrx_word' id='word_1_197' title='bbox 1410 2147 1560 2229; x_wconf 89' lang='lat' dir='ltr'><strong>quoniam</strong></span> <span class='ocrx_word' id='word_1_198' title='bbox 1576 2147 1719 2210; x_wconf 91' lang='lat' dir='ltr'><strong>multitu·</strong></span> 
     </span>
     <span class='ocr_line' id='line_1_18' title="bbox 158 2243 1719 2329; baseline 0.001 -21"><span class='ocrx_word' id='word_1_199' title='bbox 158 2246 276 2329; x_wconf 82' lang='lat' dir='ltr'><strong>gendae</strong></span> <span class='ocrx_word' id='word_1_200' title='bbox 310 2253 441 2308; x_wconf 86' lang='lat' dir='ltr'><strong>testatur</strong></span> <span class='ocrx_word' id='word_1_201' title='bbox 471 2269 477 2306; x_wconf 91' lang='lat'>:</span> <span class='ocrx_word' id='word_1_202' title='bbox 510 2245 746 2308; x_wconf 87' lang='lat' dir='ltr'><strong>Venerabilium</strong></span> <span class='ocrx_word' id='word_1_203' title='bbox 780 2243 913 2308; x_wconf 91' lang='lat' dir='ltr'><strong>lratrum</strong></span> <span class='ocrx_word' id='word_1_204' title='bbox 969 2245 1010 2308; x_wconf 95' lang='lat' dir='ltr'><strong>do</strong></span> <span class='ocrx_word' id='word_1_205' title='bbox 1031 2245 1266 2327; x_wconf 72' lang='lat' dir='ltr'><strong>presidentium</strong></span> <span class='ocrx_word' id='word_1_206' title='bbox 1287 2264 1370 2327; x_wconf 75' lang='lat' dir='ltr'><strong>sape</strong></span> <span class='ocrx_word' id='word_1_207' title='bbox 1389 2245 1422 2307; x_wconf 92' lang='lat' dir='ltr'><strong>in</strong></span> <span class='ocrx_word' id='word_1_208' title='bbox 1442 2245 1577 2309; x_wconf 91' lang='lat' dir='ltr'><strong>subditis</strong></span> <span class='ocrx_word' id='word_1_209' title='bbox 1596 2245 1719 2309; x_wconf 90' lang='lat' dir='ltr'><strong>dissen-</strong></span> 
     </span>
     <span class='ocr_line' id='line_1_19' title="bbox 160 2343 1720 2427; baseline 0 -21"><span class='ocrx_word' id='word_1_210' title='bbox 160 2345 315 2427; x_wconf 90' lang='lat' dir='ltr'><strong>precibus</strong></span> <span class='ocrx_word' id='word_1_211' title='bbox 347 2343 529 2421; x_wconf 89' lang='lat' dir='ltr'><strong>inclinatus,</strong></span> <span class='ocrx_word' id='word_1_212' title='bbox 561 2343 675 2406; x_wconf 89' lang='lat' dir='ltr'><strong>timens</strong></span> <span class='ocrx_word' id='word_1_213' title='bbox 708 2352 740 2406; x_wconf 90' lang='lat' dir='ltr'><strong>et</strong></span> <span class='ocrx_word' id='word_1_214' title='bbox 771 2345 913 2426; x_wconf 91' lang='lat' dir='ltr'><strong>trepidus</strong></span> <span class='ocrx_word' id='word_1_215' title='bbox 970 2343 1094 2406; x_wconf 91' lang='lat' dir='ltr'><strong>sionem</strong></span> <span class='ocrx_word' id='word_1_216' title='bbox 1113 2344 1246 2406; x_wconf 89' lang='lat' dir='ltr'><strong>inducit.</strong></span> <span class='ocrx_word' id='word_1_217' title='bbox 1268 2345 1349 2406; x_wconf 87' lang='lat' dir='ltr'><strong>Hinc</strong></span> <span class='ocrx_word' id='word_1_218' title='bbox 1368 2344 1494 2425; x_wconf 92' lang='lat' dir='ltr'><strong>corpori</strong></span> <span class='ocrx_word' id='word_1_219' title='bbox 1515 2344 1720 2423; x_wconf 88' lang='lat' dir='ltr'><strong>hominis‚ut</strong></span> 
     </span>
     <span class='ocr_line' id='line_1_20' title="bbox 160 2441 1720 2526; baseline -0.001 -20"><span class='ocrx_word' id='word_1_220' title='bbox 160 2444 306 2507; x_wconf 90' lang='lat' dir='ltr'><strong>scribere</strong></span> <span class='ocrx_word' id='word_1_221' title='bbox 339 2461 505 2526; x_wconf 81' lang='lat' dir='ltr'><strong>praesumo.</strong></span> <span class='ocrx_word' id='word_1_222' title='bbox 536 2441 620 2520; x_wconf 84' lang='lat' dir='ltr'><strong>Quis,</strong></span> <span class='ocrx_word' id='word_1_223' title='bbox 651 2443 690 2505; x_wconf 90' lang='lat' dir='ltr'><strong>de</strong></span> <span class='ocrx_word' id='word_1_224' title='bbox 717 2445 803 2523; x_wconf 81' lang='lat' dir='ltr'><strong>quel</strong></span> <span class='ocrx_word' id='word_1_225' title='bbox 831 2445 913 2508; x_wconf 86' lang='lat' dir='ltr'><strong>Saue</strong></span> <span class='ocrx_word' id='word_1_226' title='bbox 970 2442 1050 2504; x_wconf 90' lang='lat' dir='ltr'><strong>bene</strong></span> <span class='ocrx_word' id='word_1_227' title='bbox 1071 2451 1209 2524; x_wconf 90' lang='lat' dir='ltr'><strong>regatur,</strong></span> <span class='ocrx_word' id='word_1_228' title='bbox 1223 2443 1329 2506; x_wconf 91' lang='lat' dir='ltr'><strong>anima</strong></span> <span class='ocrx_word' id='word_1_229' title='bbox 1348 2462 1410 2505; x_wconf 91' lang='lat' dir='ltr'><strong>uua</strong></span> <span class='ocrx_word' id='word_1_230' title='bbox 1429 2441 1631 2520; x_wconf 83' lang='lat' dir='ltr'><strong>iulunditur3</strong></span> <span class='ocrx_word' id='word_1_231' title='bbox 1648 2461 1720 2524; x_wconf 91' lang='lat' dir='ltr'><strong>par-</strong></span> 
     </span>
     <span class='ocr_line' id='line_1_21' title="bbox 159 2541 1718 2624; baseline -0.001 -19"><span class='ocrx_word' id='word_1_232' title='bbox 159 2543 274 2606; x_wconf 90' lang='lat' dir='ltr'><strong>Petrus</strong></span> <span class='ocrx_word' id='word_1_233' title='bbox 298 2543 338 2604; x_wconf 91' lang='lat' dir='ltr'><strong>de</strong></span> <span class='ocrx_word' id='word_1_234' title='bbox 363 2542 464 2619; x_wconf 89' lang='lat' dir='ltr'><strong>Petro,</strong></span> <span class='ocrx_word' id='word_1_235' title='bbox 481 2541 650 2623; x_wconf 91' lang='lat' dir='ltr'><strong>episcopus</strong></span> <span class='ocrx_word' id='word_1_236' title='bbox 674 2541 713 2603; x_wconf 93' lang='lat' dir='ltr'><strong>de</strong></span> <span class='ocrx_word' id='word_1_237' title='bbox 738 2541 911 2624; x_wconf 83' lang='lat' dir='ltr'><strong>episcop03</strong></span> <span class='ocrx_word' id='word_1_238' title='bbox 970 2549 1080 2622; x_wconf 89' lang='lat' dir='ltr'><strong>tesque</strong></span> <span class='ocrx_word' id='word_1_239' title='bbox 1103 2542 1257 2624; x_wconf 91' lang='lat' dir='ltr'><strong>corporis,</strong></span> <span class='ocrx_word' id='word_1_240' title='bbox 1281 2550 1316 2605; x_wconf 91' lang='lat' dir='ltr'><strong>ut</strong></span> <span class='ocrx_word' id='word_1_241' title='bbox 1339 2542 1420 2604; x_wconf 85' lang='lat' dir='ltr'><strong>bene</strong></span> <span class='ocrx_word' id='word_1_242' title='bbox 1446 2541 1479 2602; x_wconf 93' lang='lat' dir='ltr'><strong>in</strong></span> <span class='ocrx_word' id='word_1_243' title='bbox 1505 2542 1571 2604; x_wconf 94' lang='lat' dir='ltr'><strong>suis</strong></span> <span class='ocrx_word' id='word_1_244' title='bbox 1595 2542 1718 2604; x_wconf 87' lang='lat' dir='ltr'><strong>actibus</strong></span> 
     </span>
     <span class='ocr_line' id='line_1_22' title="bbox 160 2638 1719 2724; baseline -0.001 -20"><span class='ocrx_word' id='word_1_245' title='bbox 160 2642 221 2704; x_wconf 91' lang='lat' dir='ltr'><strong>sed</strong></span> <span class='ocrx_word' id='word_1_246' title='bbox 247 2661 364 2724; x_wconf 85' lang='lat' dir='ltr'><strong>parvus</strong></span> <span class='ocrx_word' id='word_1_247' title='bbox 386 2641 424 2702; x_wconf 91' lang='lat' dir='ltr'><strong>de</strong></span> <span class='ocrx_word' id='word_1_248' title='bbox 446 2639 595 2718; x_wconf 83' lang='lat' dir='ltr'><strong>maximo,</strong></span> <span class='ocrx_word' id='word_1_249' title='bbox 612 2638 745 2702; x_wconf 87' lang='lat' dir='ltr'><strong>iniimus</strong></span> <span class='ocrx_word' id='word_1_250' title='bbox 764 2641 803 2703; x_wconf 89' lang='lat' dir='ltr'><strong>de</strong></span> <span class='ocrx_word' id='word_1_251' title='bbox 829 2659 914 2702; x_wconf 89' lang='lat' dir='ltr'><strong>sum·</strong></span> <span class='ocrx_word' id='word_1_252' title='bbox 969 2640 1164 2721; x_wconf 91' lang='lat' dir='ltr'><strong>regulentur‚</strong></span> <span class='ocrx_word' id='word_1_253' title='bbox 1181 2660 1238 2722; x_wconf 92' lang='lat' dir='ltr'><strong>per</strong></span> <span class='ocrx_word' id='word_1_254' title='bbox 1253 2660 1352 2702; x_wconf 91' lang='lat' dir='ltr'><strong>uuum</strong></span> <span class='ocrx_word' id='word_1_255' title='bbox 1367 2648 1464 2723; x_wconf 91' lang='lat' dir='ltr'><strong>caput</strong></span> <span class='ocrx_word' id='word_1_256' title='bbox 1477 2660 1534 2704; x_wconf 90' lang='lat' dir='ltr'><strong>seu</strong></span> <span class='ocrx_word' id='word_1_257' title='bbox 1548 2658 1605 2703; x_wconf 93' lang='lat' dir='ltr'><strong>cor</strong></span> <span class='ocrx_word' id='word_1_258' title='bbox 1627 2660 1719 2722; x_wconf 90' lang='lat' dir='ltr'><strong>regu-</strong></span> 
     </span>
     <span class='ocr_line' id='line_1_23' title="bbox 160 2735 1719 2821; baseline -0.001 -19"><span class='ocrx_word' id='word_1_259' title='bbox 160 2739 302 2818; x_wconf 88' lang='lat' dir='ltr'><strong>mo,imo</strong></span> <span class='ocrx_word' id='word_1_260' title='bbox 316 2739 355 2800; x_wconf 88' lang='lat' dir='ltr'><strong>de</strong></span> <span class='ocrx_word' id='word_1_261' title='bbox 369 2737 466 2801; x_wconf 89' lang='lat' dir='ltr'><strong>totius</strong></span> <span class='ocrx_word' id='word_1_262' title='bbox 481 2735 659 2799; x_wconf 75' lang='lat' dir='ltr'><strong>christiane</strong></span> <span class='ocrx_word' id='word_1_263' title='bbox 673 2737 823 2800; x_wconf 76' lang='lat' dir='ltr'><strong>Ecclesiae</strong></span> <span class='ocrx_word' id='word_1_264' title='bbox 837 2737 913 2801; x_wconf 92' lang='lat' dir='ltr'><strong>olim</strong></span> <span class='ocrx_word' id='word_1_265' title='bbox 969 2738 1085 2800; x_wconf 86' lang='lat' dir='ltr'><strong>lantur.</strong></span> <span class='ocrx_word' id='word_1_266' title='bbox 1101 2738 1235 2800; x_wconf 87' lang='lat' dir='ltr'><strong>Familia</strong></span> <span class='ocrx_word' id='word_1_267' title='bbox 1253 2757 1379 2820; x_wconf 87' lang='lat' dir='ltr'><strong>quoque</strong></span> <span class='ocrx_word' id='word_1_268' title='bbox 1394 2738 1507 2800; x_wconf 91' lang='lat' dir='ltr'><strong>melius</strong></span> <span class='ocrx_word' id='word_1_269' title='bbox 1523 2738 1642 2820; x_wconf 91' lang='lat' dir='ltr'><strong>regitur</strong></span> <span class='ocrx_word' id='word_1_270' title='bbox 1660 2758 1719 2821; x_wconf 93' lang='lat' dir='ltr'><strong>per</strong></span> 
     </span>
     <span class='ocr_line' id='line_1_24' title="bbox 160 2835 1717 2919; baseline -0.001 -19"><span class='ocrx_word' id='word_1_271' title='bbox 160 2837 368 2900; x_wconf 88' lang='lat' dir='ltr'><strong>sanctissimo</strong></span> <span class='ocrx_word' id='word_1_272' title='bbox 389 2835 523 2919; x_wconf 68' lang='lat' dir='ltr'><strong>praesule</strong></span> <span class='ocrx_word' id='word_1_273' title='bbox 543 2835 724 2899; x_wconf 87' lang='lat' dir='ltr'><strong>Coelestino.</strong></span> <span class='ocrx_word' id='word_1_274' title='bbox 741 2836 849 2899; x_wconf 82' lang='lat' dir='ltr'><strong>Postea</strong></span> <span class='ocrx_word' id='word_1_275' title='bbox 873 2836 912 2899; x_wconf 90' lang='lat' dir='ltr'><strong>de</strong></span> <span class='ocrx_word' id='word_1_276' title='bbox 969 2855 1067 2897; x_wconf 92' lang='lat' dir='ltr'><strong>unum</strong></span> <span class='ocrx_word' id='word_1_277' title='bbox 1090 2854 1186 2917; x_wconf 91' lang='lat' dir='ltr'><strong>quam</strong></span> <span class='ocrx_word' id='word_1_278' title='bbox 1207 2855 1265 2918; x_wconf 88' lang='lat' dir='ltr'><strong>per</strong></span> <span class='ocrx_word' id='word_1_279' title='bbox 1285 2837 1385 2916; x_wconf 80' lang='lat' dir='ltr'><strong>duos3</strong></span> <span class='ocrx_word' id='word_1_280' title='bbox 1402 2837 1550 2899; x_wconf 91' lang='lat' dir='ltr'><strong>similiter</strong></span> <span class='ocrx_word' id='word_1_281' title='bbox 1570 2837 1662 2899; x_wconf 87' lang='lat' dir='ltr'><strong>navis</strong></span> <span class='ocrx_word' id='word_1_282' title='bbox 1685 2845 1717 2899; x_wconf 91' lang='lat' dir='ltr'><strong>et</strong></span> 
     </span>
     <span class='ocr_line' id='line_1_25' title="bbox 159 2933 1714 3017; baseline 0.001 -19"><span class='ocrx_word' id='word_1_283' title='bbox 159 2937 263 3017; x_wconf 79' lang='lat' dir='ltr'><strong>liujus</strong></span> <span class='ocrx_word' id='word_1_284' title='bbox 284 2935 477 2999; x_wconf 76' lang='lat' dir='ltr'><strong>contessoris</strong></span> <span class='ocrx_word' id='word_1_285' title='bbox 497 2933 746 2996; x_wconf 83' lang='lat' dir='ltr'><strong>incarceratione</strong></span> <span class='ocrx_word' id='word_1_286' title='bbox 766 2935 909 3016; x_wconf 90' lang='lat' dir='ltr'><strong>loquens,</strong></span> <span class='ocrx_word' id='word_1_287' title='bbox 968 2933 1090 3011; x_wconf 85' lang='lat' dir='ltr'><strong>civitas,</strong></span> <span class='ocrx_word' id='word_1_288' title='bbox 1116 2953 1248 3016; x_wconf 84' lang='lat' dir='ltr'><strong>regnum</strong></span> <span class='ocrx_word' id='word_1_289' title='bbox 1274 2943 1306 2997; x_wconf 92' lang='lat' dir='ltr'><strong>et</strong></span> <span class='ocrx_word' id='word_1_290' title='bbox 1330 2937 1478 2999; x_wconf 93' lang='lat' dir='ltr'><strong>mundus.</strong></span> <span class='ocrx_word' id='word_1_291' title='bbox 1504 2937 1657 2999; x_wconf 88' lang='lat' dir='ltr'><strong>Similiter</strong></span> <span class='ocrx_word' id='word_1_292' title='bbox 1681 2938 1714 3001; x_wconf 93' lang='lat' dir='ltr'><strong>in</strong></span> 
     </span>
    </p>

    <p class='ocr_par' dir='ltr' id='par_1_4' title="bbox 38 3031 1717 3709">
     <span class='ocr_line' id='line_1_26' title="bbox 38 3031 1715 3117; baseline 0 -19"><span class='ocrx_word' id='word_1_293' title='bbox 38 3071 99 3109; x_wconf 57' lang='lat' dir='ltr'><strong>can,</strong></span> <span class='ocrx_word' id='word_1_294' title='bbox 115 3061 144 3100; x_wconf 75' lang='lat' dir='ltr'><strong>s.</strong></span> <span class='ocrx_word' id='word_1_295' title='bbox 160 3035 283 3098; x_wconf 85' lang='lat' dir='ltr'><strong>latetur</strong></span> <span class='ocrx_word' id='word_1_296' title='bbox 298 3059 305 3096; x_wconf 91' lang='lat'><strong>:</strong></span> <span class='ocrx_word' id='word_1_297' title='bbox 321 3033 503 3098; x_wconf 84' lang='lat' dir='ltr'><strong>Bonilacius</strong></span> <span class='ocrx_word' id='word_1_298' title='bbox 523 3033 577 3096; x_wconf 94' lang='lat' dir='ltr'><strong>ille</strong></span> <span class='ocrx_word' id='word_1_299' title='bbox 597 3041 747 3115; x_wconf 89' lang='lat' dir='ltr'><strong>tanquam</strong></span> <span class='ocrx_word' id='word_1_300' title='bbox 762 3033 841 3096; x_wconf 90' lang='lat' dir='ltr'><strong>alter</strong></span> <span class='ocrx_word' id='word_1_301' title='bbox 854 3035 913 3097; x_wconf 89' lang='lat' dir='ltr'><strong>lle-</strong></span> <span class='ocrx_word' id='word_1_302' title='bbox 930 3031 952 3094; x_wconf 92' lang='lat' dir='ltr'>C</span> <span class='ocrx_word' id='word_1_303' title='bbox 968 3031 1184 3095; x_wconf 89' lang='lat' dir='ltr'><strong>ecclesiastico</strong></span> <span class='ocrx_word' id='word_1_304' title='bbox 1203 3032 1357 3114; x_wconf 89' lang='lat' dir='ltr'><strong>regimine</strong></span> <span class='ocrx_word' id='word_1_305' title='bbox 1376 3036 1549 3114; x_wconf 92' lang='lat' dir='ltr'><strong>cernimus,</strong></span> <span class='ocrx_word' id='word_1_306' title='bbox 1565 3035 1715 3117; x_wconf 90' lang='lat' dir='ltr'><strong>quoniam</strong></span> 
     </span>
     <span class='ocr_line' id='line_1_27' title="bbox 159 3131 1717 3217; baseline -0.001 -19"><span class='ocrx_word' id='word_1_307' title='bbox 159 3135 257 3198; x_wconf 91' lang='lat' dir='ltr'><strong>rodes</strong></span> <span class='ocrx_word' id='word_1_308' title='bbox 272 3134 396 3197; x_wconf 87' lang='lat' dir='ltr'><strong>Petrum</strong></span> <span class='ocrx_word' id='word_1_309' title='bbox 412 3133 558 3197; x_wconf 89' lang='lat' dir='ltr'><strong>servabat</strong></span> <span class='ocrx_word' id='word_1_310' title='bbox 573 3133 605 3194; x_wconf 93' lang='lat' dir='ltr'><strong>in</strong></span> <span class='ocrx_word' id='word_1_311' title='bbox 620 3152 747 3197; x_wconf 90' lang='lat' dir='ltr'><strong>carcere</strong></span> <span class='ocrx_word' id='word_1_312' title='bbox 764 3157 771 3194; x_wconf 91' lang='lat'>:</span> <span class='ocrx_word' id='word_1_313' title='bbox 788 3134 843 3214; x_wconf 85' lang='lat' dir='ltr'><strong>qui</strong></span> <span class='ocrx_word' id='word_1_314' title='bbox 858 3134 913 3197; x_wconf 92' lang='lat' dir='ltr'><strong>Pe·</strong></span> <span class='ocrx_word' id='word_1_315' title='bbox 968 3132 1023 3195; x_wconf 89' lang='lat' dir='ltr'><strong>toti</strong></span> <span class='ocrx_word' id='word_1_316' title='bbox 1043 3131 1191 3195; x_wconf 80' lang='lat' dir='ltr'><strong>Ecclesiae</strong></span> <span class='ocrx_word' id='word_1_317' title='bbox 1210 3152 1294 3194; x_wconf 92' lang='lat' dir='ltr'><strong>unus</strong></span> <span class='ocrx_word' id='word_1_318' title='bbox 1312 3133 1456 3197; x_wconf 85' lang='lat' dir='ltr'><strong>Pontilex</strong></span> <span class='ocrx_word' id='word_1_319' title='bbox 1475 3154 1618 3197; x_wconf 90' lang='lat' dir='ltr'><strong>summus</strong></span> <span class='ocrx_word' id='word_1_320' title='bbox 1637 3154 1717 3217; x_wconf 72' lang='lat' dir='ltr'><strong>prae·</strong></span> 
     </span>
     <span class='ocr_line' id='line_1_28' title="bbox 160 3229 1714 3315; baseline -0.001 -19"><span class='ocrx_word' id='word_1_321' title='bbox 160 3244 231 3297; x_wconf 91' lang='lat' dir='ltr'><strong>trus</strong></span> <span class='ocrx_word' id='word_1_322' title='bbox 261 3252 364 3315; x_wconf 89' lang='lat' dir='ltr'><strong>nuper</strong></span> <span class='ocrx_word' id='word_1_323' title='bbox 392 3240 499 3295; x_wconf 87' lang='lat' dir='ltr'><strong>custos</strong></span> <span class='ocrx_word' id='word_1_324' title='bbox 527 3239 594 3294; x_wconf 88' lang='lat' dir='ltr'><strong>erat</strong></span> <span class='ocrx_word' id='word_1_325' title='bbox 621 3239 653 3294; x_wconf 91' lang='lat' dir='ltr'><strong>ct</strong></span> <span class='ocrx_word' id='word_1_326' title='bbox 681 3240 787 3313; x_wconf 92' lang='lat' dir='ltr'><strong>pastor</strong></span> <span class='ocrx_word' id='word_1_327' title='bbox 815 3233 912 3295; x_wconf 89' lang='lat' dir='ltr'><strong>totius</strong></span> <span class='ocrx_word' id='word_1_328' title='bbox 967 3230 1107 3313; x_wconf 90' lang='lat' dir='ltr'><strong>ponitur.</strong></span> <span class='ocrx_word' id='word_1_329' title='bbox 1123 3229 1197 3293; x_wconf 93' lang='lat' dir='ltr'><strong>Ideo</strong></span> <span class='ocrx_word' id='word_1_330' title='bbox 1210 3230 1290 3293; x_wconf 89' lang='lat' dir='ltr'><strong>dicit</strong></span> <span class='ocrx_word' id='word_1_331' title='bbox 1303 3232 1644 3315; x_wconf 89' lang='lat' dir='ltr'><strong>Thomas:Dispositio</strong></span> <span class='ocrx_word' id='word_1_332' title='bbox 1659 3234 1714 3296; x_wconf 90' lang='lat' dir='ltr'><strong>illa</strong></span> 
     </span>
     <span class='ocr_line' id='line_1_29' title="bbox 159 3330 1715 3413; baseline 0 -18"><span class='ocrx_word' id='word_1_333' title='bbox 159 3332 330 3395; x_wconf 90' lang='lat' dir='ltr'><strong>christiani</strong></span> <span class='ocrx_word' id='word_1_334' title='bbox 345 3330 514 3395; x_wconf 79' lang='lat' dir='ltr'><strong>ovilisllui</strong></span> <span class='ocrx_word' id='word_1_335' title='bbox 530 3330 626 3395; x_wconf 85' lang='lat' dir='ltr'><strong>verbo</strong></span> <span class='ocrx_word' id='word_1_336' title='bbox 640 3332 811 3394; x_wconf 91' lang='lat' dir='ltr'><strong>concordat</strong></span> <span class='ocrx_word' id='word_1_337' title='bbox 826 3332 911 3412; x_wconf 88' lang='lat' dir='ltr'><strong>quod</strong></span> <span class='ocrx_word' id='word_1_338' title='bbox 969 3350 1073 3393; x_wconf 89' lang='lat' dir='ltr'><strong>rerum</strong></span> <span class='ocrx_word' id='word_1_339' title='bbox 1093 3330 1304 3392; x_wconf 87' lang='lat' dir='ltr'><strong>humanarum</strong></span> <span class='ocrx_word' id='word_1_340' title='bbox 1319 3339 1367 3394; x_wconf 90' lang='lat' dir='ltr'><strong>est</strong></span> <span class='ocrx_word' id='word_1_341' title='bbox 1380 3332 1500 3413; x_wconf 90' lang='lat' dir='ltr'><strong>optima</strong></span> <span class='ocrx_word' id='word_1_342' title='bbox 1519 3332 1552 3393; x_wconf 93' lang='lat' dir='ltr'><strong>in</strong></span> <span class='ocrx_word' id='word_1_343' title='bbox 1574 3351 1638 3413; x_wconf 84' lang='lat' dir='ltr'><strong>qua</strong></span> <span class='ocrx_word' id='word_1_344' title='bbox 1657 3332 1715 3395; x_wconf 89' lang='lat' dir='ltr'><strong>toti</strong></span> 
     </span>
     <span class='ocr_line' id='line_1_30' title="bbox 159 3428 1478 3511; baseline -0.001 -18"><span class='ocrx_word' id='word_1_345' title='bbox 159 3433 193 3493; x_wconf 94' lang='lat' dir='ltr'><strong>in</strong></span> <span class='ocrx_word' id='word_1_346' title='bbox 211 3449 358 3493; x_wconf 91' lang='lat' dir='ltr'><strong>sermone</strong></span> <span class='ocrx_word' id='word_1_347' title='bbox 373 3430 411 3493; x_wconf 89' lang='lat' dir='ltr'><strong>de</strong></span> <span class='ocrx_word' id='word_1_348' title='bbox 425 3430 621 3493; x_wconf 86' lang='lat' dir='ltr'><strong>Ascensione</strong></span> <span class='ocrx_word' id='word_1_349' title='bbox 636 3429 698 3493; x_wconf 89' lang='lat' dir='ltr'><strong>Leo</strong></span> <span class='ocrx_word' id='word_1_350' title='bbox 712 3430 794 3511; x_wconf 89' lang='lat' dir='ltr'><strong>Papa</strong></span> <span class='ocrx_word' id='word_1_351' title='bbox 813 3430 912 3493; x_wconf 88' lang='lat' dir='ltr'><strong>disse·</strong></span> <span class='ocrx_word' id='word_1_352' title='bbox 969 3428 1165 3491; x_wconf 90' lang='lat' dir='ltr'><strong>multitudini</strong></span> <span class='ocrx_word' id='word_1_353' title='bbox 1188 3428 1364 3510; x_wconf 74' lang='lat' dir='ltr'><strong>praeficitur</strong></span> <span class='ocrx_word' id='word_1_354' title='bbox 1383 3449 1478 3492; x_wconf 89' lang='lat' dir='ltr'><strong>unus.</strong></span> 
     </span>
     <span class='ocr_line' id='line_1_31' title="bbox 159 3527 1713 3610; baseline 0 -18"><span class='ocrx_word' id='word_1_355' title='bbox 159 3530 227 3592; x_wconf 92' lang='lat' dir='ltr'><strong>ruit</strong></span> <span class='ocrx_word' id='word_1_356' title='bbox 248 3528 306 3591; x_wconf 92' lang='lat' dir='ltr'><strong>:ln</strong></span> <span class='ocrx_word' id='word_1_357' title='bbox 327 3528 378 3591; x_wconf 85' lang='lat' dir='ltr'><strong>his</strong></span> <span class='ocrx_word' id='word_1_358' title='bbox 400 3528 513 3591; x_wconf 90' lang='lat' dir='ltr'><strong>diebus</strong></span> <span class='ocrx_word' id='word_1_359' title='bbox 535 3528 624 3591; x_wconf 91' lang='lat' dir='ltr'><strong>Petro</strong></span> <span class='ocrx_word' id='word_1_360' title='bbox 647 3528 789 3610; x_wconf 92' lang='lat' dir='ltr'><strong>apostolo</strong></span> <span class='ocrx_word' id='word_1_361' title='bbox 811 3528 912 3593; x_wconf 95' lang='lat' dir='ltr'><strong>domi·</strong></span> <span class='ocrx_word' id='word_1_362' title='bbox 1008 3527 1169 3605; x_wconf 81' lang='lat' dir='ltr'><strong>Praeterea,</strong></span> <span class='ocrx_word' id='word_1_363' title='bbox 1187 3527 1314 3609; x_wconf 91' lang='lat' dir='ltr'><strong>quidam</strong></span> <span class='ocrx_word' id='word_1_364' title='bbox 1340 3529 1547 3609; x_wconf 80' lang='lat' dir='ltr'><strong>expositores,</strong></span> <span class='ocrx_word' id='word_1_365' title='bbox 1567 3530 1713 3593; x_wconf 90' lang='lat' dir='ltr'><strong>doctores</strong></span> 
     </span>
     <span class='ocr_line' id='line_1_32' title="bbox 159 3625 1713 3709; baseline 0.002 -20"><span class='ocrx_word' id='word_1_366' title='bbox 159 3628 227 3691; x_wconf 92' lang='lat' dir='ltr'><strong>uici</strong></span> <span class='ocrx_word' id='word_1_367' title='bbox 251 3627 345 3691; x_wconf 88' lang='lat' dir='ltr'><strong>ovilis</strong></span> <span class='ocrx_word' id='word_1_368' title='bbox 367 3646 443 3689; x_wconf 88' lang='lat' dir='ltr'><strong>cura</strong></span> <span class='ocrx_word' id='word_1_369' title='bbox 464 3626 684 3689; x_wconf 85' lang='lat' dir='ltr'><strong>committitur.</strong></span> <span class='ocrx_word' id='word_1_370' title='bbox 967 3634 999 3688; x_wconf 91' lang='lat' dir='ltr'><strong>et</strong></span> <span class='ocrx_word' id='word_1_371' title='bbox 1022 3626 1286 3689; x_wconf 90' lang='lat' dir='ltr'><strong>sermocinatores</strong></span> <span class='ocrx_word' id='word_1_372' title='bbox 1311 3626 1443 3707; x_wconf 86' lang='lat' dir='ltr'><strong>mystice</strong></span> <span class='ocrx_word' id='word_1_373' title='bbox 1468 3625 1713 3709; x_wconf 85' lang='lat' dir='ltr'><strong>interpretantes</strong></span> 
     </span>
    </p>

    <p class='ocr_par' dir='ltr' id='par_1_5' title="bbox 159 3724 1863 3911">
     <span class='ocr_line' id='line_1_33' title="bbox 201 3724 1863 3807; baseline 0 -18"><span class='ocrx_word' id='word_1_374' title='bbox 201 3726 348 3806; x_wconf 90' lang='lat' dir='ltr'><strong>Proinde,</strong></span> <span class='ocrx_word' id='word_1_375' title='bbox 378 3728 553 3807; x_wconf 86' lang='lat' dir='ltr'><strong>Apparatus</strong></span> <span class='ocrx_word' id='word_1_376' title='bbox 583 3725 712 3787; x_wconf 84' lang='lat' dir='ltr'><strong>loannis</strong></span> <span class='ocrx_word' id='word_1_377' title='bbox 741 3725 911 3789; x_wconf 90' lang='lat' dir='ltr'><strong>cardinalis</strong></span> <span class='ocrx_word' id='word_1_378' title='bbox 967 3725 1047 3787; x_wconf 91' lang='lat' dir='ltr'><strong>illud</strong></span> <span class='ocrx_word' id='word_1_379' title='bbox 1077 3724 1247 3804; x_wconf 86' lang='lat' dir='ltr'><strong>Geneseos‚</strong></span> <span class='ocrx_word' id='word_1_380' title='bbox 1277 3725 1323 3785; x_wconf 80' lang='lat' dir='ltr'><strong>Tu</strong></span> <span class='ocrx_word' id='word_1_381' title='bbox 1356 3724 1419 3787; x_wconf 92' lang='lat' dir='ltr'><strong>eris</strong></span> <span class='ocrx_word' id='word_1_382' title='bbox 1454 3744 1549 3807; x_wconf 92' lang='lat' dir='ltr'><strong>super</strong></span> <span class='ocrx_word' id='word_1_383' title='bbox 1583 3727 1713 3789; x_wconf 93' lang='lat' dir='ltr'><strong>domum</strong></span> <span class='ocrx_word' id='word_1_384' title='bbox 1729 3752 1863 3805; x_wconf 49' lang='lat' dir='ltr'><strong>campo,</strong></span> 
     </span>
     <span class='ocr_line' id='line_1_34' title="bbox 159 3822 1714 3911; baseline 0 -24"><span class='ocrx_word' id='word_1_385' title='bbox 159 3843 260 3907; x_wconf 90' lang='lat' dir='ltr'><strong>super</strong></span> <span class='ocrx_word' id='word_1_386' title='bbox 279 3823 470 3886; x_wconf 89' lang='lat' dir='ltr'><strong>decretalem</strong></span> <span class='ocrx_word' id='word_1_387' title='bbox 491 3822 646 3886; x_wconf 91' lang='lat' dir='ltr'><strong>Bonilacii</strong></span> <span class='ocrx_word' id='word_1_388' title='bbox 663 3824 725 3885; x_wconf 92' lang='lat' dir='ltr'><strong>Vlll</strong></span> <span class='ocrx_word' id='word_1_389' title='bbox 741 3844 811 3905; x_wconf 82' lang='lat' dir='ltr'><strong>quee</strong></span> <span class='ocrx_word' id='word_1_390' title='bbox 834 3825 912 3888; x_wconf 90' lang='lat' dir='ltr'><strong>inci·</strong></span> <span class='ocrx_word' id='word_1_391' title='bbox 967 3844 1083 3911; x_wconf 84' lang='lat' dir='ltr'><strong>meam,</strong></span> <span class='ocrx_word' id='word_1_392' title='bbox 1106 3831 1137 3885; x_wconf 92' lang='lat' dir='ltr'><strong>et</strong></span> <span class='ocrx_word' id='word_1_393' title='bbox 1161 3823 1200 3885; x_wconf 91' lang='lat' dir='ltr'><strong>ad</strong></span> <span class='ocrx_word' id='word_1_394' title='bbox 1224 3824 1269 3884; x_wconf 90' lang='lat' dir='ltr'><strong>tui</strong></span> <span class='ocrx_word' id='word_1_395' title='bbox 1295 3822 1360 3885; x_wconf 93' lang='lat' dir='ltr'><strong>oris</strong></span> <span class='ocrx_word' id='word_1_396' title='bbox 1386 3823 1556 3904; x_wconf 89' lang='lat' dir='ltr'><strong>imperium</strong></span> <span class='ocrx_word' id='word_1_397' title='bbox 1580 3834 1714 3887; x_wconf 91' lang='lat' dir='ltr'><strong>cunctus</strong></span> 
     </span>
    </p>

    <p class='ocr_par' dir='ltr' id='par_1_6' title="bbox 30 3920 1717 5187">
     <span class='ocr_line' id='line_1_35' title="bbox 30 3920 1715 4007; baseline 0.003 -29"><span class='ocrx_word' id='word_1_398' title='bbox 30 3936 131 4007; x_wconf 20' lang='lat' dir='ltr'><strong>nullm.</strong></span> <span class='ocrx_word' id='word_1_399' title='bbox 160 3924 222 4005; x_wconf 90' lang='lat' dir='ltr'><strong>pit,</strong></span> <span class='ocrx_word' id='word_1_400' title='bbox 238 3925 461 4002; x_wconf 78' lang='lat' dir='ltr'><strong>Antiquarum</strong></span> <span class='ocrx_word' id='word_1_401' title='bbox 486 3924 578 3982; x_wconf 76' lang='lat' dir='ltr'><strong>dubet</strong></span> <span class='ocrx_word' id='word_1_402' title='bbox 599 3925 668 3999; x_wconf 76' lang='lat' dir='ltr'><strong>fida</strong></span> <span class='ocrx_word' id='word_1_403' title='bbox 691 3927 819 3994; x_wconf 79' lang='lat' dir='ltr'><strong>relatio,</strong></span> <span class='ocrx_word' id='word_1_404' title='bbox 835 3924 913 3985; x_wconf 89' lang='lat' dir='ltr'><strong>scri·</strong></span> <span class='ocrx_word' id='word_1_405' title='bbox 967 3922 1104 4003; x_wconf 91' lang='lat' dir='ltr'><strong>populus</strong></span> <span class='ocrx_word' id='word_1_406' title='bbox 1125 3920 1261 3999; x_wconf 87' lang='lat' dir='ltr'><strong>obediet,</strong></span> <span class='ocrx_word' id='word_1_407' title='bbox 1277 3930 1442 4002; x_wconf 85' lang='lat' dir='ltr'><strong>exponunt</strong></span> <span class='ocrx_word' id='word_1_408' title='bbox 1462 3920 1522 3983; x_wconf 90' lang='lat' dir='ltr'><strong>ista</strong></span> <span class='ocrx_word' id='word_1_409' title='bbox 1541 3922 1580 3983; x_wconf 89' lang='lat' dir='ltr'><strong>de</strong></span> <span class='ocrx_word' id='word_1_410' title='bbox 1600 3921 1715 3984; x_wconf 86' lang='lat' dir='ltr'><strong>beatis·</strong></span> 
     </span>
     <span class='ocr_line' id='line_1_36' title="bbox 30 4000 1713 4105; baseline -0.001 -20"><span class='ocrx_word' id='word_1_411' title='bbox 30 4000 144 4105; x_wconf 53' lang='lat' dir='ltr'><strong>ffjf&#39;m</strong></span> <span class='ocrx_word' id='word_1_412' title='bbox 159 4022 208 4085; x_wconf 93' lang='lat' dir='ltr'><strong>bit</strong></span> <span class='ocrx_word' id='word_1_413' title='bbox 236 4045 242 4082; x_wconf 96' lang='lat'><strong>:</strong></span> <span class='ocrx_word' id='word_1_414' title='bbox 268 4020 398 4084; x_wconf 89' lang='lat' dir='ltr'><strong>Adhuc</strong></span> <span class='ocrx_word' id='word_1_415' title='bbox 425 4020 509 4101; x_wconf 89' lang='lat' dir='ltr'><strong>quod</strong></span> <span class='ocrx_word' id='word_1_416' title='bbox 539 4020 744 4101; x_wconf 83' lang='lat' dir='ltr'><strong>indulgentiae</strong></span> <span class='ocrx_word' id='word_1_417' title='bbox 773 4021 909 4100; x_wconf 89' lang='lat' dir='ltr'><strong>valeant,</strong></span> <span class='ocrx_word' id='word_1_418' title='bbox 967 4020 1048 4083; x_wconf 90' lang='lat' dir='ltr'><strong>simo</strong></span> <span class='ocrx_word' id='word_1_419' title='bbox 1074 4019 1174 4098; x_wconf 88' lang='lat' dir='ltr'><strong>Petro,</strong></span> <span class='ocrx_word' id='word_1_420' title='bbox 1190 4018 1332 4081; x_wconf 89' lang='lat' dir='ltr'><strong>dicentes</strong></span> <span class='ocrx_word' id='word_1_421' title='bbox 1355 4043 1361 4080; x_wconf 93' lang='lat'>:</span> <span class='ocrx_word' id='word_1_422' title='bbox 1385 4019 1443 4082; x_wconf 92' lang='lat' dir='ltr'><strong>Per</strong></span> <span class='ocrx_word' id='word_1_423' title='bbox 1466 4020 1596 4081; x_wconf 92' lang='lat' dir='ltr'><strong>domum</strong></span> <span class='ocrx_word' id='word_1_424' title='bbox 1621 4021 1713 4083; x_wconf 88' lang='lat' dir='ltr'><strong>istam</strong></span> 
     </span>
     <span class='ocr_line' id='line_1_37' title="bbox 161 4116 1715 4202; baseline -0.001 -20"><span class='ocrx_word' id='word_1_425' title='bbox 161 4128 301 4202; x_wconf 90' lang='lat' dir='ltr'><strong>quatuor</strong></span> <span class='ocrx_word' id='word_1_426' title='bbox 316 4118 535 4202; x_wconf 89' lang='lat' dir='ltr'><strong>principaliter</strong></span> <span class='ocrx_word' id='word_1_427' title='bbox 548 4119 762 4199; x_wconf 88' lang='lat' dir='ltr'><strong>requiruntur,</strong></span> <span class='ocrx_word' id='word_1_428' title='bbox 775 4128 807 4181; x_wconf 91' lang='lat' dir='ltr'><strong>et</strong></span> <span class='ocrx_word' id='word_1_429' title='bbox 820 4120 912 4201; x_wconf 89' lang='lat' dir='ltr'><strong>quin·</strong></span> <span class='ocrx_word' id='word_1_430' title='bbox 966 4118 1151 4198; x_wconf 88' lang='lat' dir='ltr'><strong>designatur</strong></span> <span class='ocrx_word' id='word_1_431' title='bbox 1173 4116 1327 4193; x_wconf 84' lang='lat' dir='ltr'><strong>Ecclesia,</strong></span> <span class='ocrx_word' id='word_1_432' title='bbox 1349 4136 1419 4198; x_wconf 82' lang='lat' dir='ltr'><strong>quae</strong></span> <span class='ocrx_word' id='word_1_433' title='bbox 1441 4125 1490 4179; x_wconf 91' lang='lat' dir='ltr'><strong>est</strong></span> <span class='ocrx_word' id='word_1_434' title='bbox 1512 4118 1626 4180; x_wconf 92' lang='lat' dir='ltr'><strong>domus</strong></span> <span class='ocrx_word' id='word_1_435' title='bbox 1650 4138 1715 4181; x_wconf 90' lang='lat' dir='ltr'><strong>ma-</strong></span> 
     </span>
     <span class='ocr_line' id='line_1_38' title="bbox 158 4214 1712 4300; baseline 0.001 -19"><span class='ocrx_word' id='word_1_436' title='bbox 158 4229 230 4281; x_wconf 93' lang='lat' dir='ltr'><strong>tum</strong></span> <span class='ocrx_word' id='word_1_437' title='bbox 256 4218 287 4279; x_wconf 94' lang='lat' dir='ltr'><strong>in</strong></span> <span class='ocrx_word' id='word_1_438' title='bbox 314 4217 476 4299; x_wconf 90' lang='lat' dir='ltr'><strong>proposito</strong></span> <span class='ocrx_word' id='word_1_439' title='bbox 501 4216 620 4279; x_wconf 89' lang='lat' dir='ltr'><strong>ratione</strong></span> <span class='ocrx_word' id='word_1_440' title='bbox 645 4218 784 4281; x_wconf 73' lang='lat' dir='ltr'><strong>materia</strong></span> <span class='ocrx_word' id='word_1_441' title='bbox 809 4228 911 4300; x_wconf 90' lang='lat' dir='ltr'><strong>potest</strong></span> <span class='ocrx_word' id='word_1_442' title='bbox 928 4223 951 4284; x_wconf 88' lang='lat' dir='ltr'>D</span> <span class='ocrx_word' id='word_1_443' title='bbox 966 4234 1039 4297; x_wconf 84' lang='lat' dir='ltr'><strong>gna,</strong></span> <span class='ocrx_word' id='word_1_444' title='bbox 1057 4214 1132 4296; x_wconf 79' lang='lat' dir='ltr'><strong>quia</strong></span> <span class='ocrx_word' id='word_1_445' title='bbox 1146 4215 1186 4277; x_wconf 80' lang='lat' dir='ltr'><strong>ab</strong></span> <span class='ocrx_word' id='word_1_446' title='bbox 1202 4215 1324 4277; x_wconf 75' lang='lat' dir='ltr'><strong>oriente</strong></span> <span class='ocrx_word' id='word_1_447' title='bbox 1339 4234 1438 4296; x_wconf 83' lang='lat' dir='ltr'><strong>usque</strong></span> <span class='ocrx_word' id='word_1_448' title='bbox 1454 4214 1487 4276; x_wconf 87' lang='lat' dir='ltr'><strong>in</strong></span> <span class='ocrx_word' id='word_1_449' title='bbox 1501 4217 1712 4296; x_wconf 79' lang='lat' dir='ltr'><strong>occidentem,</strong></span> 
     </span>
     <span class='ocr_line' id='line_1_39' title="bbox 158 4312 1715 4397; baseline -0.001 -18"><span class='ocrx_word' id='word_1_450' title='bbox 158 4316 245 4379; x_wconf 90' lang='lat' dir='ltr'><strong>addi.</strong></span> <span class='ocrx_word' id='word_1_451' title='bbox 263 4315 444 4395; x_wconf 84' lang='lat' dir='ltr'><strong>Requiritur</strong></span> <span class='ocrx_word' id='word_1_452' title='bbox 459 4314 544 4377; x_wconf 89' lang='lat' dir='ltr'><strong>enim</strong></span> <span class='ocrx_word' id='word_1_453' title='bbox 568 4316 738 4377; x_wconf 89' lang='lat' dir='ltr'><strong>auctoritas</strong></span> <span class='ocrx_word' id='word_1_454' title='bbox 754 4316 786 4377; x_wconf 92' lang='lat' dir='ltr'><strong>in</strong></span> <span class='ocrx_word' id='word_1_455' title='bbox 803 4317 911 4379; x_wconf 92' lang='lat' dir='ltr'><strong>conle-</strong></span> <span class='ocrx_word' id='word_1_456' title='bbox 966 4314 1006 4377; x_wconf 91' lang='lat' dir='ltr'><strong>ab</strong></span> <span class='ocrx_word' id='word_1_457' title='bbox 1030 4314 1180 4395; x_wconf 85' lang='lat' dir='ltr'><strong>aquilone</strong></span> <span class='ocrx_word' id='word_1_458' title='bbox 1199 4312 1231 4374; x_wconf 92' lang='lat' dir='ltr'><strong>in</strong></span> <span class='ocrx_word' id='word_1_459' title='bbox 1251 4313 1416 4376; x_wconf 90' lang='lat' dir='ltr'><strong>meridiem</strong></span> <span class='ocrx_word' id='word_1_460' title='bbox 1436 4313 1604 4391; x_wconf 80' lang='lat' dir='ltr'><strong>dilatatur3</strong></span> <span class='ocrx_word' id='word_1_461' title='bbox 1621 4316 1715 4397; x_wconf 88' lang='lat' dir='ltr'><strong>cujus</strong></span> 
     </span>
     <span class='ocr_line' id='line_1_40' title="bbox 158 4410 1717 4497; baseline -0.001 -21"><span class='ocrx_word' id='word_1_462' title='bbox 158 4423 264 4493; x_wconf 88' lang='lat' dir='ltr'><strong>rente,</strong></span> <span class='ocrx_word' id='word_1_463' title='bbox 292 4414 446 4477; x_wconf 88' lang='lat' dir='ltr'><strong>idoneitas</strong></span> <span class='ocrx_word' id='word_1_464' title='bbox 475 4414 507 4483; x_wconf 89' lang='lat' dir='ltr'><strong>in</strong></span> <span class='ocrx_word' id='word_1_465' title='bbox 537 4413 722 4495; x_wconf 88' lang='lat' dir='ltr'><strong>recipiente,</strong></span> <span class='ocrx_word' id='word_1_466' title='bbox 749 4414 850 4497; x_wconf 88' lang='lat' dir='ltr'><strong>pictas</strong></span> <span class='ocrx_word' id='word_1_467' title='bbox 877 4416 909 4477; x_wconf 96' lang='lat' dir='ltr'><strong>in</strong></span> <span class='ocrx_word' id='word_1_468' title='bbox 966 4412 1136 4495; x_wconf 87' lang='lat' dir='ltr'><strong>imperium</strong></span> <span class='ocrx_word' id='word_1_469' title='bbox 1162 4420 1210 4474; x_wconf 89' lang='lat' dir='ltr'><strong>est</strong></span> <span class='ocrx_word' id='word_1_470' title='bbox 1234 4410 1377 4492; x_wconf 88' lang='lat' dir='ltr'><strong>regimen</strong></span> <span class='ocrx_word' id='word_1_471' title='bbox 1396 4411 1493 4473; x_wconf 91' lang='lat' dir='ltr'><strong>totius</strong></span> <span class='ocrx_word' id='word_1_472' title='bbox 1513 4432 1569 4475; x_wconf 90' lang='lat' dir='ltr'><strong>seu</strong></span> <span class='ocrx_word' id='word_1_473' title='bbox 1589 4414 1717 4477; x_wconf 90' lang='lat' dir='ltr'><strong>uuiver-</strong></span> 
     </span>
     <span class='ocr_line' id='line_1_41' title="bbox 158 4507 1715 4595; baseline -0.001 -19"><span class='ocrx_word' id='word_1_474' title='bbox 158 4512 238 4591; x_wconf 91' lang='lat' dir='ltr'><strong>lide,</strong></span> <span class='ocrx_word' id='word_1_475' title='bbox 267 4511 385 4575; x_wconf 90' lang='lat' dir='ltr'><strong>utilitas</strong></span> <span class='ocrx_word' id='word_1_476' title='bbox 412 4512 445 4573; x_wconf 94' lang='lat' dir='ltr'><strong>in</strong></span> <span class='ocrx_word' id='word_1_477' title='bbox 470 4531 577 4594; x_wconf 89' lang='lat' dir='ltr'><strong>opere,</strong></span> <span class='ocrx_word' id='word_1_478' title='bbox 597 4521 629 4574; x_wconf 92' lang='lat' dir='ltr'><strong>et</strong></span> <span class='ocrx_word' id='word_1_479' title='bbox 653 4512 800 4593; x_wconf 89' lang='lat' dir='ltr'><strong>quintum</strong></span> <span class='ocrx_word' id='word_1_480' title='bbox 825 4515 909 4595; x_wconf 86' lang='lat' dir='ltr'><strong>quod</strong></span> <span class='ocrx_word' id='word_1_481' title='bbox 966 4509 1040 4573; x_wconf 90' lang='lat' dir='ltr'><strong>salis</strong></span> <span class='ocrx_word' id='word_1_482' title='bbox 1071 4510 1243 4587; x_wconf 80' lang='lat' dir='ltr'><strong>Ecclesiae3</strong></span> <span class='ocrx_word' id='word_1_483' title='bbox 1274 4510 1326 4571; x_wconf 91' lang='lat' dir='ltr'><strong>cui</strong></span> <span class='ocrx_word' id='word_1_484' title='bbox 1354 4507 1502 4591; x_wconf 79' lang='lat' dir='ltr'><strong>praelatus</strong></span> <span class='ocrx_word' id='word_1_485' title='bbox 1530 4519 1579 4572; x_wconf 91' lang='lat' dir='ltr'><strong>est</strong></span> <span class='ocrx_word' id='word_1_486' title='bbox 1606 4511 1715 4575; x_wconf 87' lang='lat' dir='ltr'><strong>Petrus</strong></span> 
     </span>
     <span class='ocr_line' id='line_1_42' title="bbox 158 4608 1715 4693; baseline -0.001 -18"><span class='ocrx_word' id='word_1_487' title='bbox 158 4613 233 4675; x_wconf 92' lang='lat' dir='ltr'><strong>addi</strong></span> <span class='ocrx_word' id='word_1_488' title='bbox 250 4619 364 4693; x_wconf 87' lang='lat' dir='ltr'><strong>potest,</strong></span> <span class='ocrx_word' id='word_1_489' title='bbox 381 4610 564 4693; x_wconf 82' lang='lat' dir='ltr'><strong>congruitas</strong></span> <span class='ocrx_word' id='word_1_490' title='bbox 584 4610 616 4672; x_wconf 94' lang='lat' dir='ltr'><strong>in</strong></span> <span class='ocrx_word' id='word_1_491' title='bbox 637 4619 790 4693; x_wconf 91' lang='lat' dir='ltr'><strong>tempore.</strong></span> <span class='ocrx_word' id='word_1_492' title='bbox 808 4613 910 4677; x_wconf 90' lang='lat' dir='ltr'><strong>Primo</strong></span> <span class='ocrx_word' id='word_1_493' title='bbox 966 4618 1117 4690; x_wconf 88' lang='lat' dir='ltr'><strong>tanquam</strong></span> <span class='ocrx_word' id='word_1_494' title='bbox 1140 4617 1243 4671; x_wconf 91' lang='lat' dir='ltr'><strong>rector</strong></span> <span class='ocrx_word' id='word_1_495' title='bbox 1268 4608 1380 4689; x_wconf 90' lang='lat' dir='ltr'><strong>ipsius,</strong></span> <span class='ocrx_word' id='word_1_496' title='bbox 1397 4608 1525 4689; x_wconf 90' lang='lat' dir='ltr'><strong>quaudo</strong></span> <span class='ocrx_word' id='word_1_497' title='bbox 1549 4628 1568 4671; x_wconf 91' lang='lat' dir='ltr'><strong>a</strong></span> <span class='ocrx_word' id='word_1_498' title='bbox 1592 4610 1715 4674; x_wconf 86' lang='lat' dir='ltr'><strong>Christo</strong></span> 
     </span>
     <span class='ocr_line' id='line_1_43' title="bbox 159 4706 1714 4792; baseline -0.001 -19"><span class='ocrx_word' id='word_1_499' title='bbox 159 4709 334 4791; x_wconf 90' lang='lat' dir='ltr'><strong>requiritur</strong></span> <span class='ocrx_word' id='word_1_500' title='bbox 352 4709 523 4772; x_wconf 87' lang='lat' dir='ltr'><strong>auctoritas</strong></span> <span class='ocrx_word' id='word_1_501' title='bbox 549 4709 581 4771; x_wconf 90' lang='lat' dir='ltr'><strong>in</strong></span> <span class='ocrx_word' id='word_1_502' title='bbox 606 4708 790 4772; x_wconf 82' lang='lat' dir='ltr'><strong>conferente</strong></span> <span class='ocrx_word' id='word_1_503' title='bbox 812 4734 818 4771; x_wconf 94' lang='lat'><strong>:</strong></span> <span class='ocrx_word' id='word_1_504' title='bbox 840 4730 909 4792; x_wconf 84' lang='lat' dir='ltr'><strong>quae</strong></span> <span class='ocrx_word' id='word_1_505' title='bbox 965 4715 1169 4771; x_wconf 90' lang='lat' dir='ltr'><strong>consecratus</strong></span> <span class='ocrx_word' id='word_1_506' title='bbox 1188 4716 1220 4768; x_wconf 91' lang='lat' dir='ltr'><strong>et</strong></span> <span class='ocrx_word' id='word_1_507' title='bbox 1244 4706 1400 4787; x_wconf 89' lang='lat' dir='ltr'><strong>spirituali</strong></span> <span class='ocrx_word' id='word_1_508' title='bbox 1425 4707 1575 4770; x_wconf 90' lang='lat' dir='ltr'><strong>unctione</strong></span> <span class='ocrx_word' id='word_1_509' title='bbox 1599 4718 1714 4772; x_wconf 92' lang='lat' dir='ltr'><strong>unctus</strong></span> 
     </span>
     <span class='ocr_line' id='line_1_44' title="bbox 158 4805 1714 4891; baseline 0.001 -22"><span class='ocrx_word' id='word_1_510' title='bbox 158 4807 381 4891; x_wconf 91' lang='lat' dir='ltr'><strong>principaliter</strong></span> <span class='ocrx_word' id='word_1_511' title='bbox 403 4807 519 4869; x_wconf 91' lang='lat' dir='ltr'><strong>residet</strong></span> <span class='ocrx_word' id='word_1_512' title='bbox 544 4807 577 4868; x_wconf 95' lang='lat' dir='ltr'><strong>in</strong></span> <span class='ocrx_word' id='word_1_513' title='bbox 597 4825 722 4870; x_wconf 90' lang='lat' dir='ltr'><strong>summo</strong></span> <span class='ocrx_word' id='word_1_514' title='bbox 741 4807 906 4871; x_wconf 87' lang='lat' dir='ltr'><strong>Pontilice.</strong></span> <span class='ocrx_word' id='word_1_515' title='bbox 965 4806 1064 4869; x_wconf 91' lang='lat' dir='ltr'><strong>estin</strong></span> <span class='ocrx_word' id='word_1_516' title='bbox 1085 4824 1244 4867; x_wconf 91' lang='lat' dir='ltr'><strong>summum</strong></span> <span class='ocrx_word' id='word_1_517' title='bbox 1263 4805 1461 4868; x_wconf 91' lang='lat' dir='ltr'><strong>Pontilicem.</strong></span> <span class='ocrx_word' id='word_1_518' title='bbox 1478 4806 1579 4888; x_wconf 87' lang='lat' dir='ltr'><strong>Hujus</strong></span> <span class='ocrx_word' id='word_1_519' title='bbox 1601 4809 1714 4871; x_wconf 90' lang='lat' dir='ltr'><strong>domus</strong></span> 
     </span>
     <span class='ocr_line' id='line_1_45' title="bbox 159 4904 1714 4987; baseline 0.001 -18"><span class='ocrx_word' id='word_1_520' title='bbox 159 4907 249 4969; x_wconf 88' lang='lat' dir='ltr'><strong>Sicut</strong></span> <span class='ocrx_word' id='word_1_521' title='bbox 264 4906 349 4969; x_wconf 91' lang='lat' dir='ltr'><strong>enim</strong></span> <span class='ocrx_word' id='word_1_522' title='bbox 366 4906 399 4967; x_wconf 95' lang='lat' dir='ltr'><strong>in</strong></span> <span class='ocrx_word' id='word_1_523' title='bbox 415 4924 546 4987; x_wconf 90' lang='lat' dir='ltr'><strong>corpore</strong></span> <span class='ocrx_word' id='word_1_524' title='bbox 562 4905 697 4968; x_wconf 89' lang='lat' dir='ltr'><strong>naturali</strong></span> <span class='ocrx_word' id='word_1_525' title='bbox 715 4906 842 4968; x_wconf 90' lang='lat' dir='ltr'><strong>unicum</strong></span> <span class='ocrx_word' id='word_1_526' title='bbox 863 4917 911 4970; x_wconf 92' lang='lat' dir='ltr'><strong>est</strong></span> <span class='ocrx_word' id='word_1_527' title='bbox 965 4914 1012 4968; x_wconf 88' lang='lat' dir='ltr'><strong>est</strong></span> <span class='ocrx_word' id='word_1_528' title='bbox 1026 4906 1144 4987; x_wconf 83' lang='lat' dir='ltr'><strong>duplex</strong></span> <span class='ocrx_word' id='word_1_529' title='bbox 1162 4912 1314 4987; x_wconf 89' lang='lat' dir='ltr'><strong>potestas,</strong></span> <span class='ocrx_word' id='word_1_530' title='bbox 1330 4904 1480 4968; x_wconf 90' lang='lat' dir='ltr'><strong>videlicet</strong></span> <span class='ocrx_word' id='word_1_531' title='bbox 1497 4906 1714 4970; x_wconf 90' lang='lat' dir='ltr'><strong>ecclesiastica</strong></span> 
     </span>
     <span class='ocr_line' id='line_1_46' title="bbox 159 5003 1714 5089; baseline 0 -21"><span class='ocrx_word' id='word_1_532' title='bbox 159 5012 267 5087; x_wconf 88' lang='lat' dir='ltr'><strong>caput,</strong></span> <span class='ocrx_word' id='word_1_533' title='bbox 284 5004 316 5066; x_wconf 94' lang='lat' dir='ltr'><strong>in</strong></span> <span class='ocrx_word' id='word_1_534' title='bbox 336 5023 398 5085; x_wconf 92' lang='lat' dir='ltr'><strong>quo</strong></span> <span class='ocrx_word' id='word_1_535' title='bbox 423 5004 516 5086; x_wconf 91' lang='lat' dir='ltr'><strong>positi</strong></span> <span class='ocrx_word' id='word_1_536' title='bbox 542 5013 616 5065; x_wconf 93' lang='lat' dir='ltr'><strong>sunt</strong></span> <span class='ocrx_word' id='word_1_537' title='bbox 639 5023 749 5066; x_wconf 92' lang='lat' dir='ltr'><strong>omnes</strong></span> <span class='ocrx_word' id='word_1_538' title='bbox 774 5024 907 5083; x_wconf 81' lang='lat' dir='ltr'><strong>sensus3</strong></span> <span class='ocrx_word' id='word_1_539' title='bbox 965 5013 997 5067; x_wconf 90' lang='lat' dir='ltr'><strong>et</strong></span> <span class='ocrx_word' id='word_1_540' title='bbox 1018 5004 1198 5080; x_wconf 82' lang='lat' dir='ltr'><strong>saecularis3</strong></span> <span class='ocrx_word' id='word_1_541' title='bbox 1215 5011 1247 5065; x_wconf 91' lang='lat' dir='ltr'><strong>et</strong></span> <span class='ocrx_word' id='word_1_542' title='bbox 1267 5003 1433 5085; x_wconf 87' lang='lat' dir='ltr'><strong>utriusque</strong></span> <span class='ocrx_word' id='word_1_543' title='bbox 1457 5006 1622 5084; x_wconf 87' lang='lat' dir='ltr'><strong>potestatis</strong></span> <span class='ocrx_word' id='word_1_544' title='bbox 1647 5006 1714 5089; x_wconf 90' lang='lat' dir='ltr'><strong>api-</strong></span> 
     </span>
     <span class='ocr_line' id='line_1_47' title="bbox 159 5100 1715 5187; baseline -0.001 -19"><span class='ocrx_word' id='word_1_545' title='bbox 159 5106 207 5168; x_wconf 89' lang='lat' dir='ltr'><strong>sic</strong></span> <span class='ocrx_word' id='word_1_546' title='bbox 233 5105 266 5166; x_wconf 89' lang='lat' dir='ltr'><strong>in</strong></span> <span class='ocrx_word' id='word_1_547' title='bbox 291 5122 422 5187; x_wconf 91' lang='lat' dir='ltr'><strong>corpore</strong></span> <span class='ocrx_word' id='word_1_548' title='bbox 447 5104 592 5185; x_wconf 87' lang='lat' dir='ltr'><strong>mystico,</strong></span> <span class='ocrx_word' id='word_1_549' title='bbox 609 5105 692 5184; x_wconf 92' lang='lat' dir='ltr'><strong>quod</strong></span> <span class='ocrx_word' id='word_1_550' title='bbox 718 5112 766 5165; x_wconf 87' lang='lat' dir='ltr'><strong>cst</strong></span> <span class='ocrx_word' id='word_1_551' title='bbox 791 5112 854 5167; x_wconf 90' lang='lat' dir='ltr'><strong>tota</strong></span> <span class='ocrx_word' id='word_1_552' title='bbox 879 5113 910 5166; x_wconf 92' lang='lat' dir='ltr'><strong>et</strong></span> <span class='ocrx_word' id='word_1_553' title='bbox 965 5122 1035 5165; x_wconf 92' lang='lat' dir='ltr'><strong>cem</strong></span> <span class='ocrx_word' id='word_1_554' title='bbox 1050 5110 1137 5165; x_wconf 92' lang='lat' dir='ltr'><strong>tenet</strong></span> <span class='ocrx_word' id='word_1_555' title='bbox 1150 5100 1292 5163; x_wconf 81' lang='lat' dir='ltr'><strong>Pontifex</strong></span> <span class='ocrx_word' id='word_1_556' title='bbox 1314 5120 1457 5163; x_wconf 91' lang='lat' dir='ltr'><strong>summus</strong></span> <span class='ocrx_word' id='word_1_557' title='bbox 1475 5124 1482 5161; x_wconf 75' lang='grc' dir='ltr'>ε</span> <span class='ocrx_word' id='word_1_558' title='bbox 1500 5101 1592 5181; x_wconf 89' lang='lat' dir='ltr'><strong>cujus</strong></span> <span class='ocrx_word' id='word_1_559' title='bbox 1615 5103 1715 5186; x_wconf 89' lang='lat' dir='ltr'><strong>impe·</strong></span> 
     </span>
    </p>
   </div>
   <div class='ocr_carea' id='block_1_3' title="bbox 159 5198 1714 5383">
    <p class='ocr_par' dir='ltr' id='par_1_7' title="bbox 159 5198 1714 5383">
     <span class='ocr_line' id='line_1_48' title="bbox 159 5198 1714 5284; baseline -0.001 -18"><span class='ocrx_word' id='word_1_560' title='bbox 159 5202 350 5266; x_wconf 89' lang='lat' dir='ltr'><strong>universalis</strong></span> <span class='ocrx_word' id='word_1_561' title='bbox 364 5202 515 5279; x_wconf 84' lang='lat' dir='ltr'><strong>Ecclesia,</strong></span> <span class='ocrx_word' id='word_1_562' title='bbox 529 5211 577 5265; x_wconf 92' lang='lat' dir='ltr'><strong>est</strong></span> <span class='ocrx_word' id='word_1_563' title='bbox 591 5222 691 5265; x_wconf 90' lang='lat' dir='ltr'><strong>unum</strong></span> <span class='ocrx_word' id='word_1_564' title='bbox 706 5210 811 5284; x_wconf 89' lang='lat' dir='ltr'><strong>caput,</strong></span> <span class='ocrx_word' id='word_1_565' title='bbox 825 5204 908 5284; x_wconf 88' lang='lat' dir='ltr'><strong>quod</strong></span> <span class='ocrx_word' id='word_1_566' title='bbox 965 5202 1047 5263; x_wconf 94' lang='lat' dir='ltr'><strong>rium</strong></span> <span class='ocrx_word' id='word_1_567' title='bbox 1062 5201 1157 5263; x_wconf 88' lang='lat' dir='ltr'><strong>debet</strong></span> <span class='ocrx_word' id='word_1_568' title='bbox 1178 5198 1328 5277; x_wconf 90' lang='lat' dir='ltr'><strong>revereri,</strong></span> <span class='ocrx_word' id='word_1_569' title='bbox 1345 5199 1449 5261; x_wconf 88' lang='lat' dir='ltr'><strong>timeri</strong></span> <span class='ocrx_word' id='word_1_570' title='bbox 1463 5218 1500 5261; x_wconf 90' lang='lat' dir='ltr'><strong>ac</strong></span> <span class='ocrx_word' id='word_1_571' title='bbox 1516 5200 1619 5283; x_wconf 80' lang='lat' dir='ltr'><strong>diligi,</strong></span> <span class='ocrx_word' id='word_1_572' title='bbox 1637 5222 1714 5265; x_wconf 91' lang='lat' dir='ltr'><strong>cuu-</strong></span> 
     </span>
     <span class='ocr_line' id='line_1_49' title="bbox 159 5297 1713 5383; baseline -0.001 -18"><span class='ocrx_word' id='word_1_573' title='bbox 159 5321 305 5365; x_wconf 88' lang='lat' dir='ltr'><strong>summus</strong></span> <span class='ocrx_word' id='word_1_574' title='bbox 320 5309 368 5363; x_wconf 92' lang='lat' dir='ltr'><strong>est</strong></span> <span class='ocrx_word' id='word_1_575' title='bbox 381 5298 663 5381; x_wconf 79' lang='lat' dir='ltr'><strong>Pontifex,lrabens</strong></span> <span class='ocrx_word' id='word_1_576' title='bbox 679 5301 907 5383; x_wconf 87' lang='lat' dir='ltr'><strong>plenitudinem</strong></span> <span class='ocrx_word' id='word_1_577' title='bbox 965 5309 1099 5382; x_wconf 89' lang='lat' dir='ltr'><strong>ctusque</strong></span> <span class='ocrx_word' id='word_1_578' title='bbox 1128 5297 1264 5383; x_wconf 93' lang='lat' dir='ltr'><strong>populus</strong></span> <span class='ocrx_word' id='word_1_579' title='bbox 1293 5298 1484 5361; x_wconf 90' lang='lat' dir='ltr'><strong>christianus</strong></span> <span class='ocrx_word' id='word_1_580' title='bbox 1519 5298 1549 5360; x_wconf 90' lang='lat' dir='ltr'><strong>ei</strong></span> <span class='ocrx_word' id='word_1_581' title='bbox 1583 5300 1713 5364; x_wconf 90' lang='lat' dir='ltr'><strong>obedire</strong></span> 
     </span>
    </p>
   </div>
   <div class='ocr_carea' id='block_1_4' title="bbox 0 0 2160 6248">
    <p class='ocr_par' dir='ltr' id='par_1_8' title="bbox 0 0 2160 6248">
     <span class='ocr_line' id='line_1_50' title="bbox 0 0 2160 6248; baseline 0 0"><span class='ocrx_word' id='word_1_582' title='bbox 0 0 2160 6248; x_wconf 95' lang='lat' dir='ltr'><strong> </strong></span> 
     </span>
    </p>
   </div>
  </div>
 </body>
</html>
