4309 6250
499 485 619 536 comas
639 485 807 534 rnarrnrcrr
826 484 999 544 cauom,
1021 485 1112 534 nere
1132 486 1165 534 rr.
1188 503 1229 516 -
1250 486 1319 534 rur.
1344 485 1388 532 vrr
1657 463 1717 532 283

166 677 228 740 que
243 657 368 722 libidini
382 657 590 740 congruentia
603 657 746 738 sapiunt,
758 656 813 739 qui
828 655 954 720 ete-b
973 656 1330 739 superdeliciosissimus
1345 665 1376 720 et
1391 657 1566 719 immensus
1580 675 1599 718 a
1612 661 1719 718 mente

166 775 241 818 nam
270 755 473 838 putredinem
504 755 765 836 immortalesque
792 773 917 816 vermes
973 763 1078 818 creata
1093 775 1150 838 per
1163 756 1334 819 essentiam
1349 755 1448 838 possit
1461 753 1572 818 videri.

165 853 401 930 hereditabunt,
413 853 489 936 quia
503 871 673 935 porcorum
689 871 776 916 more
792 871 918 934 semper
1012 853 1121 917 Omnis
1136 854 1219 917 visio
1234 862 1327 936 atque
1343 853 1483 935 cognitio
1505 873 1562 936 per
1581 852 1720 935 aliquam

166 953 201 1014 in
224 961 364 1016 stercore
383 960 416 1015 et
429 951 541 1016 loetore
560 951 704 1015 libidinis
723 951 915 1016 volutantur.
972 953 1012 1015 tit
1039 953 1281 1016 similitudinem
1312 952 1356 1014 rei
1385 953 1462 1016 vise
1490 971 1546 1016 sen
1573 952 1718 1034 cognite,

972 1051 1177 1114 exsistentem
1201 1051 1233 1114 in
1260 1051 1387 1114 vidente
1412 1069 1469 1113 seu
1494 1057 1719 1132 cognoscente.

972 1149 1082 1212 Omnis
1106 1158 1211 1212 autem
1240 1149 1417 1212 similitudo
1445 1157 1552 1212 creata
1576 1169 1595 1211 a
1619 1147 1722 1229 perle-

370 1268 615 1333 ARTfflULUS
639 1267 714 1331 vn,
973 1250 1079 1312 ctione
1103 1257 1133 1311 et
1157 1249 1250 1330 plena
1273 1248 1550 1330 representatione
1575 1247 1722 1310 increatae

973 1348 1119 1410 essentie
1143 1346 1255 1410 delicit
1278 1346 1416 1409 infinite.
1441 1347 1522 1409 llinc
1552 1346 1652 1409 sancti
1677 1345 1723 1409 la·

164 1439 214 1498 De
237 1436 403 1512 ineffabili
423 1443 455 1492 ³⁸
486 1435 737 1510 immutabili
758 1435 918 1509 felicitate
973 1455 1080 1508 tentur
1104 1445 1255 1526 theologi,
1276 1445 1359 1526 quod
1385 1444 1520 1527 ipsamet
1542 1444 1650 1508 divina
1675 1441 1749 1506 es-'

286 1525 799 1602 eidl⁰tl⁰⁰mnlum²l⁶⁰²⁰mm
973 1545 1074 1607 sentia
1110 1543 1218 1606 unitur
1252 1543 1412 1606 mentibus
1448 1543 1616 1606 Beatorum
1652 1542 1723 1606 loco

973 1641 1186 1723 intelligibilis
1215 1641 1335 1720 terme,
1367 1659 1430 1704 non
1461 1641 1552 1722 quasi
1581 1649 1723 1703 mentem

237 1737 433 1820 'l'opposita
453 1737 544 1818 juxta
564 1756 598 1798 se
614 1735 715 1817 posito
736 1736 855 1798 clarius
871 1736 919 1798 in·
973 1750 1110 1804 creatam
1142 1739 1330 1816 informans,
1361 1739 1416 1802 sed
1450 1757 1520 1802 eam
1550 1737 1722 1822 perliniens

251 1844 430 1914 notescunt,
460 1842 493 1898 et
528 1842 593 1897 tarn
627 1835 792 1898 Sarraceni
821 1854 916 1916 quam
935 1837 1067 1920 Batque
1089 1839 1297 1902 illuminans:
1316 1838 1426 1918 sicque
1450 1837 1560 1900 divina
1584 1837 1723 1900 essentia

164 1935 367 2000 obtenebrati
386 1934 484 1998 ludei
504 1954 561 1997 sue
580 1935 705 1996 discant
723 1935 819 1996 corda
842 1933 918 1996 sim·
973 1947 1022 2001 est
1046 1937 1206 1999 mentibus
1230 1936 1293 1999 Deo
1318 1935 1509 2014 fruentibus,
1525 1935 1610 2018 quod
1636 1936 1722 1998 vide·

163 2035 300 2117 plicare,
318 2053 426 2096 veram
440 2031 670 2096 beatitudinem
685 2051 830 2110 noscere,
846 2032 918 2113 ejus
973 2045 1025 2099 tur
1054 2045 1087 2098 et
1114 2054 1178 2116 quo
1202 2035 1338 2113 videtur,
1365 2034 1396 2096 id
1426 2043 1475 2096 est
1503 2035 1665 2116 objectum
1691 2043 1723 2097 et

163 2152 295 2214 quoque
311 2131 428 2194 intuitu
443 2138 474 2193 et
487 2149 595 2194 amore
615 2129 755 2192 carnalia
769 2149 919 2211 asperna·
973 2135 1108 2217 species.

165 2233 205 2303 ri,
223 2230 431 2312 spiritualiter
451 2229 646 2308 conversari,
663 2236 792 2308 totaque
812 2237 918 2291 mente
1013 2233 1103 2295 Nunc
1129 2231 1245 2312 itaque,
1262 2250 1282 2294 o
1306 2230 1450 2293 ceruales
1475 2231 1632 2310 homines,
1648 2249 1723 2294 con-

163 2332 204 2393 ad
220 2331 322 2392 [lcum
338 2327 555 2391 sincerissime
569 2346 603 2388 se
619 2327 705 2408 ipsos
720 2335 917 2406 convertere,
974 2332 1111 2394 siderate
1125 2348 1220 2412 quam
1237 2327 1446 2391 ineflabiliter
1467 2347 1580 2409 magna
1595 2328 1636 2390 sit
1650 2327 1724 2390 bea-

163 2438 264 2509 atque
288 2433 485 2509 perarctam
507 2425 591 2487 viam
613 2425 724 2487 salutis
748 2427 920 2507 quamde
975 2430 1076 2492 titudo
1104 2437 1136 2490 et
1163 2427 1263 2508 gloria
1291 2426 1435 2489 omnium
1463 2427 1641 2506 beatorum,
1667 2427 1723 2508 qui

166 2527 237 2590 cuit
259 2525 405 2587 Christus
429 2523 599 2599 incedere,
616 2542 701 2585 nunc
725 2523 765 2585 de
789 2543 863 2585 vere
888 2533 921 2586 et
974 2527 1073 2590 Deum
1089 2526 1172 2590 clare
1187 2533 1219 2587 et
1233 2525 1352 2606 absque
1374 2524 1532 2588 velamine
1548 2524 1723 2604 intuentur,

165 2623 325 2703 etei-nali,
340 2621 552 2684 mundissima
565 2629 597 2684 et
613 2619 760 2684 deiformi
775 2621 919 2684 omniurn
974 2625 1108 2706 ejusque
1124 2624 1263 2686 increata
1278 2629 1371 2704 etque
1388 2622 1542 2685 immensa
1556 2623 1724 2686 dulcedine

166 2724 346 2786 electorum
369 2719 566 2783 beatitudine
591 2718 726 2800 aliquid,
752 2727 920 2800 prestante
975 2723 1193 2805 perfruuntur.
1220 2721 1331 2784 Nonne
1360 2741 1397 2784 err
1427 2721 1546 2784 unione
1576 2722 1724 2804 potentie
1811 2719 1814 2724 ’

165 2819 348 2896 Altissimo,
364 2827 504 2900 ungam.
974 2841 1048 2884 cum
1069 2821 1195 2902 objecto
1218 2819 1420 2882 convenienti
1438 2819 1540 2882 oritur
1559 2820 1722 2900 gaudium,

79 2954 150 2983 aar.
207 2919 331 2999 ltaque,
346 2936 385 2979 ex
404 2915 544 2998 probatis
563 2915 595 2976 in
610 2915 713 2996 primo
732 2924 866 2978 tractatu
880 2935 919 2978 ex
974 2927 1139 3000 etquante
1155 2917 1294 3000 potentia
1313 2925 1411 2980 exstat
1433 2916 1572 2980 nobilior
1586 2928 1617 2980 et
1637 2918 1725 2999 obje-

165 3016 353 3080 divinarum
378 3013 569 3077 testimoniis
590 3013 837 3096 Scripturarum,
852 3013 917 3095 jem
937 3019 1061 3082 (lcturu
1090 3017 1161 3098 ejus
1190 3016 1389 3098 prestantius
1417 3016 1724 3097 convenientiusque

164 3132 383 3200 presuppono
402 3113 486 3195 quod
507 3132 581 3176 vere
600 3121 632 3177 et
651 3112 795 3175 ultimate
817 3113 920 3176 homi·
974 3115 1140 3195 exstiterit,
1168 3115 1237 3197 ipsa
1260 3134 1385 3195 quoque
1406 3132 1515 3177 eorum
1538 3113 1724 3195 conjunctio

163 3236 245 3278 num
260 3214 438 3290 beatitudo,
455 3211 487 3273 in
503 3212 590 3274 clara
608 3230 645 3273 ac
666 3212 848 3275 immediata
864 3213 917 3275 [lei
974 3234 1038 3297 quo
1066 3213 1279 3277 immediatior
1301 3221 1333 3275 et
1357 3212 1592 3275 connaturalior
1615 3213 1723 3291 luerit,

163 3313 321 3377 adorandi
350 3331 387 3374 ac
421 3310 698 3393 superdignissimi
727 3309 856 3373 lruitiva
888 3320 918 3373 et
974 3322 1062 3375 tento
1087 3312 1255 3375 delectatio
1276 3310 1351 3373 inde
1371 3329 1567 3392 consurgens
1590 3319 1637 3373 est
1660 3330 1725 3373 rna-

161 3409 402 3475 amorosissima
412 3410 534 3471 visione
548 3407 801 3472 consistatllanc
816 3418 919 3472 autem
973 3409 1046 3492 jort
1071 3410 1173 3485 Ouum
1200 3410 1305 3491 itaque
1329 3409 1412 3471 Deus
1437 3409 1476 3470 sit
1500 3428 1558 3471 ens
1580 3408 1724 3471 absolute

163 3508 353 3575 beatificam
368 3508 423 3571 llei
439 3506 633 3569 sanctissimi
655 3507 811 3570 visionem
830 3517 920 3589 puta·
974 3508 1271 3589 omniformiterque
1295 3508 1485 3589 perlectum,
1505 3508 1538 3569 in
1562 3526 1626 3588 quo
1650 3527 1724 3571 vere

163 3610 245 3671 bant
270 3606 389 3669 summi
416 3604 610 3688 philosophi,
638 3624 701 3668 non
730 3606 833 3669 solum
861 3608 920 3669 hu·
974 3627 1011 3669 ac
1031 3606 1268 3688 simplicissime
1290 3625 1362 3668 cum
1384 3606 1570 3669 excellentia
1596 3605 1724 3669 inlinita

164 3705 284 3781 manis,
318 3705 374 3767 sed
409 3702 564 3785 angelicis
597 3721 724 3784 quoque
759 3704 918 3767 mentibus
974 3704 1241 3768 consistitomnis
1257 3703 1417 3781 nobilitas,
1435 3704 1540 3767 omnis
1557 3698 1723 3785 perfectio,

164 3802 404 3885 impossibilem
419 3822 500 3879 esse,
517 3820 555 3864 eo
576 3802 661 3882 quod
683 3801 920 3865 incircumscri-
974 3804 1080 3867 omnis
1106 3802 1268 3866 beatitudo
1289 3810 1320 3864 et
1341 3802 1452 3883 gloria,
1470 3802 1574 3865 omnis
1600 3803 1725 3884 sapien-

164 3902 294 3987 ptihilis
315 3902 398 3964 lleus
418 3918 546 3963 omnem
569 3908 708 3962 mentem
729 3908 867 3963 creatam
886 3900 918 3962 in
975 3902 1028 3976 tia,
1045 3900 1276 3983 omnipotentia
1290 3920 1327 3963 ac
1348 3900 1523 3982 opulentia,
1541 3900 1725 3963 intermina-

164 4000 339 4063 inlinitum
354 3997 567 4076 transcendat,
584 4016 689 4078 neque
707 4016 765 4079 per
779 3998 918 4079 aliquem
974 4001 1048 4063 bilis
1069 3998 1284 4081 pulchritudo,
1301 3999 1456 4061 immensa
1479 4000 1625 4078 dulcedo,
1650 3999 1724 4062 inli-

164 4100 306 4162 lormam
328 4104 466 4159 creatam
486 4115 504 4157 a
525 4103 630 4157 mente
649 4105 753 4159 creata
775 4097 918 4178 conspici
974 4099 1042 4161 nita
1056 4099 1170 4180 pietas,
1188 4098 1456 4179 superpurissima
1475 4098 1603 4176 veritas,
1620 4099 1723 4162 omnis

164 4198 253 4261 clare
274 4194 371 4258 sicuti
393 4194 427 4256 in
445 4214 481 4257 se
499 4194 568 4275 ipso
587 4202 634 4256 est
655 4193 765 4276 possit,
782 4214 821 4258 eo
833 4197 917 4276 quod
934 4198 1135 4273 Dsanctitas‚
1153 4196 1254 4259 virtus
1269 4204 1363 4277 atque
1383 4197 1526 4277 justitia3
1543 4197 1611 4278 ipse
1626 4197 1722 4261 etiam

163 4295 275 4359 omnis
301 4294 405 4355 torma
424 4291 610 4373 speciesque
630 4300 746 4369 creata,
764 4312 783 4355 a
801 4294 918 4356 divine
974 4296 1154 4359 intellectus
1170 4295 1211 4357 sit
1226 4313 1373 4376 suprema
1395 4296 1442 4357 vis
1458 4296 1583 4374 anime,
1601 4305 1632 4359 et
1646 4297 1723 4359 unio

163 4394 318 4458 essentie
346 4392 432 4455 clara
459 4410 497 4453 ac
522 4391 616 4473 plena
640 4392 918 4474 representatione
973 4394 1027 4457 illa
1052 4393 1169 4455 mentis
1195 4400 1308 4456 create
1333 4412 1406 4454 cum
1427 4392 1502 4471 Deo,
1519 4394 1551 4455 in
1572 4412 1634 4475 qua
1653 4394 1722 4477 ipsa

164 4493 302 4556 deliciet
316 4489 456 4553 infinite.
470 4489 558 4552 Unde
572 4489 611 4551 ad
628 4489 710 4552 hanc
732 4499 919 4571 supernatu-
973 4492 1084 4555 divina
1107 4492 1246 4553 essentia
1275 4492 1344 4553 loco
1373 4491 1587 4572 intelligibilis
1612 4492 1722 4557 forme

164 4592 268 4653 ralem
291 4588 410 4650 divine
433 4586 514 4649 lucis
537 4585 749 4667 increateque
772 4586 919 4651 Veritatis
973 4591 1083 4653 unitur
1099 4590 1196 4651 menti
1210 4598 1334 4669 create,
1352 4588 1394 4651 sit
1408 4608 1537 4670 prorsus
1558 4592 1722 4655 immedia-

164 4686 351 4751 bcatilicam
366 4685 523 4748 visionem
538 4683 683 4747 homines
698 4704 768 4747 esse
783 4695 916 4766 creatoS,
974 4699 1015 4767 ta,
1037 4688 1432 4769 superconnaturelissima
1456 4697 1486 4751 et
1510 4710 1721 4771 superconve-

163 4806 233 4849 non
262 4803 302 4846 err
332 4782 467 4845 naturali
497 4782 628 4857 ratione,
656 4783 711 4845 sed
736 4782 917 4846 divinarum
973 4787 1332 4850 nientissima:constat
1345 4786 1496 4867 gaudium
1513 4786 1590 4849 illud
1605 4790 1720 4851 mentis

162 4884 406 4965 scripturarum
420 4881 640 4960 instructione,
656 4881 772 4944 Christi
791 4891 823 4945 et
837 4884 919 4963 Apo-
973 4894 1096 4961 create,
1109 4893 1171 4945 taur
1187 4884 1339 4964 angelice
1355 4903 1448 4966 quam
1465 4885 1621 4965 humane,
1635 4890 1718 4969 quod

162 4982 324 5046 stolorum
359 4999 396 5041 ac
431 4978 657 5061 Prophetarum
693 4980 918 5061 predicatione
972 4984 1067 5047 habet
1091 5002 1129 5043 ex
1154 5001 1210 5043 sue
1230 4980 1379 5043 beatifica
1404 4982 1520 5045 unione
1544 4984 1582 5047 ed
1607 4986 1717 5062 Deum,

162 5079 349 5155 verissima,
375 5076 557 5139 divinorum
585 5076 813 5140 miraculorum
840 5086 918 5141 atte—
971 5081 1121 5146 videlicet
1143 5100 1181 5142 ex
1200 5081 1285 5143 clara
1305 5089 1337 5143 ct
1357 5080 1538 5144 immediata
1558 5102 1593 5145 ac
1618 5082 1719 5145 fruiti-

162 5176 363 5241 stationibus
392 5175 548 5254 roborata,
569 5176 804 5258 cognoscimus.
826 5176 916 5239 Nunc
972 5198 1011 5239 va
1030 5176 1297 5259 contemplatione
1323 5177 1434 5260 ipsius,
1450 5180 1581 5242 omnino
1606 5180 1720 5243 inelle-

161 5294 245 5360 ergo
268 5275 303 5338 in
327 5274 439 5357 primis
462 5274 646 5355 videndum,
671 5275 807 5357 qualiter
834 5274 916 5339 Deus
972 5276 1080 5339 biliter
1111 5285 1206 5357 atque
1231 5276 1524 5359 incomparabiliter
1553 5296 1716 5361 magnum,
