4309 6250
434 477 474 543 28
681 501 722 548 ott
742 502 906 550 utentum
927 501 964 549 ΕΤ
984 503 1134 550 tnunlbus
1154 503 1184 548 tt.
1206 504 1234 547 V.
1257 504 1374 562 ΙΑΕΙΒ,
1397 504 1485 550 tltttttt
1505 505 1526 551 1.
1550 522 1590 534 -
1613 505 1684 550 ΛΒΤ.
1706 505 1740 550 lx

437 677 521 746 nata,
539 670 716 734 mirabilius
731 672 914 755 conciperet
928 692 965 736 ac
980 680 1106 755 pareret
1126 671 1186 734 Ilo-
1201 672 1227 735 A
1240 673 1314 736 sede
1336 674 1521 756 sapphirina
1543 693 1639 755 super
1660 672 1897 735 firmamentum
1912 669 1987 733 Eze-
1999 685 2119 736 anessa

439 768 562 832 minum
578 769 782 849 Salvatorem,
800 778 832 834 et
845 790 910 833 sue
928 770 1104 834 nativitatis
1126 769 1185 832 mi·
1239 771 1335 833 chieli
1351 780 1534 852 monstrata,
1550 779 1582 835 et
1595 772 1634 834 de
1650 779 1740 853 porta
1761 770 1869 834 clausa
1883 769 1985 832 eidem
2012 783 2072 828 [ιιι.

439 867 640 932 raoulositate
668 869 913 952 presignaretur
940 868 1185 932 miraculosissi-
1239 877 1376 947 ostensa,
1400 870 1439 932 de
1461 869 1579 933 vellere
1599 869 1766 949 Gedeonis,
1784 876 1816 931 et
1837 847 2090 950 bonomi-¹323]
2112 925 2114 928 ,

438 983 491 1027 me
509 974 701 1046 conceptura
724 986 761 1029 ao
784 966 925 1047 paritura
949 966 1043 1029 totius
1065 974 1185 1028 naturae
1239 966 1324 1029 libus
1357 967 1475 1030 multis.
1504 968 1686 1049 Figuratum
1720 974 1837 1045 autem,
1871 964 1986 1046 figuris
2001 973 2072 1013 ³⁷⁴⁰·

438 1071 612 1141 auctorem,
643 1063 846 1146 Unigenitum
877 1065 942 1142 Dei,
974 1072 1038 1126 tam
1066 1083 1105 1125 ex
1131 1063 1186 1125 Pa·
1240 1065 1358 1128 suisac
1379 1066 1479 1147 signis
1501 1067 1601 1129 multo
1622 1065 1823 1149 prestantius
1844 1084 1915 1127 esse
1936 1081 1988 1126 co

439 1168 485 1223 tre
513 1179 608 1242 quam
636 1180 675 1224 ex
701 1161 796 1224 blatra
820 1161 1187 1245 incomprehensibiliter
1240 1163 1413 1245 gnosoitur.
1439 1164 1535 1227 Maria
1557 1183 1632 1246 ergo
1656 1164 1855 1245 dignissima,
1880 1181 1990 1243 super-

437 1265 558 1320 natum.
1240 1261 1426 1324 naturaliter
1444 1271 1477 1324 et
1501 1281 1558 1343 per
1577 1261 1753 1342 angelicam
1773 1258 1991 1344 praenuntiati-

476 1354 639 1434 Praeterea,
657 1356 689 1418 in
704 1357 802 1420 veteri
817 1357 1018 1420 Testamento
1037 1357 1187 1437 leguntur
1240 1377 1335 1422 onem
1366 1368 1460 1440 atque
1489 1359 1630 1421 divinam
1659 1359 1917 1442 promissionem,
1941 1364 1990 1420 est

437 1452 567 1535 quidam
596 1454 748 1535 precipui
777 1474 816 1519 ex
844 1453 1004 1517 sterilibus
1031 1453 1186 1516 matribus
1241 1465 1395 1539 concepta
1409 1466 1518 1520 sancta
1539 1465 1571 1520 et
1591 1465 1675 1537 nata,
1693 1456 1869 1539 presertim
1890 1474 1989 1537 quum

438 1551 549 1632 geniti,
566 1553 605 1615 ad
621 1552 849 1615 insinuandum
869 1553 954 1634 quod
976 1552 1074 1614 futuri
1097 1559 1189 1614 erant
1240 1553 1311 1635 ejus
1339 1555 1507 1636 conceptio
1535 1573 1573 1617 ac
1602 1554 1750 1617 nativitas
1778 1554 1819 1616 ab
1846 1552 1989 1616 Ecclesia

438 1647 499 1711 filii
514 1650 622 1731 gratie
637 1650 850 1733 potiusquam
867 1659 1050 1713 naturaazut
1064 1658 1189 1713 constat
1241 1659 1306 1714 tam
1328 1653 1501 1715 solenniter
1521 1656 1570 1732 (nt
1591 1653 1722 1734 dignum
1743 1655 1805 1730 cst)
1826 1651 1990 1714 celebren-

298 1757 384 1810 Gen-11.
391 1763 425 1813 ³⁰³
439 1747 478 1810 de
500 1746 597 1824 Isaac,
616 1747 767 1811 Samsone
786 1757 817 1812 et
841 1749 997 1811 Samuele.
1013 1749 1087 1812 ldeo
1108 1748 1190 1811 veri·
1243 1758 1305 1812 tur.
1321 1750 1406 1813 Istud
1421 1769 1558 1833 quoque,
1575 1758 1610 1812 ut
1624 1750 1794 1832 allegatum
1813 1757 1862 1812 est
1881 1767 1987 1828 supra,
2003 1773 2044 1814 ιιι.
2057 1783 2087 1812 ιι.

292 1823 426 1938 ξζξῇἷζ,
440 1845 543 1908 simile
562 1855 610 1908 est
628 1848 688 1909 boc
710 1866 836 1930 quoque
858 1846 1093 1929 gratiosissime
1116 1841 1226 1911 con-B
1244 1847 1431 1910 felicissima
1446 1848 1537 1930 virgo
1555 1849 1650 1910 llaria
1672 1848 1789 1929 legitur
1803 1849 1834 1910 S.
1850 1847 1989 1928 brigittae

294 1943 550 2005 retransmissa
574 1944 685 2024 Mariae,
706 1962 775 2025 quea
800 1945 931 2008 Fontem
955 1945 1074 2027 gratiae,
1102 1964 1190 2026 repa·
1245 1947 1413 2009 revelasse.
1438 1946 1519 2009 Hinc
1548 1955 1676 2009 sanctus
1704 1946 1749 2008 ait
1775 1945 1954 2008 Remardus
1980 1968 1988 2006 ι

291 2009 355 2060 ’'²⁰'
442 2049 577 2105 retorem
604 2051 724 2105 naturae
752 2041 856 2106 fuerat
884 2051 1088 2124 conceptura,
1119 2061 1188 2124 quas
1243 2043 1309 2124 Ego
1332 2051 1410 2126 puto
1431 2045 1515 2125 quod
1544 2043 1702 2126 copiosior
1726 2041 1990 2105 sanctificationis

440 2143 490 2220 (ut
503 2139 617 2202 asserit
629 2140 889 2220 Damascenus)a
910 2141 1000 2204 nullo
1015 2140 1188 2203 illustrium
1244 2141 1423 2204 benedictio
1447 2142 1481 2202 in
1510 2141 1756 2204 sacratissimam
1781 2140 1909 2203 llariam
1937 2140 1992 2201 de-

440 2237 591 2316 vincitur,
615 2237 680 2301 imo
709 2238 834 2301 cunctis
860 2238 1036 2302 illustribus
1064 2238 1188 2301 Sanctis
1244 2240 1376 2320 scendit‚
1393 2258 1463 2321 que
1477 2259 1541 2303 non
1556 2247 1679 2302 tantum
1695 2239 1796 2322 ipsius
1811 2237 1991 2302 sanctifica-

437 2334 647 2399 ineffabiliter
670 2336 731 2398 fuit
756 2335 919 2414 illustrior,
947 2337 990 2400 ita
1013 2337 1099 2417 quod
1123 2336 1188 2417 pri·
1244 2338 1328 2400 verit
1346 2347 1461 2416 ortum,
1479 2339 1534 2400 sed
1553 2346 1585 2400 et
1604 2338 1702 2400 vitam
1723 2337 1824 2419 ipsius
1838 2336 1990 2419 deinceps

437 2433 554 2514 vilegia
576 2433 778 2515 dignitatum,
802 2443 988 2498 ornamenta
1011 2434 1185 2517 gratiarum
1242 2435 1282 2498 ab
1305 2436 1392 2498 omni
1421 2444 1551 2518 peccato
1580 2435 1754 2499 servaverit
1777 2435 1953 2496 immunem
1979 2456 1987 2496 ι

435 2531 507 2593 aliis
536 2549 688 2594 concessa
715 2530 892 2594 illustribus
917 2532 1052 2612 Sanctis,
1078 2531 1107 2594 ei
1134 2551 1186 2592 su·
1239 2535 1325 2617 quod
1341 2534 1421 2596 nulli
1437 2532 1527 2596 altari
1543 2534 1576 2595 in
1598 2533 1682 2596 natis
1698 2531 1868 2594 mulierum
1890 2532 1991 2594 credi-

436 2628 566 2692 blimius
582 2637 656 2691 sunt
669 2648 832 2693 concessa.
849 2629 911 2693 lsta
931 2649 1057 2712 quoque
1073 2630 1185 2692 llama·
1242 2639 1295 2694 tur
1316 2651 1385 2695 esse
1408 2632 1568 2695 collatum.

437 2744 552 2788 scenos
582 2725 748 2790 evidenter
778 2726 895 2790 fatetur
920 2751 927 2790 :
954 2725 1109 2806 loacbim,
1136 2726 1184 2788 in-

437 2823 561 2906 quiens,
578 2824 743 2888 honestam
759 2833 792 2888 et
810 2825 902 2888 laude
920 2825 1050 2908 dignam
1070 2825 1104 2886 in
1118 2844 1185 2887 ma-

437 2921 624 2985 trimonium
645 2923 736 2985 duxit
749 2925 882 2986 Annam.
899 2923 960 2986 Sed
979 2923 1060 2985 sieut
1074 2930 1186 2986 venter
1433 2903 1698 2968 ARTICULUS
1734 2904 1797 2967 IX·

437 3023 536 3086 Annae
562 3021 686 3103 Pli⁰si⁵²
707 3021 854 3086 lidelmi
877 3022 1024 3105 ⁰⁰¹¹j¹¹3i⁵
1048 3023 1184 3103 El⁰³¹¹ae²
1202 3020 1224 3083 G
1240 3057 1288 3116 De
1312 3052 1487 3112 nativitate
1511 3052 1746 3111 illustrissimae
1778 3051 1935 3128 Virginis,
1960 3060 1991 3110 et

294 3136 424 3192 rotatu,
439 3118 556 3183 sterilis
579 3119 743 3199 exsistens,
761 3140 817 3203 per
836 3129 944 3183 votum
964 3129 996 3183 et
1018 3121 1188 3203 ropromis-
1277 3144 1402 3221 9„ng
1437 3143 1579 3217 qgorposo
1616 3144 1703 3220 quod
1737 3150 1815 3201 ,ww
1845 3142 1915 3217 suit
1954 3142 1991 3200 ,τη

293 3200 328 3242 ‘⁰'
440 3220 562 3284 sionem
591 3219 716 3301 peperit
744 3219 945 3297 Samuelem;
971 3219 1013 3282 ita
1042 3227 1073 3281 et
1095 3220 1187 3281 Anna
1281 3233 1413 3292 mundo,

439 3318 506 3381 haec
530 3336 587 3399 per
612 3336 723 3400 preces
748 3325 780 3381 et
805 3316 1083 3399 repromissionem
1108 3316 1188 3379 divi-

440 3415 598 3496 ramosi
620 3414 751 3496 protulit
770 3414 974 3478 (ienitrioem.
1326 3419 1432 3479 ULTI
1448 3418 1483 3476 in
1507 3418 1681 3477 nativitate
1701 3419 1773 3495 ejus
1788 3421 1988 3495 pandebant.
2004 3442 2059 3487 tae.
2071 3455 2085 3492 ι,
2100 3443 2133 3483 ιι,

479 3513 642 3590 Praeterea,
658 3531 721 3594 quo
736 3512 836 3574 sancti
851 3512 981 3593 quidam
1001 3512 1117 3574 veteris
1132 3512 1189 3574 l'e·
1336 3515 1424 3577 Sicut
1438 3531 1550 3576 aurora
1566 3514 1775 3596 propinquius
1789 3535 1823 3578 se
1842 3515 1937 3579 babet
1951 3516 1990 3578 ad

440 3612 587 3675 stamenti
617 3610 747 3674 fuerunt
773 3610 897 3673 Christo
932 3610 1186 3692 propinquiores,
1244 3613 1329 3675 diem
1357 3631 1453 3693 quam
1478 3610 1606 3675 Lucifer
1629 3613 1732 3691 stella,
1758 3614 1803 3675 sic
1827 3613 1992 3697 sapientis-

440 3728 602 3773 cocorum
618 3708 785 3791 conceptio
806 3717 837 3771 et
852 3707 1065 3771 sanctificatio
1087 3708 1190 3790 maJ'or
1246 3710 1327 3773 sima
1342 3711 1432 3791 virgo
1446 3709 1541 3772 llaria
1562 3710 1773 3792 propinquius
1795 3720 1890 3792 atquo
1905 3712 1992 3774 simi-

440 3828 477 3871 ac
492 3808 672 3871 mirabilior
685 3806 748 3869 fuit
765 3830 771 3867 ι
791 3814 825 3869 ut
845 3814 931 3889 patet
945 3807 984 3869 de
1000 3806 1189 3869 beatissimis
1245 3808 1307 3871 lius
1321 3807 1433 3870 habuit
1447 3826 1481 3869 se
1495 3808 1534 3869 ad
1549 3806 1707 3870 Christum
1726 3828 1821 3890 quam
1836 3810 1992 3892 gloriosus

441 3908 560 3971 Ioanne
589 3925 625 3968 ao
655 3905 801 3969 Jeremia.
833 3904 934 3978 Quum
964 3904 1061 3986 igitur
1094 3904 1190 3966 unica
1248 3905 1547 3986 loannesBaptista.
1564 3904 1665 3978 Quum
1686 3925 1763 3988 ergo
1784 3907 1906 3989 deipso
1922 3926 1994 3969 san-

337 3993 392 4029 '¹¹'
441 4006 532 4087 virgo
552 4002 745 4067 electissima
759 4002 852 4065 llaria
874 4002 972 4065 fuerit
992 4002 1191 4065 excellentis-
1246 4012 1297 4067 cto
1316 4003 1457 4085 Baptista
1479 4004 1614 4085 desuper
1640 4004 1680 4065 sit
1703 4006 1887 4086 predictum
1909 4004 1991 4089 patri

441 4103 598 4165 simelleo
613 4101 692 4164 Filio
707 4120 764 4163 suo
781 4100 999 4183 propinquior,
1017 4101 1189 4162 tenendum
1246 4101 1317 4184 ejus
1346 4101 1386 4163 ab
1413 4101 1526 4182 angelo
1555 4110 1676 4181 sancto,
1701 4103 1783 4165 Uxor
1810 4111 1863 4166 tua
1890 4104 2130 4186 parietreusau

441 4209 589 4264 censetur
602 4200 686 4280 quod
708 4200 778 4280 ejus
799 4198 967 4281 conceptio
983 4198 1044 4260 fuit
1066 4216 1122 4279 por
1136 4218 1191 4259 an·
1206 4197 1230 4259 1)
1246 4200 1301 4261 tibi
1323 4198 1440 4277 filium,
1456 4206 1488 4261 et
1508 4199 1570 4261 erit
1589 4200 1740 4281 gaudium
1761 4202 1818 4264 tibi
1839 4210 1870 4264 et
1890 4202 1993 4264 exsul-

440 4298 547 4381 gelum
564 4296 773 4380 praenuntiata
787 4296 1004 4378 divinitusque
1020 4296 1188 4377 promissa,
1246 4298 1332 4378 tatio,
1350 4297 1487 4359 etmulti
1501 4297 1534 4359 in
1549 4297 1711 4361 nativitate
1726 4299 1796 4379 ejus
1810 4300 1993 4381 gaudebunt

440 4406 472 4461 et
501 4395 689 4459 miraculose
721 4395 862 4477 impleta.
893 4394 932 4457 Et
960 4394 1030 4477 ipsa
1064 4412 1191 4476 quoque
1245 4399 1291 4476 (et
1315 4397 1375 4459 boc
1400 4396 1433 4457 in
1459 4395 1586 4477 signum
1611 4398 1695 4477 quod
1722 4398 1790 4479 ipse
1814 4399 1891 4460 felix
1914 4398 1993 4460 Prae

440 4502 607 4577 concepta,
634 4512 706 4557 mox
734 4513 798 4577 praa
828 4493 964 4555 leremia
992 4501 1024 4556 et
1051 4493 1190 4575 glorioso
1246 4514 1357 4559 oursor
1371 4495 1614 4557 annuntiaturus
1636 4494 1696 4558 fuit
1716 4505 1747 4558 et
1768 4497 1993 4577 predicaturus

440 4596 560 4658 loanne
583 4592 683 4656 multo
704 4591 910 4655 excellentius
931 4591 994 4653 fuit
1015 4599 1135 4666 sancta,
1159 4599 1191 4653 et
1245 4601 1354 4675 aperte
1369 4593 1563 4655 Salvatorem
1586 4595 1706 4672 mundi,
1723 4594 1838 4656 Filium
1858 4595 1925 4675 Dei,
1942 4615 1995 4657 ve-

441 4692 562 4775 Spiritu
592 4692 707 4755 Sancto
737 4689 770 4752 in
799 4698 944 4752 materno
972 4696 1062 4753 utero
1091 4690 1191 4752 adim·
1246 4691 1331 4753 nisse
1358 4689 1390 4750 in
1420 4709 1526 4768 carne,
1551 4698 1645 4772 atque
1674 4691 1706 4753 in
1737 4692 1863 4772 signnm
1887 4692 1994 4774 gaudii

440 4792 536 4875 plata.
1246 4788 1330 4870 quod
1355 4788 1460 4869 angeli
1489 4788 1589 4850 saneti
1614 4787 1735 4851 Christo
1758 4796 1832 4853 nato
1857 4789 1939 4853 intra
1960 4810 1994 4853 se

482 4888 638 4970 Amplius,
669 4886 780 4969 figure
814 4885 910 4967 hujus
943 4886 1120 4949 benedictae
1155 4905 1192 4948 ac
1246 4886 1435 4967 babuerunt,
1455 4887 1617 4968 Deumque
1639 4886 1796 4950 laudando
1818 4887 1995 4952 forinsecus

442 5006 576 5051 summae
589 4985 691 5048 llariaa
707 5003 836 5066 prorsus
850 4983 1193 5064 dulcissimae,fuerunt
1246 4985 1452 5048 ostenderunt
1473 5007 1480 5047 :
1501 4985 1585 5066 quod
1610 4993 1642 5046 et
1664 4987 1796 5066 angelus
1816 5005 1899 5049 unus
1920 4987 1996 5049 insi-

443 5082 727 5170 supernaturaliter
754 5081 901 5145 exhibitae
937 5091 968 5144 et
1002 5082 1192 5147 miraculose
1247 5082 1562 5165 nuavitpastoribuS,
1578 5082 1751 5161 Annuntio,
1767 5084 1924 5166 inquiens,
1941 5104 1996 5149 vo-
2017 5115 2141 5165 mppr

295 5194 578 5255 amoraostensae
603 5206 609 5245 :
634 5190 669 5245 ut
692 5188 780 5264 patet
803 5181 842 5243 de
868 5181 946 5243 rubo
972 5181 1039 5244 sine
1063 5181 1193 5245 laesione
1248 5181 1295 5243 bis
1310 5180 1461 5263 gaudium
1476 5181 1720 5262 magnum,quia
1735 5189 1827 5243 natus
1842 5189 1891 5245 est
1904 5183 1996 5247 vobis
2011 5181 2044 5219 ¹¹·
2140 5245 2141 5258 ι

284 5304 429 5359 eumuna.
443 5286 585 5361 ardente,
607 5282 647 5345 de
669 5280 757 5361 virga
778 5281 881 5343 Aaron
903 5277 1130 5359 fructificante,
1152 5282 1192 5345 de
1249 5279 1343 5345 hodie
1359 5280 1512 5360 Salvator,
1524 5280 1578 5362 qui
1594 5288 1642 5343 est
1657 5280 1799 5343 Christus
1814 5280 1994 5363 Dominus),
2140 5269 2141 5272 ¹
