4309 6250
464 472 526 542 tao
786 498 931 547 sersrona
952 498 994 545 an
1014 497 1172 545 rnrucrrns
1195 494 1390 543 carnotinos.
1413 516 1453 527 -
1473 495 1543 543 aar.
1567 497 1695 545 uanum

464 665 630 747 subjunxit
650 687 687 731 ac
708 667 837 752 scripsit
857 668 1083 733 revelationem
1103 686 1212 749 quam·
1227 666 1251 729 Α
1267 666 1356 747 sequi
1372 676 1404 730 et
1418 666 1460 729 im
1466 667 1551 747 plere
1562 690 1569 729 ε
1579 666 1622 729 ita
1636 674 1681 746 ut,
1696 666 1786 749 juxta
1800 666 1882 749 quod
1896 666 1990 729 carias

464 765 538 827 dam
573 766 603 829 ei
636 768 773 849 desuper
807 768 935 846 factam,
969 775 1086 831 statum
1115 766 1211 829 totius
1266 764 1412 846 exigit,a
1440 773 1470 827 te
1498 766 1568 846 ipso
1592 765 1626 827 in
1652 765 1776 846 primis,
1798 764 1825 827 si
1850 783 1923 846 opus
1942 772 1988 829 est.

463 861 613 927 Ecclesia
637 874 894 929 concementem.
910 866 1026 928 Verum
1050 884 1088 927 ex
1108 864 1212 947 pubii-
1266 872 1298 925 et
1321 883 1339 925 a
1363 863 1536 927 collaterali
1559 863 1615 925 tibi
1636 864 1778 927 Romano
1800 882 1887 927 sacro
1908 862 1991 926 domi-

463 962 587 1025 catione
612 963 739 1027 illarum
765 964 908 1028 modicus
938 964 1058 1029 fructus
1087 964 1212 1026 videtur
1267 979 1380 1025 norum
1396 962 1602 1025 cardinalium
1618 961 1754 1044 collegio
1769 962 1936 1043 ceterisque
1947 962 1992 1023 do

463 1061 737 1125 secutusiuterim
752 1060 1044 1146 qnoquei'ucreduii
1060 1063 1108 1125 iiii
1123 1082 1212 1145 gran·
1267 1060 1407 1124 masticis
1435 1060 1497 1123 tuis
1533 1060 1687 1144 incipias;
1717 1060 1834 1123 deinde
1860 1060 1897 1122 ab
1922 1059 1989 1135 aliis,

463 1160 536 1222 dem
561 1159 706 1224 fecerunt
729 1171 866 1245 stragem
891 1162 925 1225 in
946 1162 1064 1245 populo
1087 1162 1212 1225 christi·
1266 1167 1353 1223 tanto
1377 1159 1591 1222 immediatius
1616 1167 1735 1241 quanto
1757 1158 1914 1240 dignitate,
1931 1158 1992 1220 offr-

463 1275 536 1337 ano,
552 1267 584 1322 et
598 1259 780 1342 depopulati
803 1269 876 1323 sunt
897 1280 995 1343 regna
1016 1261 1211 1343 provincias·
1266 1257 1326 1334 cio,
1357 1257 1522 1339 praelatura
1550 1257 1608 1319 tibi
1637 1276 1674 1319 ac
1703 1256 1911 1319 cardinalibus
1940 1256 1991 1317 tuis

463 1375 524 1438 que
559 1356 705 1421 fidelium
740 1360 905 1442 plurimas,
943 1360 1018 1422 item
1058 1359 1210 1422 ecclesias
1266 1364 1390 1417 exstant
1429 1354 1683 1437 propinquiores.
1721 1354 1785 1417 Nec
1825 1355 1992 1417 arbitramur

462 1455 618 1518 demoliti.
634 1458 779 1519 Attamen
802 1458 953 1540 perpauci
975 1467 1049 1521 sunt
1068 1458 1124 1539 qui
1146 1458 1210 1519 sin·
1266 1463 1352 1517 tuam
1376 1454 1580 1517 Sanctitatem
1605 1454 1673 1517 haec
1697 1453 1944 1535 compendiosius
1967 1460 1991 1515 et

463 1572 535 1615 cere
554 1554 682 1617 doleant
702 1554 807 1617 vicem
826 1556 941 1618 Christi
959 1565 1015 1619 :et
1034 1558 1073 1618 de
1095 1556 1155 1619 hoo
1178 1556 1209 1617 iu
1265 1552 1430 1615 efficacius
1442 1571 1534 1633 posse
1550 1551 1680 1615 efficere
1697 1560 1729 1614 et
1742 1552 1990 1633 complanandam

462 1660 613 1733 praetacta
632 1652 768 1733 epistola
787 1654 957 1734 queruloso
976 1661 1142 1717 tractatum
1163 1663 1211 1716 est
1265 1652 1445 1732 generalem
1471 1651 1625 1733 synodum
1651 1652 1856 1714 convocando
1873 1670 1906 1713 ac
1924 1650 1993 1713 ceie-

462 1767 499 1810 ac
524 1747 677 1811 flebiliter
700 1749 833 1811 dictum.
855 1750 1018 1827 Praeterea,
1039 1758 1111 1831 post
1134 1770 1211 1831 prae-
1266 1750 1395 1812 brando.
1413 1749 1555 1829 Denique
1571 1749 1779 1811 vehementer
1794 1748 1994 1811 miramurcur

463 1853 554 1909 tactae
575 1847 779 1909 revelationis
801 1848 1028 1925 ostensionem,
1044 1848 1211 1929 descripti·
1228 1848 1250 1909 Β
1267 1847 1422 1909 Sanctitas
1438 1856 1492 1909 tua
1507 1855 1538 1909 et
1553 1847 1682 1926 quidam
1698 1847 1936 1928 praedecessores
1955 1846 1992 1907 tui

462 1962 557 2007 ouem
585 1964 622 2007 ac
646 1945 905 2027 publicationem,
932 1946 1036 2007 eidem
1061 1946 1210 2027 religioso
1265 1945 1319 2027 qui
1336 1944 1600 2027 postBasileense
1622 1944 1753 2007 fuerunt
1770 1946 1994 2022 conciliamini

463 2042 564 2104 adhuc
579 2044 722 2123 quadam
737 2044 945 2106 revelationes
958 2053 1030 2106 sunt
1044 2042 1135 2107 iactae
1151 2045 1210 2107 hoc
1265 2044 1358 2105 annis
1386 2043 1553 2106 distulistis
1582 2043 1743 2105 celebrare
1768 2045 1910 2125 generale
1930 2062 1994 2105 con·

463 2159 559 2221 anno,
575 2140 725 2203 videlicet
746 2141 916 2204 millesimo
938 2142 1212 2223 quadringentesi-
1266 2142 1389 2219 cilium,
1411 2142 1586 2223 presertim
1611 2161 1709 2222 quum
1735 2143 1775 2204 de
1799 2161 1902 2205 eorum
1924 2142 1995 2204 ceie-

463 2258 516 2301 mo
544 2240 740 2321 sexagesimo
769 2239 883 2321 primo,
905 2260 942 2301 ex
971 2241 1210 2303 rationabilibus
1267 2240 1410 2304 bratione
1424 2260 1442 2301 a
1457 2240 1555 2301 sacris
1570 2239 1772 2320 generalibus
1788 2241 1909 2321 synodis
1923 2240 1995 2302 edita

462 2336 568 2399 causis
589 2356 675 2399 nunc
696 2330 922 2399 describenda.
1267 2336 1387 2400 fuerint
1400 2338 1543 2418 quasdam
1565 2338 1702 2401 decreta.
1719 2338 1864 2401 Hortatur
1883 2338 1995 2401 noan

502 2434 665 2513 Praeterea,
682 2443 716 2497 ut
736 2436 830 2517 piane
853 2436 974 2516 loquar,
991 2436 1210 2517 acceperatis·
1266 2436 1384 2498 atitudo
1400 2443 1506 2513 tua,ut
1521 2435 1714 2499 laboriosum
1729 2456 1921 2499 assumamus
1935 2456 1996 2499 eon·

463 2534 564 2595 simus
588 2543 637 2596 est
660 2535 812 2596 Dominus
837 2542 868 2596 et
890 2535 1032 2597 Salvator
1052 2556 1117 2598 suae
1137 2536 1211 2598 sub·
1267 2544 1314 2596 tra
1343 2532 1490 2595 infideles
1519 2533 1718 2612 conflictum,
1749 2535 1809 2596 iter
1842 2534 1993 2616 pmiixum.

463 2631 573 2694 venire
588 2631 748 2709 Ecclesiae,
765 2642 794 2695 et
809 2651 864 2695 ora
879 2634 1051 2715 reprimere
1066 2634 1212 2716 blasphe-
1266 2631 1461 2713 periculosos
1476 2650 1677 2712 congressus,
1694 2650 1757 2695 non
1779 2632 1909 2714 proprias
1922 2633 1994 2701 vita,

464 2748 600 2809 morum,
617 2729 852 2792 sceleratissimi
871 2732 1037 2794 hiahometi
1059 2732 1212 2795 mendosa
1267 2748 1329 2793 non
1356 2728 1501 2807 subditis,
1519 2748 1583 2792 non
1609 2729 1715 2809 rebus,
1732 2748 1797 2793 non
1820 2730 1996 2812 possessioni
2107 2780 2108 2783 ,

464 2827 618 2909 figmenta
633 2828 813 2906 retundere,
831 2829 857 2890 si
873 2838 904 2891 et
925 2829 958 2890 in
974 2837 1125 2910 quantum
1142 2831 1211 2912 ipsa
1267 2831 1348 2889 sue*
1360 2826 1690 2908 paroentesFatemur
1702 2828 1912 2908 justissimum
1925 2848 1994 2900 esse,
2013 2858 2091 2905 am„
2107 2822 2108 2827 ’

463 2924 606 2987 Ecclesia
636 2925 837 2988 reformetur.
867 2926 1077 2989 ineffabiliter
1106 2929 1212 2991 multas
1267 2944 1323 3006 pro
1343 2924 1420 2986 fidei
1445 2923 1643 2997 defensione,
1661 2944 1718 3005 pro
1738 2925 1885 2988 Ecclesia
1903 2926 1997 2986 tuitio
2007 2924 2044 2973 Ν·

464 3031 496 3085 et
509 3042 632 3104 magne
646 3032 720 3084 suut
735 3024 1012 3104 transgressiones,
1029 3026 1210 3104 abusiones,
1229 3029 1250 3090 C
1267 3043 1318 3103 ne,
1336 3042 1393 3105 pro
1408 3023 1462 3085 Dei
1478 3041 1583 3084 amore
1598 3042 1656 3085 nos
1670 3024 1778 3085 omnia
1793 3024 1852 3086 ista
1866 3025 1995 3105 impiere.

466 3121 689 3204 perversitates
704 3141 740 3185 ac
762 3122 929 3202 vanitates,
946 3123 1062 3206 quibus
1077 3128 1212 3207 populus
1267 3123 1341 3185 Turn
1355 3122 1449 3185 etiam
1466 3122 1627 3184 Sanctitati
1643 3122 1773 3186 obedire
1786 3124 1903 3206 iustum
1919 3142 1999 3205 agno

467 3220 660 3284 christianus
670 3221 769 3283 ileum
786 3222 1018 3285 incessabiliter
1032 3223 1212 3304 inhonorat,
1269 3221 1399 3283 seimus.
1413 3220 1637 3282 Verumtamen
1653 3223 1770 3284 Turcas
1785 3230 1817 3284 et
1827 3223 1999 3285 Sarracenos

467 3318 563 3380 etiam
578 3319 705 3399 gravius
726 3338 821 3400 quam
842 3319 963 3400 praefati
979 3320 1147 3384 increduli.
1164 3323 1212 3403 Et,
1270 3337 1449 3399 expugnare
1477 3337 1535 3380 nos
1559 3337 1653 3400 posse
1682 3319 1751 3382 sine
1776 3321 1905 3402 speciali
1932 3320 2001 3382 adsi·

329 3429 453 3482 rasam,
470 3417 549 3499 proh
577 3416 686 3480 doiort
708 3437 821 3479 manus
848 3418 1086 3499 presidentium
1111 3429 1142 3482 et
1164 3441 1214 3482 su·
1270 3417 1385 3480 stentia
1410 3415 1464 3478 Dei
1490 3424 1522 3478 et
1545 3416 1684 3498 gratioso
1708 3417 1780 3498 ejus
1809 3419 1934 3496 auxilio,
1957 3439 2001 3480 ne
2106 3421 2107 3444 ³

322 3495 343 3537 ²
469 3514 630 3596 periorum
655 3524 834 3577 nostrorum
858 3515 890 3576 in
911 3518 1214 3598 transgressionibus
1270 3533 1427 3596 quaquam
1457 3514 1688 3594 presumimus.
1719 3516 1838 3580 idcireo
1865 3517 2001 3598 quamdiu

469 3613 539 3675 istis
561 3621 608 3674 est
629 3614 742 3694 prima.
1271 3613 1415 3675 videmus
1446 3620 1492 3674 tot
1523 3611 1783 3692 deformationes,
1815 3615 1931 3692 ruinas,
1958 3615 2003 3676 ab
2106 3603 2107 3670 i

509 3712 661 3775 Dominus
675 3711 880 3795 apostolicus,
896 3712 1038 3776 Pontifex
1058 3734 1213 3795 summus,
1272 3711 1410 3786 usiones,
1431 3710 1697 3792 transgressiones
1720 3711 1753 3773 in
1774 3712 1843 3794 ipsa
1862 3712 2001 3785 Ecclesia,

468 3811 611 3874 hortatus
635 3819 684 3874 est
707 3811 869 3892 principes
890 3811 1032 3874 auxiliari
1052 3813 1212 3893 Ecclesiae,
1271 3809 1435 3892 potissime
1460 3807 1493 3870 in
1517 3807 1733 3873 ecclesiastico
1759 3819 1841 3873 statu
1866 3821 1896 3874 et
1917 3813 2001 3883 ciero,

467 3908 656 3971 infidelibus
685 3909 844 3970 reluctari.
871 3909 936 3978 Cui,
956 3910 1118 3992 principes
1147 3921 1215 3994 pot·
1271 3926 1419 3970 veremur
1442 3907 1539 3968 ileum
1566 3906 1658 3969 nobis
1687 3907 1848 3970 offensum
1877 3920 1907 3972 et
1933 3909 2003 3971 indi·

466 4015 561 4070 erunt
582 4007 772 4088 respondere
794 4006 918 4068 :Parati
940 4026 1061 4086 sumus,
1085 4027 1104 4071 o
1126 4010 1215 4073 Pater
1269 4013 1431 4087 guantem,
1444 4023 1503 4066 nee
1518 4005 1656 4086 gratiose
1671 4007 1892 4071 auxiliaturum
1906 4018 2004 4072 conus

466 4104 677 4184 sanctissime,
699 4104 762 4166 tuis
786 4104 1004 4186 obtemperare
1028 4107 1158 4170 monitis
1183 4117 1214 4171 et
1270 4103 1409 4185 perfidos
1434 4102 1517 4166 ilios.
1543 4103 1676 4184 idcirco,
1704 4105 1886 4169 beatissime
1914 4107 2001 4180 Pater,

465 4202 633 4280 mandatis,
650 4203 822 4265 dummodo
843 4211 877 4264 tu
898 4202 996 4265 facias
1017 4206 1101 4285 quod
1123 4214 1212 4268 tuum
1229 4206 1254 4268 D
1270 4221 1437 4284 precamur
1460 4209 1496 4264 ut
1520 4201 1650 4264 indilate
1679 4203 1849 4267 concilium
1878 4207 2003 4268 celebre
2105 4239 2106 4276 r

465 4305 588 4383 (utpote
616 4300 733 4362 summi
768 4300 945 4380 Pontificis)
974 4302 1106 4382 requirit
1140 4304 1215 4366 offi-
1268 4309 1330 4378 tur,
1356 4299 1389 4360 in
1418 4319 1480 4380 quo
1508 4299 1548 4362 de
1575 4301 1725 4363 omnibus
1751 4303 1956 4366 reformandis
1977 4311 2004 4366 et

466 4398 563 4462 cium.
579 4398 661 4460 Eece
680 4406 715 4460 tu
737 4397 820 4460 inter
834 4399 932 4461 ileum
951 4409 1093 4463 nostrum
1111 4411 1140 4463 et
1156 4421 1213 4465 nos
1269 4399 1392 4460 cunctis
1415 4398 1546 4480 agendis
1567 4407 1662 4480 atque
1683 4402 1922 4482 expedientibus
1936 4403 2004 4483 vigi-

466 4497 657 4560 constitutus
677 4517 711 4559 es
733 4497 878 4575 medius,
896 4507 928 4560 tu
948 4519 1044 4580 supra
1067 4501 1213 4563 homines
1269 4497 1445 4558 lautissime
1460 4505 1680 4578 pertractetur.
1697 4499 1764 4573 Quo
1779 4499 1873 4580 facto,
1891 4502 1951 4564 Deo
1965 4519 2004 4562 re·

466 4614 511 4674 es,
529 4602 561 4656 et
575 4593 659 4656 infra
673 4595 793 4672 Deum3
811 4594 906 4657 totius
922 4596 1030 4679 popuii
1047 4597 1212 4660 christiani
1269 4595 1429 4658 conciliati
1454 4604 1486 4657 et
1508 4595 1643 4676 gratiam
1666 4597 1737 4677 ejus
1762 4599 1879 4680 adepti,
1905 4609 2004 4662 contra

465 4701 620 4775 pastores
634 4711 671 4754 ac
687 4693 844 4773 praelatus,
860 4693 956 4775 judex
978 4694 1213 4778 spiritualisque
1246 4687 1448 4756 ¹incredulos
1473 4693 1616 4755 hilariter
1639 4713 1676 4757 ac
1702 4697 1951 4777 magnanimiter,
1975 4697 2002 4758 in

465 4791 619 4854 medicus.
637 4790 693 4852 'lui
719 4809 794 4872 ergo
818 4791 922 4854 oflicii
948 4800 996 4855 est
1019 4811 1077 4854 nos
1102 4811 1212 4856 omnes
1269 4790 1401 4853 Domino
1416 4790 1626 4870 confidentes,
1643 4793 1893 4874 progrediemur.
1910 4794 2004 4857 Enim-

464 4893 529 4955 iieo
550 4899 658 4954 nostro
680 4891 898 4969 reconciliare,
918 4890 1092 4953 Ecclesiam
1115 4891 1214 4954 refor-
1269 4907 1354 4965 vero,
1372 4889 1430 4950 etsi
1446 4888 1633 4970 regulariter
1652 4891 1690 4952 ad
1714 4911 1873 4955 summum
1896 4901 2004 4976 spectet

464 5009 563 5067 mare,
580 4988 734 5070 quidquid
758 4989 790 5050 in
813 4988 965 5067 Ecclesia,
988 4989 1020 5049 in
1043 4989 1209 5067 coenobiis,
1268 4987 1465 5062 Pontificem,
1473 4987 1619 5068 generale
1635 5006 1811 5053 convocare
1825 5011 1862 5054 ao
1878 4993 2004 5056 celebra·
2104 5027 2105 5038 r

466 5087 622 5170 collegiis,
638 5087 790 5168 omnique
811 5095 905 5164 statu,
922 5089 1020 5168 gradu
1042 5106 1079 5149 ac
1101 5088 1212 5150 ordine
1267 5106 1300 5148 re
1330 5086 1514 5164 concilium,
1545 5104 1609 5149 nou
1638 5093 1742 5151 tamen
1776 5098 1923 5171 putamus
1955 5091 2003 5152 Er-

465 5185 703 5249 reformandum
726 5192 784 5262 est,
800 5184 1045 5266 diligentissime
1066 5205 1212 5266 perscru-
1267 5184 1398 5248 elesiam
1426 5204 1444 5246 a
1472 5184 1603 5247 Domino
1628 5185 1700 5248 lesu
1725 5186 1847 5252 Christo
1873 5189 1919 5252 sic
1942 5207 2001 5251 esse

464 5284 535 5363 tari,
552 5291 668 5347 cuncta
681 5301 807 5365 quoque
821 5283 965 5346 ordinate
983 5283 1122 5365 aggredi,
1140 5301 1211 5365 pro
1268 5283 1421 5361 relictam,
1452 5291 1487 5345 ut
1518 5302 1551 5345 se
1584 5283 1685 5365 ipsam
1720 5303 1913 5369 congregare
1946 5307 2000 5350 non
