4309 6250
464 492 524 559 498
605 512 754 560 DlhwflllS
776 510 1005 560 ntsrttturtortts
1028 510 1119 557 tttttttt
1140 507 1347 555 tttttttsrttrttttt
1369 508 1406 555 ΕΤ
1427 506 1640 555 stnnsottrttttt.
1663 526 1704 537 ·-
1724 506 1794 554 aar.
1816 504 1870 551 m

464 683 822 767 incomprehensibilem
845 680 953 760 fidem,
971 681 1041 743 sine
1062 680 1253 743 violentiah
1269 678 1404 760 tissima,
1431 680 1470 742 ad
1499 677 1733 761 proficiendum
1763 677 1796 740 in
1827 676 1946 740 caritate
1970 684 1995 738 at

465 792 496 845 et
511 784 715 865 praeliis,sine
730 781 910 863 eloquentia
924 779 1213 859 calliditatibusque
1267 778 1368 859 gratia
1383 778 1453 858 ejus
1468 778 1619 859 omnique
1639 776 1767 855 virtute,
1783 777 1821 838 ad
1844 773 1993 837 delendum

464 881 612 944 humanis
631 902 668 945 ac
689 881 822 963 magicis
836 879 968 957 artibus,
986 898 1042 960 per
1062 878 1214 960 praedica-
1267 884 1374 941 nostra
1400 884 1529 957 peccata
1554 883 1586 939 et
1608 877 1646 938 ad
1673 873 1927 937 satisfaciendum
1949 890 1995 953 pro

465 980 568 1043 tiones
583 988 615 1042 et
629 980 721 1062 signa
743 997 916 1062 paucorum
938 976 1053 1039 Christi
1074 976 1214 1056 discipu·
1268 974 1325 1053 eh,
1333 982 1426 1056 atque
1442 975 1481 1036 ad
1497 973 1762 1037 conformandum
1777 991 1836 1035 nos
1850 990 1904 1052 pro
1919 990 1995 1051 posse

465 1078 579 1139 lorum.
596 1078 745 1152 Quamvis
760 1076 845 1139 enim
859 1075 923 1156 jam
942 1074 1080 1156 plurima
1099 1080 1130 1135 et
1149 1092 1213 1134 ma·
1268 1091 1332 1135 sum
1348 1072 1553 1136 sanctissima
1568 1072 1707 1153 passioni
1725 1095 1732 1132 :
1751 1071 1858 1152 sicque
1873 1069 1903 1130 iu
1921 1068 1993 1131 omni

464 1174 548 1236 xima
581 1194 679 1257 regna
713 1194 731 1237 a
765 1174 830 1236 lide
865 1173 979 1235 Christi
1012 1178 1209 1247 corruerunt,
1267 1171 1467 1251 adversitate,
1493 1170 1706 1247 tribulatione,
1729 1168 1855 1250 injuria,
1882 1187 1994 1249 pauper-

464 1273 638 1354 praesertim
655 1292 712 1353 per
725 1272 907 1335 violentiam
920 1271 1213 1347 Sarracenorum,ut
1268 1277 1329 1332 tate
1354 1268 1624 1351 castigationeque
1652 1266 1796 1349 corporis
1820 1267 1992 1348 gloriemur,

464 1371 547 1449 Asia,
565 1369 682 1449 Africa,
700 1372 861 1451 AEgyptns,
879 1377 962 1431 terra
980 1368 1210 1449 promissionis,
1267 1366 1298 1428 in
1314 1366 1400 1429 omni
1417 1366 1628 1448 correptione,
1641 1366 1849 1445 correctione,
1865 1382 1993 1445 aspema-

464 1469 607 1532 Chaldaea
625 1477 657 1531 et
676 1487 774 1549 regna
794 1468 958 1531 Persarum
980 1475 1073 1547 atque
1093 1466 1213 1528 Judaeo-
1268 1465 1364 1543 tione,
1381 1465 1552 1544 derisione,
1570 1464 1656 1527 velut
1674 1464 1706 1526 in
1727 1463 1872 1527 omnibus
1890 1461 1993 1523 divitiis

464 1587 547 1646 rum,
564 1566 739 1644 Palaestina,
761 1565 860 1649 Syria,
882 1565 1044 1645 multaque
1062 1564 1144 1643 alia,
1169 1572 1213 1626 ta·
1266 1562 1463 1642 gratulemur
1487 1570 1517 1625 et
1541 1560 1757 1644 Omnipotenti
1783 1560 1993 1641 regratiemur;

464 1683 539 1727 men
573 1665 641 1727 haec
677 1683 773 1746 regna
808 1663 917 1726 multis
955 1662 1048 1725 annis
1083 1662 1213 1724 fuerunt
1266 1660 1410 1728 odientes
1438 1680 1496 1724 nos
1529 1659 1721 1742 diligamus,
1751 1657 1994 1741 persequentibus

464 1763 646 1826 christiane
667 1762 832 1845 religionis
854 1760 942 1824 cultu
963 1769 1084 1823 oruata.
1268 1758 1517 1839 benefaciamus,
1534 1778 1593 1821 nec
1620 1759 1738 1820 malum
1765 1757 1926 1820 reddamus
1947 1774 1995 1837 pro

503 1862 620 1924 lterum
641 1861 726 1924 aliud
749 1860 928 1924 christiane
946 1856 1024 1921 iidei
1045 1876 1213 1939 argumen—
1231 1857 1252 1919 B
1269 1856 1363 1936 malo,
1380 1856 1434 1918 sed
1450 1857 1556 1938 potius
1571 1857 1604 1918 in
1620 1856 1704 1919 bono
1724 1855 1807 1917 mala
1828 1856 1994 1931 vincamus;

462 1967 543 2038 tum,
569 1960 726 2040 estquod
751 1958 792 2021 ab
820 1958 948 2021 exordio
977 1956 1212 2039 predicationis
1268 1963 1374 2016 nostra
1390 1955 1542 2033 bonitate,
1560 1953 1702 2033 caritate,
1719 1952 1997 2035 pietatehumilita·

463 2058 656 2140 evangelicae
684 2056 764 2139 legis
789 2056 880 2138 plebs
906 2054 1079 2117 christiana
1101 2053 1214 2116 habuit
1267 2062 1308 2133 te,
1330 2053 1493 2134 patientia,
1514 2054 1770 2133 mansuetudine,
1788 2051 1994 2128 beneficentia,

463 2153 703 2236 persecutiones
718 2162 750 2216 et
763 2152 1021 2237 impugnationes
1040 2150 1212 2213 acerrimas
1267 2152 1401 2214 aliorum
1417 2153 1583 2231 malitiam,
1598 2152 1764 2229 invidiam,
1781 2151 1994 2229 crudelitatem,

463 2252 619 2334 valdeque
644 2251 770 2332 multas,
791 2251 832 2314 ab
856 2250 1110 2331 imperatoribus,
1132 2248 1213 2331 regi·
1268 2249 1460 2331 superbiam‚
1477 2251 1719 2333 impatientiam,
1737 2250 1939 2327 iracundiam,
1957 2249 1996 2310 in·

463 2350 522 2413 bus
546 2359 577 2413 et
600 2349 756 2432 tyrannis,
777 2349 817 2412 ab
841 2348 1010 2428 haereticis,
1030 2367 1049 2409 a
1073 2347 1214 2430 philoso·
1265 2348 1394 2429 juriam,
1412 2368 1598 2431 superemus
1614 2358 1644 2411 et
1659 2348 1832 2429 exstirpare
1846 2366 1994 2411 conemur.
2110 2336 2111 2377 ³

463 2450 535 2531 phis
551 2456 583 2511 et
596 2448 713 2511 ludaeis
727 2470 735 2524 ;
750 2456 782 2510 et
796 2456 902 2510 tamen
917 2447 1000 2508 inter
1018 2446 1085 2508 haec
1105 2445 1212 2508 omnia
1306 2446 1344 2508 Et
1362 2466 1436 2509 ecce
1459 2448 1513 2528 qui
1541 2448 1601 2509 ista
1624 2444 1766 2530 periente
1790 2453 1929 2527 egerunt,
1944 2445 1996 2507 lul-

463 2547 637 2609 christiana
673 2546 783 2627 religio
813 2546 913 2627 magis
941 2545 1083 2608 excrevit
1116 2554 1211 2625 atque
1265 2552 1341 2625 gent
1365 2544 1528 2607 miraculis
1552 2555 1583 2607 et
1608 2545 1820 2609 exaudiuntur
1843 2544 1997 2625 copiosea

461 2644 637 2728 praevaluit,
654 2663 718 2707 non
737 2644 801 2705 nisi
827 2644 944 2706 virtute
967 2642 1077 2705 divina
1101 2650 1132 2703 et
1156 2661 1212 2723 per
1266 2643 1339 2724 Dec,
1356 2652 1450 2725 atque
1476 2643 1720 2706 charismatibus
1746 2643 1879 2725 Spiritus
1903 2642 1996 2705 Sancti

462 2743 614 2827 praeclara
635 2744 800 2805 miracula.
818 2742 998 2823 Saepissime
1017 2760 1155 2821 namque
1178 2741 1210 2802 iu
1266 2743 1437 2822 replentur.
1454 2741 1492 2803 Et
1507 2751 1626 2824 quanto
1641 2751 1789 2823 praetacta
1808 2741 1997 2805 excellentius

462 2842 556 2904 unius
580 2842 727 2923 martyris
746 2840 907 2905 occisione
928 2847 973 2903 tot
992 2849 1023 2902 et
1042 2848 1129 2901 tanta
1153 2839 1212 2901 lie·
1266 2840 1491 2921 impleverunt,
1523 2849 1610 2903 tanto
1639 2840 1839 2923 praeclariora
1868 2839 1997 2903 feceruut

462 2940 539 3002 bant
562 2939 719 3022 prodigia,
746 2940 831 3020 quod
855 2938 978 3019 viginti,
1006 2937 1133 3020 triginta
1158 2945 1212 3000 aut
1265 2938 1418 3021 prodigia,
1437 2960 1500 3004 uon
1516 2940 1618 3004 solum
1639 2940 1671 3001 iu
1687 2939 1751 3001 vita
1770 2960 1826 3001 sua
1847 2948 1878 3001 et
1897 2946 1996 3017 morte,

461 3038 671 3119 quadraginta
692 3037 793 3099 millia
817 3036 1053 3099 incredulorum
1080 3054 1211 3099 conver·
1230 3038 1321 3105 Cscd
1336 3037 1431 3100 etiam
1446 3047 1518 3120 post
1533 3045 1666 3101 mortem
1681 3061 1688 3113 ;
1706 3046 1737 3101 et
1755 3037 1811 3118 qui
1830 3054 1936 3101 eorum
1949 3037 1998 3098 im-

461 3138 620 3200 tehantur.
637 3136 747 3200 Postea
767 3155 853 3214 vero,
870 3143 1000 3217 propter
1017 3136 1146 3198 assidua
1166 3145 1211 3198 at—
1267 3136 1470 3217 ploraverunt
1485 3136 1788 3218 sullmgia,coelitus
1803 3135 1999 3199 exaudieban-

462 3255 524 3318 que
543 3234 686 3298 enormia
707 3234 957 3298 Christianorum
983 3242 1124 3316 peccata,
1142 3254 1212 3316 per·
1265 3244 1327 3299 tur.
1344 3236 1435 3298 Tales
1449 3237 1589 3300 ostendit
1603 3236 1686 3299 Deus
1707 3255 1777 3299 esse
1799 3255 1873 3299 suos
1893 3236 1998 3298 amicos

463 3333 552 3396 missi
590 3341 665 3395 sunt
703 3334 867 3397 Sarraceni
903 3341 933 3395 et
969 3332 1023 3394 alii
1060 3332 1210 3396 lidelibus
1266 3334 1455 3414 carissimos,
1482 3336 1521 3398 ad
1549 3335 1691 3419 ipsorum
1716 3335 1939 3416 postulationes
1961 3333 1998 3395 la·

463 3432 647 3514 praevalere.
1266 3432 1354 3494 ciens
1374 3431 1531 3515 prodigia,
1548 3433 1639 3515 signa
1659 3441 1690 3494 et
1708 3451 1823 3514 magna
1847 3433 1939 3495 nimis
1959 3432 1999 3492 in-

501 3531 636 3612 lusuper
650 3528 737 3592 aliud
752 3537 868 3592 sancta
883 3529 961 3592 tinet
976 3538 1210 3611 argumentum,
1266 3529 1476 3593 numerabilia
1505 3530 1670 3593 miracula.
1700 3529 1780 3613 lpsis
1816 3529 1998 3613 rogantibus,

462 3638 511 3692 est
526 3628 679 3711 perfectio
694 3628 885 3710 evangelicae
901 3628 993 3709 legis,
1010 3637 1042 3690 et
1059 3629 1210 3691 sanctitas
1266 3628 1446 3692 immutavit
1474 3637 1594 3692 motum
1625 3628 1801 3692 coelestium
1832 3647 1998 3711 corpomm,

464 3729 537 3791 vitan
557 3745 652 3808 quam
677 3727 820 3789 Christus
841 3727 874 3788 in
894 3726 1065 3808 Evangelio
1090 3727 1207 3790 docuit.
1266 3735 1407 3790 mortuos
1442 3727 1609 3790 suscitavit
1642 3727 1905 3810 quamplurimos,
1933 3733 2001 3790 eta

461 3825 692 3890 perlectionem
708 3845 846 3907 namque
867 3835 899 3888 et
920 3827 1120 3888 sanctitatem
1137 3845 1211 3890 con·
1266 3825 1428 3888 nativitate
1453 3845 1565 3906 caecoS,
1586 3827 1727 3906 claudos,
1748 3827 1870 3906 surdos,
1896 3835 1999 3901 mutos,
2109 3887 2110 3890 ,

462 3924 563 3987 stituit
581 3924 615 3986 in
635 3924 784 4002 ferventi,
803 3942 881 4005 pura
906 3931 937 3986 et
961 3924 1055 4005 plena
1081 3924 1211 3987 Deitatis
1266 3923 1343 3986 lecit
1366 3925 1522 4003 videntes,
1546 3925 1756 4002 ambulantes,
1778 3925 1949 4002 audientes,
1963 3923 2002 3985 lo-
2109 3947 2110 3952 ¹

461 4022 641 4086 dilectione.
652 4020 743 4083 Dedit
757 4040 883 4103 quoque
899 4021 1032 4084 consilia
1045 4022 1211 4103 aptissima
1265 4023 1579 4106 quentes31eprosos
1598 4042 1725 4105 quoque
1746 4031 1778 4086 et
1798 4023 1869 4086 aliis
1888 4025 2001 4086 incura-

462 4119 668 4203 perveniendi
684 4120 724 4181 ad
738 4119 833 4181 talem
849 4120 904 4181 Dei
923 4120 1139 4200 dilectionem,
1157 4121 1212 4184 do
1265 4120 1384 4183 bilibus
1399 4120 1640 4202 egritudinibus
1655 4121 1834 4185 laborantes
1849 4121 1975 4184 curavit.

463 4219 564 4281 cando
579 4225 614 4280 nt
628 4218 734 4280 omnia
750 4217 803 4279 illa
819 4218 958 4280 vitentur
971 4237 1008 4280 ac
1023 4218 1211 4281 deserantur
1227 4221 1249 4282 [l
1305 4219 1373 4283 Non
1395 4220 1504 4283 docuit
1525 4219 1677 4298 Christus,
1695 4229 1730 4283 ut
1743 4219 1853 4284 llahou
1874 4221 1906 4283 in
1920 4219 2000 4282 Alco

463 4334 533 4395 quae
555 4316 742 4397 impeditiva
761 4325 834 4378 sunt
853 4315 1027 4397 spiritualis
1050 4317 1209 4398 protectus
1267 4337 1355 4396 rano,
1372 4328 1406 4381 ut
1420 4319 1532 4382 lideles
1547 4319 1681 4381 reddant
1694 4317 1812 4381 malum
1835 4339 1893 4402 pro
1914 4318 1998 4396 malo,

463 4421 495 4476 et
509 4413 698 4476 incrementi
713 4412 815 4476 divini
831 4414 1211 4494 amoriS,videlicet,tem-
1266 4425 1296 4478 et
1329 4417 1456 4479 easdem
1490 4416 1634 4498 injurias,
1664 4417 1837 4496 molestias,
1867 4417 2000 4480 laesiones

463 4511 587 4592 porales
602 4511 731 4589 divitiae,
748 4511 891 4575 carnales
905 4512 1039 4590 deliciae,
1056 4515 1209 4576 mundani
1266 4513 1404 4577 inierant
1418 4514 1498 4595 aliis,
1515 4534 1594 4596 quas
1613 4516 1774 4597 patiuntur
1793 4515 1835 4578 ab
1856 4516 1929 4578 illis.
1945 4513 2000 4576 Nec

462 4610 611 4688 honoreS,
634 4610 769 4692 propriae
794 4611 966 4673 voluntatis
991 4611 1130 4690 libertas,
1152 4613 1211 4674 im·
1266 4633 1320 4676 eos
1339 4613 1393 4694 qui
1413 4613 1456 4676 ita
1476 4632 1509 4675 se
1529 4613 1737 4694 ulciscuntur,
1753 4613 1906 4676 mirificat
1929 4613 2000 4674 [leus

462 4707 691 4789 patientia‚ira,
699 4726 823 4786 rancor,
831 4709 964 4789 invidia,
972 4717 1090 4791 torpor,
1098 4710 1208 4790 otium,
1266 4730 1322 4793 per
1337 4711 1443 4773 diviua
1456 4711 1621 4790 miracula,
1638 4711 1721 4774 sicut
1736 4730 1794 4775 uec
1815 4713 1848 4774 in
1868 4712 1936 4793 lege
1949 4710 2001 4773 lla-

462 4805 666 4887 negligentia,
683 4805 767 4887 gula.
790 4805 828 4868 Et
846 4806 996 4886 breviter,
1013 4810 1158 4890 exemplo
1180 4819 1211 4872 et
1265 4810 1328 4872 hon
1347 4810 1423 4872 tales
1438 4827 1579 4890 unquam
1597 4809 1748 4872 miracula
1763 4817 1973 4892 patraverunt.

462 4903 568 4969 verbis
583 4904 709 4966 edocuit
724 4904 887 4985 proprium
903 4913 933 4966 et
949 4906 1109 4986 privatum
1125 4926 1211 4970 amo·
1306 4908 1477 4985 Postremo,
1498 4908 1556 4970 etsi
1584 4928 1620 4970 ea
1644 4927 1714 4989 quaa
1739 4909 1910 4986 credimus,
1928 4927 2002 4970 soor-

463 5021 530 5063 rcm
560 5001 770 5082 exstinguere,
797 5003 958 5084 lleumque
987 5012 1052 5066 toto
1080 5003 1210 5086 diligere
1266 5025 1335 5068 sum
1351 5014 1492 5087 accepta,
1509 5005 1601 5069 valde
1624 5009 1687 5069 sint
1706 5006 2003 5088 incomprehensibi-

462 5100 558 5162 corde
572 5108 604 5160 et
618 5118 651 5161 se
662 5098 768 5180 ipsum
789 5119 867 5181 pure
882 5100 915 5161 in
935 5102 997 5164 lleo
1014 5124 1021 5162 :
1039 5101 1082 5163 ita
1101 5111 1135 5162 ut
1156 5103 1210 5165 illa
1266 5105 1309 5167 lia
1323 5113 1354 5166 et
1369 5105 1522 5183 miranda,
1532 5104 1595 5169 imo
1610 5105 1769 5168 interdum
1784 5104 2002 5169 irrationabilia

462 5197 569 5262 omnia
593 5197 822 5278 amplectamur
850 5206 882 5259 ct
910 5207 1112 5281 acceptemus
1141 5220 1210 5282 quaa
1265 5203 1457 5280 videantur;
1483 5210 1588 5265 tamen
1614 5223 1713 5284 quum
1737 5205 1845 5268 omnia
1870 5221 2003 5286 compor—
2108 5207 2109 5290 ἐ

464 5296 557 5360 nobis
576 5295 780 5359 accommoda
799 5304 872 5358 sunt
891 5297 929 5358 ad
949 5297 1140 5380 placendum
1159 5299 1212 5362 Al·
1267 5309 1371 5365 tantur
1385 5321 1421 5364 ac
1438 5301 1573 5366 invicem
1590 5310 1925 5386 comparantur,atque
1939 5319 2003 5366 cum
