4309 6250
396 458 455 527 ild
736 477 853 525 comni
874 476 1041 523 rmrrnrax
1061 474 1233 533 naucum,
1254 474 1343 521 nmen
1365 476 1405 521 rr.
1427 494 1469 505 -
1487 475 1557 522 mr.
1580 474 1602 520 x

397 654 490 710 natus
515 666 596 725 sum,
615 654 647 710 et
669 648 707 710 ad
733 647 793 711 boo
819 647 891 711 veni
917 647 950 709 in
977 646 1143 725 mundum,
1161 643 1185 706 A
1203 653 1297 720 sunt3
1314 654 1582 727 monumentaque
1595 652 1704 727 aperta
1723 651 1809 723 sunt,
1823 650 1857 706 et
1871 642 1956 704 mul-

397 753 433 809 ut
447 745 665 810 testimonium
684 746 869 828 perhibeam
886 745 1019 809 veritati.
1036 742 1147 807 Omnis
1201 752 1233 806 ta
1248 762 1382 826 corpora
1396 744 1584 806 Sanctorum
1600 743 1654 824 qui
1668 742 1954 821 dormierant,sur-

398 844 454 925 qui
479 852 527 906 est
551 864 589 907 ex
613 845 755 922 veritate,
778 844 866 907 audit
891 863 1001 907 rocem
1028 861 1143 905 meam.
1203 851 1352 905 rexerunt
1379 860 1398 903 a
1426 842 1570 905 mortuis.
1600 840 1751 905 Centurio
1785 848 1893 902 autem
1922 849 1951 902 et
1980 863 2074 906 uara.
2129 865 2130 872 ¹

216 988 221 997 .
289 958 372 1003 rom.
400 943 487 1005 'lunc
501 942 618 1005 Pilatus
633 942 712 1005 dixit
726 942 840 1006 Judreis
858 942 1003 1005 :Nullam
1017 953 1146 1003 causam
1202 941 1257 1023 qui
1273 959 1400 1004 cumeo
1417 949 1518 1018 erant,
1534 940 1680 1003 videntes
1699 939 1776 1021 quia
1794 940 1886 1002 lesus
1905 938 2041 1033 siem
2056 931 2104 1031 ⁵2²

252 1037 311 1120 212¹:
327 1023 386 1125 filu}
400 1040 511 1104 mortis
536 1040 666 1103 invenio
692 1042 724 1104 in
750 1042 879 1103 bomine
904 1040 976 1103 isto.
998 1040 1148 1102 insisten-
1203 1039 1344 1103 clamans
1368 1039 1570 1122 exspirasset,
1586 1040 1761 1101 timuerunt
1784 1039 1890 1115 valde,
1906 1038 1952 1101 di·
1966 1056 2003 1095 ss.
2041 1022 2048 1031 ’
2097 1022 2103 1035 ’

255 1142 287 1245 '5⁴'
366 1212 379 1242 ι
400 1138 483 1203 tibus
498 1159 573 1202 vero
588 1139 793 1221 pontificibus
808 1147 840 1202 et
853 1139 1018 1216 ministris,
1035 1158 1149 1221 appre-
1203 1147 1311 1201 centes
1328 1162 1336 1201 :
1354 1138 1433 1200 Vere
1452 1138 1505 1200 bic
1523 1138 1620 1200 homo
1634 1138 1731 1200 Pilius
1744 1138 1800 1200 Dei
1819 1145 1898 1199 erat.
1915 1135 1953 1197 Et
1980 1160 2104 1204 rme..
2130 1161 2131 1236 p

254 1214 366 1313 hopes
379 1230 386 1249 '
400 1237 512 1301 hendit
525 1237 642 1301 Pilatus
661 1238 767 1301 lesum
782 1246 813 1300 et
833 1236 1019 1319 flagellavit.
1036 1237 1148 1299 Milites
1203 1237 1307 1301 omnis
1321 1236 1413 1299 turba
1428 1255 1539 1299 eorum
1552 1235 1607 1317 qni
1629 1237 1761 1299 aderant
1774 1236 1814 1298 ad
1829 1242 1952 1317 specta-
1967 1229 2005 1268 ⁸⁸·

401 1354 526 1418 quoque
541 1336 715 1417 plectentes
731 1354 881 1399 coronam
901 1336 941 1397 de
953 1336 1072 1423 spinis,
1091 1336 1149 1396 im·
1203 1336 1310 1399 culum
1330 1336 1413 1397 istud
1433 1344 1465 1397 et
1480 1335 1631 1397 videbant
1648 1354 1720 1415 quae
1734 1334 1870 1411 fiebant,
1882 1354 1953 1416 per-

401 1442 575 1516 posuerunt
588 1454 658 1497 eam
674 1434 770 1516 capiti
787 1434 868 1515 ejus,
882 1442 914 1496 et
928 1443 1015 1496 veste
1031 1453 1148 1515 purpu-
1203 1435 1360 1497 cutientes
1375 1441 1503 1516 pectora
1517 1434 1845 1507 sna,rerertebantnr.
1856 1432 1953 1496 Porro

285 1550 373 1595 uerri.
401 1550 455 1593 rea
478 1530 757 1593 circumdederunt
780 1550 874 1609 eum3
895 1540 926 1593 et
950 1550 1033 1611 genu
1063 1530 1148 1593 flexo
1203 1534 1276 1595 Jesu
1299 1531 1434 1614 sepulto,
1455 1532 1602 1594 dixemnt
1624 1530 1722 1594 Judaei
1748 1531 1849 1594 Pilato
1869 1531 1954 1593 :Do-
1982 1556 2076 1598 uara.

254 1629 319 1665 ¹¹'¹¹·
335 1616 369 1657 ²⁹·
401 1627 576 1691 illudebant
599 1628 638 1707 ei,
660 1628 802 1691 dicentes
824 1628 924 1708 :Ave‚
949 1648 1003 1691 rex
1028 1629 1148 1691 Judaeo-
1203 1631 1301 1708 mine,
1325 1631 1472 1693 seductor
1496 1629 1550 1692 ille
1574 1630 1655 1692 dixit
1678 1629 1782 1691 adbuc
1807 1629 1922 1691 vivens
1943 1621 2106 1690 :mm
2131 1651 2132 1668 ³

265 1740 386 1789 Marc-u.
402 1746 482 1789 rum.
499 1726 537 1789 Et
560 1735 786 1810 percusserunt
811 1734 907 1808 caput
928 1726 998 1807 ejus
1021 1726 1149 1788 arnndi-
1204 1730 1276 1792 Post
1296 1738 1359 1792 tres
1379 1728 1447 1791 dies
1466 1747 1641 1809 resurgam.
1657 1728 1738 1790 lube
1756 1747 1833 1809 ergo
1847 1736 1955 1790 custo-

253 1804 386 1913 {ww
400 1845 453 1902 ne,
474 1825 655 1906 dabantque
679 1825 708 1887 ei
734 1825 852 1907 alapas
876 1833 908 1887 et
931 1832 1148 1906 conspuerunt
1166 1825 1265 1888 Bdiri
1280 1826 1473 1907 sepulcmm,
1490 1846 1532 1889 ne
1545 1826 1696 1908 discipuli
1718 1827 1790 1909 ejus
1805 1827 1955 1889 iurentur

258 1936 386 1985 rmum.
399 1922 432 1985 in
447 1942 532 1986 eum.
545 1922 649 1985 Exivit
663 1941 738 2005 ergo
752 1922 842 1985 lesus
857 1932 987 2004 portans
1002 1923 1148 2004 spineam
1204 1942 1320 2005 corpus
1338 1925 1451 2006 ipsius,
1468 1934 1501 1987 et
1518 1925 1628 1987 dicant
1645 1925 1731 2006 plebi
1750 1949 1757 1986 :
1774 1924 1918 1988 Surrexit
1936 1943 1956 1986 a

254 2004 319 2053 ⁵⁸¹⁵·
401 2040 550 2085 eoronam
575 2029 607 2084 et
627 2040 821 2103 purpureum
844 2022 1082 2084 vestimentum.
1099 2022 1149 2083 Di·
1204 2022 1348 2085 mortuis.
1374 2022 1549 2103 Respondit
1571 2022 1690 2085 Pilatus
1715 2046 1723 2085 z
1746 2022 1875 2085 ilabetis
1899 2042 1957 2085 cu-

400 2120 508 2201 xitque
529 2119 646 2182 Pilatus
666 2118 781 2182 ludaeis
799 2143 805 2182 :
822 2119 903 2182 Ecce
925 2120 1032 2182 bomo.
1048 2122 1087 2182 At
1102 2119 1149 2181 illi
1204 2119 1360 2197 stodiam3
1377 2121 1429 2198 ite,
1447 2120 1603 2183 custodite
1617 2120 1701 2183 sicut
1714 2120 1815 2183 scitis.
1831 2119 1879 2182 llli
1896 2120 1956 2201 igi·

401 2217 581 2282 clamabant
606 2241 613 2280 :
637 2217 736 2295 Tolle,
763 2218 849 2295 tolle,
877 2218 1032 2299 crucifige
1061 2238 1145 2281 eum.
1204 2224 1256 2279 tur
1283 2218 1447 2297 abeuntes,
1477 2218 1662 2281 munierunt
1689 2219 1886 2300 sepulcrum,
1912 2218 1957 2280 si-

287 2340 375 2385 mut.
402 2317 518 2379 Videns
543 2324 648 2379 autem
672 2316 791 2377 Pilatus
813 2316 888 2397 quia
910 2316 989 2377 nibil
1012 2316 1149 2398 prolice-
1204 2323 1338 2395 gnantes
1360 2315 1512 2397 lapidem,
1529 2334 1601 2378 oum
1624 2315 1821 2377 custodibus.

252 2406 388 2454 ¹²¹¹¹·²⁴·²⁶³
403 2424 460 2493 ret,
473 2416 603 2477 tradidit
616 2415 721 2477 lesum
738 2414 891 2476 voluntati
906 2433 1015 2477 eorum
1032 2423 1066 2476 ut
1081 2435 1150 2477 cru·
1244 2414 1325 2476 Erec
1357 2421 1474 2495 quanta
1508 2432 1565 2495 pro
1597 2421 1707 2476 nostra
1732 2413 1958 2496 redemptione

166 2508 173 2519 '
254 2468 299 2574 lla
301 2498 306 2508 ¹
330 2480 387 2515 Μ’
402 2514 596 2594 diligeretur.
610 2512 648 2574 Et
663 2512 807 2594 bajulans
823 2512 881 2575 sibi
898 2531 1037 2591 erucem,
1051 2513 1150 2575 exirit
1205 2511 1571 2595 passusestmliusoei‚
1588 2511 1869 2593 quietiamunam
1883 2522 1958 2594 gut-

254 2594 388 2706 {J'J'fssj¹¹¹·
403 2612 436 2674 in
455 2612 603 2675 Calvariee
623 2612 739 2689 locum,
757 2610 809 2672 ubi
831 2610 1060 2673 crucifixerunt
1075 2631 1148 2673 eum
1205 2619 1268 2673 tam
1288 2611 1337 2672 sui
1358 2609 1578 2691 pretiosissimi
1598 2610 1765 2691 sanguinis
1783 2629 1842 2691 pro
1859 2610 1958 2674 nobis

401 2711 484 2773 inter
511 2710 591 2772 duos
619 2709 768 2787 latroneS,
795 2708 1062 2790 quemadmodum
1093 2727 1151 2789 per
1206 2708 1379 2785 fundendo,
1407 2708 1511 2789 potuit
1537 2726 1596 2771 nos
1629 2708 1763 2770 salvare.
1793 2708 1854 2771 Sed
1890 2718 1957 2771 tam

264 2809 514 2883 r·.ul.n.lsaiam
544 2808 605 2869 luit
633 2807 818 2889 praedictum
846 2830 851 2867 :
879 2806 955 2868 Cum
987 2807 1149 2869 sceleratis
1203 2806 1441 2869 acerbissimam
1455 2826 1492 2868 ac
1507 2806 1850 2887 ignominiosissimam
1870 2826 1957 2869 mor-

268 2935 313 2978 ιιι
316 2946 389 2981 ιιιιιιι
402 2914 566 2988 reputatus
591 2913 648 2967 est.
665 2905 755 2967 Iesus
782 2923 856 2967 vero
880 2903 1006 2967 dioebet
1023 2928 1029 2965 :
1046 2904 1146 2981 Pater,
1203 2912 1267 2967 tem
1281 2904 1346 2986 pati
1361 2904 1468 2984 elegit,
1484 2912 1519 2966 ut
1533 2906 1626 2967 nobis
1648 2904 1864 2967 abundantius
1879 2906 1958 2968 sub-

255 3000 289 3041 ²⁸·
403 3003 528 3068 dimitte
552 3002 627 3083 illis,
643 3002 718 3084 qula
741 3001 891 3065 nesciunt
915 3002 991 3082 quid
1014 3001 1146 3065 iaciunt.
1167 2999 1338 3080 eveniret,
1355 3011 1387 3065 et
1405 3021 1537 3065 summae
1555 3003 1718 3084 patientius
1741 3002 1960 3067 fortitudinis-

293 3119 376 3165 rmn.
404 3102 512 3167 Stabat
540 3109 645 3166 autem
673 3100 763 3183 juxta
795 3119 923 3163 crucem
953 3100 1025 3163 lesu
1053 3100 1150 3164 llater
1204 3121 1265 3185 que
1290 3101 1471 3184 exemplum
1496 3102 1687 3180 ostenderet,
1708 3120 1799 3165 suam
1824 3121 1958 3185 quoque

255 3198 299 3236 ‘¹¹'
315 3187 390 3227 ²⁵⁴⁷·
405 3203 485 3284 ejus.
505 3201 671 3281 Quumque
695 3199 826 3261 vidisset
849 3218 930 3275 eam,
955 3208 986 3261 et
1009 3199 1150 3282 discipu·
1204 3200 1459 3263 ardentissimam
1487 3200 1652 3262 caritatem
1681 3209 1776 3282 atque
1804 3201 1960 3264 ineflabi-

403 3301 469 3363 lum
485 3318 579 3380 quem
601 3297 754 3379 diligebat
768 3300 857 3378 (puta
876 3297 1042 3376 Ioannem)
1060 3298 1150 3379 juxta
1206 3299 1268 3360 lem
1291 3298 1441 3378 pietatem
1462 3305 1495 3359 et
1512 3299 1727 3362 obedientiam
1747 3297 1876 3378 plenam
1899 3300 1960 3362 do

402 3418 483 3477 eam,
500 3398 580 3460 dixit
603 3396 690 3459 Matri
711 3395 936 3472 surezllulier,
961 3415 1036 3458 eece
1061 3396 1150 3458 lilius
1205 3405 1302 3460 ceret.
1332 3397 1366 3458 ln
1395 3396 1455 3459 bac
1488 3415 1565 3478 ergo
1597 3395 1807 3460 saluberrima
1839 3397 1957 3460 Christi

402 3505 486 3560 tuus.
513 3496 629 3558 Deinde
654 3495 733 3556 dixit
757 3494 914 3575 discipulo
942 3517 948 3556 :
974 3493 1056 3556 Ecce
1085 3514 1150 3556 ma·
1206 3495 1354 3578 passione
1370 3495 1504 3558 virtutes
1522 3495 1678 3559 discimus
1697 3495 1876 3572 universas,
1892 3497 1959 3559 dae-

403 3603 451 3658 ter
465 3603 529 3657 tua.
1206 3611 1400 3674 monumque
1414 3592 1644 3656 tentationibus
1659 3593 1958 3674 praevalemuslmo

292 3709 379 3754 uacet.
444 3693 572 3756 Asexta
590 3699 695 3754 autem
713 3690 792 3754 hora
812 3690 949 3752 tenebre
971 3689 1061 3752 laetae
1077 3699 1150 3753 sunt
1206 3693 1247 3754 ab
1260 3711 1299 3754 ea
1312 3692 1462 3753 virtutem
1482 3699 1514 3754 et
1531 3692 1666 3772 gratiam
1685 3692 1864 3755 sortiuntur
1883 3695 1959 3755 uni-

256 3775 391 3825 ¹¹'¹¹·⁴⁵·⁴⁶'
405 3811 502 3874 super
519 3789 701 3853 universam
721 3797 837 3851 terram
857 3806 957 3868 usque
978 3789 1017 3849 ad
1040 3788 1150 3850 boram
1207 3809 1298 3852 versa
1317 3797 1515 3852 sacramenta
1533 3789 1693 3853 Ecclesiae.
1711 3788 1775 3853 Neo
1796 3799 1847 3853 est
1866 3791 1956 3854 aliud

404 3908 543 3968 nonam;
559 3896 591 3950 et
614 3887 700 3949 circa
725 3887 836 3948 horam
858 3904 974 3948 nonam
1001 3886 1151 3948 clamavit
1207 3895 1270 3950 tam
1295 3887 1412 3950 efficax
1432 3887 1570 3950 medium
1596 3906 1633 3950 ae
1651 3888 1837 3950 exercitium
1861 3909 1959 3970 supe-

402 3990 493 4052 Jesus
521 4005 600 4049 voce
628 4003 753 4066 magna,
779 3983 909 4046 dicens:
938 3983 1019 4045 Deus
1047 4003 1148 4060 meus,
1207 3987 1296 4048 randi
1322 3986 1471 4049 universa
1494 3994 1625 4068 peccata
1649 3994 1682 4048 et
1705 3985 1893 4066 proliciendi
1919 3989 1956 4050 in

403 4088 485 4150 Deus
509 4104 611 4161 meus,
628 4091 662 4145 ut
681 4082 754 4164 quid
779 4081 974 4162 dereliquisti
997 4085 1069 4143 mel
1086 4083 1150 4144 Hoc
1206 4085 1293 4148 omni
1309 4085 1426 4147 virtute
1441 4093 1472 4147 et
1486 4084 1598 4167 gratia,
1615 4092 1650 4147 ut
1669 4084 1816 4147 cordialis
1834 4104 1872 4148 ac
1890 4086 1957 4150 ire-

403 4193 509 4246 autem
534 4182 611 4244 dixit
637 4181 756 4243 ratione
781 4179 988 4241 humanitatis
1014 4199 1079 4242 suae
1102 4199 1151 4242 es·
1166 4178 1191 4239 [l
1206 4202 1307 4264 quens
1332 4183 1495 4246 meditatio
1519 4182 1677 4264 passionis
1704 4182 1827 4244 Domini
1852 4186 1955 4248 nostri

403 4289 548 4364 sumptae,
560 4298 629 4361 quae
644 4278 810 4341 videbatur
825 4277 915 4358 quasi
932 4276 1042 4340 relicta
1057 4278 1150 4341 alleo
1205 4281 1279 4344 Jesu
1299 4281 1425 4344 Christi.

403 4380 436 4442 in
466 4387 529 4441 tam
558 4375 862 4459 ignominiosissima
885 4394 921 4436 ac
947 4375 1150 4438 amarissima

260 4504 388 4558 rmum,
403 4477 560 4560 passione.
587 4475 695 4539 Postea
720 4473 799 4535 dixit
824 4497 831 4534 :
859 4473 948 4536 Sitio.
976 4472 1014 4535 Et
1042 4475 1149 4536 statim

256 4575 376 4679 ”mh
403 4595 486 4639 unus
518 4573 634 4638 obtulit
668 4572 697 4634 ei
733 4579 857 4633 acetum
891 4570 966 4633 felle
1002 4571 1147 4635 mixtum.
1424 4554 1668 4618 ARTICULUS
1688 4554 1732 4618 X·

256 4713 322 4750 nvn,
354 4701 388 4744 ⁴⁸·
403 4676 504 4750 Quum
529 4691 604 4753 “8⁰
628 4671 804 4752 accPPlSSPt
829 4670 918 4732 lesus
941 4678 1077 4750 acetum,
1103 4671 1150 4733 dl·
1245 4696 1292 4753 De
1307 4693 1433 4752 curisti
1446 4693 1695 4762 resurrectione,
1705 4695 1914 4768 apparitione

256 4765 374 4871 “omn
401 4773 471 4837 xit:
488 4772 747 4835 consummatum
773 4777 831 4831 est.
848 4768 938 4831 lesus
962 4777 1067 4832 autem
1094 4769 1151 4831 ite
1454 4789 1485 4840 er
1504 4783 1698 4842 ascensione,

255 4906 299 4940 m.
314 4895 346 4934 ra.
401 4889 473 4934 rum
495 4870 637 4933 clamans
661 4885 739 4931 voce
764 4886 890 4948 magna,
906 4867 951 4929 ait
968 4891 974 4929 :
991 4866 1093 4946 Pater,
1116 4868 1149 4930 in

253 4954 386 5062 „21⁶¹'5ss2
401 4989 514 5032 manus
540 4977 610 5030 tuas
635 4966 824 5030 commendo
851 4966 999 5047 spiritum
1028 4986 1146 5030 meum.
1268 4966 1382 5029 Ell'llA
1396 4965 1612 5028 dieerristi
1626 4966 1786 5048 passione,
1796 4980 1955 5033 venerunt
1984 5007 2101 5052 mm

254 5049 386 5128 zue'nnl
400 5069 438 5132 Et
455 5068 522 5130 haeo
541 5066 664 5142 dicens,
680 5063 863 5145 exspiravit.
880 5063 917 5125 Et
941 5083 1016 5126 ecoe
1042 5063 1147 5126 velum
1282 5064 1373 5126 valde
1393 5083 1486 5126 mane
1506 5063 1628 5126 devotae
1651 5064 1804 5128 mulieres
1821 5068 1860 5130 ad
1885 5087 1956 5132 mo
1975 5073 1998 5114 ¹·
2014 5075 2037 5114 ³·

255 5147 376 5248 “pm
401 5165 510 5247 templi
530 5164 663 5226 scissum
684 5170 732 5224 est
750 5182 769 5224 a
788 5181 913 5225 summo
936 5181 1034 5243 usque
1056 5164 1146 5226 deor·
1204 5170 1403 5240 numentum,
1422 5171 1456 5224 ut
1470 5170 1627 5242 ungerent
1640 5180 1757 5244 eorpus
1777 5165 1851 5228 lesu
1865 5165 1956 5230 Cbri-
1985 5232 2072 5276 Μ

252 5271 482 5342 ¹¹r··⁵¹·⁵²·sum‚
509 5271 541 5326 et
564 5269 647 5324 terra
672 5268 757 5322 mota
780 5267 839 5340 est,
863 5269 894 5323 et
917 5268 1014 5342 petrae
1040 5261 1147 5324 scisse
1203 5261 1253 5325 sti.
1269 5260 1389 5336 Quibus
1413 5259 1560 5342 appamit
1583 5260 1728 5341 angelus,
1748 5261 1862 5326 dicens
1879 5289 1887 5328 ε
1904 5265 1957 5331 Je-
1969 5291 2098 5345 mss.
