4309 6250
395 533 434 580 ns
454 535 619 582 assumam
639 535 677 580 nr
697 535 845 582 munrsus
865 534 893 580 a.
916 533 946 580 v.
968 533 1087 592 uasis,
1108 533 1197 580 num
1217 535 1239 581 ι.
1261 553 1302 564 -
1321 533 1392 580 ιιι.
1415 533 1492 582 xum
1674 513 1715 580 39

166 725 224 789 per
238 713 283 770 tot
297 723 397 770 annos
419 706 457 769 ad
479 705 605 770 libitum
621 704 736 768 intueri
752 713 784 768 ιι
804 701 914 767 audire
929 699 954 762 ll
971 722 1113 786 puraque
1140 704 1251 768 oscula
1276 703 1404 767 tenellis
1432 704 1524 785 genis
1556 722 1594 767 ac
1622 702 1717 766 labiis

166 812 202 868 ιιι
216 803 347 866 unicum
362 813 394 867 et
407 804 661 867 amantissimum
677 803 865 880 filium‚imo
880 809 916 864 ut
969 809 1065 882 atque
1087 801 1273 864 clarissimis
1296 801 1411 866 Christi
1430 801 1580 865 infantuli
1601 800 1715 880 oculis,

168 901 228 964 sibi
245 900 484 982 dignantissime
500 900 674 979 subditum,
691 907 726 960 ut
739 899 913 978 coelestem,
970 899 1113 962 hilariter
1133 920 1170 962 ac
1192 899 1447 963 reverentissime
1469 898 1719 983 impressistitO

169 998 363 1081 spiritualem
379 1005 411 1061 et
424 997 690 1080 specialissimum
705 1015 868 1079 sponsum,
882 1005 917 1058 ut
970 997 1082 1060 felices
1097 997 1325 1080 purissimique
1335 996 1719 1079 amplexus,quibusSan·

169 1095 418 1160 familiarissime
442 1103 475 1158 et
497 1094 732 1159 amorosissime
757 1093 917 1158 cohabita·
971 1103 1041 1158 ctus
1063 1096 1263 1172 Sanctomm‚
1287 1095 1438 1158 sanctitas
1459 1095 1529 1177 ipsa
1549 1096 1717 1176 immensa,

169 1205 270 1258 torem
291 1194 525 1257 domesticuml
970 1201 1002 1256 et
1031 1194 1127 1256 llntcr
1156 1194 1335 1257 sanctitatis
1364 1212 1400 1256 ac
1427 1193 1567 1275 pulchras
1595 1193 1720 1256 dilecti·

209 1291 386 1354 Beatissimi
409 1309 484 1374 ergo
503 1291 680 1355 suntoculi
701 1309 824 1354 summe
846 1309 917 1352 sua·
971 1291 1042 1356 onis
1075 1310 1109 1354 se
1136 1291 1276 1354 invicem
1309 1291 1611 1372 amplectebantur!
1642 1291 1718 1366 Quis

169 1389 309 1452 vissimae
332 1397 365 1453 et
388 1389 580 1452 eternaliter
604 1388 779 1452 benedicta
802 1387 915 1467 llariae,
973 1389 1077 1453 cordis
1101 1389 1147 1452 tui
1181 1407 1297 1452 arcana
1327 1389 1421 1453 nobis
1451 1389 1569 1470 poterit
1599 1407 1719 1452 resera-

169 1488 224 1570 qui
239 1489 337 1550 ileum
353 1487 551 1550 incarnatum
567 1487 611 1550 ita
624 1487 789 1564 viderunt3
802 1485 918 1549 beatis-
972 1505 1016 1562 re,
1038 1487 1159 1569 optima
1181 1496 1214 1549 et
1233 1486 1528 1569 preamabilissima
1549 1487 1638 1568 virgo
1660 1485 1721 1548 lla-

170 1587 259 1648 simae
282 1605 374 1648 aures
399 1586 481 1668 ejus,
506 1604 578 1667 quae
605 1585 763 1648 Christum
789 1585 835 1648 sic
863 1602 917 1646 au·
973 1585 1043 1648 rial
1063 1585 1204 1661 Qualiter
1226 1584 1398 1667 cogitatum
1419 1593 1509 1648 tuum
1536 1585 1575 1648 ad
1600 1594 1721 1647 utrum-

170 1683 739 1764 dierunt3beatissimustactnsejus,
755 1681 810 1764 qui
827 1681 917 1744 illum
973 1701 1034 1764 que
1070 1683 1235 1762 flectebas,
1265 1685 1341 1747 dum
1375 1701 1475 1746 unum
1509 1683 1721 1764 eumdemque

170 1781 297 1844 assidue
329 1800 366 1844 ac
400 1781 616 1844 matemaliter
650 1779 919 1862 corporaliterque
973 1780 1088 1842 lilium
1111 1780 1167 1843 llci
1192 1800 1229 1844 ac
1253 1790 1342 1843 tuum
1368 1779 1402 1842 in
1423 1779 1572 1842 manibus
1595 1787 1719 1858 tenens,

171 1879 338 1956 tractavit3
368 1879 570 1942 beatissimus
605 1886 717 1960 gustus
751 1878 834 1960 ejus,
863 1878 918 1959 qui
936 1873 959 1936 B
974 1897 1059 1940 nunc
1074 1879 1223 1941 adorares
1242 1885 1279 1940 ut
1295 1878 1395 1941 [ιιιιι
1416 1877 1620 1956 altissimum,
1635 1895 1722 1940 nunc

171 1995 244 2040 cum
269 1977 353 2058 Rege
382 1977 534 2041 coelorum
558 1976 698 2058 quotidie
723 1975 861 2038 comedit
889 1982 921 2038 et
973 1975 1163 2039 osculareris
1183 1984 1219 2038 ut
1239 1985 1329 2038 tuum
1354 1976 1547 2059 puerulumt
1567 1975 1647 2051 Quid
1671 1975 1724 2038 las-

170 2075 271 2154 bibit;
287 2074 490 2138 beatissimus
503 2075 575 2156 ejus
594 2074 742 2154 olfactus,
757 2073 812 2156 qui
832 2073 919 2136 dulci
974 2073 1051 2136 titiae
1079 2072 1218 2136 habuisti
1250 2074 1284 2135 in
1311 2079 1429 2154 mente,
1457 2073 1535 2135 dum
1563 2072 1659 2135 talem
1685 2090 1723 2134 ac

172 2173 344 2237 Salvatoris
367 2174 463 2238 odore
486 2172 671 2255 frequenter
699 2181 747 2236 est
773 2173 920 2235 immuta-
974 2179 1097 2234 tantum
1122 2171 1238 2234 lilium
1263 2171 1327 2234 tuis
1352 2170 1450 2233 sacris
1473 2169 1597 2233 lactasti
1622 2170 1725 2233 uberi·

171 2270 459 2335 tus.Sacratissima
473 2290 510 2334 ac
522 2271 711 2334 suavissima
724 2271 822 2334 ubera
835 2271 918 2352 ejus,
974 2270 1045 2347 bus,
1069 2278 1101 2332 et
1123 2269 1372 2332 circumferebas
1395 2269 1459 2331 tuis
1483 2268 1625 2332 brachiis
1653 2287 1724 2330 san·

171 2389 242 2451 qua
265 2369 482 2432 universitatis
502 2368 612 2451 opifici
636 2369 821 2433 alimoniam
843 2387 921 2450 prse-
976 2369 1047 2448 ctis,
1062 2386 1134 2449 quae
1153 2368 1258 2449 ipsum
1278 2366 1409 2431 fovebas
1427 2367 1461 2428 in
1480 2366 1615 2448 gremio,
1632 2365 1726 2429 recli-

172 2469 246 2532 bere
261 2467 363 2530 electa
384 2474 469 2530 sunt.
486 2466 719 2530 felicissimum
741 2485 777 2530 cs
791 2475 823 2529 et
837 2466 921 2530 labia
976 2465 1058 2528 nesti
1079 2465 1112 2528 in
1131 2466 1224 2529 cunis
1243 2473 1275 2528 et
1293 2465 1388 2543 lecto,
1403 2471 1436 2528 et
1453 2463 1649 2528 osculabaris
1669 2482 1725 2527 ore

172 2564 453 2628 venerabilissimae
472 2573 504 2628 et
523 2565 771 2647 preclarissimae
791 2582 921 2646 prorsus
977 2566 1113 2627 serenot

172 2664 286 2740 Μιιίιι,
298 2681 369 2744 que
384 2663 482 2726 lleum
498 2681 535 2725 cx
550 2682 583 2725 se
599 2671 708 2725 natum
724 2661 918 2725 infantulum
1016 2661 1040 2725 0
1060 2668 1190 2743 quanta,
1207 2679 1302 2741 quam
1322 2658 1614 2741 incomparabiliter
1632 2679 1726 2742 gran·

173 2761 266 2825 toties
285 2770 317 2824 et
337 2769 399 2823 tam
419 2759 687 2824 affectuosissima
711 2769 805 2842 atque
825 2760 923 2842 puris·
977 2760 1041 2837 dia,
1053 2779 1151 2841 quarn
1165 2759 1260 2821 unice
1275 2777 1312 2822 ac
1327 2758 1536 2821 saluberrime
1552 2756 1727 2839 singularia

173 2857 254 2919 sima
279 2856 452 2920 allectione
473 2865 548 2919 sunt
565 2857 718 2919 osculata.
731 2855 922 2919 Beatissimae
978 2867 1052 2921 sunt
1066 2857 1147 2934 hac,
1164 2875 1182 2919 o
1202 2856 1370 2920 benedicta
1388 2875 1426 2919 ac
1443 2856 1646 2918 divinissima
1664 2855 1727 2917 vir-

173 2973 287 3017 manus
301 2953 519 3036 glorificandae
534 2953 725 3036 licumque
736 2954 849 3016 fllium
865 2953 920 3016 Ilei
977 2975 1018 3038 go
1031 2956 1142 3020 floriet
1155 2956 1312 3030 Quantum
1327 2954 1438 3018 dilexit
1453 2963 1485 3016 et
1498 2954 1635 3036 qualiter
1649 2973 1728 3037 pra·

174 3071 210 3115 ac
227 3071 318 3115 suum
334 3060 398 3115 tam
420 3052 532 3116 crebro
551 3053 584 3114 in
605 3071 638 3115 se
659 3059 840 3131 tenuerunt,
863 3053 923 3114 cir·
941 3053 1075 3136 Celegit
1104 3061 1134 3116 tc
1158 3053 1241 3115 fleus
1269 3053 1491 3136 omnipotens!
1515 3060 1670 3134 quantum
1695 3060 1726 3113 te

174 3150 405 3231 cumforebant‚
422 3152 590 3229 duxerunt,
608 3151 805 3232 etobsequia
820 3150 923 3213 infan-
978 3152 1166 3215 honoravit!
1194 3170 1289 3233 quarn
1319 3150 1569 3213 familiarissime
1598 3158 1629 3213 et
1657 3169 1727 3232 gra·

175 3250 260 3313 tibus
279 3248 385 3312 debita
403 3249 616 3313 exhibuerunt
636 3249 740 3313 eidem
755 3271 762 3325 3
779 3248 922 3311 beatissi·
978 3249 1149 3313 tiosissime
1173 3258 1278 3311 tecum
1301 3248 1387 3331 egitt
1404 3248 1562 3322 Quantum
1583 3267 1656 3310 eum
1678 3247 1727 3309 di·

175 3368 262 3410 mum
278 3355 389 3430 pectus
404 3347 474 3428 ejus
489 3355 520 3409 et
535 3347 673 3424 brachia,
688 3345 778 3427 juxta
792 3347 876 3428 quod
891 3355 922 3408 et
978 3348 1077 3429 ligere
1099 3355 1131 3409 et
1150 3346 1287 3428 qualiter
1307 3346 1337 3409 ci
1361 3345 1525 3428 regratiari
1550 3345 1726 3409 teneristO

175 3445 342 3527 interque
362 3444 417 3507 Ilei
439 3444 536 3506 filius
552 3444 644 3507 toties
659 3444 691 3507 in
711 3464 767 3506 sua
789 3443 922 3505 infantia
978 3444 1258 3509 delectabilissima
1276 3444 1420 3525 Domina,
1437 3464 1456 3507 ο
1474 3442 1673 3506 admirabilis
1688 3461 1725 3505 ac

174 3544 228 3626 pie
249 3542 390 3607 creditur
410 3542 590 3623 quievisse3
613 3541 832 3605 beatissimum
858 3542 924 3604 col·
979 3544 1164 3606 felicissima
1192 3552 1347 3620 creatura,
1377 3562 1472 3624 quam
1501 3560 1576 3605 vere
1603 3541 1723 3619 dixisti,

175 3642 242 3704 lum
254 3640 382 3724 ejus,ad
397 3641 481 3722 quod
496 3660 576 3722 puer
590 3640 679 3703 Jesus
694 3640 792 3703 ubera
807 3659 922 3721 sugens
978 3642 1055 3716 Ouia
1085 3640 1163 3704 fecit
1186 3641 1266 3703 mihi
1292 3660 1407 3723 magua
1434 3640 1488 3721 qui
1516 3648 1629 3722 petens
1654 3647 1722 3702 estl
1737 3662 1811 3713 cm.
1819 3666 1853 3707 ιι.

175 3741 330 3822 virginea,
360 3738 453 3801 toties
482 3757 539 3801 sua
566 3738 708 3801 extendit
739 3739 921 3817 brachiola;
978 3741 1075 3815 Quam
1091 3747 1180 3820 grata
1194 3758 1231 3801 ac
1246 3738 1359 3800 humili
1376 3745 1481 3800 mente
1496 3737 1651 3817 cecinisti,
1668 3736 1724 3799 lla·
1737 3752 1870 3803 resanat.

174 3837 350 3903 beatissimi
380 3838 476 3919 pedes
504 3836 575 3917 ejus
608 3846 639 3899 et
674 3856 776 3915 crura,
806 3838 922 3919 quibus
978 3836 1113 3921 gnificat
1130 3837 1237 3899 anima
1255 3835 1724 3910 mealleminuthuamsin-

175 3934 332 4021 precessit
359 3934 398 3998 ad
432 3942 580 4017 praetacta
607 3934 722 3997 Christi
757 3936 921 4017 obsequia,
978 3936 1094 3999 ceriter
1113 3934 1273 4011 fatebaris,
1290 3934 1465 3996 Exsultavit
1484 3932 1614 4015 spiritus
1634 3952 1725 3996 meus

175 4042 294 4097 etcum
310 4041 374 4095 tam
396 4032 479 4095 intra
501 4050 535 4095 se
556 4033 697 4095 nondum
713 4032 791 4095 foris
813 4041 921 4096 natam
978 4036 1012 4097 in
1032 4034 1095 4097 fleo
1115 4032 1245 4095 salutari
1265 4040 1355 4095 meet

175 4151 271 4214 quam
286 4138 373 4193 extra
386 4130 452 4212 jam
467 4130 609 4211 genitum
625 4129 796 4211 bajulavit3
807 4131 923 4194 beatis·
1017 4132 1099 4194 Ecce
1113 4131 1314 4193 venerandus
1328 4138 1360 4192 et
1374 4149 1507 4211 magnus
1524 4128 1577 4191 ille
1592 4129 1725 4210 patriar-

176 4230 258 4291 sima
282 4246 318 4290 ac
343 4226 602 4309 splendidissima
630 4226 753 4290 viscera
781 4228 863 4309 ejus,
890 4228 922 4291 in
939 4232 963 4295 D
979 4230 1038 4292 cha
1057 4229 1226 4306 Abraham,
1244 4237 1333 4310 pater
1347 4236 1432 4305 tuus,
1449 4228 1514 4290 imo
1532 4226 1638 4308 potius
1659 4244 1871 4295 ser-amam.

175 4326 292 4410 quibus
317 4326 518 4407 omnipotens
546 4326 658 4403 virtus,
686 4326 847 4408 Sapientia
877 4328 923 4389 in·
979 4348 1037 4391 vus
1061 4347 1098 4389 ac
1122 4326 1211 4388 filius
1239 4334 1323 4404 tuus,
1349 4324 1519 4389 exsultavit
1546 4334 1581 4387 ut
1604 4310 1772 4388 videret⁵⁶·

176 4434 283 4488 creata
296 4433 328 4487 et
342 4424 505 4486 incarnata
517 4432 562 4487 tet
576 4424 739 4487 mensibus
754 4426 921 4506 requievit.
978 4427 1062 4489 diem
1090 4424 1206 4487 Christi
1234 4423 1297 4486 filii
1326 4423 1394 4499 tui;
1420 4423 1511 4502 vidit,
1537 4431 1569 4485 et
1596 4423 1725 4505 gavisus

218 4523 270 4585 Sic
293 4529 325 4584 ιι
346 4530 452 4585 cetera
472 4520 543 4603 ejus
564 4522 707 4584 membra
729 4522 787 4585 rite
808 4523 925 4585 beatis·
979 4532 1027 4587 est
1051 4547 1057 4585 :
1082 4523 1137 4604 qui
1163 4532 1268 4585 tamen
1294 4521 1408 4583 lilium
1437 4528 1527 4583 tuum
1550 4540 1616 4583 non
1644 4520 1728 4583 vidit

178 4622 258 4683 sima
282 4620 514 4702 praedicantum
531 4628 563 4681 et
586 4621 671 4701 quod
697 4622 803 4683 minus
828 4621 925 4685 hone·
980 4621 1041 4685 nisi
1057 4622 1090 4682 in
1106 4621 1221 4700 spiritu
1240 4627 1294 4681 aut
1308 4617 1423 4701 figura.
1442 4618 1479 4681 Et
1494 4620 1520 4681 si
1542 4628 1648 4681 tantus
1664 4619 1724 4699 vir,

177 4729 261 4782 stum
286 4738 438 4802 apparere
462 4726 569 4800 posset
593 4720 625 4781 in
650 4738 699 4797 ιι,
724 4720 925 4802 singulariori
980 4740 1018 4783 ex
1038 4716 1235 4800 imaginaria,
1253 4717 1410 4798 spirituali
1430 4726 1485 4779 aut
1503 4717 1610 4799 typica
1629 4717 1727 4780 visio-

177 4820 353 4895 houestate‚
378 4816 523 4879 castitate
544 4825 576 4879 ιι
596 4818 697 4898 gratia
720 4818 752 4880 in
776 4818 844 4900 ipsa
873 4820 927 4881 de·
981 4838 1022 4881 ne
1053 4816 1167 4879 Christi
1197 4814 1295 4876 futuri
1321 4815 1364 4876 ita
1390 4814 1519 4896 gavisus
1547 4822 1727 4896 astatque

177 4934 274 4997 super
297 4915 499 4977 honestatum
524 4914 718 4995 agnoscitur.
741 4916 811 4978 llaeo
833 4917 926 4979 oculo
982 4936 1055 4979 cum
1071 4923 1135 4976 tam
1150 4913 1272 4994 ingenti
1288 4911 1408 4975 affeetu
1424 4912 1528 4995 ipsum
1546 4912 1668 4994 optavit
1681 4913 1727 4975 vi-

177 5014 298 5077 mundo
320 5020 394 5075 sunt
415 5012 670 5094 contemplanda.
687 5013 802 5094 Sioque
818 5015 857 5077 de
878 5014 927 5077 his
981 5016 1056 5077 dere
1074 5037 1081 5073 :
1098 5030 1193 5093 quam
1213 5010 1461 5094 precordialiter
1478 5019 1524 5087 tu,
1541 5010 1728 5073 felicissima

180 5112 239 5175 viri
255 5110 360 5175 devoti
384 5128 421 5173 ac
441 5110 567 5173 coelitus
587 5109 745 5188 illustrati,
763 5111 928 5174 sinceriter
984 5132 1085 5188 necne,
1103 5110 1355 5173 laudabilissimo
1369 5128 1495 5191 semper
1509 5110 1616 5185 llaria,
1633 5109 1666 5170 in
1682 5108 1729 5189 ip-

180 5230 217 5273 sc
232 5210 346 5272 devote
361 5215 436 5271 sunt
450 5206 566 5271 elocuti
579 5206 620 5270 :0
636 5208 820 5271 beatissima
833 5209 930 5271 Matar
985 5210 1051 5271 sius
1075 5206 1192 5270 Christi
1217 5205 1279 5268 filii
1305 5206 1349 5267 tui
1376 5205 1536 5287 gaudebas
1561 5205 1730 5286 prasentia

182 5327 220 5371 ac
241 5307 337 5389 Virgo
358 5305 541 5389 purissima,
562 5324 657 5389 quam
681 5315 801 5386 sancta,
822 5307 931 5371 suavia
986 5316 1018 5370 et
1036 5307 1212 5389 adspectui
1227 5304 1316 5368 Certe
1336 5312 1423 5365 tanto
1442 5303 1514 5384 plus
1533 5310 1650 5385 quanto
1665 5321 1731 5366 am·
