4309 6250
453 500 495 548 na
513 501 619 550 nurus
639 497 820 549 coonmorn
838 498 1003 547 aurosus
1022 499 1055 548 nr
1077 499 1201 550 rimis.
1224 520 1265 533 -
1285 501 1354 550 lar.
1379 504 1431 551 xrr
1656 483 1713 549 tol

164 669 304 734 centiam
320 689 450 754 prorsus
463 671 665 751 immensam,
686 670 915 737 etdelectatio·
928 669 955 734 A
968 669 1133 734 arboribus
1162 679 1193 734 et
1217 669 1373 754 virgultis.
1403 671 1441 734 lit
1465 671 1491 734 si
1515 671 1549 735 in
1573 671 1716 736 laciehus

165 788 238 832 nem
263 769 430 834 verissime
448 769 695 833 interminatam.
713 769 914 836 AEternaliter
966 771 1175 852 quorumdem
1198 770 1364 834 hominum
1390 771 1570 834 mortalium
1596 779 1715 835 tantm

163 886 290 949 quoque
312 869 478 932 intuentur
495 889 530 932 se
550 869 690 932 invicem
708 867 914 932 deliciosissi·
967 867 1234 950 pulchritudinem
1258 869 1365 952 posuit
1389 870 1482 949 Deus,
1498 878 1533 932 ut
1556 869 1716 933 intuentes

164 985 214 1028 me
234 975 332 1048 atque
348 951 537 1047 clarissime,
557 976 589 1030 et
610 965 761 1029 lrnuntur
778 985 812 1028 se
831 965 912 1028 iuvi·
966 963 1064 1028 lacios
1080 973 1143 1028 tarn
1158 967 1289 1030 decoras
1311 967 1483 1049 plurimum
1505 968 1714 1048 delectentur,

162 1080 232 1126 cem
247 1083 323 1126 cum
338 1065 499 1147 voluptate
518 1063 647 1127 inlinits
665 1083 703 1127 ac
725 1082 914 1145 supermun-
966 1073 998 1126 et
1011 1064 1130 1128 diutius
1145 1065 1347 1148 inspiciendo
1359 1067 1411 1129 vix
1425 1067 1717 1148 lassentur,ipsum·

162 1161 295 1224 dissima
322 1185 330 1224 :
356 1163 466 1244 sicque
489 1163 608 1241 letitia,
632 1181 693 1244 pax
716 1171 749 1225 at
771 1161 912 1224 suavitas
965 1179 1028 1242 que
1042 1170 1169 1244 tempus
1190 1163 1237 1226 eis
1260 1163 1357 1227 breve
1378 1165 1534 1246 videatur,
1551 1183 1649 1248 quum
1671 1173 1717 1228 ts-

162 1259 289 1322 Domini
305 1259 361 1324 Ilei
376 1261 475 1325 nostri
492 1261 524 1324 in
540 1281 574 1324 se
589 1261 660 1344 ipso
673 1270 722 1324 est
742 1259 911 1324 omnifarie
966 1279 1040 1323 men
1055 1260 1154 1325 iacies
1169 1262 1307 1327 hominis
1323 1263 1364 1326 sit
1379 1263 1453 1326 vilis
1473 1271 1505 1326 et
1526 1263 1717 1346 corruptibi-

163 1358 269 1440 plena,
292 1358 444 1441 perlecta,
471 1360 638 1423 immensa,
664 1361 702 1422 lit
727 1359 753 1422 si
778 1377 911 1422 vercae
967 1358 1007 1421 lis
1030 1359 1169 1422 materias
1194 1361 1298 1443 portio
1321 1379 1418 1444 parva
1436 1385 1442 1424 :
1460 1381 1555 1444 quam
1582 1363 1717 1446 pulcher

162 1459 287 1522 sineere
310 1458 476 1539 diligimus
500 1478 585 1538 eum,
607 1459 762 1522 debemus
785 1459 825 1520 de
849 1457 911 1521 hoc
964 1465 1013 1520 est
1027 1457 1096 1539 ipse
1111 1457 1238 1522 Creator
1250 1460 1463 1542 omnipotens,
1471 1461 1562 1542 cujus
1576 1461 1715 1526 essentia

161 1556 392 1620 cordialissime
417 1557 574 1620 exsultare
595 1580 602 1618 :
623 1575 688 1639 quo
711 1555 832 1620 etenim
854 1555 913 1619 ali·
964 1565 1013 1618 est
1026 1556 1081 1618 lux
1102 1557 1378 1640 superpurissime,
1396 1576 1525 1640 prorsus
1546 1559 1712 1638 immensa,

161 1655 232 1737 quis
247 1655 407 1718 sincerius
421 1663 516 1736 atque
536 1653 713 1718 terrentius
731 1654 837 1737 diligit
855 1654 912 1716 ali·
964 1654 1080 1737 etipsa
1095 1656 1162 1718 haec
1179 1656 1243 1734 lux,
1260 1665 1309 1720 est
1323 1657 1478 1739 sapientie
1493 1658 1643 1738 increata,
1661 1678 1716 1722 ve-

162 1752 797 1836 quem,eodelellcitate,perlectioneet
810 1753 911 1836 gloria
966 1753 1041 1815 ritas
1066 1753 1279 1834 interminata,
1308 1755 1459 1819 sanctitas
1488 1757 1581 1838 cujus
1606 1756 1714 1820 nullus

161 1854 232 1936 ejus
253 1852 469 1916 abundandes
488 1853 616 1934 gaudet.
924 1845 948 1908 B
966 1859 1016 1914 est
1035 1850 1135 1914 linisl
1458 1839 1462 1850 ’

1005 1949 1168 2029 Praeterea,
1185 1970 1284 2033 quum
1298 1951 1381 2016 Deus
1396 1953 1651 2036 superamabilis,
1663 1973 1715 2016 su·

358 2071 603 2138 ARTIGULUS
625 2071 718 2137 xlv·
966 2047 1244 2130 perdesiderabilis
1257 2069 1295 2114 ae
1310 2051 1662 2134 supergratiosissimus,
1674 2053 1715 2116 sit

966 2146 1000 2208 in
1020 2165 1054 2210 se
1073 2141 1144 2229 ipso
1166 2147 1302 2212 inlinitae
1324 2150 1500 2232 suavitatis,
1517 2151 1582 2216 imo
1606 2151 1714 2233 utique

966 2243 1038 2327 ipsa
1050 2245 1186 2310 dulcedo
1208 2245 1348 2326 fontane,
1368 2249 1619 2313 immensurata:
1636 2269 1715 2314 non-

965 2362 1007 2407 ne
1021 2343 1093 2426 ejus
1108 2343 1227 2424 fruitio,
1243 2345 1315 2428 ejus
1329 2356 1441 2428 gustus
1456 2355 1488 2411 et
1502 2365 1597 2431 sepor
1618 2349 1715 2412 inter

965 2461 1026 2505 nus
1039 2441 1250 2507 inellehiliter
1263 2445 1516 2526 iucundissimus
1538 2445 1716 2510 deliciosis-

219 2542 402 2607 ΙΙΙᾸΞΗΒΠΜ
420 2561 572 2607 vocamus
592 2545 677 2626 quod
699 2545 804 2608 visum
824 2545 910 2609 dele—
965 2541 1130 2624 simusque
1154 2542 1324 2607 consistitt
1343 2544 1381 2607 Et
1405 2545 1432 2607 si
1458 2546 1635 2629 corporalia
1657 2545 1715 2609 ali-

236 2651 323 2722 ctat3
339 2649 372 2705 et
385 2641 490 2724 dulce,
505 2642 590 2724 quod
611 2642 842 2706 delectabiliter
860 2664 910 2707 sa·
965 2649 1072 2704 menta
1087 2659 1125 2704 ac
1138 2649 1232 2723 potus
1247 2642 1394 2706 nonnulli
1405 2652 1470 2706 tam
1482 2644 1715 2708 delectabiliter

157 2742 216 2824 pit.
242 2741 283 2805 Et
306 2759 370 2824 quo
393 2741 516 2822 aliquid
543 2741 707 2824 pulchrius
737 2741 844 2821 luerit,
871 2762 909 2807 eo
964 2739 1104 2821 sapiunt,
1131 2741 1157 2802 si
1187 2759 1357 2823 corporum
1382 2743 1458 2806 unio
1482 2751 1605 2806 tantum
1629 2743 1714 2808 dele-

158 2840 229 2922 ejus
242 2841 416 2922 adspectus
433 2839 618 2904 deliciosior
635 2847 704 2918 est,
720 2860 785 2923 qno
802 2849 909 2904 autem
965 2848 1029 2904 ctat
1046 2863 1053 2902 :
1069 2860 1165 2924 quam
1191 2841 1471 2925 voluptuosissima
1496 2853 1544 2906 est
1565 2844 1715 2908 heatiiica

158 2940 292 3002 suavius
306 2945 418 3018 exstat,
433 2956 472 3002 eo
485 2947 597 3020 gustus
611 2946 644 3001 et
657 2958 734 3002 usus
753 2958 811 3002 seu
831 2939 910 3002 lrui-
966 2938 1021 3002 illa
1049 2939 1244 3023 lruitivnque
1273 2942 1361 3021 unio,
1387 2961 1451 3023 qua
1478 2961 1568 3005 mens
1596 2952 1713 3022 creata,

157 3037 203 3100 tio
230 3039 306 3119 ejus
329 3036 465 3100 sentitur
491 3036 674 3118 jucundior.
703 3038 806 3113 Quum
834 3057 911 3120 ergo
927 3036 949 3101 C
965 3038 1134 3102 dulcedine
1159 3039 1213 3106 Dei
1238 3039 1388 3120 increata,
1406 3041 1576 3124 purissima
1600 3051 1632 3104 et
1657 3043 1716 3106 im·

156 3136 241 3199 Dens
264 3134 440 3199 altissimus
466 3142 499 3198 et
525 3143 663 3199 aeternus
684 3136 727 3200 sit
748 3136 818 3219 ipsa
841 3137 912 3221 pul-
965 3157 1087 3219 mcnsa,
1105 3138 1137 3201 in
1153 3158 1186 3203 se
1202 3140 1271 3221 ipsa
1285 3140 1324 3203 ad
1341 3140 1466 3204 lihitum
1488 3142 1612 3221 iruitur,
1630 3162 1715 3207 eom-

157 3234 309 3298 chritudo
336 3233 463 3316 penitus
486 3232 627 3313 inlinita,
653 3235 851 3317 sapientialia
871 3254 909 3299 ac
964 3256 1026 3319 qne
1047 3236 1080 3298 in
1105 3254 1162 3301 suo
1188 3236 1275 3301 lonte
1301 3238 1473 3320 experitur,
1488 3249 1605 3322 gustat,
1621 3250 1652 3305 et
1677 3262 1714 3307 ea

157 3334 244 3414 viva,
265 3351 332 3397 non
356 3332 574 3411 accidentalis,
598 3334 654 3396 sed
679 3334 907 3415 substantialis,
965 3335 1159 3417 adplenum
1189 3334 1274 3398 intus
1302 3337 1334 3399 in
1363 3346 1517 3401 aeternum
1547 3339 1713 3403 resrciturt

157 3431 223 3495 imo
237 3431 348 3515 potins
362 3430 649 3513 superessentialis,
664 3430 698 3493 in
713 3432 832 3515 seipsa
851 3451 910 3514 pn-
963 3432 1075 3497 Nonne
1094 3434 1253 3515 excaeati,
1271 3435 1459 3519 insipientes
1482 3446 1577 3519 etque
1603 3439 1714 3503 miser-

155 3530 285 3593 rissime
300 3528 592 3613 insatiabiliterque
611 3530 799 3608 subsistens,
814 3538 909 3613 atque
965 3532 1037 3595 rimi
1051 3532 1309 3615 comprobantur,
1325 3535 1381 3615 qui
1397 3543 1483 3599 tanta
1504 3535 1656 3601 felicitate
1679 3556 1712 3601 se

155 3630 197 3693 ob
223 3628 378 3693 omnihus
406 3648 464 3711 per
498 3626 658 3692 intimum
686 3629 908 3694 excellentiam
964 3631 1093 3713 privant
1106 3633 1414 3714 propterpraesentis
1436 3634 1508 3697 vitae
1530 3634 1714 3700 delectatio·

155 3734 305 3809 separata
328 3732 361 3788 et
383 3724 642 3807 superexaltata:
663 3726 909 3791 nonneinasti-
964 3749 1022 3793 nes
1046 3728 1199 3812 impuras,
1221 3730 1321 3794 ioedas
1346 3750 1382 3795 ac
1408 3732 1572 3811 bestiales,
1584 3743 1713 3817 propter

156 3824 324 3889 mobiliter
345 3823 532 3906 gaudiosum
556 3832 617 3902 est,
632 3824 717 3887 hunc
742 3825 909 3910 superpul-
964 3828 1102 3892 caducos
1116 3828 1253 3892 honores
1267 3848 1304 3893 ac
1319 3838 1489 3913 pereuntes
1504 3832 1650 3895 divitissl

156 3922 357 3987 cherrimum
378 3923 490 4001 Deum,
506 3922 654 4004 hancque
668 3923 841 4004 inlinitum,
857 3944 910 3987 su·
1004 3926 1093 3989 Nunc
1108 3926 1205 4008 igitur
1219 3928 1334 3991 mentis
1349 3928 1520 4011 puritatem
1539 3949 1683 3995 amemus
1701 3956 1708 3995 :

155 4021 511 4107 persplendidissimam
535 4020 818 4104 pulchritudinem,
844 4024 909 4106 pri·
963 4024 1049 4107 quia,
1065 4034 1102 4088 ut
1116 4026 1265 4089 Salomon
1280 4025 1429 4108 loquitur,
1445 4027 1501 4109 qui
1520 4028 1625 4113 diligit
1642 4048 1712 4094 cor·
1737 4052 1857 4106 ameno,

156 4141 256 4199 mam,
273 4119 488 4202 exemplarem
503 4138 541 4183 ac
555 4121 906 4203 supermundissinram,
962 4123 1013 4187 dis
1036 4124 1238 4203 munditiam,
1254 4124 1391 4187 amicum
1417 4124 1547 4189 habehit
1570 4146 1676 4209 regem
1700 4152 1709 4193 ι
1726 4118 1758 4158 ¹¹·

155 4220 188 4283 in
202 4240 239 4283 se
254 4220 328 4301 ipsa
342 4217 427 4282 clare
447 4238 485 4282 ac
507 4218 689 4283 immediate
711 4220 906 4303 conspicere,
924 4222 1002 4286 ude
1016 4240 1080 4304 quo
1101 4221 1146 4285 ait
1159 4223 1339 4305 Apostolus,
1355 4223 1432 4306 ltegi
1453 4232 1558 4288 autem
1580 4227 1711 4291 saeculo-
1727 4248 1813 4303 trusi,
1823 4254 1855 4295 u.

155 4338 231 4382 cnm
262 4318 335 4400 ipsa
361 4316 553 4380 eternaliter
586 4317 739 4399 hahitare,
768 4319 809 4382 ah
836 4319 908 4401 ejus
964 4340 1034 4385 rum
1056 4320 1239 4399 immortali,
1256 4319 1420 4401 invisibili,
1438 4322 1496 4388 soli
1518 4324 1593 4404 Deo,
1610 4325 1712 4391 honor

153 4417 273 4481 intuitu
295 4434 460 4498 nunquam
480 4418 629 4479 cessaret
963 4428 996 4483 et
1008 4418 1120 4501 gloria.
1137 4419 1217 4494 Quid
1232 4428 1337 4483 sutem
1352 4429 1400 4484 est
1418 4421 1478 4484 ists
1496 4422 1601 4486 cordis
1620 4443 1713 4487 mnn-

193 4517 307 4594 Pcrro,
328 4534 425 4596 quam
448 4514 717 4597 incomparabilis,
732 4517 911 4582 amoenissi·
962 4517 1052 4595 ditia,
1069 4516 1133 4579 nisi
1153 4516 1320 4581 detestatio
1342 4520 1446 4583 omnis
1471 4521 1608 4585 carnalis
1633 4521 1712 4587 alie-

154 4635 207 4679 ma
221 4624 321 4697 atque
335 4612 516 4696 gratissima
530 4614 571 4676 sit
585 4614 789 4696 pulchritudo
803 4625 835 4679 et
848 4616 909 4681 cla·
963 4616 1091 4697 ctionis,
1114 4614 1258 4699 expulsio
1284 4616 1379 4680 totius
1403 4618 1556 4683 mundani
1581 4622 1710 4704 amoris,
1726 4606 1730 4613 ¹

155 4716 233 4779 ritas
258 4712 317 4776 Dei
338 4712 490 4777 adorandi
513 4732 551 4777 ac
574 4712 744 4793 benedicti,
771 4733 809 4777 ex
836 4716 910 4779 dili·
964 4725 1057 4799 etque
1079 4716 1300 4781 immunitasa
1324 4727 1466 4799 peccato,
1483 4720 1579 4784 decor
1601 4722 1711 4803 gratiae

157 4812 246 4898 genti
277 4819 496 4875 creaturarum
524 4812 778 4875 consideratione
805 4821 910 4897 potest
964 4824 996 4879 et
1017 4816 1181 4895 virtutum,
1197 4814 1298 4878 divini
1318 4817 1437 4880 amoris
1455 4818 1643 4883 sinceritast
1667 4822 1710 4885 lle

156 4909 329 4995 perpendi,
346 4908 428 4972 Ecce
447 4908 535 4972 enim
551 4918 671 4992 quanta
689 4918 738 4973 est
761 4912 910 4994 speciosi·
964 4914 1062 4996 hujus
1076 4914 1240 4977 munditias
1255 4916 1460 4996 amatoribus,
1476 4917 1530 4999 qui
1545 4937 1563 4980 a
1578 4929 1710 5001 peccato

156 5020 204 5075 tas
238 5020 273 5075 et
301 5008 428 5072 claritas
457 5008 545 5087 solis,
573 5010 667 5085 luno,
697 5009 908 5093 planetarum,
965 5013 1084 5077 reluta
1098 5013 1229 5077 colubro
1248 5012 1385 5095 lugiunt,
1401 5016 1456 5096 qui
1475 5034 1603 5080 omnem
1625 5018 1711 5100 inju·
1725 5034 1862 5094 sescenta.

157 5111 338 5187 stellarum,
345 5110 499 5174 coelorum
513 5128 551 5171 ac
564 5108 910 5193 elementorum3quam
964 5114 1082 5177 stitiam
1098 5121 1249 5195 tanquam
1268 5132 1427 5177 venenum
1447 5116 1628 5197 abhorrent,
1645 5118 1711 5181 Sal·

156 5208 393 5275 delectabiliter
412 5217 555 5290 tcmpore
572 5206 704 5271 aestivali
721 5217 804 5272 terra
818 5226 911 5275 orna·
965 5222 1054 5276 vator
1075 5212 1250 5275 disseruit:
1267 5212 1352 5275 heati
1372 5214 1491 5279 mundo
1511 5217 1617 5295 corde,
1633 5236 1712 5298 qun·
1724 5234 1856 5291 uaesana.

156 5308 397 5387 tnrlructihus,
408 5306 528 5386 herbis,
540 5307 749 5391 graminibus,
760 5308 908 5392 lloribus,
965 5312 1051 5375 niam
1072 5310 1134 5393 ipsi
1149 5311 1248 5374 ileum
1270 5311 1433 5377 videbunt.

159 2209 206 2268 De
219 2206 387 2282 ineffabili
399 2213 430 2264 et
450 2205 677 2265 inestimabili
689 2206 814 2282 gaudio
824 2223 911 2281 proe·

199 2296 263 2354 mii
277 2295 461 2354 essentialis
475 2296 673 2355 Sartctorum
688 2296 724 2354 in
740 2313 839 2372 regno
852 2314 911 2355 coe·

198 2385 286 2445 testi.
