4309 6250
259 512 300 559 nc
320 512 530 561 ancronuarr
551 512 647 559 sunt
667 510 835 559 romurcrs
848 510 887 557 cr
906 508 1077 558 astemus
1099 510 1239 569 conotus,
1262 513 1349 561 mem
1371 514 1393 558 ι.
1415 532 1456 544 -
1476 515 1546 561 aar.
1568 515 1621 561 xvi
1659 494 1719 561 553

164 684 248 766 Papa
267 695 422 749 convocat
441 694 497 748 ant
514 684 654 748 celebrat
672 682 819 765 generale
839 681 953 745 eon-h
970 690 1002 746 tc
1016 702 1080 746 non
1100 692 1149 747 est
1169 685 1337 766 judicium,
1355 687 1408 749 sod
1430 705 1558 749 causam
1578 694 1664 750 tuam
1684 687 1718 749 in

165 782 301 845 cilium:
319 792 423 867 potest
445 802 521 865 ergo
545 781 623 845 illud
647 781 832 860 dissolvere,
853 799 913 843 neo
969 780 1042 843 sinu
1066 789 1121 844 tuo
1145 781 1272 863 collige,
1293 791 1325 846 et
1349 792 1380 846 te
1402 784 1507 866 ipsum
1528 785 1645 866 judica.
1662 785 1719 849 le·

166 880 317 961 compelli
344 889 399 943 aut
426 880 546 943 invitus
572 878 710 960 judicari
739 884 843 959 potest
873 876 914 939 ab
968 879 1054 960 gitur
1077 898 1204 961 quoquo
1228 880 1261 941 in
1287 881 1451 944 chronicis
1475 882 1610 960 hlortini,
1634 884 1717 965 quod

37 999 150 1052 osmer.
165 979 234 1042 illo.
255 979 336 1043 Hinc
361 979 531 1042 Anacletus
553 978 636 1061 Papa
660 986 792 1040 testatur
814 1000 822 1039 ε
845 976 915 1039 Ele-
968 977 1130 1041 dixerint:
1148 978 1237 1041 Absit
1258 981 1342 1061 quod
1361 1000 1504 1043 summus
1519 980 1662 1044 Pontifex
1677 980 1717 1044 ab

37 1062 116 1168 {sm
130 1074 150 1103 ⁶⁴
166 1078 306 1140 ctionem
330 1097 526 1141 summorum
551 1076 743 1141 Pontificum
772 1075 832 1138 sibi
855 1076 915 1138 Do
969 1077 1075 1158 aliquo
1090 1077 1260 1158 judicetur.
1278 1078 1316 1141 Et
1337 1087 1412 1141 tuno
1427 1080 1625 1143 Marcellinus
1648 1080 1720 1143 tulit

165 1177 273 1239 minus
297 1176 481 1240 reservavit.
505 1176 543 1239 Et
566 1175 748 1239 Bonilacins
772 1175 855 1257 Papa
877 1193 914 1237 ac
970 1175 1160 1238 sententiam
1176 1186 1284 1240 contre
1301 1170 1345 1241 se.
1361 1171 1477 1240 lterum
1493 1178 1554 1241 hoc
1569 1180 1720 1261 probatur

45 1293 89 1337 uu
102 1294 152 1335 asi.
165 1282 287 1355 martyr
302 1298 309 1338 :
326 1274 359 1337 Si
380 1274 462 1356 Papa
485 1295 550 1338 sue
573 1294 610 1337 oc
634 1274 781 1337 fraterne
804 1272 915 1335 salutis
969 1275 1081 1337 eadem
1106 1276 1320 1353 distinctione,
1348 1276 1486 1358 capitulo
1512 1281 1551 1339 In
1577 1286 1718 1347 tontum,
1749 1291 1833 1336 nem.

37 1360 91 1405 ⁸⁰¹⁶·
105 1359 125 1397 ⁶·
165 1372 297 1449 oblitus,
314 1372 562 1437 innumerabiles
583 1374 718 1457 populos
739 1390 848 1435 secum
864 1390 915 1434 ca·
970 1372 1025 1436 uhi
1041 1372 1146 1437 Patres
1165 1375 1205 1437 de
1226 1374 1364 1438 concilio
1385 1376 1617 1438 damnaverunt
1631 1376 1721 1439 Chal·
1734 1355 1868 1462 {j¹·,f¹⁵'²'²¹'

166 1471 316 1533 ternatim
343 1472 440 1535 ducat
466 1474 505 1535 ad
533 1473 714 1554 gehennam
743 1489 816 1533 cum
844 1470 915 1551 ipso
971 1473 1183 1535 cedouensem
1197 1472 1650 1551 Dioscorum,hlexandriuum
1667 1494 1721 1555 pa·

167 1568 272 1651 plagis
291 1569 400 1632 multis
418 1570 609 1633 eternaliter
627 1569 842 1652 vapulaturos,
858 1569 917 1630 hu·
972 1570 1153 1649 triarcham,
1171 1578 1319 1653 tanquam
1341 1572 1537 1651 hereticum,
1553 1572 1628 1653 quia
1642 1592 1720 1654 pre-

165 1667 220 1748 jus
248 1666 359 1749 culpas
387 1666 458 1729 istic
486 1668 675 1749 redarguere
703 1666 811 1728 nullus
840 1684 918 1747 pre
972 1668 1108 1749 sumpsit
1122 1668 1257 1733 Leonem
1273 1670 1387 1751 Papam
1403 1670 1691 1733 excommunicare.

39 1776 153 1829 'affluit
166 1765 492 1828 surnat‘mortalium
510 1789 517 1827 :
534 1766 686 1847 quoniam
702 1772 833 1828 cunctos
848 1765 917 1846 ipse
1012 1766 1107 1829 Porro
1135 1767 1326 1849 Dionysius*
1355 1770 1405 1830 vel
1438 1768 1644 1850 Symmachus
1680 1771 1856 1833 deminae

164 1863 414 1945 judicaturus,a
435 1864 562 1927 nemine
583 1873 632 1927 est
651 1864 854 1945 judicandus.
935 1863 1129 1931 Badulterio
1154 1865 1350 1944 diffamatus,
1376 1886 1482 1930 eorem
1513 1868 1721 1949 quadraginta

47 1973 151 2015 hit-dist
206 1962 371 2042 Preterea,
387 1962 524 2025 concilia
543 1963 703 2045 generalia
724 1962 852 2045 publica
865 1980 919 2024 ex·
973 1964 1097 2026 duobus
1111 1964 1272 2047 episcopis
1292 1984 1325 2027 se
1344 1966 1502 2047 purgavit.
1520 1966 1624 2029 Patres
1647 1985 1721 2029 vero

37 2038 113 2084 ¹⁵¹⁰'''
165 2062 294 2124 ordinm
328 2062 477 2124 habuisse
505 2063 688 2125 scribuntur
721 2061 918 2142 temporibus
974 2070 1084 2124 contra
1110 2081 1181 2124 eum
1211 2062 1243 2124 in
1272 2064 1392 2144 syuodo
1421 2064 1604 2146 congregati
1636 2065 1720 2127 dixe-

44 2174 151 2215 eueut.
166 2160 198 2222 S.
216 2159 361 2221 Silvestri
383 2168 415 2221 et
428 2160 624 2223 Constantini
640 2160 755 2241 llagni.
773 2160 832 2222 Sed
854 2178 918 2221 non
974 2170 1049 2223 runt
1072 2185 1079 2223 :
1103 2162 1310 2243 Symmachus
1332 2170 1486 2244 quantum
1511 2163 1550 2224 ad
1575 2162 1720 2225 homines

37 2241 87 2280 '⁷¹⁶'
97 2243 113 2281 ¹·
166 2257 418 2319 instituebantur
438 2257 501 2319 nisi
524 2258 657 2339 jubente
679 2258 821 2320 Romano
840 2257 920 2320 Pon·
975 2259 1121 2342 pertinet,
1145 2260 1186 2322 sit
1209 2260 1379 2339 immunis;
1402 2260 1496 2342 eujus
1521 2280 1649 2323 oausam
1676 2270 1722 2324 to-

166 2355 584 2437 tifice,quoniamipsorum
600 2356 809 2419 conciliorum
825 2364 920 2436 caput
974 2367 1039 2421 tam
1067 2358 1121 2421 Dei
1150 2358 1272 2439 judicio
1301 2378 1510 2422 reservamus.
1541 2360 1721 2441 florumque

168 2464 218 2518 est
247 2456 316 2536 ipse
343 2454 486 2517 Pontifex
515 2463 547 2517 et
574 2455 656 2518 Petri
685 2474 859 2531 successor,
885 2465 920 2518 ut
975 2456 1052 2519 ratio
1073 2464 1130 2533 est,
1149 2456 1297 2537 quoniam
1320 2457 1402 2538 Papo
1424 2465 1472 2519 est
1493 2456 1632 2519 vicarius
1652 2458 1719 2537 Dei,

46 2568 139 2639 terret.
167 2556 305 2617 habetur
325 2554 357 2616 in
380 2553 520 2636 capitulo
535 2557 708 2624 Firmiter,
724 2562 755 2616 et
776 2573 872 2617 causa
886 2554 916 2632 7,
973 2564 1005 2617 et
1026 2555 1174 2617 omnibus
1198 2563 1312 2636 preest
1336 2555 1368 2616 in
1392 2557 1521 2618 mundo.
1543 2554 1643 2630 Quum
1674 2575 1722 2617 er-

37 2632 341 2735 ff,{'²'¹·¹'questioue
356 2650 538 2735 l‚capitulo
552 2654 770 2716 Nocotionus.
784 2651 848 2715 Neo
863 2653 917 2715 ali-
972 2672 1013 2735 go
1037 2652 1079 2714 sit
1104 2653 1174 2715 viee
1200 2652 1253 2715 liei
1284 2653 1316 2714 in
1346 2654 1449 2731 terris,
1475 2672 1493 2715 o
1517 2652 1645 2715 nemine
1674 2660 1723 2716 est

45 2755 121 2835 lemt-
131 2770 152 2809 r·
167 2761 217 2814 ter
241 2750 415 2813 concilium
440 2750 625 2832 congregari
653 2758 756 2832 potest
775 2750 837 2812 nisi
862 2770 918 2832 per
971 2750 1173 2833 judicandus,
1190 2751 1286 2813 nisia
1305 2751 1372 2814 solo
1391 2750 1466 2828 Deo,
1483 2770 1577 2814 causa
1592 2750 1622 2831 2,
1638 2770 1723 2833 que-

37 2832 152 2934 fff'ssf'q'
168 2848 358 2911 senteutiam
393 2848 525 2911 Romani
553 2847 726 2925 Pontifiois,
758 2868 853 2911 cause
885 2848 917 2926 3,
973 2848 1076 2912 stione
1105 2848 1135 2928 o,
1169 2848 1308 2931 capitulo
1336 2851 1566 2919 Antertomm,
1590 2857 1622 2911 et
1649 2868 1724 2913 cau·
1750 2875 1869 2927 berete

42 2957 152 2999 uum.
167 2947 345 3029 questione
372 2945 403 3025 6,
429 2945 568 3029 capitulo
594 2950 739 3009 oedem.
766 2946 844 3009 llinc
872 2947 919 3010 di·
973 2966 1008 3009 sa
1036 2946 1066 3025 9,
1092 2946 1266 3028 questione
1294 2947 1324 3026 3,
1350 2947 1488 3028 capitulo
1513 2950 1636 3009 Cuncta
1664 2970 1723 3025 per
1737 2952 1758 2987 ¹¹·
1774 2949 1834 2979 ⁰⁸⁰¹·
1849 2938 1870 2987 ²·

37 3023 99 3074 tqt.
108 3024 153 3064 ct.
1736 3014 1758 3056 q.
1770 3003 1790 3050 t,
1803 3013 1823 3043 c.
1833 3002 1867 3041 28.

45 3084 139 3126 lm„
167 3047 254 3109 citur
277 3045 311 3108 in
335 3046 476 3128 capitulo
493 3047 712 3123 Siynr'ficosti,
726 3046 766 3108 de
785 3043 955 3109 ElectioC
975 3049 1146 3115 mundum,
1167 3046 1220 3108 ubi
1243 3054 1346 3107 textus
1366 3046 1455 3122 dicit,
1476 3047 1561 3128 quod
1582 3048 1722 3111 Romana
1750 3062 1869 3105 thideus.

37 3149 151 3253 {bsh-⁶·
166 3167 220 3224 ne,
236 3147 321 3226 quod
347 3145 482 3208 concilia
507 3163 571 3207 non
594 3153 728 3226 possunt
752 3145 917 3227 prefigere
973 3145 1115 3207 Ecclesia
1141 3144 1188 3206 fos
1215 3144 1309 3207 habet
1332 3145 1510 3227 judicandi,
1527 3165 1630 3229 oeque
1656 3129 1793 3231 cui-32²¹·
1809 3129 1830 3176 ⁸*
1850 3137 1869 3167 ⁰*

37 3243 49 3251 ”
75 3241 80 3250 '
166 3245 273 3326 legem
307 3243 455 3306 Romanae
483 3242 644 3322 Ecclesie,
675 3261 774 3324 quum
809 3244 919 3307 omnia
972 3244 1123 3324 quamde
1145 3243 1215 3324 ejus
1237 3243 1312 3305 licet
1331 3243 1473 3324 judicare
1495 3243 1626 3325 judicio.
1645 3246 1723 3308 llur-

166 3341 307 3404 eoncilia
334 3340 404 3420 ejus
433 3338 619 3402 auctoritate
647 3339 711 3402 sint
744 3340 916 3419 celebrata,
973 3361 1027 3403 sus
1049 3342 1157 3404 eadem
1181 3341 1323 3422 causali,
1340 3341 1513 3421 questione
1536 3342 1566 3420 3,
1583 3343 1722 3425 capitulo

165 3449 198 3502 et
212 3440 287 3501 inde
302 3439 399 3500 robur
420 3437 625 3520 sumpserint,
641 3446 735 3518 atque
758 3439 791 3500 iu
806 3458 916 3502 eorum
973 3442 1087 3510 Nemo,
1108 3439 1224 3502 dicitur
1247 3442 1331 3522 quod
1360 3459 1454 3503 nemo
1479 3441 1636 3522 judicabit
1659 3443 1723 3524 pri·
1737 3454 1859 3499 thiasis.

165 3537 295 3600 statutis
323 3536 463 3598 Romana
490 3543 635 3618 patenter
662 3536 836 3617 excipiatur
864 3557 919 3599 au·
973 3555 1058 3599 mam
1088 3536 1213 3598 Sedem.
1243 3536 1385 3617 itemque
1420 3539 1531 3600 eadem
1567 3557 1663 3601 causa
1690 3539 1721 3617 9,

165 3625 310 3700 ctoritas.
973 3635 1147 3715 questione
1166 3635 1196 3715 3,
1221 3635 1361 3718 capitulo
1385 3639 1551 3707 Aliorum,
1576 3637 1692 3700 dicitur
1714 3654 1791 3701 :ute
1804 3667 1823 3696 ι.
1838 3654 1870 3696 ιι.

205 3735 281 3796 idco
296 3741 405 3796 eontra
419 3740 581 3815 regentem
603 3733 768 3814 superbire
782 3753 846 3796 non
862 3735 915 3796 de·
972 3732 1114 3795 Aliorum
1135 3753 1246 3796 causas
1271 3734 1352 3796 Deus
1377 3733 1478 3796 voluit
1502 3753 1559 3816 per
1577 3735 1723 3798 homines

165 3834 245 3895 bent
274 3831 423 3911 subjecti,
449 3830 687 3912 transumptive,
715 3830 918 3894 distinetione
973 3830 1137 3892 terminari
1152 3855 1160 3910 ;
1177 3833 1231 3894 sed
1253 3832 1343 3894 Sedis
1363 3831 1454 3894 istius
1475 3832 1642 3896 Presulem
1666 3855 1723 3898 suo

37 3943 150 4000 nesae«.
164 3931 218 4010 21,
239 3929 380 4013 capitulo
400 3931 556 4006 Inferior,
578 3930 616 3991 Et
637 3929 783 3992 subditur
806 3931 917 3993 eadem
972 3929 1042 3992 sine
1056 3929 1230 4011 questione
1245 3931 1421 3993 reservavit
1441 3931 1584 3996 arbitrio.
1602 3933 1724 3996 Postre-

37 4007 151 4114 ffi'ss'ssj
165 4029 385 4107 distinctione,
399 4027 538 4109 capitulo
555 4029 678 4098 Nolite,
692 4029 777 4108 quod
793 4027 853 4090 lilii
869 4049 919 4091 er·
973 4046 1037 4108 mo,
1053 4027 1122 4108 lege
1143 4027 1252 4091 divina
1272 4027 1305 4089 in
1329 4029 1416 4091 omni
1432 4029 1530 4093 dubio
1545 4031 1584 4093 ad
1599 4040 1724 4114 aposto-

164 4149 207 4211 ga
222 4127 422 4210 spiritualem
441 4134 562 4208 patrem
578 4126 623 4187 ita
639 4126 745 4188 devoti
766 4146 803 4189 ac
819 4127 917 4189 sobrii
974 4125 1069 4187 licam
1084 4125 1196 4188 Sedem
1220 4128 1448 4190 recurrendum
1465 4136 1523 4208 est,
1540 4137 1575 4191 ut
1588 4129 1724 4192 habetur

165 4246 239 4289 esse
263 4225 390 4300 dehent,
417 4232 452 4286 ut
476 4224 564 4287 nulla
589 4224 716 4305 penitus
741 4225 917 4287 temeritate
934 4226 958 4287 l)
974 4225 1007 4285 in
1023 4223 1161 4305 capitulo
1177 4227 1244 4287 Per
1260 4227 1486 4297 venerabitem,
1502 4234 1563 4290 etc.
1751 4240 1856 4285 oseem.

164 4325 205 4387 ad
221 4324 294 4405 ejus
308 4323 406 4384 vitam
422 4322 538 4383 nedum
553 4321 770 4403 judicandam,
787 4323 916 4385 seduco
1012 4323 1133 4404 ltaque,
1150 4341 1248 4404 quum
1274 4343 1331 4405 par
1350 4323 1382 4386 iu
1403 4343 1511 4406 parem
1533 4335 1722 4408 potestatem
1736 4303 1870 4418 {³{‘,{⁹;,f⁵‘'

164 4421 463 4504 reprehendendam
493 4419 669 4501 prosiliant.
696 4420 849 4503 lienique,
876 4423 915 4484 de
973 4440 1037 4484 non
1053 4422 1179 4498 habeat,
1196 4429 1228 4484 et
1243 4422 1324 4503 Papa
1340 4422 1436 4485 totius
1450 4423 1600 4489 Ecclesie
1616 4435 1724 4509 pastor

164 4522 228 4585 hoc
245 4520 371 4582 videtur
390 4537 559 4599 expressus
573 4527 676 4580 textus
695 4519 838 4599 ejusdem
855 4521 917 4583 dis·
972 4529 1004 4584 et
1030 4520 1173 4602 pontifex
1202 4520 1253 4601 sit,
1281 4529 1438 4603 caputque
1468 4525 1608 4602 concilii,
1634 4527 1723 4607 juxto

37 4635 81 4679 ua.
98 4643 150 4683 ιι.
164 4618 344 4696 tinctionis,
364 4616 504 4699 capitulo
522 4619 622 4680 Nunc
640 4627 750 4677 autem
769 4621 886 4678 divina
905 4642 917 4680 .·
974 4619 1184 4701 preallegata‚
1201 4638 1265 4682 nou
1290 4619 1415 4682 videtur
1439 4641 1457 4682 a
1482 4625 1622 4704 generali
1649 4645 1724 4688 con-

164 4719 221 4781 ubi
240 4715 375 4779 habetur
395 4716 480 4796 quod
501 4734 599 4797 quum
621 4715 821 4778 Marcellinus
835 4717 917 4798 Papa
972 4718 1048 4780 cilio
1063 4738 1157 4800 posse
1173 4718 1300 4799 deponi,
1318 4738 1378 4782 nec
1398 4719 1521 4801 legibus
1544 4723 1614 4804 ejus
1629 4725 1724 4787 strin-

164 4827 312 4898 tempore
326 4813 513 4877 Diocletiani
533 4814 717 4896 compulsus
740 4814 833 4877 idolis
848 4817 918 4880 thu·
972 4817 1016 4898 gi,
1032 4815 1209 4898 presertim
1226 4817 1377 4897 qnoniam
1400 4817 1432 4880 in
1455 4820 1656 4902 preallegato
1672 4843 1723 4886 ca-

164 4915 339 4992 rificasset,
365 4920 584 4975 convenerunt
611 4913 715 4975 Patres
743 4914 782 4974 de
812 4915 919 4976 conci·
973 4914 1074 4995 pitulo
1100 4917 1213 4984 Nemo,
1239 4915 1418 4978 asseritur:
1443 4915 1550 4998 Neque
1572 4919 1657 4984 enim
1683 4921 1722 4984 ah

164 5015 210 5076 lio
229 5037 237 5076 ε
254 5011 373 5093 quibus
388 5009 623 5087 sciscitantibus
638 5031 678 5072 nn
695 5029 805 5073 verum
821 5021 915 5088 esset,
972 5013 1125 5092 Augusto,
1148 5031 1251 5094 neque
1276 5012 1316 5074 ab
1342 5013 1428 5077 omni
1455 5015 1551 5093 clero,
1575 5037 1678 5098 neque
1703 5041 1721 5083 a

164 5111 337 5175 confessus
361 5117 409 5170 est
434 5128 506 5171 cum
534 5109 686 5186 lacrimis,
713 5129 858 5173 asserens
883 5130 916 5174 se
974 5111 1114 5192 regibus
1137 5131 1239 5193 neque
1262 5131 1280 5174 e
1304 5113 1422 5194 populo
1445 5114 1541 5195 judex
1565 5117 1720 5197 judicabi-

164 5217 314 5294 paratum
329 5207 469 5284 obedire,
486 5198 640 5288 quidquid
656 5208 716 5270 sibi
739 5209 847 5271 abeis
869 5209 917 5270 in·
974 5217 1035 5270 tur.
1059 5209 1117 5272 Ubi
1142 5221 1172 5272 et
1197 5209 1306 5273 Glossa
1336 5210 1464 5292 fatetur,
1485 5215 1569 5293 quod
1590 5216 1616 5278 si
1638 5225 1721 5280 totus

162 5311 366 5392 jungeretur.
377 5305 433 5380 Qui
447 5305 596 5368 dixerunt
612 5329 619 5368 ε
636 5304 731 5369 Nobis
745 5308 914 5370 adversum
974 5308 1113 5370 mundus
1135 5307 1266 5371 sentiret
1287 5308 1319 5370 in
1334 5309 1441 5390 aliquo
1462 5313 1589 5393 negotio
1612 5323 1722 5378 contra
