4309 6250
106 5263 324 5388 ἐκ

447 474 507 540 774
1082 504 1176 550 mnu
1195 504 1364 551 4444444444

482 668 585 725 cedere
604 669 641 725 ad
665 671 858 741 pugnandum
881 674 983 729 444444
1000 672 1126 731 Teucros
1249 673 1398 732 articulus
1412 676 1470 733 Vii.
1484 676 1524 733 144
1541 675 1722 740 excellentia,
1738 678 1873 748 potestate
1885 692 1915 732 ac

483 759 512 813 ei
526 756 701 813 Sarracenos
740 802 1122 819 .........
1141 762 1196 819 543
1285 764 1472 836 presidentia
1485 766 1579 838 i’apse,
1595 766 1758 823 secundum
1778 766 1915 823 lionarea·

446 845 593 902 articuius
616 846 660 903 lii.
684 847 873 913 Querimonia
895 850 999 906 Christi
1022 853 1125 908 444444
1283 856 1383 909 turam
1406 857 1436 911 et
1459 854 1631 911 iiurmdum
1659 856 1697 911 de
1724 855 1753 909 S
1779 854 1912 916 rontano.

482 935 617 1009 praelatos
630 940 659 993 et
674 937 819 1009 principes
832 938 1029 997 christianos.
1115 942 1196 998 ,544
1285 940 1415 1014 itemque
1432 944 1596 1000 secundum
1612 944 1784 1000 Durandnm
1802 942 1850 1016 qui
1868 941 1916 999 luit

445 1024 593 1081 articulus
614 1026 671 1083 ilii.
697 1028 818 1093 Querela
841 1028 975 1085 Ecclesiae
997 1030 1033 1087 de
1057 1029 1125 1086 liliis
1285 1030 1446 1088 OrdinisS.
1461 1032 1643 1089 Francisci.
1683 1075 1691 1088 .
1730 1072 1738 1085 .
1777 1075 1783 1088 .
1865 1032 1973 1088 ..5444

480 1114 582 1173 suiset
598 1116 758 1189 plancius
751 1117 843 1189 ipsius
880 1162 1121 1177 ......
1142 1119 1197 1176 545
1249 1118 1397 1177 articulus
1409 1122 1483 1179 vili.
1499 1124 1538 1179 444
1556 1122 1806 1187 subordinatione,
1821 1072 1915 1178 limita·

446 1205 592 1263 articulus
612 1207 682 1263 Xiil.
703 1208 891 1265 Confirmatio
914 1210 1123 1282 pradictomm
1285 1208 1365 1267 tione
1383 1214 1412 1269 et
1429 1211 1608 1285 subjectione
1630 1211 1781 1285 potestatis
1801 1228 1850 1268 sen
1869 1228 1914 1268 44·

481 1312 515 1351 44
536 1296 631 1352 verbis
653 1300 682 1353 et
705 1297 929 1355 revelationibus
948 1300 1124 1357 Sanctorum
1285 1299 1428 1356 ctoritatis
1455 1301 1567 1374 papsiis
1596 1303 1650 1358 sub
1677 1302 1834 1365 voluntate,
1860 1300 1914 1372 lege

480 1389 509 1443 ct
523 1387 737 1444 Catholicorum
741 1432 1122 1447 .........
1142 1392 1196 1447 546
1284 1392 1372 1461 etque
1387 1390 1512 1463 imperio
1524 1390 1632 1448 Christi
1635 1432 1911 1447 .......
1927 1391 1971 1445 544

445 1476 592 1533 articulus
608 1477 738 1534 ultimus.
755 1480 922 1551 Sequuntur
939 1482 998 1537 tres
1016 1480 1125 1537 rcreia·
1249 1477 1396 1535 articulus
1410 1480 1454 1535 lii.
1470 1479 1601 1545 Qualiter
1617 1479 1703 1537 liceat
1715 1496 1833 1535 summo
1845 1480 1913 1535 Pon·

495 1565 501 1577 '
606 1565 612 1578 '
1284 1567 1356 1625 tiiici
1370 1568 1596 1640 dispensare..
1682 1614 1689 1627 .
1729 1569 1971 1626 ..544

482 1671 534 1727 per
548 1672 621 1727 quos
635 1656 736 1712 omnia
754 1674 842 1728 supra
861 1656 939 1713 dicia
957 1656 1122 1713 etiamnum
1248 1656 1397 1713 titinnius
1419 1659 1452 1713 x.
1472 1658 1511 1714 444
1532 1658 1681 1731 praecipua
1702 1612 1893 1715 4444444444444Ι
1885 1674 1912 1713 44

484 1744 598 1817 plenius
613 1747 842 1818 comprobantur
880 1790 1121 1805 ......
1142 1749 1195 1805 547
1285 1746 1402 1818 negotio
1416 1746 1572 1803 4444444444Ι
1560 1764 1624 1819 Jsm
1640 1753 1781 1813 versante,
1792 1747 1914 1805 videlicet

447 1864 482 1874 -
496 1834 641 1891 Revelatio
656 1834 752 1908 prima
789 1879 1122 1893 ........
1142 1837 1195 1893 547
1284 1851 1323 1891 44
1346 1836 1424 1908 Papa
1441 1835 1480 1891 444
1497 1853 1585 1908 super
1603 1837 1736 1909 generale
1756 1836 1912 1900 concilium,

447 1954 482 1963 —
497 1924 641 1981 Revelatio
656 1926 784 1981 secunda
787 1968 1121 1983 ........
1143 1929 1197 1983 549
1286 1925 1329 1980 rei
1343 1930 1471 1987 econtra.
1487 1927 1543 1982 hoc
1556 1930 1609 1988 444,
1624 1943 1662 1983 44
1683 1928 1779 1999 major
1793 1927 1831 1982 444
1847 1930 1915 2000 pote·

446 2044 482 2055 -
497 2014 640 2071 Revelotio
655 2015 739 2071 teriia
743 2058 1122 2073 .........
1143 2018 1196 2072 522
1285 2016 1344 2069 stas
1357 2013 1473 2071 concilii
1488 2032 1577 2087 quam
1593 2017 1687 2089 rape,
1702 2033 1741 2072 an
1758 2016 1818 2073 vice
1831 2032 1911 2074 44444.
1928 2016 1971 2071 545

1250 2100 1397 2159 articulus
1411 2104 1456 2157 iii.
1472 2104 1607 2160 Probatio
1620 2121 1674 2177 per
1687 2104 1863 2176 Scripturam
1876 2120 1914 2160 44·

467 2200 515 2263 44
530 2200 792 2263 4444444444
813 2202 927 2265 suurn
945 2202 1150 2268 4444444444
1287 2189 1434 2257 nonium,
1450 2192 1614 2265 444144
1628 2195 1914 2267 4444444444-

574 2299 622 2361 ΕΤ
648 2299 861 2363 GENERALJS
881 2300 1041 2365 CONCJLJJ
1286 2278 1387 2335 cilium
1407 2282 1593 2353 generalesit
1610 2300 1699 2355 supra
1713 2285 1830 2353 Papam.
1866 2327 1873 2339 .
1906 2281 1971 2337 ,546

699 2399 799 2461 LJBRJ
819 2400 916 2463 TRES
1250 2368 1397 2426 articulus
1420 2371 1478 2427 iiii.
1502 2371 1578 2436 Quid
1604 2372 1691 2445 objici
1714 2371 1805 2443 possit
1825 2375 1915 2427 444444

1287 2458 1427 2531 predicta
1439 2460 1469 2515 44
1484 2460 1608 2517 articulo
1623 2460 1785 2532 proximo.
1823 2501 1830 2514 .
1866 2504 1871 2515 .
1906 2458 1970 2515 ,544

448 2548 573 2621 Epistola
589 2552 802 2623 nuncupatoria
837 2594 1123 2609 .......
1143 2556 1197 2611 524
1251 2548 1398 2605 articulus
1421 2550 1492 2606 liiil.
1513 2550 1647 2606 i'robstio
1670 2567 1729 2622 qua
1749 2548 1839 2622 aliqui
1856 2564 1914 2621 pro·

1287 2640 1358 2693 bant
1380 2638 1538 2695 concilium
1561 2655 1624 2695 esse
1644 2656 1733 2710 super
1754 2640 1868 2711 Papam,
1882 2654 1914 2695 ex

706 2763 794 2811 um
815 2764 936 2812 mnus·
1286 2728 1381 2784 verbis
1411 2732 1581 2784 sanctornm
1614 2729 1734 2785 Patrum
1761 2733 1847 2801 atquc
1870 2730 1914 2783 do·

1288 2820 1401 2873 ctorum
1404 2858 1912 2876 ............
1927 2815 1970 2870 548

448 2906 625 2964 Prooemium
647 2950 1123 2965 ...........
1143 2910 1195 2966 534
1251 2905 1399 2963 articulus
1412 2907 1481 2962 itli'.
1497 2907 1536 2964 444
1554 2906 1726 2964 auctoritate
1744 2908 1913 2980 generalium

447 2997 595 3055 articulus
624 2999 643 3054 i.
670 2998 707 3053 ile
736 2998 843 3053 motivo
871 2998 1007 3055 editionis
1036 2998 1125 3071 hujus
1287 2996 1490 3063 conciliorum,
1504 3013 1539 3053 en
1555 2996 1641 3053 dictis
1655 3013 1840 3053 summorum
1852 2998 1914 3052 Pon·

483 3090 624 3144 tractatus
649 3132 1123 3146 ...........
1143 3090 1195 3146 534
1286 3084 1399 3143 44444444
1406 3128 1912 3144 ............
1928 3081 1971 3138 554

448 3176 595 3232 atticnius
616 3178 648 3234 ii.
666 3178 703 3233 ile
724 3176 880 3234 universali
900 3178 1071 3235 auctoritate
1091 3195 1125 3235 ac
1251 3175 1399 3232 articulus
1413 3177 1469 3234 xv
1485 3176 1524 3233 De
1542 3175 1714 3232 auctoritate
1732 3175 1913 3233 conciliorum

484 3266 670 3338 presidentis
693 3267 778 3338 Papae
801 3284 889 3338 super
910 3270 1002 3324 totam
1030 3269 1125 3325 Eccle·
1289 3265 1479 3337 generalium,
1495 3282 1530 3322 ex
1545 3264 1591 3320 iris
1604 3281 1671 3337 quae
1684 3265 1715 3321 44
1731 3267 1819 3338 gestis
1832 3263 1917 3322 conci·

482 3357 567 3420 siam,
583 3373 633 3412 seu
654 3356 803 3413 universos
819 3356 917 3413 lidcles
936 3356 1024 3413 simul
1044 3373 1127 3415 acce·
1287 3355 1395 3411 liorum
1417 3355 1598 3426 leguntur.
1639 3400 1646 3412 .
1687 3399 1693 3410 .
1733 3398 1740 3410 .
1869 3397 1875 3409 .
1908 3353 1970 3409 554

484 3448 557 3518 ptos,
581 3447 743 3502 secundum
768 3451 884 3502 sanctos
912 3447 1125 3519 catholicosque
1251 3445 1400 3501 articulus
1423 3444 1492 3500 livi
1522 3443 1702 3501 introductio
1727 3444 1913 3518 objectionum

405 3519 417 3546 ‘
484 3536 627 3596 Doctores,
642 3538 703 3590 tam
719 3536 833 3590 Grecos
847 3552 936 3608 quam
953 3535 1075 3592 Latinos.
1117 3537 1197 3592 ,534
1286 3533 1915 3608 444444444444444444444444444444444

449 3624 595 3680 articulus
619 3624 728 3679 liiiio
753 3623 881 3679 mirabili
904 3625 1075 3682 excelientia
1098 3629 1126 3683 et
1286 3624 1363 3695 Papa
1377 3641 1395 3679 a
1410 3623 1533 3679 concilio
1552 3639 1612 3679 444
1630 3623 1722 3696 possit
1735 3623 1860 3697 J'udicuri
1873 3638 1917 3678 nc-

486 3713 666 3787 plcniiudine
682 3714 832 3786 potestatis
851 3713 963 3769 domini
979 3715 1072 3786 Papae,
1089 3732 1125 3772 44
1289 3731 1345 3785 que
1360 3713 1465 3784 deponi
1496 3753 1914 3770 ..........
1930 3709 1972 3765 su
2091 3690 2092 3737 l

484 3801 579 3859 serbis
602 3804 629 3858 S.
656 3802 795 3876 bernardi
820 3803 857 3858 od
881 3803 1043 3874 Eugenium
1072 3805 1125 3860 Pa·
1251 3802 1399 3859 articulus
1416 3803 1499 3859 ili'ii.
1515 3800 1626 3859 Solutio
1644 3803 1840 3876 obiectionum
1860 3801 1919 3857 ista·

485 3892 1124 3965 pamelquibusprehabitaconiirmsntur.
1143 3897 1198 3954 534
1287 3909 1365 3949 rum.
1406 3901 1442 3947 .·
1453 3932 1915 3949 ...........
1931 3887 1973 3943 554
2090 3896 2091 3907 ’

449 3983 593 4039 articulus
621 3983 665 4037 iV.
691 3983 729 4038 444
753 3984 901 4052 potestate.
927 3982 1067 4054 dignitate
1091 4001 1126 4040 ac
1251 3983 1399 4040 aniculus
1413 3982 1508 4039 xviii.
1524 3985 1568 4038 an
1586 3983 1684 4038 omnis
1703 4000 1756 4039 seu
1772 3986 1833 4039 tota
1849 3984 1919 4054 pote

484 4071 669 4142 presidentia
690 4071 782 4142 Papae.
803 4071 962 4128 secundum
981 4073 1125 4128 'thomam
1288 4075 1390 4130 stessi
1404 4071 1560 4128 auctoritas
1579 4071 1723 4143 generalis
1738 4071 1853 4128 concilii
1865 4069 1917 4126 siae

485 4160 514 4216 in
531 4163 653 4216 Summo
672 4165 774 4216 contra
793 4160 915 4231 gentiles
933 4163 962 4216 44
981 4177 1068 4232 super
1082 4179 1126 4219 se·
1287 4161 1423 4218 Ecclesire
1437 4161 1475 4216 sit
1488 4177 1507 4217 a
1521 4162 1599 4232 Papa
1637 4203 1915 4218 .......
1932 4154 1973 4212 554

484 4253 614 4308 cundum
630 4250 845 4306 Sententiarum
881 4293 1123 4309 ......
1144 4253 1198 4308 535
1252 4251 1400 4308 itrticuius
1422 4251 1490 4306 liiii.
1510 4249 1622 4307 Solutio
1642 4249 1811 4322 quaestionis
1833 4249 1917 4312 istius,

450 4341 596 4397 articulus
610 4340 641 4396 V.
658 4339 697 4395 444
718 4339 907 4410 dispositione
925 4340 1128 4397 ecclesiasticae
1288 4343 1317 4396 et
1330 4341 1366 4396 de
1381 4357 1431 4396 sex
1447 4340 1637 4412 potestatibus
1649 4337 1851 4396 ecciesiasticis
1869 4382 1874 4394 .
1910 4331 1973 4390 ,556
2089 4322 2090 4337 ’

487 4429 659 4486 hierarchis
673 4429 766 4484 instar
784 4427 958 4485 hierarchias
977 4429 1125 4502 angelice,
1252 4428 1525 4486 Articulusiiii.1ie
1544 4428 1707 4486 rationibus
1725 4432 1842 4502 propter
1853 4442 1919 4500 quas

485 4520 646 4574 secundum
663 4519 763 4575 dirum
780 4518 1127 4591 Dionysium‚S.Beruar·
1289 4518 1410 4590 quidam
1427 4518 1491 4589 jam
1512 4517 1654 4588 temporis
1675 4520 1812 4573 asserunt
1833 4513 1919 4572 conci·

486 4609 567 4672 dum,
584 4610 613 4662 B.
626 4608 766 4663 Thomom
782 4612 810 4663 ei
826 4608 975 4680 lingonum
990 4609 1025 4665 de
1040 4611 1068 4665 S.
1085 4609 1129 4664 lii-
1288 4607 1362 4663 lium
1377 4623 1440 4662 esse
1454 4622 1543 4676 super
1556 4607 1675 4678 Papam,
1689 4609 1718 4662 et
1737 4607 1773 4662 de
1787 4606 1872 4661 modo
1884 4604 1919 4658 lo

452 4965 599 5022 articulus
622 4965 666 5020 Vl.
683 4965 722 5020 444
746 4966 886 5036 potestate
907 4969 935 5021 et
957 4965 1129 5023 excellentia
1253 4963 1402 5020 articulus
1416 4964 1498 5020 iiiiii.
1514 4963 1666 5030 Quomodo
1684 4978 1820 5019 summus
1832 4957 1920 5016 Ponti-

485 5055 579 5127 Papas,
595 5057 681 5126 atque
695 5056 730 5110 de
745 5055 860 5112 casibus
874 5055 911 5111 ad
926 5054 1022 5126 ipsum
1037 5055 1129 5126 speci·
1290 5052 1337 5110 fen
1353 5053 1469 5110 dicatur
1483 5051 1561 5109 dilus
1570 5055 1599 5109 et
1610 5051 1745 5108 minister
1753 5047 1923 5111 Ecclesimet

487 4701 629 4753 ctorc:ex
645 4696 914 4766 quibusprobotur,
930 4699 1007 4770 quod
1023 4698 1129 4754 intuta
1290 4695 1398 4766 quendi
1414 4695 1581 4768 aliquorum
1597 4695 1627 4751 in
1642 4695 1698 4751 ista
1712 4695 1836 4752 materia
1869 4737 1876 4749 .
1911 4688 1975 4747 ,548
2088 4626 2090 4693 ι

487 4785 613 4842 Ecclesia
632 4801 708 4841 unus
727 4801 863 4842 summus
881 4787 1035 4859 praesideat
1054 4788 1127 4843 Pon·
1252 4784 1401 4842 articulus
1424 4787 1493 4842 iiiii.
1508 4785 1620 4841 Solutio
1642 4785 1703 4841 sire
1724 4783 1865 4840 discussio
1882 4798 1921 4837 ra·

486 4875 557 4931 tifex
602 4919 1126 4932 ............
1146 4877 1199 4933 537
1289 4875 1404 4932 tionum
1424 4875 1546 4931 istarum
1597 4918 1604 4930 .
1644 4918 1649 4931 .
1689 4915 1696 4929 .
1735 4917 1741 4928 .
1782 4918 1788 4931 .
1828 4913 1836 4928 .
1872 4915 1878 4926 .
1913 4864 1977 4922 .55⁸
2087 4864 2088 4919 l

485 5145 570 5201 aliter
583 5145 803 5217 pertinentibus,
815 5161 850 5202 ex
865 5145 1040 5210 Raimundo,
1051 5147 1080 5202 44
1093 5159 1129 5202 ex
1290 5143 1354 5215 ipsa
1367 5141 1494 5199 Ecclesia
1509 5144 1604 5197 mater
1615 5157 1650 5196 ac
1664 5139 1785 5217 domina
1798 5139 1880 5213 ejus.
1914 5129 1979 5188 .56⁰

324 5273 380 5306 A...
486 5235 610 5291 Summe
632 5235 745 5299 Pisana,
767 5234 837 5291 item
861 5250 897 5292 ex
916 5235 1039 5291 Summa
1061 5250 1130 5291 con·
1254 5233 1401 5289 articulus
1415 5231 1510 5288 iiiiiil.
1525 5229 1678 5297 Quomodo
1691 5231 1837 5302 competat
1849 5223 1923 5282 Cirri-

488 5322 630 5380 fessorum
648 5363 1128 5380 ...........
1147 5323 1201 5380 538
1290 5325 1335 5378 444
1348 5338 1411 5378 csse
1425 5323 1513 5392 caput
1525 5318 1661 5376 Ecclesiae
1690 5355 1921 5374 ......
1937 5307 1979 5365 5⁶²
