4309 6250
441 494 480 545 os
500 496 604 545 surus
625 488 806 544 mendicus
828 494 990 543 onerosus
1012 494 1043 542 su
1065 494 1188 542 essars.
1212 512 1253 525 -
1272 496 1343 543 ser.
1367 494 1410 543 ru
1643 469 1704 541 {8³

155 668 269 731 vivum
285 688 323 733 ac
343 664 573 747 uoluntarium,
596 675 689 749 prout
710 664 741 731 S.
765 666 902 731 Thomas
917 664 943 729 Α
958 665 1105 749 ignom,
1121 666 1232 731 beatus
1254 674 1362 730 autem
1384 666 1439 749 qui
1464 674 1495 730 te
1518 664 1589 742 scit,
1609 652 1705 727 etiam

35 792 78 835 m.
92 804 143 837 xm.
155 766 285 831 deducit
314 775 428 849 quarto
455 766 690 830 Sententiarum
723 788 730 827 :
761 764 834 829 ideo
868 784 902 827 se
959 764 985 827 si
1008 764 1064 827 illa
1085 765 1228 844 nesciat3
1248 766 1303 847 qui
1325 783 1401 829 vero
1422 772 1454 827 te
1474 771 1507 827 et
1527 762 1582 826 illa
1603 762 1704 841 novit,

33 866 116 961 5222·
132 855 294 932 ⁵cstendit
322 866 482 931 mentibus
507 864 677 930 liestomm
701 872 795 949 pmut
823 866 902 945 vult,
960 883 1024 928 non
1048 872 1180 947 propter
1202 864 1258 928 illa
1281 863 1415 945 beatior,
1440 863 1496 926 sed
1521 867 1706 947 propterte

157 975 189 1031 et
211 975 246 1029 ut
274 968 366 1031 decet
393 985 431 1029 ex
458 973 548 1049 parte
575 965 729 1048 ipsorum,
755 963 905 1027 videlicet
959 972 1083 1028 tautum
1103 963 1226 1027 beatus.

157 1066 333 1129 seeundum
361 1064 582 1148 capacitatem,
607 1062 849 1147 dispositionem
872 1070 905 1125 et

156 1164 343 1247 dignitatem
363 1162 469 1227 meriti
487 1162 685 1241 eorumdem,
700 1161 904 1243 quemadmo-
957 1174 963 1183 ·

157 1263 232 1327 dum
245 1261 436 1327 liuillelmus
450 1260 638 1325 Parisiensis
652 1258 813 1324 describit.
830 1260 904 1323 ldeo
1157 1247 1403 1314 ARTIGULUS
1427 1247 1502 1312 VII.

158 1380 220 1424 '¹⁰¹³
240 1369 365 1443 ⁰p⁰¹wl
390 1368 425 1425 m
448 1360 609 1425 intuma
633 1358 799 1441 smmum
825 1358 904 1470 illm
960 1400 1053 1469 Quod
1067 1398 1186 1459 Sancti
1198 1397 1236 1457 in
1250 1416 1349 1474 regno
1363 1398 1485 1457 coelesti
1497 1397 1709 1457 distinctissi-

146 1460 306 1523 'ffllssfflfllfl
320 1469 353 1523 ⁰²
366 1457 557 1543 ⁰¹⁰¹¹¹l²l⁸l⁰s
573 1457 765 1539 omnin‘1¹¹3
785 1456 819 1519 ln
834 1474 904 1539 ¹9⁸⁰
1000 1508 1051 1549 me
1064 1495 1200 1547 noscunt
1215 1506 1324 1547 omnes
1337 1506 1443 1547 secum
1459 1488 1496 1546 in
1511 1506 1610 1564 regno
1624 1488 1710 1546 emei-

157 1558 363 1622 imminemus
392 1566 486 1639 ⁸lil¹¹⁰
518 1555 679 1638 ffllfflssffll
709 1554 902 1619 inlufflflllll·
1000 1577 1228 1645 etentes-etde
1241 1576 1481 1637 innumerabili
1494 1576 1711 1636 multitudine

156 1692 197 1705 —
224 1657 380 1738 Denique,
409 1654 506 1719 verba
532 1652 701 1737 Augustini
737 1662 769 1717 et
795 1652 905 1717 Isidori
1001 1668 1206 1743 angelorum.

159 1755 297 1837 intelligi
314 1761 447 1837 possum
464 1754 503 1817 de
524 1753 685 1831 omnihus,
701 1771 766 1818 non
785 1746 906 1835 simpli-

159 1856 249 1933 citer,
274 1854 330 1917 sed
353 1872 412 1937 per
433 1852 562 1915 modum
592 1850 826 1915 distributionis
854 1850 944 1915 ac-ll
1032 1853 1220 1919 uooucltto
1233 1854 1274 1917 de
1294 1853 1428 1917 Givitste
1442 1853 1497 1917 Dei
1520 1854 1633 1917 asserit
1651 1854 1713 1917 Au·

159 1953 347 2033 commode,
363 1950 487 2015 scilicet
500 1951 539 2014 de
559 1950 707 2014 omnihus
728 1948 761 2012 in
776 1968 905 2031 genere,
1046 1953 1205 2035 gustinus,
1221 1952 1306 2035 quod
1321 1951 1426 2035 angeli
1442 1950 1544 2016 sancti
1560 1971 1634 2015 cum
1647 1952 1713 2016 Deo

159 2060 191 2115 ct
220 2051 297 2114 item
326 2050 360 2113 in
387 2049 516 2132 specie;
544 2049 594 2112 vel
624 2050 664 2113 de
692 2047 840 2111 omnibus
868 2048 907 2111 ad
963 2059 995 2115 et
1023 2050 1109 2115 inter
1135 2069 1170 2113 se
1198 2058 1341 2113 muctam
1368 2050 1488 2113 habent
1516 2048 1710 2127 societatem,

160 2149 292 2233 sngelos
311 2146 484 2232 specialem
505 2156 684 2231 respectum
704 2146 907 2227 habentibus,
964 2156 1103 2231 suntque
1129 2168 1194 2211 una
1221 2148 1337 2211 civitas
1363 2147 1431 2211 liei.
1460 2147 1579 2212 Eadem
1606 2156 1713 2212 autem

160 2266 218 2311 seu
241 2264 353 2311 eorum
377 2246 604 2311 beatitudinem
628 2244 907 2309 concernentibus.
965 2256 1013 2311 est
1041 2246 1120 2311 ratio
1147 2246 1188 2309 de
1215 2246 1384 2309 animabus
1413 2245 1525 2326 beatis,
1556 2245 1600 2309 ita
1627 2246 1713 2329 quod

159 2382 200 2393 -
221 2346 269 2409 Ad
299 2346 397 2409 verba
425 2362 500 2409 vero
527 2344 669 2427 Gregorii
697 2344 833 2407 Thomas
862 2362 910 2406 m-
965 2346 1042 2429 ipsae
1071 2361 1146 2409 cum
1173 2344 1237 2408 Deo
1264 2352 1297 2407 et
1330 2344 1414 2407 inter
1441 2364 1475 2408 se
1510 2353 1604 2427 atque
1639 2364 1714 2409 eum

161 2445 309 2527 spondet,
325 2444 410 2525 quod
431 2442 464 2506 iu
479 2442 603 2507 visione
618 2440 768 2507 beatifica
782 2449 830 2505 est
844 2440 912 2505 sul·
965 2443 1089 2526 angelis
1113 2442 1298 2507 societatem
1320 2450 1464 2506 sancum
1487 2442 1606 2507 sonim
1626 2451 1712 2507 sunt.

161 2544 307 2607 finientis
330 2543 370 2605 ad
393 2540 770 2625 omniasiugularissimc
794 2558 911 2623 cogno-
965 2542 1023 2619 Qui
1040 2550 1147 2606 autem
1162 2540 1312 2605 societate
1325 2540 1562 2623 junguntur-,se
1575 2540 1716 2606 invicem

161 2642 292 2721 secuda,
315 2661 354 2705 es
377 2649 466 2725 parte
488 2640 606 2703 divine
629 2640 776 2703 essentias
803 2662 810 2702 ε
839 2638 911 2703 ideo
966 2647 1116 2704 noscunt.

161 2739 270 2803 Sancti
297 2737 454 2822 quidquid
487 2737 596 2801 videre
624 2744 679 2801 aut
712 2738 793 2801 scire
828 2737 912 2801 desi·
1006 2738 1355 2817 Pretcrea,seeundum
1370 2736 1557 2821 Gregorium
1572 2738 1717 2821 aliosque

161 2840 286 2919 derant,
306 2846 361 2901 aut
382 2838 422 2901 ad
441 2856 496 2902 eos
520 2856 577 2900 seu
596 2836 780 2900 felicitatem
801 2854 911 2900 eorum
967 2838 1125 2916 doctores,
1146 2856 1184 2899 ex
1203 2835 1315 2899 electis
1333 2836 1519 2900 hominibus
1541 2846 1574 2901 et
1595 2836 1717 2920 angelis

163 2936 313 3020 pertinet,
343 2936 376 3000 in
410 2936 479 3018 ipsa
514 2944 703 3018 sgnoscnnt,
734 2935 912 3017 horumque
967 2936 1086 3001 sanctis
1107 2935 1146 2999 stt
1165 2954 1230 2998 uua
1249 2934 1451 3019 triumphans
1473 2934 1626 3017 Ecclesia,
1642 2936 1718 3018 quia

161 3036 246 3099 nihil
273 3034 430 3117 ignorent.
460 3070 501 3081 —
529 3035 576 3097 sd
605 3032 636 3097 id
665 3034 793 3097 demum
826 3033 912 3115 quod
930 3034 952 3099 G
968 3044 1000 3099 et
1028 3034 1174 3100 homines
1201 3035 1381 3098 secuudum
1408 3034 1595 3098 varietatem
1622 3036 1718 3099 meri-

163 3135 280 3199 ultimo
295 3143 412 3198 tactum
434 3142 483 3197 est
503 3133 723 3216 respondetur,
740 3132 914 3214 quodlicet
970 3145 1073 3200 torum
1090 3134 1129 3197 ad
1144 3133 1288 3198 diversos
1308 3143 1517 3198 assumuntur
1530 3134 1645 3200 choms
1659 3154 1716 3198 seu

163 3235 204 3298 sit
219 3234 325 3316 majus
340 3233 448 3296 videre
466 3232 608 3296 divinam
630 3231 801 3294 essentiam
816 3249 911 3312 quam
969 3233 1098 3296 ordines
1123 3232 1322 3315 angelorum.
1351 3232 1467 3314 Sicque
1492 3252 1604 3296 omnes
1629 3233 1716 3296 Beati

163 3342 272 3396 cetere
299 3332 460 3411 universa,
490 3349 555 3394 non
583 3338 633 3394 est
660 3338 766 3393 nmen
796 3328 911 3410 majus,
969 3333 1119 3397 concives
1133 3339 1366 3414 suutsupernre
1381 3329 1567 3412 Jerusalem,
1583 3340 1615 3395 et
1632 3351 1718 3394 sum·

160 3431 229 3495 imo
252 3431 369 3509 minus,
389 3429 497 3494 videre
518 3427 660 3492 divinam
682 3429 865 3505 essentiam,
881 3435 913 3490 et
970 3451 1021 3495 ma
1045 3430 1200 3494 uniuntur
1227 3429 1410 3508 concordia,
1435 3447 1474 3492 ac
1500 3429 1640 3492 maxima
1666 3449 1719 3493 ca-

164 3531 275 3593 videre
304 3529 405 3594 illam,
420 3526 579 3608 simulque
603 3547 676 3590 cum
701 3545 738 3589 ea
762 3534 793 3588 et
817 3525 849 3588 in
875 3543 913 3588 ea
970 3530 1061 3592 ritate
1082 3534 1264 3604 nectuntur,
1280 3535 1312 3590 et
1335 3527 1555 3609 unusquisque
1579 3527 1620 3590 de
1642 3528 1718 3590 elte-

162 3638 271 3692 cetera
299 3627 447 3692 universa
478 3649 485 3688 ι
517 3624 636 3688 idcireo
664 3643 728 3688 non
757 3623 910 3705 sequitur,
972 3627 1036 3691 rius
1052 3625 1247 3690 beatitudine
1268 3625 1423 3708 gloriatur
1439 3649 1446 3688 ε
1462 3627 1547 3707 quod
1562 3645 1632 3688 esse
1652 3644 1718 3689 non

162 3729 251 3810 quod
273 3727 418 3790 videntes
441 3725 584 3789 divinam
607 3723 789 3801 essentiam,
805 3723 914 3786 omnia
971 3735 1088 3810 posset,
1110 3725 1172 3788 nisi
1197 3745 1232 3788 se
1256 3725 1395 3787 invicem
1419 3724 1569 3788 distincte
1594 3733 1625 3787 et
1649 3744 1719 3806 per-

163 3826 422 3909 contemplentur
443 3825 476 3886 in
496 3843 533 3887 ea
552 3843 623 3906 quse
645 3823 788 3886 relucent
809 3822 841 3884 in
863 3841 911 3885 ea.
971 3825 1052 3888 lecte
1078 3831 1319 3906 cognoscerent.
1343 3823 1415 3886 Hac
1440 3841 1554 3904 nempe
1578 3821 1719 3904 cognitio

203 3927 359 3988 Praeterea
382 3923 624 4002 advertendum,
649 3921 734 4002 quod
758 3921 841 3983 sicut
863 3919 915 3983 Di·
971 3931 1080 3987 mutua
1103 3923 1142 3985 ad
1168 3914 1400 4004 plenitudinem
1425 3920 1586 3985 felicitatis
1607 3939 1717 3984 eorum

164 4023 285 4087 viuitss
299 4031 346 4085 est
360 4041 417 4084 eus
432 4021 563 4084 omnino
578 4019 767 4102 perlectum,
783 4018 829 4081 sic
844 4018 914 4099 ojus
969 4021 1117 4104 erigitur,
1141 4029 1172 4083 et
1196 4021 1236 4084 ad
1257 4019 1453 4083 accidentale
1478 4019 1616 4101 pertinet
1639 4038 1718 4101 prae-

164 4124 255 4186 clara
282 4119 468 4202 lacialisque
494 4118 577 4182 visio
600 4119 640 4181 ad
665 4117 792 4201 plenam
819 4123 913 4198 atque
970 4121 1069 4183 mium
1090 4119 1267 4202 [gaudium]
1284 4119 1368 4199 quod
1389 4138 1427 4182 ex
1447 4127 1557 4181 mutua
1575 4111 1727 4182 commuss

165 4221 343 4304 perlectam
366 4217 595 4283 beatitudinem
618 4215 743 4280 suflicit
764 4241 770 4278 :
793 4215 913 4280 idcirco
930 4215 1077 4299 Duione,
1094 4219 1262 4302 presentia
1281 4226 1314 4281 et
1331 4218 1484 4300 adspectu
1506 4217 1712 4299 concipiunt:

164 4340 230 4384 non
262 4317 403 4401 sequitur
425 4317 510 4400 quod
538 4315 702 4380 beatitudo
727 4315 912 4379 Sanctorum
970 4337 1033 4400 quo
1053 4317 1140 4382 enim
1165 4336 1199 4380 se
1224 4316 1362 4379 invicem
1386 4315 1558 4379 ardentiori
1578 4316 1718 4397 comple·

164 4421 206 4483 sit
231 4419 431 4502 imperfecta,
452 4416 479 4479 si
506 4435 569 4480 non
589 4415 697 4480 omnia
719 4416 822 4478 sciant
844 4435 915 4498 quse
971 4425 1101 4481 etuntur
1117 4434 1237 4495 amore,
1258 4423 1346 4479 tanto
1368 4434 1407 4479 ex
1430 4420 1541 4479 mutuo
1565 4415 1718 4497 adspectu

164 4521 197 4582 in
214 4519 325 4582 divina
344 4517 512 4600 splendent
529 4535 567 4578 ee
588 4522 853 4597 representantur
866 4535 915 4578 es-
971 4513 1236 4596 inseparabilique
1267 4513 1435 4596 prasentia
1463 4513 1624 4596 copiosius
1648 4534 1719 4595 gra-

164 4618 279 4681 sentia.
311 4615 391 4678 llinc
419 4613 532 4678 videns
558 4613 700 4676 divinam
730 4613 913 4693 essentiam,
971 4614 1164 4691 tulentur,et
1177 4613 1217 4676 de
1231 4611 1319 4675 omni
1335 4611 1487 4676 felicitate
1499 4631 1555 4674 sue
1569 4631 1606 4675 ac
1618 4612 1719 4694 gloria

165 4715 315 4800 quamvis
336 4715 423 4778 aliud
443 4712 523 4776 nibil
547 4721 765 4794 cognosceret,
786 4731 861 4775 vere
885 4721 916 4775 et
972 4713 1032 4777 sibi
1068 4712 1205 4774 invicem
1241 4710 1453 4774 abundantius
1484 4711 1719 4792 cordialiusque

166 4813 311 4900 perlecto
333 4813 446 4877 beatus
469 4819 574 4889 esset,
594 4830 654 4874 nec
675 4818 724 4874 est
745 4809 917 4892 perfectior
973 4811 1184 4893 congaudent.
1204 4809 1243 4871 Et
1265 4808 1349 4883 sieut
1373 4827 1484 4872 eorum
1503 4807 1719 4890 pulchritudo,

166 4935 205 4979 ex
234 4915 296 4978 hoc
325 4913 410 4994 quod
438 4909 560 4992 aliquid
589 4909 673 4972 sliud
705 4929 778 4972 cum
806 4929 844 4972 ea
873 4909 918 4972 vi·
973 4918 1114 4986 ornatus,
1131 4907 1307 4992 opulentia,
1323 4907 1496 4985 beatitudo,
1505 4906 1614 4970 laetitia
1628 4907 1721 4970 uobis

167 5014 233 5094 det,
263 5011 326 5075 nisi
352 5011 384 5073 in
409 5017 563 5092 quantum
584 5027 655 5071 eam
679 5008 853 5092 perfectius
875 5007 921 5071 vi·
973 5009 1005 5071 in
1040 5008 1104 5069 vita
1132 5007 1191 5069 huc
1219 5005 1553 5089 incomprehensibilis
1581 5013 1649 5084 est3
1678 5005 1721 5068 its

167 5113 233 5175 det.
265 5110 397 5193 Propter
426 5107 509 5190 quod
539 5106 649 5188 quinto
677 5105 919 5170 Confessionum
976 5105 1300 5188 incomprehensibile
1328 5105 1421 5169 nobis
1449 5112 1508 5183 est,
1533 5123 1629 5185 quam
1655 5123 1723 5167 cor-

168 5209 314 5292 loquitur
343 5205 537 5289 Augustinus
569 5227 576 5267 ε
602 5203 715 5268 lulelix
743 5205 838 5269 homo
866 5206 921 5287 qui
976 5202 1150 5267 dislissime
1177 5223 1215 5267 ac
1242 5201 1433 5266 hilarissime
1461 5203 1501 5266 de
1529 5211 1639 5265 mutua
1666 5221 1723 5265 sua

169 5307 281 5374 omnia
294 5307 351 5370 illa
362 5305 497 5388 (scilicet
507 5307 680 5385 creaturas)
691 5303 800 5386 scit,te
815 5313 921 5368 autem
979 5303 1129 5368 societate
1144 5323 1181 5366 ac
1195 5304 1235 5367 de
1256 5303 1343 5366 omui
1363 5321 1420 5364 sna
1434 5301 1585 5366 felicitate
1606 5321 1643 5364 ac
1657 5303 1725 5384 glo-
