4309 6250
434 500 474 547 na
494 500 657 549 cucumare
678 502 716 548 xr
735 501 883 549 cunctans
903 502 930 547 a.
953 502 984 547 v.
1007 502 1124 561 naam,
1146 501 1234 549 nram
1253 501 1297 548 ru.
1319 520 1360 531 —
1380 502 1451 549 aar.
1474 502 1505 547 vr
1683 484 1742 547 tlt

191 670 337 728 wadum
368 678 477 731 autem
504 671 612 731 simile
639 681 684 731 est
713 674 768 731 illi
787 692 798 731 :
819 672 981 747 mentesa
999 670 1141 753 perfecte
1159 691 1197 734 ac
1216 669 1408 734 excellenter
1422 669 1574 751 perducta
1592 676 1652 745 est,
1667 668 1743 730 dum

188 768 380 839 prooeimam
403 776 497 827 tuum
518 778 673 847 tanquam
695 780 725 829 te
744 771 862 845 ipsum.
879 768 943 831 lloc
998 770 1122 833 scilicet
1149 770 1246 832 Qum
1277 789 1334 851 per
1367 768 1505 849 speciem
1535 766 1614 829 vidit
1644 789 1651 827 z
1682 784 1746 846 qua

193 861 332 942 primum
358 864 499 925 caritatis
528 864 645 927 divine
669 873 861 947 preceptum
888 866 943 928 tri·
997 866 1121 929 visione
1154 866 1324 943 subtracta,
1356 863 1596 948 praeclarissima
1628 882 1666 925 ac
1697 861 1746 923 di-

193 958 253 1020 bus
289 960 391 1022 modis
427 961 605 1042 exponitur,
636 970 668 1025 et
703 963 803 1026 trihus
839 963 942 1025 modis
998 963 1164 1027 vinissima
1192 963 1288 1045 Virgo
1321 963 1437 1025 mansit
1468 962 1508 1024 ad
1536 959 1674 1023 elevatas
1708 978 1745 1022 ac

193 1054 355 1135 impletur.
372 1056 476 1121 Primo
501 1059 620 1121 etenim
646 1059 688 1121 ita
713 1058 891 1141 exponitur,
909 1067 943 1121 ut
997 1058 1137 1123 lervidas
1165 1062 1295 1124 Deitatis
1320 1058 1603 1140 contemplationes
1632 1066 1664 1119 et
1691 1058 1746 1119 de-

193 1152 241 1214 sic
271 1152 367 1215 Deum
397 1154 471 1217 totis
500 1156 606 1235 corde,
634 1165 752 1236 mente,
777 1157 883 1219 anima
912 1166 943 1219 et
998 1158 1183 1222 lactationes
1212 1177 1341 1240 prorsus
1373 1157 1516 1220 assiduas
1546 1156 1613 1219 sive
1646 1155 1746 1218 conti-

193 1248 381 1314 lortitudine
405 1251 588 1334 diligamus,
605 1261 639 1315 ut
660 1272 697 1317 eo
721 1272 757 1316 ac
783 1254 854 1335 ejus
879 1254 943 1336 spi·
997 1275 1079 1318 nuas
1114 1257 1249 1319 maxime
1283 1256 1440 1338 expedita,
1471 1262 1581 1336 utpote
1613 1252 1744 1316 omnino

195 1347 302 1410 rituali
326 1368 434 1412 amore
460 1349 504 1411 nil
529 1350 666 1433 amplius
686 1352 866 1433 diligamus,
881 1370 941 1415 nec
998 1352 1187 1417 coniirmata
1208 1353 1241 1415 in
1260 1353 1384 1435 gratia;
1404 1351 1438 1414 in
1458 1369 1522 1432 qua
1542 1350 1666 1413 nullum
1687 1350 1746 1412 im-

195 1462 429 1526 preponamus,
450 1466 508 1509 nec
533 1446 706 1529 quidquam
727 1448 848 1510 caritati
868 1466 943 1511 con·
997 1452 1215 1533 pedimentum
1251 1450 1393 1514 caritatis
1428 1468 1487 1512 nec
1523 1448 1745 1530 impeditivum

194 1543 326 1605 trarium
365 1545 579 1607 admittamus.
610 1546 758 1628 istudque
793 1547 942 1610 omnibus
999 1550 1188 1611 incrementi
1208 1558 1263 1611 aut
1282 1547 1487 1631 perfectionis
1506 1546 1608 1609 divini
1628 1546 1745 1609 amoris

194 1648 244 1703 est
269 1642 481 1704 necessarium
507 1643 547 1704 ad
571 1642 727 1719 salutem3
753 1652 785 1705 et
813 1644 856 1706 ita
885 1644 943 1707 im·
998 1647 1110 1709 habuit
1134 1646 1238 1711 locum
1266 1670 1274 1708 ι
1300 1647 1365 1709 imo
1393 1644 1530 1724 divitias,
1556 1644 1690 1707 delicias
1715 1652 1747 1706 et

193 1738 301 1820 pietur
333 1739 419 1801 istud
451 1749 645 1823 preceptum
679 1760 697 1803 a
730 1741 854 1804 cunctis
887 1742 941 1823 qui
996 1743 1135 1808 honores
1159 1744 1266 1807 seculi
1290 1744 1386 1825 liujus
1404 1742 1590 1825 plenissime
1610 1742 1747 1823 abnega-

193 1836 305 1899 divina
320 1844 351 1899 et
365 1838 767 1901 ecclesiastieaobservaut
781 1840 938 1903 mandata.
959 1842 1052 1921 Bvit,
1079 1843 1119 1905 ab
1147 1843 1234 1906 omni
1263 1841 1401 1905 sensuali
1431 1850 1462 1903 et
1491 1840 1610 1903 carnali
1638 1858 1746 1902 amore

236 1935 381 1997 Secundo
406 1936 584 2017 exponitur,
611 1946 733 2001 utnon
762 1936 865 1999 solum
895 1938 940 2001 sic
998 1940 1058 2003 luit
1096 1960 1226 2023 prorsus
1263 1940 1439 2017 immunis3
1477 1939 1531 2001 sed
1569 1946 1601 2001 et
1633 1938 1746 2002 volun-

194 2033 294 2095 Deum
331 2032 405 2094 totis
443 2036 548 2112 corde,
579 2042 696 2111 mente,
727 2035 834 2097 anima
870 2036 944 2097 viri·
998 2048 1044 2101 tas
1073 2039 1144 2121 ejus
1172 2038 1325 2101 voluntati
1354 2038 1469 2101 divine
1497 2036 1744 2113 indomabiliter,

195 2130 318 2211 busque
331 2150 487 2211 memus,
503 2133 586 2213 quod
602 2132 724 2196 caritati
739 2132 854 2195 divine
869 2152 944 2197 con·
998 2136 1238 2199 inavertibiliter
1270 2146 1302 2197 et
1329 2134 1471 2217 perfecte
1499 2133 1560 2197 luit
1588 2131 1744 2214 subjecta,

196 2228 292 2290 traria
324 2228 514 2307 devitemus,
545 2230 600 2291 sed
633 2248 670 2293 ea
702 2249 829 2312 quoque
863 2231 943 2312 abji·
997 2235 1162 2314 obediens,
1178 2233 1386 2297 conformata.
1404 2234 1517 2315 Sicque
1531 2231 1669 2312 gloriose
1689 2233 1746 2293 im-

196 2326 317 2387 ciamus
341 2334 373 2388 et
394 2326 621 2409 relinquamuS,
643 2347 714 2409 que
739 2328 885 2408 quamvis
909 2328 942 2391 in
997 2331 1096 2415 plevit
1132 2334 1217 2415 quod
1254 2341 1383 2395 sanctus
1422 2340 1511 2413 pater
1543 2330 1615 2412 ejus
1647 2329 1745 2392 David

197 2442 232 2485 se
265 2443 328 2487 non
362 2424 516 2487 exsistant
548 2424 670 2505 illicita,
702 2433 806 2489 tamen
840 2426 944 2490 solent
998 2432 1152 2513 propheta
1176 2440 1208 2493 et
1231 2430 1410 2512 patriarcha
1433 2428 1599 2491 admonuit
1619 2446 1690 2489 eam
1712 2428 1746 2490 in

196 2522 315 2583 habere
339 2522 438 2584 multa
463 2523 546 2585 mala
568 2542 702 2601 annexa,
719 2532 854 2605 suntque
880 2525 943 2587 rui·
997 2528 1110 2609 spiritu
1137 2552 1145 2589 ε
1172 2528 1251 2590 Audi
1280 2527 1468 2609 (inquiens),
1494 2524 1574 2603 lilia,
1600 2532 1632 2586 et
1659 2524 1744 2603 vide,
1761 2554 1891 2604 pmii,

197 2639 246 2681 ne
273 2620 462 2702 propinqua,
489 2628 520 2683 et
548 2620 778 2684 incrementum
807 2640 844 2684 ac
874 2641 943 2703 per·
997 2636 1028 2689 at
1066 2626 1186 2688 inclina
1218 2644 1327 2688 aurem
1361 2634 1459 2701 tuam,
1489 2632 1521 2685 ct
1555 2621 1746 2686 obliviscere

196 2717 369 2781 lectionem
397 2718 537 2780 caritatis
566 2718 682 2782 divine
707 2719 809 2783 solent
835 2720 944 2801 preci·
997 2724 1151 2806 populum
1172 2733 1262 2787 tuum
1284 2732 1316 2785 et
1337 2724 1466 2786 domum
1488 2722 1586 2803 patris
1606 2721 1664 2783 tui.

195 2834 258 2896 pue
293 2816 461 2898 impedire,
492 2826 526 2880 ut
560 2826 633 2879 sunt
661 2842 667 2879 :
695 2836 773 2881 uxor
807 2826 838 2881 ct
872 2818 943 2900 ejus
1037 2824 1273 2901 Verumtamen,
1289 2821 1363 2902 quia
1381 2819 1511 2883 dilectio
1531 2818 1746 2901 cognitionem

195 2913 373 2995 amplexus,
393 2915 584 2996 temporales
613 2914 742 2993 divitie,
768 2924 800 2978 et
828 2934 943 2997 cogna·
997 2921 1214 3001 consequitur,
1230 2928 1262 2983 ct
1285 2940 1324 2982 ex
1344 2938 1381 2981 ea
1406 2917 1550 3001 procedit
1572 2936 1609 2980 ac
1632 2916 1745 2997 oritur,

195 3010 230 3090 ti,
247 3012 377 3094 propria
396 3031 521 3095 quoque
546 3013 703 3077 voluntas.
720 3014 793 3077 ldeo
813 3014 943 3097 Sapien·
960 3019 981 3082 G
997 3018 1152 3100 quamdiu
1180 3017 1372 3080 electissima
1395 3035 1431 3079 ac
1459 3015 1667 3078 dilectissima
1690 3014 1746 3077 Dei

194 3109 240 3172 tia
266 3110 322 3174 Dei
350 3110 449 3174 Patris
478 3129 542 3175 non
569 3110 674 3194 jussit,
699 3112 754 3176 sed
783 3114 944 3178 consuluit
997 3116 1095 3180 Mater
1116 3115 1210 3179 llaria
1234 3116 1332 3178 ileum
1361 3134 1425 3179 non
1450 3114 1531 3176 vidit
1556 3113 1589 3177 in
1614 3133 1648 3176 se
1677 3112 1747 3194 ipso

194 3228 216 3271 a
241 3207 394 3272 fidelihus
422 3209 482 3272 ista
509 3219 638 3291 propter
667 3212 765 3274 Deum
793 3211 943 3294 relinqui,
998 3215 1083 3277 clara
1107 3233 1165 3297 per
1187 3214 1339 3297 speciem,
1366 3231 1430 3276 non
1454 3211 1558 3294 potuit
1586 3211 1747 3293 indirupte

195 3315 352 3388 qtmtenus
377 3307 515 3372 Creatori
538 3309 648 3389 purius
671 3317 796 3390 vacent,
813 3310 943 3374 liberius
998 3321 1029 3376 et
1044 3315 1220 3376 secundum
1235 3319 1411 3374 extremum
1432 3329 1526 3373 suum
1540 3327 1634 3391 posse
1648 3309 1749 3371 instar

195 3404 422 3486 obsequantur,
439 3414 534 3487 atque
560 3407 592 3468 in
618 3406 689 3489 ejus
712 3426 820 3472 amore
844 3408 944 3492 proli·
997 3410 1165 3475 Beatorum
1197 3410 1274 3473 lerri
1308 3409 1342 3472 in
1375 3410 1491 3489 ipsum.
1521 3409 1680 3486 Attamen,
1709 3425 1748 3470 ex

196 3502 282 3566 ciant
306 3503 455 3585 plenius3
478 3505 587 3587 sicque
612 3515 806 3588 preceptum
832 3508 944 3570 carita·
999 3509 1197 3590 plenitudine
1224 3507 1331 3589 gratie
1360 3526 1436 3584 sue,
1466 3525 1505 3568 ex
1532 3525 1589 3568 sua
1615 3503 1748 3568 'lervcn-

195 3603 235 3664 tis
264 3621 283 3664 a
311 3601 395 3665 veris
425 3601 582 3684 religiosis
615 3603 777 3684 impletur,
807 3623 941 3685 quorum
998 3607 1122 3670 tissima
1156 3607 1298 3684 caritate,
1327 3623 1366 3667 ex
1400 3603 1597 3681 assiduitate,
1627 3602 1748 3664 diutur-

195 3717 259 3762 nou
275 3709 323 3761 est
341 3699 426 3762 cirea
445 3700 627 3763 communia
641 3709 764 3764 tantum
779 3700 940 3784 languere,
998 3706 1096 3767 nitate
1125 3713 1156 3768 ot
1189 3704 1331 3766 claritate
1359 3701 1665 3783 contemplationum
1698 3719 1748 3762 sa·

194 3798 250 3860 sed
273 3799 313 3859 ad
338 3797 566 3880 perlectionem
587 3799 728 3881 quotidie
751 3801 890 3862 tendere.
998 3803 1126 3884 pieutie
1159 3821 1235 3879 sue,
1265 3820 1302 3864 ex
1333 3799 1404 3882 jugi
1433 3817 1491 3862 suo
1519 3797 1677 3880 prolectu,
1707 3817 1746 3861 ex

234 3897 339 3959 Tertio
372 3897 541 3978 exponitur
578 3897 638 3960 lroc
674 3905 879 3980 preceptum,
910 3906 944 3960 ut
998 3899 1233 3962 illuminatione
1275 3916 1412 3979 superna
1447 3915 1484 3960 ac
1518 3895 1745 3959 exercitatione

194 3995 269 4057 tntis
293 3994 400 4070 corde,
426 4003 546 4072 mente,
569 3995 675 4057 anima
699 4003 729 4057 et
753 3995 870 4059 virtute
895 3997 944 4059 in·
997 4007 1028 4060 et
1053 3998 1306 4060 inllammatione
1334 3995 1470 4073 interna,
1495 3995 1589 4058 toties
1616 4002 1745 4075 tamque

193 4093 379 4155 desinenter
410 4091 550 4156 leramur
582 4093 747 4156 actualiter
779 4113 835 4176 per
862 4094 943 4157 cari·
998 4095 1150 4180 perlecto,
1178 4115 1257 4178 pure
1290 4114 1327 4158 ac
1360 4093 1483 4156 fervide
1517 4092 1679 4156 serebatur
1711 4092 1745 4155 in

194 4199 291 4253 tatem
316 4191 350 4252 in
376 4191 486 4270 Deum,
508 4192 682 4254 secundum
708 4201 883 4255 extremum
911 4201 943 4256 et
958 4199 981 4260 [t
998 4195 1110 4275 Deum,
1136 4202 1170 4257 ut
1198 4193 1298 4256 menti
1326 4192 1448 4256 viatrici
1478 4211 1516 4255 ac
1543 4210 1631 4274 pure
1659 4209 1746 4254 crea·

194 4289 369 4352 maximnm
393 4308 487 4371 posse
512 4298 654 4353 nostrum
683 4313 689 4352 :
716 4291 801 4374 quod
830 4310 943 4354 secun·
998 4301 1075 4356 ture
1097 4312 1115 4355 a
1134 4292 1267 4355 Domino
1286 4290 1388 4354 adhtm
1410 4288 1627 4371 peregrinanti
1648 4297 1744 4370 atque

193 4390 269 4451 durn
295 4405 499 4452 communem
524 4407 653 4450 cursum
679 4389 788 4470 nequit
813 4388 883 4452 lieri
908 4389 941 4452 in
998 4392 1030 4454 in
1053 4390 1135 4454 valle
1157 4391 1216 4452 lrac
1241 4388 1443 4451 lacrimarum
1466 4386 1564 4449 vianti
1589 4385 1650 4450 luit
1674 4405 1747 4469 pos-

194 4487 252 4550 hac
272 4487 349 4565 vita,
367 4505 426 4548 nec
451 4485 540 4568 puris
559 4486 733 4550 viatoribus
752 4496 853 4550 exstat
871 4507 943 4570 pos-
998 4489 1102 4552 sibile.
1119 4487 1239 4570 Nempe
1257 4487 1371 4550 caritas
1392 4485 1476 4565 ignis
1499 4494 1559 4564 est,
1574 4493 1607 4548 et
1630 4485 1746 4548 caritas

194 4585 309 4662 sibile3
327 4603 439 4647 verum
465 4585 496 4646 in
522 4585 622 4667 patria
645 4605 664 4648 a
683 4585 786 4648 Beatis
815 4586 859 4649 ita
884 4587 942 4649 im·
998 4596 1061 4650 em
1084 4585 1235 4668 perlecta,
1251 4594 1315 4648 tam
1335 4602 1459 4646 summa
1480 4591 1513 4646 et
1535 4582 1658 4646 lervida
1678 4601 1745 4645 non

192 4683 298 4766 pletur
320 4689 514 4766 preceptum
537 4683 608 4746 hoc.
997 4693 1102 4750 cessat
1128 4684 1254 4746 assidue
1282 4701 1408 4745 sursum
1437 4681 1569 4761 moveri,
1594 4682 1746 4744 ascende-

231 4783 339 4860 Porno,
370 4779 520 4864 perlecte
553 4781 599 4846 illi
633 4780 809 4864 impletioni
843 4783 941 4865 hujus
998 4805 1042 4863 re,
1058 4783 1231 4865 adspirare,
1248 4801 1284 4844 ac
1303 4781 1421 4843 dilecto
1444 4779 1536 4843 unire
1556 4789 1741 4844 amantem:

191 4880 356 4962 precepti,
383 4879 593 4943 celeberrima
622 4887 654 4942 et
682 4879 940 4964 incomparabilis
996 4883 1081 4964 quod
1116 4882 1143 4943 si
1178 4879 1342 4962 paululum
1377 4879 1636 4960 interrumpatur,
1670 4897 1744 4942 mox

191 4988 299 5043 nostra
332 4977 468 5041 Domina
501 4997 536 5041 ac
571 4979 690 5060 Regina
718 4979 750 5040 in
784 4979 844 5042 hac
877 4980 941 5042 vita
997 4981 1110 5044 fortior
1138 4980 1220 5042 redit
1247 4998 1285 5041 ac
1313 4977 1534 5040 vehementius
1562 4976 1740 5054 incalescit,

191 5099 254 5162 pre
280 5077 408 5141 cunctis
433 5077 521 5158 puris
547 5076 719 5140 viatoribus
744 5077 941 5160 incompara·
996 5089 1147 5159 tanquam
1176 5076 1384 5160 separationis
1416 5075 1596 5158 impatiens.
1627 5075 1741 5156 Sieque

190 5177 295 5240 biliter
313 5175 544 5260 propinquavit
566 5183 598 5238 et
618 5176 884 5239 excellentissime
907 5197 940 5240 se
996 5176 1077 5238 inter
1105 5175 1335 5258 perlectionem
1367 5174 1482 5236 anime
1509 5173 1623 5235 Christi
1655 5191 1742 5235 com·

190 5276 332 5340 intinxit.
348 5275 418 5336 lmo
438 5273 597 5336 interdum
617 5274 656 5336 ad
675 5274 785 5337 horam
809 5275 849 5337 ad
869 5295 940 5338 eam
996 5272 1223 5358 prehendentis
1250 5281 1283 5335 et
1309 5270 1388 5336 alios
1416 5272 1554 5334 viatores
1582 5270 1741 5353 perlectos
