4309 6250
429 525 469 574 na
490 525 653 574 ureunarn
674 525 711 572 rr
731 523 880 570 crunnus
900 523 929 568 s.
952 523 981 568 v.
1005 523 1122 581 naara,
1143 523 1233 572 crasa
1253 526 1275 572 r.
1297 545 1338 556 -
1357 527 1430 575 aar.
1452 527 1496 576 vu
1696 508 1737 572 25

190 695 261 777 bae,
277 715 411 779 quorum
433 715 515 760 unus
530 695 574 760 ibi
590 703 722 760 vocatur
741 693 874 758 Nathan.
891 693 935 756 Dc
950 693 976 756 Α
991 711 1124 775 corpore
1138 713 1197 758 suo
1211 695 1411 760 sanctificata
1425 707 1474 762 est
1489 722 1497 760 :
1513 717 1609 780 quam
1631 695 1737 780 angeli

56 813 94 868 ct.
108 817 126 856 a
139 813 175 863 u.
191 795 251 860 hoc
266 813 362 877 super
375 795 552 858 llatthsaum
575 793 701 876 plenius
722 791 846 874 scripsi.
863 792 936 855 Am·
990 792 1091 855 sancti
1117 793 1338 858 custodiebant
1365 803 1398 858 et
1424 797 1594 860 servabant
1621 795 1672 859 die
1699 813 1737 858 ac

39 875 174 932 ΝΜ*
189 893 456 976 brosiusquoque
471 893 697 976 superLucam
712 890 934 972 fatetur,qu0d
989 899 1094 954 nocte.
1124 892 1225 965 Quum
1254 911 1330 956 vcro
1358 893 1465 957 anima
1498 914 1570 958 mea
1597 893 1739 957 sanctifi-

189 992 331 1056 (lhristus
351 991 525 1056 secundum
550 1010 678 1054 carnem
705 989 859 1052 veraciter
881 1007 936 1050 ns·
989 989 1121 1052 cabatur
1141 998 1174 1052 et
1192 1009 1250 1054 suo
1275 992 1399 1073 corpori
1420 992 1624 1075 jungebatur,
1650 999 1739 1055 tanta

190 1099 303 1156 tuaest
320 1111 360 1154 en
378 1089 500 1154 semine
521 1089 642 1154 Nathan
667 1089 728 1170 lilii
750 1088 860 1151 David.
877 1087 936 1150 l’e-
989 1087 1104 1150 animae
1119 1107 1197 1152 mem
1210 1089 1340 1152 advenit
1353 1089 1462 1154 latitia
1482 1098 1518 1154 ut
1538 1089 1738 1173 impossibile

189 1209 260 1252 rum
276 1195 351 1252 tunc
367 1196 509 1252 remanet
527 1187 670 1270 quaestio,
686 1185 821 1269 qualiter
841 1193 937 1267 queat
990 1185 1031 1248 sit
1053 1185 1165 1250 allatu.

189 1287 315 1366 salvari,
332 1287 416 1368 quod
439 1285 581 1348 Christus
604 1286 758 1349 asseritur
781 1293 874 1348 natus
897 1303 935 1346 ex
1029 1284 1173 1366 Insuper,
1189 1284 1394 1367 praeinductis
1409 1295 1563 1351 consonat
1577 1287 1663 1368 quod
1677 1286 1738 1350 llo-

189 1385 311 1449 semine
326 1383 501 1448 Salomonis
516 1403 554 1447 ac
569 1403 679 1466 regum
695 1382 934 1447 succedentium
990 1382 1101 1446 norius
1115 1383 1307 1447 anachoreta
1321 1385 1433 1448 scribit
1445 1385 1479 1447 in
1494 1385 1576 1450 libro
1590 1386 1630 1448 de
1645 1385 1738 1448 Orna-

189 1483 230 1548 ei.
256 1485 302 1547 Ad
328 1485 425 1565 quod,
450 1485 539 1566 juxta
562 1489 722 1565 pransu,
750 1481 864 1564 poterit
888 1499 936 1543 re-
990 1479 1106 1544 mentis
1121 1481 1230 1563 gloriae
1244 1490 1361 1546 sanctas
1374 1481 1477 1545 llariae
1490 1505 1497 1544 ε
1512 1482 1557 1546 Ex
1570 1481 1739 1546 benedicto

189 1583 349 1665 sponderi,
372 1584 457 1664 quod
481 1583 565 1646 inter
592 1590 734 1663 posteros
757 1579 935 1644 Salomonis
990 1578 1120 1660 (inquit)
1134 1579 1384 1642 Patrisrcbarnm
1400 1581 1574 1659 seminc,et
1588 1581 1740 1664 praeclaro

188 1701 225 1744 ac
259 1679 380 1745 Nathan
416 1681 458 1744 sit
495 1688 693 1744 contractum
727 1677 933 1757 connubium,
990 1677 1217 1758 Prophetarum
1239 1678 1505 1760 germina,atqt1e
1525 1699 1616 1742 sacra
1636 1698 1741 1742 saecr-

188 1799 226 1842 ex
249 1797 313 1860 quo
335 1779 431 1842 ldaria
459 1779 673 1842 sacratissima
702 1778 743 1840 sit
770 1784 877 1841 exorta
905 1785 936 1840 et
990 1775 1087 1839 dotali
1102 1775 1212 1857 stirpe,
1227 1795 1382 1858 generosa
1400 1796 1526 1859 quoque
1548 1777 1646 1859 regali
1668 1796 1739 1860 pro

188 1877 342 1940 Christus.
950 1869 1083 1955 Bgenie
1109 1874 1265 1955 processit
1292 1874 1359 1937 haec
1388 1875 1508 1957 inclyta
1532 1876 1658 1938 virtutis
1682 1875 1738 1938 Dei

229 1974 383 2056 Denique,
399 1975 482 2038 sicut
496 1973 684 2056 Unigenitus
698 1973 752 2037 Dei
776 1973 877 2036 voluit
898 1992 936 2036 ex
991 1971 1091 2053 virga,
1107 1971 1242 2053 insignis
1261 1981 1293 2036 et
1312 1972 1483 2054 imperiosa
1502 1973 1592 2055 virgo
1610 1974 1703 2036 llaria
1729 1997 1737 2036 z

190 2071 400 2136 mundissima
428 2072 552 2154 virgine
581 2073 681 2150 nasci,
708 2073 755 2136 sic
783 2070 937 2136 electissi-
990 2088 1060 2151 quae
1074 2070 1162 2133 omni
1174 2088 1293 2152 genere
1307 2071 1529 2152 generositatis
1544 2071 1616 2152 jure
1629 2071 1741 2135 debuit

190 2189 275 2233 mam
290 2171 416 2234 llatrem
433 2189 522 2233 suam
538 2170 638 2233 voluit
656 2189 693 2232 ex
713 2169 936 2232 honestissimo
991 2166 1191 2250 prefulgcre,
1208 2167 1359 2249 quoniam
1373 2168 1477 2250 ipsum
1493 2169 1590 2232 totius
1609 2187 1741 2251 genero·

191 2269 343 2352 conjugio
371 2268 544 2350 procreari,
570 2267 614 2331 ita
637 2269 721 2349 quod
747 2267 936 2332 beatissimas
991 2265 1102 2328 sitatis
1128 2265 1430 2348 principalissimum
1459 2287 1496 2330 ac
1525 2267 1740 2349 singularissi-

191 2367 294 2430 llariae
315 2373 462 2450 parentes
487 2365 618 2430 luerunt
640 2365 788 2428 homines
813 2364 937 2427 eximie
992 2383 1080 2426 mum
1095 2363 1226 2427 Fontem
1240 2383 1279 2427 ac
1293 2363 1405 2428 florem
1418 2365 1738 2449 meruitggerminara,

192 2464 380 2528 sanctitatis.
406 2463 437 2526 Si
464 2463 550 2526 enim
579 2462 749 2546 baptistam
778 2481 870 2524 suum
900 2480 936 2524 ac
992 2481 1065 2524 cum
1081 2461 1232 2524 videlicet
1245 2463 1300 2544 qui
1316 2471 1365 2526 est
1379 2463 1544 2544 spaciosus
1559 2462 1662 2527 forma
1676 2483 1740 2546 prm
1754 2491 1887 2542 pamm.

192 2580 431 2644 precursorem,
462 2580 590 2624 servum
619 2569 651 2624 et
684 2561 935 2642 paranymphum
992 2559 1071 2621 titiis
1087 2559 1326 2624 bominum.Sie
1341 2579 1479 2642 namque
1493 2561 1626 2624 decebat
1641 2561 1742 2624 nasci·

43 2679 175 2728 iactae.
191 2660 293 2724 voluit
316 2659 397 2722 Deus
422 2678 460 2722 ex
484 2656 602 2722 sanctis
626 2657 770 2741 generari
801 2657 938 2739 parenti·
992 2663 1099 2720 turum
1113 2677 1152 2721 ex
1165 2677 1204 2720 ca
1217 2657 1375 2722 Christum
1390 2677 1497 2741 regam
1512 2659 1694 2738 Dominum,
1706 2667 1741 2722 ut

190 2758 262 2836 bus,
293 2765 387 2841 prout
414 2757 447 2818 in
476 2757 559 2820 Luca
589 2755 789 2832 describitur,
819 2763 938 2837 quanto
992 2755 1188 2838 cumgratia
1212 2775 1250 2819 ac
1274 2757 1408 2836 meritis,
1435 2757 1556 2820 bonore
1580 2765 1613 2822 et
1640 2757 1741 2840 gloria

191 2856 264 2939 plus
279 2854 562 2937 incomparabilem
574 2873 663 2917 susm
674 2853 936 2936 procerissimam
992 2853 1320 2936 precellentissimam
1343 2854 1464 2918 laceret
1484 2855 1627 2919 omnium
1643 2879 1651 2918 ε
1667 2855 1742 2937 quis

191 2953 435 3018 ldatremlilinc
451 2951 757 3015 inllavelationibus
777 2951 809 3014 S.
825 2951 939 3032 Brigit-
993 2951 1113 3030 divina,
1149 2951 1305 3016 mirabilia
1339 2961 1433 3034 atquc
1471 2953 1630 3034 magnalia
1667 2953 1741 3017 lieri

192 3061 230 3116 tm
245 3051 359 3134 legitur
376 3051 515 3134 gloriosa
529 3059 561 3112 et
574 3049 677 3113 dulcis
698 3049 793 3112 Maria
812 3049 851 3111 ad
873 3049 939 3112 Bri·
955 3047 977 3111 G
992 3049 1158 3132 oportebat
1175 3050 1208 3111 in
1227 3068 1275 3129 ea,
1293 3051 1369 3113 dum
1390 3050 1423 3112 in
1442 3051 1513 3134 ejus
1532 3059 1621 3114 utero
1646 3051 1743 3134 virgi-

190 3150 300 3233 gittam
330 3149 500 3231 protulisse
527 3172 534 3209 :
562 3148 628 3229 Ego
656 3148 712 3211 tibi
741 3148 814 3211 dico
841 3166 937 3228 quam
992 3148 1057 3211 nali
1074 3157 1259 3213 meruerunt
1274 3150 1452 3213 consecrari
1474 3169 1511 3213 ec
1533 3148 1605 3213 lieri
1627 3158 1742 3214 nostrae

190 3248 327 3312 dulciter
340 3246 439 3309 l'ilius
455 3266 544 3309 meus
563 3246 674 3309 dilexit
694 3264 809 3327 corpus
831 3264 937 3307 meum
993 3246 1105 3311 salutis
1127 3248 1309 3311 veneranda
1331 3248 1535 3311 commercia.

192 3354 223 3409 ct
237 3346 377 3409 animam
392 3363 507 3423 meam,
524 3352 556 3407 ct
568 3353 723 3425 quantum
738 3363 789 3407 me
805 3344 939 3407 honora-

192 3445 248 3507 vit.
278 3444 348 3527 lpse
377 3442 563 3524 conjugium
591 3449 759 3523 parentum
794 3460 937 3503 meorum

191 3550 277 3605 tanta
298 3541 443 3605 castitate
465 3540 641 3622 conJ'unxit,
658 3548 693 3602 ut
717 3548 859 3621 tempore
883 3539 938 3602 illo
1194 3518 1439 3583 ARTICULUS
1463 3519 1538 3582 VH·

191 3659 255 3704 ⁰⁰¹¹
269 3639 466 3703 invenimur
480 3638 667 3721 ⁰⁰¹¹j⁰8i¹¹m
683 3637 802 3700 ⁰⁸⁵ti¹¹⁸
823 3638 855 3699 in
876 3638 936 3700 ¹¹⁰⁰
993 3668 1039 3727 De
1053 3669 1151 3741 plena
1165 3666 1336 3725 nobilitate
1350 3668 1502 3742 ptoriosoe
1518 3686 1556 3724 oc
1570 3667 1744 3728 benedictae

191 3739 321 3818 mundo,
352 3745 384 3801 et
417 3754 580 3817 nunquam
617 3736 790 3799 convenire
818 3734 938 3799 vallent
1032 3756 1153 3816 Mam-,2
1177 3756 1213 3814 p„
1238 3756 1351 3813 ,mima
1376 3763 1407 3812 e,
1430 3772 1586 3829 corpore,·
1607 3764 1637 3813 e,
1661 3758 1744 3835 quid

190 3836 249 3899 nisi
281 3836 370 3918 juxta
405 3832 519 3915 legam,
551 3833 749 3897 solummodo
778 3832 937 3895 desiderio
1031 3844 1074 3903 git
1089 3844 1381 3903 ηοωιῑιαδρανηῑς,

191 3932 289 4015 prolis
313 3931 352 3994 ad
376 3929 431 3993 Dei
455 3930 642 4010 obsequium
667 3929 873 3992 enutrienda.
899 3929 937 3991 Et

189 4049 286 4114 quum
319 4028 498 4091 nuntiatum
527 4028 572 4091 eis
601 4026 714 4089 luisset
741 4027 781 4090 ab
809 4026 934 4109 angelo,
992 4030 1066 4193 IN
1077 4033 1169 4091 omni
1179 4035 1298 4107 populo
1313 4040 1342 4091 et
1361 4032 1394 4090 in
1409 4033 1501 4091 omni
1511 4035 1743 4109 penteprimc-
1756 4066 1889 4117 mun„

189 4129 274 4211 quod
289 4126 444 4209 virginem
460 4132 609 4207 parerent
623 4124 662 4187 de
677 4144 740 4206 qua
752 4125 836 4187 salus
848 4143 936 4187 mun·
1043 4140 1111 4189 tam
1128 4130 1239 4191 habui.
1255 4129 1404 4192 Naturam
1420 4130 1592 4193 humanam
1612 4131 1653 4194 ab
1674 4131 1743 4194 uni·
1755 4131 1819 4181 ⁰³⁰·

190 4227 222 4289 di
238 4225 434 4307 procederet,
451 4222 636 4286 maluissent
650 4222 730 4285 mori
752 4241 847 4304 qnam
869 4242 937 4285 car·
952 4230 976 4292 Ι)
990 4226 1099 4308 genito
1114 4226 1168 4289 bai
1184 4226 1263 4290 Filio
1277 4228 1500 4290 assumendam
1519 4229 1629 4291 decuit
1651 4230 1744 4292 undi-

192 4324 255 4386 nali
275 4320 448 4385 convenire
467 4338 594 4398 amore;
612 4328 642 4382 et
667 4320 812 4403 voluptas
837 4320 868 4382 in
891 4321 936 4383 cis
990 4344 1052 4406 que
1067 4325 1211 4389 decorari
1227 4344 1264 4389 ae
1278 4346 1353 4389 vere
1375 4326 1547 4404 nobilitari,
1565 4335 1629 4390 mm
1652 4328 1685 4390 in
1708 4347 1743 4392 se

191 4430 315 4485 mortua
338 4419 411 4497 luit,
432 4418 475 4481 ita
499 4418 645 4482 videlicet
668 4418 751 4499 quod
777 4437 847 4481 carn
872 4437 936 4481 non
992 4441 1087 4504 quam
1102 4422 1136 4484 in
1151 4443 1208 4486 sna
1222 4423 1345 4505 origine
1363 4446 1370 4485 ε
1387 4424 1460 4488 ideo
1477 4425 1657 4487 condecens
1676 4434 1744 4489 erat

191 4518 397 4583 intendebant
421 4535 480 4580 nec
506 4516 724 4598 exquirebant.
741 4517 859 4579 Tanien
880 4536 937 4599 pro
968 4526 1027 4581 'ut
1041 4540 1080 4583 ex
1099 4520 1297 4583 nobilissima
1320 4521 1441 4602 virgine
1457 4522 1595 4584 Verbum
1619 4523 1673 4586 Dei
1696 4524 1745 4585 in·

190 4627 277 4683 certo
291 4618 347 4681 tibi
362 4616 445 4693 dico,
461 4615 546 4697 quod
565 4635 603 4679 ex
624 4614 754 4677 caritate
775 4614 884 4677 divina
906 4623 937 4679 et
993 4627 1187 4681 carnaretur.
1214 4618 1278 4682 Nec
1303 4619 1395 4682 obest
1417 4620 1501 4700 quod
1531 4620 1744 4684 sacratissima

189 4738 228 4781 ex
256 4716 353 4779 verbo
381 4713 485 4795 angeli
514 4712 687 4775 nuntiantis
720 4722 938 4777 convenerunt
993 4716 1088 4798 Virgo
1108 4736 1172 4780 non
1192 4726 1260 4780 erat
1279 4717 1464 4779 immediata
1487 4717 1556 4780 lilia
1582 4719 1665 4801 regis
1689 4728 1744 4783 aut

189 4834 296 4895 carne,
318 4833 382 4878 non
406 4832 444 4876 ex
468 4812 728 4895 concupiscentia
752 4813 935 4894 voluptatis,
992 4814 1149 4896 presulis,
1157 4834 1216 4877 nec
1233 4815 1266 4877 in
1279 4812 1400 4877 divitiis
1415 4816 1586 4879 constituta
1600 4826 1655 4879 aut-
1669 4825 1744 4880 tam-

189 4915 243 4978 sed
258 4934 297 4977 cx
311 4912 482 4977 dilectione
495 4910 754 4993 divinstsicque
769 4930 807 4974 ex
826 4930 936 4973 eorum
993 4912 1094 4994 porali
1124 4914 1265 4977 dominio
1293 4914 1427 4976 clevata.
1459 4913 1609 4986 Quamvis
1642 4916 1741 4995 enim,

189 5012 309 5077 semine
324 5030 362 5075 ex
376 5009 487 5073 divina
502 5008 632 5072 caritate
648 5008 870 5090 compaginata
890 5017 938 5071 cst
990 5010 1081 5091 juxta
1101 5010 1340 5093 Philosophum,
1357 5010 1507 5074 nobilitas
1529 5013 1635 5075 carnis
1655 5013 1743 5076 vide-

189 5129 263 5174 caro
288 5128 369 5172 mea.
394 5108 540 5172 Narmato
565 5115 669 5169 eutem
695 5125 827 5188 corpore
852 5126 934 5183 meo,
992 5114 1062 5169 atur
1091 5116 1161 5171 es‘sc
1190 5107 1354 5189 opulentia
1381 5108 1554 5190 antiquata,
1585 5108 1660 5189 quia
1684 5129 1742 5191 per

189 5210 271 5272 Deus
304 5208 444 5269 animam
472 5224 575 5268 meam
604 5204 723 5268 creavit
751 5214 783 5269 et
810 5206 935 5287 corpori
991 5206 1188 5287 opulentiam
1215 5206 1374 5288 incipiunt
1393 5206 1539 5270 homines
1565 5206 1738 5287 nobilitari,

190 5324 262 5372 meo
290 5304 434 5384 immisit,
464 5322 600 5386 moxque
628 5302 735 5367 anima
763 5322 834 5367 mea
863 5322 936 5367 cum
991 5304 1133 5383 exaltari,
1157 5322 1292 5386 praeesse
1317 5307 1418 5385 (nam,
1439 5312 1475 5367 ut
1498 5304 1542 5367 ait
1563 5304 1737 5388 Scriptura,
