4309 6250
408 425 468 492 184
702 444 743 492 ns
764 443 868 491 uonna
888 440 1071 490 occuramus
1092 439 1254 487 carrorum
1274 439 1307 486 ru
1327 439 1451 486 ramur.
1474 452 1515 472 ι-
1534 440 1604 488 aar.
1627 441 1671 488 ru

408 615 457 680 ria
477 615 537 679 sibi
558 623 670 680 mutuo
689 613 950 697 congratulentur
968 620 1000 677 et
1020 610 1105 676 intra
1124 631 1158 674 sa
1172 610 1199 675 l
1212 609 1328 674 Omnes
1342 617 1448 675 autem
1470 611 1575 696 angeli
1589 611 1654 694 isti,
1671 611 1726 694 qui
1749 611 1893 694 singulos
1910 632 1967 676 cn-

408 714 596 796 glorientur.
1213 710 1352 774 stodiunt
1362 709 1566 790 homines,de
1577 709 1691 774 infimo
1703 718 1777 774 sunt
1787 711 1901 776 ordine
1912 731 1967 774 an-

450 812 676 877 Verumtamen
690 812 751 875 ista
764 830 875 876 eorum
890 810 998 874 laetitia
1013 809 1160 872 acciden-
1212 807 1367 890 gelorum,
1384 809 1561 872 secundum
1576 808 1771 892 Dionysium.
1788 810 1836 873 Ad
1857 809 1967 874 minus
1993 797 2130 877 mffl3

409 910 536 993 taleque
557 911 724 995 praemium
744 911 834 993 quasi
858 909 978 972 nullius
996 917 1045 972 est
1066 926 1159 990 repu—
1213 927 1288 990 ergo
1313 915 1359 971 tot
1382 916 1456 972 sunt
1476 907 1613 990 angelici
1635 909 1764 992 spiritus
1785 910 1826 972 de
1849 909 1967 974 inlimo
1981 897 2042 1001 22⁸·
2064 903 2130 990 Ἣ

380 1045 383 1051 -
408 1011 538 1075 tationis
557 1018 705 1092 respectu
728 1008 848 1092 praemii
869 1016 901 1072 et
923 1007 1031 1091 gaudii
1052 1026 1159 1069 essen·
1213 1006 1311 1070 choro
1334 1026 1391 1069 sou
1413 1007 1524 1071 ordine
1547 1007 1745 1089 angelorum,
1767 1015 1846 1091 quot
1869 1009 1968 1072 modo
2129 997 2130 1008 ἶ

410 1107 505 1189 tialis,
522 1109 606 1190 quod
626 1127 664 1172 ex
683 1106 906 1190 superexaltati
925 1126 962 1169 ac
984 1105 1158 1169 beatissimi
1214 1113 1288 1169 sunt
1315 1106 1460 1170 homines
1484 1107 1517 1168 in
1545 1113 1611 1171 toto
1635 1107 1755 1170 mundo
1782 1107 1931 1170 viventes
1956 1132 1965 1170 ε

409 1209 466 1272 Dei
490 1207 659 1292 prasentia
684 1207 860 1272 sortiuntur
882 1229 889 1268 ε
916 1207 1000 1269 sicut
1022 1212 1055 1268 et
1077 1205 1160 1267 Deus
1212 1204 1359 1286 quamvis
1373 1205 1505 1269 dubium
1518 1223 1585 1270 non
1605 1205 1647 1269 sit
1663 1203 1742 1288 quin
1763 1205 1829 1269 sint
1843 1207 1966 1288 plures.

410 1307 497 1371 solus
518 1305 676 1369 universis
701 1304 796 1368 simul
823 1305 938 1368 creatis
961 1302 1161 1386 incompara-
1214 1303 1274 1366 Sed
1299 1303 1371 1384 quis
1393 1302 1549 1367 estimare
1573 1312 1670 1386 queat
1691 1313 1772 1386 quot
1798 1324 1886 1368 nnnc
1910 1305 1968 1368 ho-

409 1404 518 1468 biliter
542 1404 665 1484 melior,
691 1403 870 1482 amabilior,
893 1402 1068 1485 pulchrior,
1091 1401 1162 1465 dul·
1213 1403 1318 1466 mines
1342 1403 1376 1465 in
1402 1403 1521 1467 mundo
1545 1402 1720 1467 exsistantl
1738 1403 1853 1468 Nonne
1872 1404 1969 1466 innu-

410 1503 478 1567 cior
497 1502 763 1587 praestantiorque
784 1500 942 1565 consistit.
1214 1502 1382 1565 merabiles
1398 1504 1493 1564 sumt
1509 1502 1596 1576 Quod
1617 1503 1714 1565 etiam
1733 1521 1772 1566 ex
1793 1502 1969 1585 Scripturis

448 1601 555 1680 Porro,
577 1601 753 1663 secundum
777 1598 974 1681 Gregorium,
996 1605 1027 1662 et
1050 1597 1161 1661 Ansel-
1214 1601 1410 1683 perpendere
1426 1619 1606 1683 possumus.
1623 1600 1787 1682 Siquidem
1803 1600 1837 1663 in
1852 1602 1970 1666 Deute-

409 1717 497 1762 mum
512 1699 545 1761 in
560 1697 640 1762 libro
655 1698 716 1761 Gur
729 1698 813 1760 Dens
827 1697 935 1775 homo,
950 1703 997 1760 tot
1014 1695 1159 1758 homines
1215 1699 1358 1762 ronomio
1382 1698 1502 1780 hloyses
1525 1699 1570 1761 ait
1593 1699 1632 1762 ad
1656 1699 1811 1781 populum
1833 1699 1932 1762 lsrael
1958 1723 1966 1762 ε

409 1797 504 1862 electi
532 1798 748 1880 perducentur
774 1797 814 1859 ad
847 1814 981 1877 regnum
1016 1792 1195 1872 coeleste‚B
1215 1798 1257 1861 Te
1282 1796 1377 1879 elegit
1405 1797 1558 1861 Dominus
1587 1797 1670 1860 Deus
1698 1804 1784 1876 tuus,
1810 1805 1847 1861 ut
1869 1798 1914 1861 sis
1939 1799 1970 1862 ei
1984 1818 2130 1874 nme„

409 1904 488 1978 quot
510 1895 545 1958 iu
569 1914 607 1958 eo
631 1893 738 1976 angeli
762 1901 881 1956 stantes
908 1901 941 1956 et
966 1892 1043 1956 boni
1072 1910 1161 1954 man·
1214 1895 1352 1979 populus
1386 1893 1555 1978 peculiaris
1586 1917 1593 1958 ι
1623 1914 1688 1958 non
1722 1895 1799 1979 quia
1833 1905 1971 1960 cunctas
1984 1884 2008 1924 ⁷·
2129 1879 2130 1888 ἵ

411 2003 521 2058 serunt
544 2017 551 2058 :
572 1993 627 2075 qui
652 2000 730 2075 quot
754 1999 840 2070 sunt,
859 2011 879 2054 a
902 1990 994 2054 nohis
1018 2009 1162 2071 compre·
1215 2003 1325 2076 gentes
1341 2012 1475 2057 numero
1489 1993 1679 2073 vincebatis,
1696 2012 1794 2075 quum
1811 1995 1883 2058 sitis
1901 2014 1973 2058 om·
2129 2013 2130 2078 q

410 2094 508 2158 hendi
530 2112 594 2156 non
614 2091 995 2172 valet.1mo,aecundnm
1015 2089 1159 2152 divinum
1216 2092 1311 2155 nibus
1337 2092 1464 2175 populis
1489 2092 1665 2173 pauciores.
1681 2093 1764 2156 Ecce
1788 2094 1971 2157 seeundum
2129 2097 2130 2102 ’

274 2206 396 2251 necem.
411 2191 607 2274 Dionysium,
628 2189 848 2272 angelicorum
872 2187 1043 2250 multitudo
1069 2186 1161 2268 spiri·
1216 2192 1349 2255 verbum
1373 2190 1435 2252 hoc
1458 2189 1586 2271 Moysis,
1607 2208 1665 2272 pro
1688 2200 1763 2256 tuuc
1787 2190 1847 2254 filii
1871 2191 1972 2254 lsrael

263 2269 502 2354 '¹³“·⁶'¹¹'·tuum
536 2288 627 2371 quasi
655 2286 946 2369 incomparabiliter
977 2286 1080 2367 maior
1114 2291 1162 2348 est
1216 2297 1307 2352 eraut
1334 2287 1448 2351 ceteris
1482 2287 1667 2351 nationibus
1698 2290 1865 2371 pauciores
1895 2313 1905 2352 ι
1938 2297 1973 2352 et

411 2389 499 2453 omni
514 2387 719 2451 multitudino
740 2384 951 2468 corporalium
967 2403 1084 2446 rerum.
1101 2383 1161 2446 Un-
1217 2395 1323 2450 tamen
1349 2394 1506 2468 protunc
1534 2395 1625 2450 erant
1653 2388 1868 2452 communiter
1898 2408 1973 2452 sex·
2001 2419 2118 2464 gnus,

261 2504 397 2554 mavum.
411 2488 452 2551 de
475 2507 533 2570 per
554 2487 633 2550 illud
657 2484 809 2562 Danielis,
825 2483 921 2546 hlillia
941 2483 1078 2546 millium
1103 2483 1161 2545 mi·
1217 2493 1309 2549 centa
1333 2484 1433 2547 millia
1457 2485 1610 2563 virorum,
1627 2485 1710 2549 sicut
1729 2484 1761 2548 in
1784 2486 1867 2550 libro
1889 2485 2025 2550 scri-⁴⁶·

411 2586 590 2648 nistrabant
617 2584 658 2665 ci,
687 2590 720 2645 et
746 2582 854 2646 decies
881 2581 999 2645 millies
1026 2588 1160 2645 centena
1215 2584 1300 2648 bitur
1318 2581 1539 2661 Numerorum,
1555 2582 1742 2648 mulieribus
1760 2586 1975 2668 parvulisque

411 2684 512 2748 millia
535 2682 733 2746 adsistebant
756 2682 798 2761 ei,
814 2700 878 2745 non
903 2679 1084 2744 insinuatur
1104 2681 1161 2743 ali·
1216 2681 1366 2765 exceptis.
1383 2681 1507 2745 Parvuli
1529 2691 1635 2745 antem
1657 2692 1822 2763 vocantur,
1842 2685 1900 2766 qui
1923 2686 1975 2749 ci-

411 2784 484 2865 quis
506 2790 611 2847 certus
633 2799 785 2843 numerus
806 2778 1012 2862 angelorum3
1028 2779 1083 2842 sed
1104 2798 1161 2862 per
1216 2789 1264 2843 tra
1283 2779 1472 2844 vicesimum
1494 2799 1615 2843 annum
1637 2780 1790 2853 luerunt:
1806 2783 1860 2864 qui
1883 2781 1974 2847 lorte

412 2901 581 2946 nnmemm
610 2878 868 2957 detemninatum,
894 2877 1082 2960 exprimitur
1103 2899 1162 2940 nu·
1217 2879 1312 2944 simul
1333 2898 1405 2943 cum
1432 2879 1546 2961 puellis
1567 2879 1698 2943 luerunt
1715 2899 1780 2945 non
1800 2881 1975 2963 pauciores

411 3000 520 3044 merus
552 2976 826 3054 indeterminatus,
856 2983 889 3038 et
922 2994 981 3058 per
1011 2995 1160 3040 numeros
1180 2983 1312 3060 equam
1341 2976 1422 3055 viri3
1449 2984 1481 3040 et
1509 2976 1592 3041 lorte
1622 2978 1771 3042 mulieres
1795 2979 1873 3044 viris
1901 3000 1974 3045 non

411 3079 484 3144 illos
508 3077 669 3161 perlectos
698 3094 735 3139 ac
759 3074 913 3138 maximos
937 3073 971 3135 in
996 3093 1030 3137 se
1058 3073 1162 3137 taliter
1216 3078 1347 3141 luerunt
1361 3075 1540 3159 pauciores.
1558 3075 1590 3140 Si
1614 3077 1712 3159 igitur
1726 3085 1801 3143 tuno
1815 3087 1861 3143 tot
1876 3089 1975 3145 erant

411 3178 575 3262 repetitos,
601 3178 693 3239 datur
714 3173 850 3255 intelligi
873 3172 1043 3236 multitudo
1067 3192 1163 3255 ange-
1217 3194 1360 3259 personae
1374 3176 1407 3236 in
1423 3174 1541 3256 populo
1562 3174 1656 3239 lsrael
1673 3175 1798 3239 cunctis
1817 3178 1975 3260 gentibus

412 3278 516 3341 lorum
545 3275 673 3359 penitus
700 3271 931 3336 inestimabilis
955 3280 987 3335 et
1010 3272 1163 3353 quodam·
1216 3273 1372 3359 pauciori,
1409 3292 1504 3354 quam
1542 3272 1793 3338 innumerabiles
1832 3276 1865 3337 in
1900 3284 1976 3341 toto

412 3373 661 3440 modoinlinita.
677 3371 907 3454 Propterquod
923 3370 1159 3453 scriptumest:
1217 3372 1337 3435 mundo
1365 3370 1515 3433 luerunt?
1544 3370 1582 3433 Et
1610 3380 1716 3435 tamen
1749 3382 1826 3437 tunc
1859 3376 1975 3439 multas

264 3490 307 3535 rot
319 3496 399 3542 ma.
413 3472 573 3554 Numquid
593 3478 641 3534 est
665 3489 817 3533 numerus
838 3468 977 3531 militum
999 3468 1069 3549 ejus
1090 3469 1163 3549 (sci-
1219 3480 1308 3533 terrae
1330 3469 1556 3533 inhabitabiles
1578 3470 1777 3551 exstiterunt,
1793 3492 1864 3554 qum
1888 3474 1978 3538 intc-

414 3574 491 3636 licet
525 3571 617 3651 Dei)l
649 3570 716 3633 lmo
751 3568 872 3649 utique,
910 3566 993 3629 sicut
1027 3575 1161 3631 testante
1218 3570 1279 3632 rim
1294 3568 1430 3631 habitari
1447 3569 1778 3654 coeperunt.lnsuper,
1792 3572 1975 3636 secundnm

296 3690 399 3741 rama.
413 3670 589 3748 Psalmista,
627 3668 709 3731 Deus
745 3666 922 3729 secundum
961 3664 1162 3734 altitudinem
1218 3665 1450 3745 beatissimum,
1479 3664 1556 3744 imo,
1583 3674 1619 3728 ut
1647 3668 1753 3731 verbis
1780 3669 1976 3734 Damasceni

415 3790 504 3834 suam
519 3765 747 3849 multiplicavit
766 3764 855 3828 lilios
876 3764 1054 3845 hominnm,
1069 3764 1113 3827 ita
1132 3773 1164 3827 et
1217 3774 1300 3845 utar,
1321 3764 1497 3827 secundum
1520 3764 1783 3848 sacratissimum,
1805 3766 1976 3833 divinissi-

414 3868 555 3951 angelos.
1218 3882 1306 3926 mum
1321 3881 1358 3925 ac
1374 3860 1679 3943 theologicissimum
1696 3862 1976 3948 Dionysium,quo
2004 3896 2118 3953 cmm

455 3967 680 4030 Verumtamen
714 3982 753 4025 ex
780 3961 952 4043 Scripturis
986 3961 1164 4043 aliqualiter
1218 3961 1435 4042 angelicorum
1461 3960 1631 4051 spirituum
1651 3961 1768 4025 chorus
1793 3971 1840 4027 est
1861 3964 1974 4047 altior,
1992 3962 2097 4017 ΜΝ·

400 4080 403 4085 ·
415 4073 519 4149 potest
532 4061 687 4147 perpendi
701 4080 798 4143 quam
812 4059 1039 4123 inaestimabilis
1053 4060 1095 4122 sit
1109 4080 1164 4123 an·
1218 4078 1256 4123 eo
1272 4060 1378 4142 plures
1401 4058 1538 4140 angelici
1561 4058 1693 4141 spiritus
1716 4062 1920 4127 continentur
1932 4065 1973 4128 in

414 4164 590 4247 gelicorum
625 4158 794 4223 multitudo
825 4151 1005 4240 spirituum.
1036 4157 1164 4221 Constat
1178 4163 1204 4225 l)
1219 4178 1256 4223 eo
1283 4182 1290 4221 ε
1317 4158 1427 4239 sicque
1451 4156 1541 4239 quasi
1572 4157 1837 4224 inestimabiliter
1859 4162 1974 4243 plures

415 4261 514 4341 enim,
529 4259 614 4342 quod
636 4256 773 4339 quilibet
794 4256 889 4318 homo
907 4256 942 4318 in
961 4256 1081 4318 mundo
1102 4255 1163 4319 hoc
1219 4266 1292 4319 sunt
1307 4255 1444 4339 angelici
1464 4256 1596 4338 spiritus
1616 4257 1656 4320 de
1676 4258 1788 4322 ordino
1803 4260 1974 4343 Seraphim

415 4360 537 4436 vivens,
554 4366 618 4419 tam
632 4353 741 4417 lidelis
755 4372 852 4435 quam
873 4351 1025 4431 infidelis,
1042 4352 1163 4435 specia—
1219 4356 1286 4437 (qui
1307 4363 1355 4419 est
1378 4356 1456 4418 ordo
1478 4357 1659 4437 supremus)
1681 4375 1775 4438 quam
1796 4359 1835 4421 de
1854 4358 1974 4425 infimo

340 4522 344 4529 ,
415 4458 480 4523 lem
499 4456 614 4519 habeat
634 4451 783 4535 angelum
806 4450 855 4513 sui
878 4451 1043 4515 custodem
1061 4475 1068 4514 :
1085 4451 1162 4531 imo,
1220 4455 1317 4517 choro
1339 4453 1496 4535 angelico.

415 4554 591 4621 secundum
613 4553 771 4629 doctores,
793 4548 887 4612 etiam
909 4548 1001 4632 pneri
1022 4550 1054 4611 iu
1074 4558 1163 4613 utero
1259 4550 1387 4615 Constat
1415 4550 1511 4633 igitur
1539 4569 1635 4632 quam
1664 4552 1895 4618 inaestimabilis
1926 4557 1974 4619 sit

415 4662 571 4731 materno,
600 4658 770 4731 antequam
798 4648 983 4730 gignuntur,
1013 4647 1163 4729 angelum
1219 4649 1388 4713 multitudo
1424 4668 1635 4732 supernorum
1671 4652 1839 4734 spirituum
1874 4678 1881 4717 :
1910 4658 1971 4737 qui

415 4753 544 4817 habent.
567 4751 627 4813 Sed
649 4757 681 4813 et
703 4746 914 4811 Antichristus
939 4746 1088 4827 angelum
1109 4746 1163 4810 bo·
1219 4757 1294 4813 sunt
1322 4748 1574 4832 splendidissimi
1598 4758 1693 4832 atque
1718 4750 1883 4816 fortissimi
1909 4756 1974 4818 mi-

414 4872 494 4916 num
527 4848 668 4927 habebit,
704 4846 760 4928 qui
795 4846 892 4908 etiam
927 4844 1035 4907 lilium
1071 4844 1162 4907 illum
1219 4848 1290 4912 lites
1315 4847 1543 4930 omnipotentis
1567 4848 1643 4926 Dei,
1664 4867 1798 4930 quorum
1823 4852 1980 4931 omnium·

414 4948 602 5036 perditionis
617 4946 657 5010 ab
672 4943 832 5026 aliquibus
848 4943 986 5006 retrahet
1001 4943 1104 5021 malis,
1116 4964 1165 5006 se·
1218 4953 1375 5025 naturam,
1398 4945 1543 5023 virtutes,
1566 4947 1776 5029 proprietates
1800 4949 1973 5015 beatitudi-

415 5051 555 5116 cundum
570 5045 733 5121 Thomam,
740 5050 772 5105 et
785 5041 995 5105 Alexandrum
1007 5042 1047 5106 de
1056 5042 1160 5120 Hales,
1218 5064 1338 5126 nesque
1354 5062 1546 5126 cognoscere
1567 5044 1837 5126 jucundissimum
1853 5049 1925 5114 erit.

413 5132 468 5233 qui
484 5148 546 5212 luit
560 5143 717 5207 maximus
738 5142 891 5223 temporis
906 5140 954 5203 sui
974 5140 1160 5222 theologus3
1258 5143 1481 5206 Verumtamen
1518 5152 1625 5224 posset
1658 5144 1775 5226 aliquis
1814 5148 1970 5232 objicere,

412 5257 543 5332 eratque
557 5246 666 5309 Frater
678 5241 795 5323 minor,
811 5237 1036 5321 devotissimus
1050 5241 1158 5305 horno.
1212 5241 1306 5324 quia,
1316 5241 1495 5315 secundum¹
1506 5240 1747 5322 Damascenum,
1758 5245 1882 5327 species
1896 5267 1973 5331 spe-
