4309 6250
508 517 627 568 conrna
648 517 816 566 rrarrnrau
836 515 1008 575 raucum,
1030 517 1120 566 amun
1141 519 1186 568 ιιι.
1209 535 1249 552 -
1270 520 1339 568 aar.
1363 520 1394 567 vr
1665 503 1725 568 373

173 690 299 771 cintho‚
311 689 504 775 hyacinthus
518 691 559 754 de
574 697 737 784 praecepto·
747 711 775 752 n.
787 688 870 773 Ergo
884 687 962 752 dod
980 689 1067 754 niam
1082 690 1135 754 ubi
1150 699 1332 774 operantur,
1340 691 1384 755 ibi
1401 700 1483 756 sunt.
1500 691 1643 776 Insuper,
1651 711 1728 776 quo·

171 792 275 854 verbo
303 798 411 854 creato
437 789 490 852 bic
522 788 673 871 loquitur.
702 789 763 852 Sed
791 787 924 851 verbum
979 787 1066 850 niam
1095 789 1234 852 tabulam
1260 789 1294 852 in
1318 808 1381 872 qua
1404 790 1558 870 scribunt,
1585 791 1728 855 nominat

172 898 320 954 creatum
348 908 413 953 non
444 887 508 951 luit
533 907 629 952 causa
661 905 765 969 neque
793 886 926 950 materia
980 904 1035 949 cor
1048 905 1171 966 eorum,
1186 887 1311 951 videtur
1325 889 1535 972 spiritualiter
1549 889 1727 972 intelligere

53 1002 124 1053 aaa.
137 1007 157 1046 ι.
173 989 271 1052 lucis.
287 989 355 1052 lmo
369 987 403 1050 in
417 986 531 1051 Genesi
546 987 682 1050 habetur
698 1010 705 1047 ε
719 986 802 1048 Dixit
815 987 898 1048 Deus
915 1010 922 1048 :
979 986 1065 1066 quod
1086 985 1200 1049 asserit
1221 987 1261 1049 de
1285 987 1440 1069 scriptura
1461 1011 1468 1049 :
1495 988 1588 1052 aliter
1610 987 1728 1051 lalsum

171 1088 245 1151 Fiat
257 1087 324 1150 lux.
336 1087 376 1149 Et
390 1085 474 1149 lacta
487 1093 536 1148 est
549 1085 614 1148 lux.
626 1084 778 1147 Praeterea
791 1084 924 1147 verbum
979 1091 1075 1165 essct,
1090 1103 1190 1166 quum
1210 1105 1269 1148 nco
1289 1085 1430 1168 linguam
1450 1106 1509 1150 nec
1525 1086 1658 1151 salivam
1673 1087 1728 1150 ha·

170 1185 286 1248 vocale
300 1183 365 1247 dici
379 1191 567 1266 potestesse
585 1183 626 1245 de
639 1181 852 1264 cogitatione,
868 1182 924 1244 sed
978 1182 1053 1246 bere
1082 1183 1204 1264 angelis
1233 1184 1441 1266 corporaliter
1468 1193 1637 1267 competat.
1669 1185 1728 1249 Ve-

169 1283 236 1348 tale
250 1284 386 1346 verbum
399 1300 465 1346 non
479 1281 541 1344 luit
559 1299 656 1344 causa
669 1299 772 1364 noque
792 1280 926 1343 materia
979 1288 1159 1344 rumtamen
1180 1281 1416 1364 dispensatione
1437 1283 1545 1347 divina
1566 1285 1605 1347 ad
1627 1285 1729 1348 homi-

169 1383 270 1463 lucis‚
288 1390 324 1445 ut
343 1381 464 1443 dictum
485 1388 545 1443 est.
979 1397 1056 1441 num
1082 1380 1304 1461 sarmationem,
1329 1381 1488 1444 interdum
1517 1382 1622 1465 angeli
1652 1383 1728 1446 boni

211 1480 378 1556 Quomodo
402 1487 509 1541 autem
533 1476 683 1559 cogitatio
710 1475 829 1538 dicitur
853 1495 924 1540 esse
979 1487 1034 1540 aut
1047 1478 1123 1540 mali
1139 1479 1279 1542 scribere
1293 1479 1378 1544 lacta
1391 1481 1557 1544 hominum
1573 1481 1729 1544 visisunt

169 1582 211 1644 de
226 1577 422 1662 hyacinthol
436 1577 633 1659 Hyacinthus
654 1576 740 1638 enim
758 1575 859 1658 accipi
875 1594 925 1638 so-
980 1576 1014 1638 in
1035 1577 1222 1660 corporibus
1244 1579 1284 1642 ab
1305 1579 1352 1642 eis
1374 1579 1558 1662 assumptis.

169 1679 216 1742 let
231 1697 293 1762 pro
306 1696 433 1760 gemma
446 1677 595 1759 quadam,
601 1675 678 1738 item
694 1693 752 1758 pro
766 1683 854 1738 vesle
870 1682 925 1736 aut
1018 1679 1079 1740 Ait
1093 1675 1218 1740 iudaeus
1231 1699 1238 1738 ε
1256 1681 1345 1748 Quid
1351 1689 1423 1756 post
1438 1680 1505 1740 boec
1519 1689 1672 1756 operatus
1683 1690 1730 1740 est

170 1777 277 1853 llore3
293 1774 445 1857 cogitatio
466 1793 542 1838 vero
562 1775 603 1836 de
623 1781 730 1836 mente
754 1771 924 1854 cogitantis
977 1776 1092 1837 Dens?
1105 1777 1284 1852 Respondit
1299 1797 1311 1836 .·
1328 1779 1485 1838 Tabulam
1505 1788 1536 1837 et
1554 1783 1727 1840 calamum.

169 1875 330 1959 procedit.
346 1872 487 1948 Qualiter
500 1873 578 1936 item
597 1871 789 1954 hyacinthus
803 1878 872 1934 erat
885 1891 923 1934 ex
939 1873 963 1936 B
978 1875 1039 1936 Ait
1054 1895 1065 1934 .·
1081 1877 1186 1943 Quam
1207 1877 1352 1937 tabulam
1373 1885 1404 1936 et
1425 1895 1519 1956 quem
1541 1877 1731 1938 calamam?

171 1971 486 2056 praeoptaremus
510 1971 630 2053 quippe
654 1978 760 2033 creata
784 1989 823 2032 ex
846 1989 925 2052 proc
978 1974 1185 2048 Respondit:
1202 1974 1356 2034 Tabulam
1376 1975 1413 2034 in
1428 1993 1494 2053 qua
1508 1976 1668 2050 scriptam
1683 1985 1730 2035 est

170 2080 270 2156 cepto
293 2078 369 2134 sunt
391 2069 557 2147 creatoris,
579 2069 706 2131 dicente
729 2068 894 2131 Psalmista
915 2093 922 2131 :
979 2071 1146 2150 quidquid
1153 2072 1235 2148 fait,
1246 2080 1293 2131 est
1308 2081 1339 2132 et
1353 2073 1418 2132 erit
1435 2075 1469 2132 in
1480 2076 1557 2133 ooeto
1571 2082 1601 2132 et
1617 2075 1654 2134 in
1670 2083 1731 2135 ter·

64 2200 81 2229 ι.
135 2201 158 2240 u,
170 2173 244 2253 lpse
270 2168 444 2249 mandavit,
469 2176 502 2231 et
524 2175 630 2231 creata
654 2176 738 2230 sunt.
764 2167 925 2230 Sumenda
980 2189 1043 2238 ναι
1070 2172 1233 2230 calamam
1262 2189 1338 2230 cero
1366 2173 1406 2232 de
1435 2175 1505 2232 luce
1532 2173 1727 2233 clarissimo.

47 2281 53 2290 ·
171 2276 372 2352 praeceptum
387 2285 445 2350 pro
463 2273 536 2329 actu
550 2265 605 2328 hei
626 2264 851 2347 praecipientis,
868 2284 926 2328 our
978 2269 1039 2330 Ait
1054 2288 1065 2328 :
1080 2271 1159 2338 Quae
1174 2269 1344 2346 torpitudo
1363 2271 1484 2329 calami
1493 2270 1508 2328 t
1521 2272 1702 2346 Respondit
1718 2291 1730 2330 .·

171 2369 259 2432 istud
276 2369 317 2430 de
331 2365 502 2449 hyacintho
513 2363 694 2446 specialiter
707 2363 834 2443 dicitur,
841 2364 924 2446 quod
980 2368 1118 2429 Itineris
1139 2368 1392 2446 quinpentorum
1415 2386 1603 2437 annornm
1620 2369 1731 2430 latitu-

171 2467 327 2532 omnibus
347 2473 397 2528 est
416 2467 609 2528 communet
979 2467 1021 2525 do
1035 2485 1110 2524 uero
1129 2465 1274 2534 itineris,
1290 2465 1452 2542 ootopinta
1473 2483 1649 2526 annorum.
1667 2467 1733 2534 Qui

214 2565 322 2629 Verba
349 2564 417 2626 haic
447 2562 653 2644 praeinductis,
682 2579 747 2624 non
775 2561 926 2625 videntur
979 2567 1125 2623 calamam
1143 2565 1306 2640 octoginta
1330 2565 1441 2623 dentes
1464 2564 1570 2632 habet,
1586 2563 1646 2642 qui
1666 2583 1732 2624 non

171 2664 254 2727 mibi
270 2662 335 2725 nisi
349 2662 447 2724 verba
460 2659 623 2742 arrepticii
638 2668 671 2723 et
686 2660 809 2723 obsessi
826 2684 833 2722 ε
850 2661 925 2742 quia
979 2663 1147 2721 cessabant
1162 2661 1302 2721 scribere
1321 2662 1486 2740 quidquid
1499 2665 1538 2738 fit
1558 2662 1595 2721 in
1609 2663 1732 2722 mundo

172 2783 236 2826 nec
265 2761 423 2839 ordinem,
439 2777 500 2822 noc
524 2757 702 2839 renatam,
724 2777 784 2821 neo
808 2758 926 2822 intelli·
980 2781 1082 2840 nsque
1097 2763 1133 2822 in
1148 2763 1235 2844 diem
1243 2762 1381 2838 judicii.
1393 2763 1453 2823 Ait
1464 2763 1529 2822 :lit
1546 2763 1660 2822 tabula
1674 2781 1732 2823 nn-

170 2858 317 2940 gentiam
339 2856 524 2920 sortiuntur.
979 2861 1046 2919 de?
1065 2859 1244 2934 Respondit
1268 2878 1279 2917 .·
1302 2861 1351 2922 De
1379 2862 1563 2936 smarapdo.
1594 2861 1731 2922 Verbum

214 2956 368 3037 Sequitur
385 2978 392 3016 ε
408 2957 482 3025 Dte,
496 2965 574 3035 quot
588 2956 700 3033 angeli
708 2963 858 3031 presunt
872 2955 925 3014 lto-
979 2958 1113 3035 ejusde
1137 2958 1343 3034 margaritis,
1358 2959 1490 3017 dorntm
1510 2959 1582 3034 ejus
1603 2959 1731 3034 depie-

172 3055 347 3116 minibus?
360 3055 539 3131 Respondit
558 3074 571 3114 .·
589 3055 747 3132 Sinpnlos
767 3055 839 3112 bini
859 3054 924 3113 cir·
943 3051 966 3115 G
982 3064 1056 3116 tote.

169 3163 340 3216 eumstant
358 3155 481 3231 anpeti,
496 3156 583 3213 alter
603 3173 624 3213 a
643 3154 786 3222 dextris,
799 3157 886 3213 alter
905 3174 925 3212 a
1020 3152 1102 3215 Ecce
1130 3152 1237 3216 omnia
1265 3152 1336 3229 ista,
1363 3153 1538 3215 secundum
1567 3153 1651 3233 quod
1681 3171 1730 3217 so-

170 3254 326 3312 sinistris
330 3260 383 3320 ,·et
393 3254 511 3311 deoter
521 3252 686 3327 benefacta
696 3252 839 3311 hominis
849 3253 926 3310 scri·
981 3259 1068 3327 nant,
1083 3260 1156 3313 sunt
1169 3269 1263 3329 vana,
1276 3249 1367 3330 falsa,
1381 3250 1476 3313 stulta
1490 3260 1522 3313 et
1536 3250 1664 3315 frivola.
1681 3253 1728 3314 Ad

172 3352 236 3421 bit,
261 3351 398 3409 sinister
420 3352 603 3426 malefacta.
628 3348 715 3411 lstud
740 3348 780 3409 ad
804 3348 925 3412 bonum
980 3348 1057 3431 quid
1071 3350 1156 3411 enim
1181 3348 1361 3411 necessaria
1381 3357 1436 3411 aut
1457 3349 1543 3411 utilis
1563 3356 1648 3413 esset
1668 3349 1728 3413 ista

174 3447 379 3511 intellectum
407 3446 613 3509 concedimus
640 3471 647 3508 :
674 3464 738 3509 non
766 3446 850 3527 quod
879 3447 927 3508 in·
980 3448 1187 3529 conscriptio,
1214 3466 1313 3528 quum
1346 3446 1443 3527 (sicut
1474 3456 1635 3511 ostensum
1668 3450 1728 3528 est)
1742 3480 1782 3523 „g
1798 3491 1820 3520 ,,

173 3546 377 3611 cessabiliter
402 3554 497 3627 atque
521 3545 674 3609 continuo
702 3543 846 3607 localiter
872 3545 926 3607 ad·
980 3546 1064 3608 heus
1079 3547 1110 3607 iu
1126 3545 1177 3607 die
1192 3544 1304 3627 judicii
1320 3544 1529 3627 omnipotenti
1544 3545 1727 3609 suavirtute

173 3646 253 3725 sint,
271 3653 327 3706 aut
350 3662 517 3725 sempera
539 3644 637 3706 latere
661 3661 738 3721 uno,
757 3662 816 3705 nec
840 3645 925 3724 quod
981 3644 1148 3708 celerrime
1170 3652 1263 3726 alque
1285 3643 1437 3707 facillime
1463 3644 1604 3707 facturus
1626 3644 1669 3706 sit
1693 3652 1729 3707 ut

172 3741 384 3825 corporaliter
404 3741 569 3805 hominum
595 3740 678 3805 lacta
702 3741 854 3818 scribant,
870 3742 925 3803 sed
980 3743 1155 3824 unicuique
1169 3750 1233 3805 tam
1249 3762 1304 3805 sua
1318 3761 1413 3823 quam
1428 3742 1559 3806 aliorum
1573 3762 1670 3825 opera
1685 3743 1728 3805 in-

174 3842 389 3927 spiritualitar
401 3860 438 3903 ac
453 3840 679 3923 metaphorice,
695 3839 846 3921 quoniam
862 3859 926 3903 suae
981 3844 1167 3905 notescantt
1183 3840 1324 3923 lienique
1339 3841 1452 3904 merita
1465 3848 1559 3923 atque
1573 3841 1727 3904 demerita

174 3941 343 4007 memorias
367 3938 557 4021 imprimunt
582 3958 631 4017 ea,
653 3946 709 4001 aut
733 3943 843 4001 tenent
868 3939 926 4001 im·
981 3940 1155 4023 presertim
1185 3940 1217 4001 in
1247 3940 1450 4003 interioribus
1481 3940 1616 4020 actibus,
1642 3940 1727 4002 scili-

174 4060 301 4125 pressa.
982 4048 1033 4104 cet
1046 4038 1293 4121 cogitationibus
1308 4047 1339 4101 et
1354 4037 1579 4102 allectionibus
1597 4040 1725 4118 mentis,

217 4141 341 4205 Deinde
355 4136 627 4222 quaeritludtnus:
643 4141 705 4203 Ubi
718 4142 862 4201 assident
877 4143 927 4202 ho
982 4140 1172 4202 consistunt.
1202 4138 1367 4220 Oporteret
1395 4156 1471 4219 ergo
1504 4138 1727 4202 universorum

175 4242 363 4302 minitant
383 4241 528 4318 qualiter
549 4242 598 4298 oet
613 4240 649 4298 in
670 4259 733 4318 qno
752 4237 1148 4302 scribentibbominum
1180 4245 1311 4299 cunctas
1345 4235 1551 4317 cogitationes
1584 4235 1730 4301 allectio

174 4339 359 4416 Respondit
379 4358 391 4397 .·
412 4340 522 4413 Super
541 4338 691 4397 humeros
719 4339 860 4397 hominis
883 4359 928 4397 se-
983 4355 1103 4418 nesque
1127 4335 1253 4398 scribi:
1277 4336 1361 4417 quod
1387 4334 1524 4415 qualiter
1548 4354 1612 4397 uno
1637 4334 1730 4398 lieret

174 4443 278 4507 dent,·
288 4441 445 4506 calamus,
456 4436 573 4511 linqua
586 4455 717 4505 eoram,·
725 4446 927 4508 encaustum,
983 4436 1117 4513 calamo,
1134 4435 1227 4497 etiam
1243 4434 1268 4495 si
1284 4433 1445 4514 octoginta
1464 4432 1565 4495 millia
1584 4434 1728 4496 dentium

176 4539 305 4615 linquae
319 4536 443 4603 salivas
453 4536 565 4594 tabula
579 4536 724 4605 notaria,
734 4556 790 4595 cor
804 4556 927 4596 eornm.
983 4535 1176 4598 contineretl
1188 4532 1316 4609 lterum,
1330 4532 1355 4593 si
1373 4533 1404 4593 in
1421 4531 1528 4593 tabula
1543 4554 1559 4591 a
1576 4532 1730 4615 seriptum

176 4636 248 4697 lam
262 4632 345 4695 dixit
355 4632 439 4714 quod
453 4650 535 4694 unus
549 4630 682 4713 angelus
692 4633 795 4695 adstet
809 4634 929 4697 bomini
983 4642 1031 4696 est
1054 4632 1207 4714 quidquid
1233 4629 1306 4707 luit,
1322 4639 1371 4692 est
1394 4638 1425 4692 et
1448 4630 1509 4692 erit
1524 4653 1553 4710 n,
1575 4632 1652 4713 quid
1676 4651 1731 4694 ne

178 4751 199 4794 a
213 4730 346 4805 dextris,
362 4729 446 4791 alius
465 4748 484 4790 a
502 4727 650 4791 sinistris.
668 4729 730 4792 Gur
747 4740 823 4811 o'rgo
843 4750 928 4793 nunc
984 4752 1072 4795 cesse
1098 4740 1147 4793 est
1171 4729 1203 4791 in
1229 4747 1277 4807 ea,
1294 4748 1364 4809 que
1388 4727 1483 4807 liunt,
1500 4728 1733 4793 incessabiliter

176 4829 261 4891 dicit
284 4828 369 4909 quod
392 4826 487 4890 ambo
510 4828 640 4890 sedeant
664 4847 761 4910 super
781 4829 930 4893 humeros
984 4830 1081 4893 scribi
1107 4848 1207 4909 usque
1237 4827 1271 4889 in
1299 4826 1384 4889 diem
1407 4826 1544 4908 judiciit
1569 4828 1731 4902 Quomodo

178 4927 346 4992 hominist
360 4924 424 4989 Nec
443 4933 491 4989 est
509 4927 686 5008 putandum
705 4928 790 5007 quod
807 4928 857 4989 vel
879 4947 931 4990 su·
984 4929 1080 4992 etiam
1095 4927 1173 4990 dicit
1188 4926 1344 4989 calamum
1361 4934 1391 4988 et
1408 4924 1546 4988 tabulam
1563 4926 1646 4988 lacta
1661 4944 1731 4989 esse

178 5046 241 5108 per
253 5027 406 5088 humeros
426 5023 476 5109 pel
495 5024 529 5087 in
543 5044 745 5107 quacumque
765 5034 854 5106 parte
867 5027 930 5089 alia
985 5034 1087 5109 apost
1101 5027 1167 5088 haec
1180 5043 1314 5106 nquam
1330 5024 1362 5087 in
1378 5024 1531 5087 Chronica
1547 5024 1733 5089 Sarraceno-

180 5124 330 5207 corporis
358 5122 602 5186 determinatum
637 5123 775 5186 habeant
803 5123 929 5203 locum;
985 5145 1055 5188 rum
1070 5126 1110 5188 de
1131 5123 1291 5187 creatione
1313 5122 1423 5183 mundi
1443 5121 1577 5201 dicatur,
1593 5123 1627 5184 ln
1647 5142 1734 5185 crea-

179 5243 245 5287 ncc
269 5221 401 5285 suntin
425 5222 496 5285 loco
520 5222 807 5304 circumscriptivo,
833 5244 931 5305 quum
987 5224 1082 5287 tionis
1101 5242 1165 5286 suae
1191 5220 1365 5304 primordio
1383 5220 1466 5281 Deus
1488 5239 1584 5281 manu
1606 5220 1733 5302 propria

181 5341 250 5387 non
275 5320 342 5384 sint
365 5320 556 5403 corporales,
573 5321 628 5383 sed
649 5320 816 5385 definitive
833 5346 840 5385 :
856 5342 934 5405 quo
988 5323 1131 5387 condidit
1144 5328 1289 5405 quatuor,
1305 5318 1409 5401 primo
1424 5317 1594 5397 calamum,
1611 5337 1668 5400 per
1681 5338 1737 5381 cu-
