4309 6250
219 526 260 574 or
281 525 488 573 aumanrrarr
509 525 602 574 suni
624 524 790 574 romiricis
812 525 848 571 ar
869 523 1037 572 acuamus
1059 521 1198 580 macne,
1221 522 1309 570 cinna
1330 523 1375 569 ur.
1397 541 1439 551 -
1458 522 1528 568 aar.
1550 519 1615 566 xxx
1648 499 1708 565 667

151 696 202 758 sie
232 696 277 759 ait
299 719 305 757 :
329 697 399 778 lpsa
424 696 561 760 concilia
584 717 655 779 quae
679 716 737 780 per
761 696 904 778 singulas
920 695 946 757 A
961 704 992 758 et
1005 695 1085 759 alios
1101 695 1318 778 praeallegatos
1334 695 1393 757 ista
1409 700 1492 756 stent
1507 691 1613 769 simul,
1624 689 1710 772 quod

151 795 302 876 regiones
317 795 367 860 vel
381 795 563 877 provincias
579 795 672 875 liunt,
690 795 905 878 plenariorum
960 795 1041 876 Papa
1067 804 1180 875 praest
1205 794 1262 857 toti
1287 801 1319 856 et
1344 790 1517 854 universali
1545 788 1708 865 Ecclesia,

152 894 368 958 conciliorum
387 894 565 957 auctoritati
586 914 656 976 quae
675 895 760 957 liunt
778 914 815 958 ex
836 893 906 956 uni·
960 902 1055 973 atque
1077 912 1134 974 per
1155 892 1242 974 prius
1257 899 1460 972 comparatur
1474 889 1514 952 ad
1528 907 1599 951 eam
1614 905 1710 968 quam

153 1013 251 1056 verso
265 994 341 1056 orbe
356 993 615 1071 christiano,sine
630 993 705 1056 ullis
720 993 907 1075 ambagibus
961 992 999 1053 ad
1019 1009 1253 1072 quamcumque
1271 989 1446 1052 Ecclesiam
1471 986 1708 1072 particularem,

154 1093 421 1173 cedumlpsaque
436 1092 575 1174 plenaria
590 1092 908 1174 coneiliapriorasaa
962 1097 1124 1152 ettamen
1148 1089 1322 1153 concilium
1347 1085 1496 1168 generale
1520 1085 1624 1166 quoad
1653 1082 1709 1145 ali-

155 1208 197 1270 pe
213 1190 444 1270 posterioribus
459 1191 677 1268 emendantur,
687 1209 785 1270 quum
801 1190 907 1270 aliquo
962 1208 1025 1271 qua
1044 1188 1270 1271 superponitur
1284 1187 1313 1249 ei
1331 1211 1338 1248 :
1353 1187 1437 1248 sicut
1450 1193 1482 1248 et
1496 1203 1550 1246 rex
1565 1183 1711 1266 praesidet

155 1309 265 1351 rerum
281 1289 497 1370 experimento
508 1290 650 1371 aperitur
663 1289 747 1371 quod
763 1289 906 1350 clausum
964 1288 1019 1350 toti
1040 1306 1150 1368 regno,
1166 1294 1198 1348 et
1218 1294 1324 1348 tamen
1346 1292 1411 1347 tota
1430 1283 1644 1346 communitas
1665 1299 1713 1343 re-

155 1395 237 1464 erat,
254 1395 285 1450 et
307 1387 507 1468 cognoscitur
526 1389 610 1469 quod
631 1386 767 1464 latebat;
784 1393 815 1448 et
841 1405 908 1447 rur·
962 1387 1017 1467 gni
1038 1394 1143 1468 potest
1161 1405 1235 1448 eum
1254 1386 1430 1448 secundum
1452 1384 1580 1446 modum
1600 1389 1712 1464 praeta-

155 1506 212 1547 sus
228 1484 365 1548 concilia
380 1485 555 1567 posteriora
575 1484 734 1567 prioribus
754 1484 837 1565 apud
855 1500 908 1563 po·
963 1492 1049 1548 etum
1072 1483 1242 1566 corrigere.
1293 1548 1297 1556 ,

155 1592 260 1646 steros
275 1591 550 1665 preponuntur,et
566 1583 751 1646 universum
764 1581 907 1664 partibus
1003 1583 1160 1664 Amplius,
1177 1583 1259 1646 libro
1283 1583 1323 1645 de
1345 1580 1580 1645 liciormatione
1604 1579 1713 1642 Eccle-

156 1701 286 1764 semper
309 1681 430 1764 optimo
454 1682 525 1763 jure
555 1682 759 1764 praeponitur.
776 1681 909 1762 lnsuper
964 1682 1018 1744 siae
1033 1681 1145 1744 scribit
1158 1681 1267 1743 Petrus
1287 1683 1327 1744 de
1346 1680 1467 1743 Alliace
1485 1703 1492 1742 :
1508 1679 1552 1742 lle
1574 1678 1623 1740 liis
1644 1697 1714 1760 quae

154 1787 272 1859 quarto
297 1779 378 1842 libro
402 1787 535 1842 testatur
562 1803 568 1842 :
596 1779 738 1842 Ecclesia
763 1777 908 1860 paradiso
964 1779 1114 1842 videntur
1141 1780 1341 1842 reformanda
1365 1779 1450 1842 circa
1472 1786 1572 1841 toturn
1598 1795 1713 1858 corpus

156 1887 353 1960 comparata,
383 1877 502 1940 indicat
529 1886 616 1940 extra
646 1897 716 1940 eam
745 1876 906 1938 neminem
927 1877 1126 1956 BEcclesiae,
1152 1879 1256 1960 primo
1284 1878 1421 1942 occurrit
1444 1897 1515 1940 esse
1542 1876 1713 1959 expediens

156 1977 325 2058 percipere
341 1977 485 2039 salutem.
501 1976 573 2039 llec
588 1985 637 2038 est
656 1996 718 2038 una
737 1975 807 2057 qu'aa
823 1982 909 2036 tenet
964 1987 994 2041 et
1011 1977 1240 2056 necessarium,
1256 1985 1292 2038 ut
1311 1978 1428 2059 saepius
1448 1995 1543 2059 quam
1560 1975 1713 2037 hactenus

156 2082 190 2136 et
214 2073 355 2154 possidet
378 2093 506 2138 omnem
527 2075 574 2136 sui
597 2074 710 2156 Sponsi
730 2093 766 2135 ac
782 2072 907 2134 Domini
964 2077 1084 2140 lactum
1101 2076 1328 2157 est,generalia
1342 2075 1479 2138 concilia
1494 2074 1710 2151 celebrentur3

157 2181 428 2254 potestatem:per
442 2191 537 2253 quam
553 2173 754 2255 conjugalem
774 2179 908 2253 potesta·
963 2175 1038 2237 item
1065 2182 1100 2236 ut
1121 2175 1236 2256 sapius
1258 2173 1460 2236 celebrentur
1482 2171 1621 2235 concilia
1642 2190 1713 2252 pro-

158 2279 224 2332 tem
240 2271 336 2333 etiam
351 2271 390 2332 de
406 2271 532 2332 ancillis
556 2270 642 2333 lilios
658 2289 769 2352 parere
792 2277 906 2352 potest.
965 2272 1116 2336 vincialia
1138 2297 1145 2334 :
1167 2273 1318 2353 quoniam
1348 2272 1449 2336 sancti
1477 2273 1584 2334 Patres
1609 2270 1713 2352 primo

157 2370 199 2430 At
214 2388 290 2432 vero
303 2368 415 2451 quinto
431 2367 510 2431 libro
526 2369 749 2432 asseritzlloni
767 2367 908 2448 regulam
966 2372 1171 2434 instituerunt
1193 2391 1231 2434 ea
1255 2371 1305 2433 bis
1331 2372 1363 2432 in
1388 2388 1472 2434 anno
1501 2377 1631 2452 propter
1653 2367 1713 2430 uti-
1741 2389 1824 2432 mea.

158 2467 237 2530 lidei
259 2466 430 2548 diligenter
450 2467 633 2547 inquisitam
656 2466 841 2529 firmissime
866 2473 909 2528 te·
965 2471 1086 2533 litatem
1116 2470 1266 2532 Ecclesia
1295 2469 1460 2532 celebrari.
1487 2469 1596 2532 Postea
1625 2485 1712 2546 vero,
1727 2453 1859 2565 {fgffssfm’

157 2574 249 2644 nent,
272 2573 303 2626 et
327 2565 350 2626 si
377 2565 452 2645 quid
477 2564 517 2627 ab
543 2584 580 2627 ea
603 2564 742 2642 deviant,
769 2564 831 2627 cite
855 2583 910 2626 au·
966 2579 1096 2653 propter
1119 2568 1331 2650 fatigationes,
1358 2576 1390 2630 et
1413 2576 1448 2630 ut
1474 2567 1593 2648 optime
1618 2566 1714 2628 babe-

157 2661 307 2726 ctoritate
327 2663 481 2726 catholica
501 2662 713 2743 corriguntur.
731 2663 794 2724 lloc
814 2661 908 2726 etiam
967 2677 1076 2732 rentur
1104 2667 1136 2728 bi
1166 2666 1221 2748 qui
1251 2666 1463 2747 congregandi
1489 2674 1574 2744 sunt,
1598 2672 1713 2727 statuto

158 2762 244 2825 libro
273 2761 382 2824 recitat
411 2761 617 2843 Augustinus,
642 2761 908 2842 quemadmodum
966 2766 1109 2850 synodali
1125 2765 1333 2842 definierunt,
1344 2765 1432 2827 omni
1448 2764 1651 2827 excusatione
1667 2783 1715 2825 re-

158 2861 190 2922 S.
209 2860 384 2942 Cyprianus
400 2877 462 2923 non
478 2859 638 2941 acquievit
653 2860 794 2922 Romano
809 2859 911 2921 Ponti·
966 2873 1061 2942 mota,
1080 2863 1177 2926 semel
1204 2862 1237 2924 in
1262 2881 1346 2925 anne
1370 2862 1441 2925 lieri
1465 2881 1512 2938 ea,
1530 2863 1715 2943 depravata-

158 2959 214 3022 srci
245 2958 304 3020 sibi
335 2957 484 3021 scribenti
515 2977 551 3019 ac
580 2957 779 3038 praecipienti
806 2977 845 3019 ne
870 2956 910 3018 ab
966 2983 1027 3044 que
1043 2961 1266 3042 corrigi.Unde
1281 2961 1421 3041 episcopi
1433 2961 1488 3043 qui
1505 2960 1542 3022 ad
1559 2960 1714 3042 synodum

159 3056 321 3120 haereticis
345 3055 518 3139 baptizatos
544 3055 752 3137 rebaptizaret
778 3079 784 3116 :
811 3063 842 3118 et
867 3063 910 3116 ta·
930 3055 1075 3124 Cvenire
1098 3067 1317 3136 contemnunt,
1335 3067 1366 3121 et
1390 3059 1550 3141 principes
1574 3057 1629 3139 qui
1653 3058 1714 3120 hoc

160 3176 247 3231 men,
276 3156 451 3217 seeundum
480 3154 705 3236 augustinum,
735 3154 910 3236 Cyprianus
966 3159 1137 3243 prohibent
1165 3157 1233 3221 sive
1263 3156 1452 3238 impediunt,
1478 3156 1528 3219 vel
1557 3164 1716 3239 metropo

158 3252 419 3317 determinationi
452 3252 585 3334 plenarii
616 3252 745 3316 concilii
776 3252 911 3315 libenter
967 3258 1056 3321 lirani
1087 3258 1141 3339 qui
1170 3257 1292 3338 absque
1320 3256 1501 3319 rationabili
1530 3275 1625 3318 causa
1655 3256 1716 3318 boo

159 3351 385 3434 acquievisset,
404 3350 429 3413 si
447 3350 523 3414 illud
541 3370 598 3414 suo
614 3360 756 3432 tempore
772 3351 822 3413 vel
838 3359 910 3413 ante
966 3376 1059 3437 agere
1082 3355 1260 3436 negligunt,
1277 3352 1439 3417 canonicis
1461 3353 1630 3433 subjacent
1652 3372 1717 3436 pee-

158 3451 416 3527 determinasset,
446 3450 568 3513 seilicet
598 3450 703 3513 taliter
737 3450 910 3532 baptizatos
966 3455 1028 3533 nis,
1046 3463 1081 3516 ut
1100 3454 1166 3516 bec
1186 3453 1219 3515 in
1244 3454 1353 3515 multis
1372 3450 1548 3516 canonibus
1564 3451 1717 3515 concilio·

159 3570 225 3613 non
251 3567 322 3611 esse
352 3550 602 3631 rebaptizandos.
625 3549 691 3623 Ouo
718 3557 801 3630 patet
825 3548 908 3630 qnod
966 3572 1035 3615 rum
1067 3552 1252 3633 probantur.
1279 3551 1317 3613 Et
1344 3551 1376 3613 in
1403 3551 1554 3615 Toletano
1579 3550 1717 3613 concilio

159 3648 338 3711 secundum
353 3636 542 3730 Cypriacam
559 3656 590 3709 et
604 3647 828 3729 Augustinum,
846 3666 910 3709 ma·
967 3650 1108 3731 legitur:
1130 3649 1213 3711 Nihil
1241 3669 1322 3730 pene
1348 3667 1451 3711 mores
1476 3648 1653 3731 discipline
1676 3648 1716 3711 ab

158 3748 212 3830 jor
240 3746 281 3808 sit
309 3746 465 3827 generalis
494 3745 619 3807 concilii
654 3764 748 3827 quam
777 3744 909 3807 Romani
967 3748 1109 3811 Ecclesia
1134 3746 1249 3809 Christi
1273 3747 1374 3828 magis
1397 3747 1527 3829 expellit
1548 3766 1643 3828 quam
1663 3768 1718 3809 ne

158 3843 327 3907 Pontiiieis
342 3844 513 3906 auctoritas
529 3842 562 3905 in
577 3842 844 3905 determinatione
859 3862 911 3905 ec·
966 3846 1121 3928 gligcntia
1140 3844 1362 3926 episcoporum
1383 3854 1414 3907 et
1434 3846 1646 3924 sacerdotum,
1661 3844 1716 3926 qui

160 3963 232 4005 rum
258 3960 329 4023 que
357 3940 433 4004 lidei
459 3951 532 4004 sunt
555 3952 586 4004 et
611 3941 733 4004 salutis.
760 3941 911 4003 Praeterea
968 3944 1158 4025 contemptis
1178 3940 1368 4019 canonibus,
1384 3942 1422 4004 ad
1444 3943 1648 4023 corrigendos
1666 3963 1718 4005 ec·

160 4049 249 4103 sexto
265 4039 347 4101 libro
362 4048 471 4102 contra
485 4040 653 4120 quemdam
667 4058 833 4101 erroneum
849 4040 911 4120 epi·
969 4042 1165 4105 clesiasticos
1189 4059 1294 4103 mores
1324 4040 1460 4121 synodos
1488 4039 1594 4103 lacere
1618 4041 1718 4121 negli-

160 4158 295 4220 scopum
311 4136 463 4200 ait:Non
485 4138 545 4201 boc
564 4146 675 4200 censet
689 4137 842 4215 Ecclesia,
858 4138 910 4201 cui
968 4149 1058 4222 gunt.
1088 4140 1125 4201 Et
1155 4147 1240 4202 certe
1275 4138 1370 4202 bodie
1403 4139 1496 4200 docet
1522 4138 1718 4219 experientia

161 4238 245 4299 Deus
259 4236 325 4317 jam
346 4236 489 4318 plenario
509 4236 647 4299 concilio
667 4236 830 4298 revelavit.
849 4236 908 4298 Sed
928 4235 1045 4319 liquot
1067 4247 1098 4301 et
1118 4246 1237 4318 quanta
1258 4237 1341 4299 mala
1360 4257 1398 4299 ex
1417 4236 1601 4317 hujusmodi
1616 4237 1719 4318 negli-

161 4344 195 4397 et
213 4333 349 4416 septimo
369 4334 450 4396 libro
467 4358 474 4396 :
490 4333 535 4411 ld,
552 4334 665 4415 inquit,
683 4333 803 4396 iidueia
823 4353 912 4396 secu·
968 4337 1074 4417 gentia
1097 4335 1300 4417 proveniunt.
1317 4336 1390 4397 ldeo
1413 4334 1644 4417 providendum
1671 4345 1719 4398 est

162 4454 204 4495 rae
220 4432 310 4495 vocis
325 4433 507 4511 asserimus,
524 4433 608 4513 quod
628 4432 662 4493 in
681 4431 911 4513 gubernatione
968 4442 1001 4496 ut
1023 4433 1204 4513 hujusmodi
1226 4433 1362 4496 concilia
1386 4434 1500 4515 sapius
1527 4432 1617 4510 liant,
1634 4443 1666 4496 et
1691 4434 1718 4496 si

161 4530 288 4594 Domini
314 4530 388 4593 lesu
411 4529 526 4593 Christi
547 4531 735 4593 universalis
762 4530 911 4594 Ecclesiae
968 4552 1032 4594 non
1056 4532 1155 4594 semel
1181 4532 1213 4593 in
1238 4551 1335 4609 anno,
1350 4532 1439 4613 juxta
1463 4533 1600 4614 rigorem
1625 4552 1719 4597 cano-

161 4628 375 4693 eonsensione
398 4628 579 4692 roboratum
603 4638 661 4692 est.
969 4650 1057 4710 num,
1074 4630 1186 4693 saltem
1206 4631 1245 4693 dc
1265 4630 1405 4695 triennio
1424 4632 1457 4693 in
1479 4631 1662 4709 triennium,
1679 4633 1718 4694 ad

203 4728 282 4790 llinc
305 4728 413 4789 Petrus
436 4728 474 4790 de
495 4727 615 4790 Alliaco
639 4727 719 4790 libro
740 4729 779 4791 de
803 4729 911 4791 Ecele·
968 4729 1151 4791 evitandum
1170 4729 1354 4792 vexationes
1375 4728 1507 4810 itineris,
1524 4730 1667 4793 labomm
1687 4740 1720 4794 et

162 4827 293 4889 siastica
308 4834 462 4908 potestate
477 4825 620 4888 affirmat
637 4848 644 4886 ι
661 4827 838 4889 Auctoritas
859 4848 912 4909 ge·
968 4847 1193 4910 expensarum.

162 4925 282 4987 neralis
308 4923 435 4988 concilii
461 4924 575 4987 merito
598 4924 777 4987 extollenda
806 4934 864 5003 est,
882 4934 912 4987 et
1008 4927 1040 4987 Si
1066 4935 1171 4988 autem
1201 4926 1337 5004 dicatur,
1361 4928 1443 5009 quod
1467 4927 1563 4990 hodie
1589 4946 1651 4990 non
1677 4930 1719 4992 sit

161 5024 243 5087 adeo
268 5022 516 5104 magnificanda,
533 5024 616 5105 quod
644 5024 783 5086 Romana
804 5023 911 5087 Eccle-
967 5046 1048 5107 opus
1077 5035 1111 5089 ut
1138 5026 1214 5088 olim
1244 5026 1408 5112 generalia
1430 5034 1485 5087 aut
1508 5027 1718 5106 provincialia

161 5123 210 5185 sia
230 5120 430 5204 particularis
449 5120 519 5200 ejus
538 5121 659 5202 judicio
680 5123 788 5184 subest
808 5122 839 5183 in
861 5142 913 5186 ea·
968 5124 1107 5186 concilia
1135 5123 1251 5204 sapius
1279 5122 1451 5199 celebrare,
1477 5123 1552 5204 quia
1577 5123 1718 5188 Romana

162 5222 228 5303 pite
243 5220 322 5283 etin
340 5218 502 5281 membris.
519 5218 616 5281 -Ex
636 5220 817 5301 praehabitis
836 5240 911 5284 con·
968 5223 1057 5285 ouria
1085 5231 1189 5304 potest
1213 5221 1339 5283 casibus
1364 5222 1601 5301 emergentibus
1625 5222 1718 5285 sulii-

161 5327 224 5383 stat
248 5318 406 5399 quomodo
431 5316 605 5380 secundum
628 5318 724 5381 istum
745 5320 908 5383 doctorem
969 5322 1091 5385 cienter
1105 5320 1293 5402 providere;
1310 5320 1520 5400 respondetur
1539 5322 1623 5403 quod
1639 5340 1715 5401 non,
