4309 6250
505 526 624 575 cerrus
644 528 813 576 rmrrnrau
833 527 1006 591 nucum,
1027 529 1116 576 ursae
1137 529 1168 577 u.
1190 547 1231 562 -—
1251 531 1320 578 aar.
1343 529 1387 580 xxr
1654 513 1714 580 293

176 700 282 765 cidnnt
309 717 426 782 pueros
455 717 530 762 suos
560 717 658 779 anno,
686 718 726 764 eo
752 701 837 782 quod
869 707 916 764 tet
931 698 956 763 Α
972 699 1075 784 legem
1090 701 1258 784 confinxit,
1274 702 1383 786 sicque
1402 711 1467 768 tam
1486 702 1599 768 Christi
1620 721 1716 786 quam

68 809 110 852 σει·
118 819 163 855 m.
176 817 328 863 annornm
340 797 448 862 luerat
460 797 573 862 ismael
591 799 720 881 quando
739 799 842 862 lueret
855 800 917 862 cir·
969 799 1085 882 lloysis
1110 799 1211 884 legem
1236 803 1376 866 laudavit
1403 802 1639 886 scripturasque
1662 821 1718 886 ap-

56 875 82 917 ”'
176 897 345 961 cumcisus.
373 896 458 979 Ergo
491 905 523 960 et
554 897 616 980 ipsi
645 897 809 961 Sarracem
843 906 917 961 sunt
971 899 1127 980 probavit,
1143 899 1226 982 quod
1248 901 1411 983 utriusque
1430 899 1553 982 legibus
1573 918 1610 964 ac
1640 900 1719 962 scri-

176 995 256 1060 bmti
270 995 340 1059 sive
354 993 505 1058 hmtales.
972 996 1073 1078 pturis
1095 997 1195 1061 multa
1222 998 1381 1062 contrarie
1407 998 1505 1080 jussit
1530 1016 1567 1062 ac
1595 999 1715 1062 docuit.

212 1095 322 1158 Adbuc
353 1095 467 1158 eodem
499 1093 640 1176 capitulo
672 1095 763 1176 quasi
795 1113 834 1158 ex
860 1093 915 1158 bei
970 1093 1031 1157 Cur
1044 1113 1132 1176 ergo,
1148 1113 1168 1158 o
1183 1095 1359 1177 Sarraceni,
1372 1105 1436 1159 tam
1451 1095 1604 1178 pestilera
1619 1095 1720 1159 credi-

176 1212 308 1278 persona
322 1193 441 1257 dicitur
452 1191 644 1256 llahometo:
653 1195 874 1258 Nuneludaes’
885 1201 917 1254 et
971 1191 1013 1255 tis
1026 1192 1166 1257 hominit
1175 1193 1238 1258 Cur
1251 1195 1326 1258 novi
1342 1213 1379 1258 ac
1394 1195 1511 1259 veteris
1526 1194 1718 1259 Testamenti

175 1294 358 1356 Christiani
365 1301 495 1370 pentem
507 1293 569 1352 tibi
576 1293 779 1352 commissum
792 1293 918 1352 obstra-
972 1291 1145 1374 scripturas
1160 1311 1224 1356 non
1240 1291 1450 1376 legitistquas
1466 1292 1493 1354 si
1508 1292 1662 1357 benemle
1678 1290 1720 1356 le-

175 1393 248 1452 bera
260 1392 432 1460 nituntur,
447 1398 485 1450 ut
498 1409 593 1450 mm
606 1393 707 1467 teqem
720 1393 919 1467 amplectun-
970 1389 1097 1470 geretis,
1105 1389 1241 1474 plurima
1256 1391 1347 1455 valde
1361 1390 1526 1454 mendecia
1538 1410 1609 1454 esse
1623 1390 1657 1454 in
1671 1389 1721 1454 sl-

174 1499 237 1551 tur.
258 1491 384 1551 Eorum
413 1489 503 1549 enim
530 1497 669 1568 uterque
695 1509 788 1550 suum
816 1492 917 1567 leqem
971 1506 1089 1552 corano
1109 1497 1268 1569 contenta,
1284 1489 1460 1554 clarissime
1478 1489 1717 1572 conspiceretis.

174 1596 301 1649 tantum
320 1587 435 1648 mnam
453 1605 521 1646 esse
539 1591 724 1665 confirmat.
742 1589 809 1680 tuq
828 1606 918 1658 vero,
1011 1586 1173 1650 Postremo
1194 1587 1228 1649 in
1248 1587 1352 1669 primo
1372 1587 1433 1651 isto
1454 1587 1594 1670 capitulo
1615 1587 1719 1650 adhuc

173 1694 279 1762 utpote
289 1704 371 1762 peres
385 1686 449 1745 ts‘bs’
460 1685 640 1756 consmissa,
650 1705 684 1746 se
696 1688 797 1763 leuem
811 1687 918 1748 Abro-
971 1683 1116 1765 quasdam
1130 1683 1276 1748 fabulosa
1290 1691 1322 1748 et
1336 1683 1417 1748 laisa
1435 1683 1617 1766 conscripta
1631 1691 1716 1762 sunt,

173 1785 232 1855 bre,
245 1803 313 1844 non
326 1785 443 1853 oliam,
458 1785 613 1860 amplecti
621 1785 716 1861 juste
726 1789 915 1863 profitetur.
971 1801 1042 1864 quta
1068 1782 1216 1847 brevitati
1244 1782 1375 1846 studens
1410 1791 1605 1866 pertranseo.
1633 1782 1720 1846 Inter

174 1883 217 1944 hd
242 1881 328 1944 istud
350 1881 540 1962 respondeo,
560 1881 646 1962 quod
669 1881 840 1944 Christiani
865 1900 918 1946 eo-
933 1881 958 1944 B
972 1898 1043 1963 que
1057 1899 1157 1944 unum
1172 1889 1220 1944 est
1238 1882 1298 1946 boc
1315 1905 1322 1944 ε
1339 1883 1519 1944 scientiam
1534 1901 1554 1942 a
1567 1882 1719 1952 diabolis,

173 1988 282 2043 nantes
302 1979 493 2042 Sarracenos
510 1979 550 2041 ad
572 1979 790 2061 evangelicam
814 1980 918 2062 legem
973 1982 1123 2062 quamvis
1150 1983 1258 2052 malis,
1287 1981 1458 2043 Salomoni
1485 1981 1564 2040 bono
1592 1980 1720 2057 putesc-

173 2086 367 2156 convertere,
374 2076 539 2142 caritative
548 2085 645 2160 atque
656 2077 800 2161 piissime
810 2085 919 2162 agunt.
972 2089 1070 2148 ctam,
1082 2081 1342 2159 prosequor-om,
1357 2087 1526 2158 artemque
1548 2079 1719 2156 moplccm.

173 2177 267 2240 Judei
283 2195 362 2240 vero
376 2176 409 2238 in
424 2174 585 2258 aliquibus
604 2176 677 2259 plus
695 2186 804 2240 errant
822 2196 919 2258 quam
973 2176 1038 2241 Nec
1053 2177 1142 2260 potui
1156 2197 1195 2240 ex
1209 2177 1291 2241 libro
1309 2195 1404 2260 quem
1425 2175 1521 2239 habui
1542 2175 1639 2257 hujus
1658 2175 1721 2238 loci

174 2277 350 2353 Sarraceni,
366 2275 517 2358 quoniam
541 2276 660 2354 lesum,
675 2275 779 2340 llariee
801 2275 918 2356 filium,
975 2295 1104 2340 sensum
1130 2275 1206 2338 setis
1235 2274 1398 2357 colligere,
1422 2274 1498 2356 quia
1525 2273 1722 2338 incorrectus

174 2374 330 2438 Christum
355 2393 426 2436 esse
448 2391 514 2436 non
538 2373 684 2451 credunt,
709 2391 769 2436 nec
792 2373 921 2438 Mariam
977 2374 1069 2437 valde
1083 2373 1136 2438 bic
1151 2373 1223 2437 tuit.
1241 2373 1402 2436 Salomoni
1421 2381 1528 2436 autem
1547 2373 1641 2453 Deus,
1657 2389 1722 2436 non

174 2493 241 2536 esse
255 2472 417 2555 virginem
431 2471 637 2536 confitentur.
655 2472 716 2536 Sed
730 2491 837 2554 quaro
851 2491 922 2554 quse
975 2471 1133 2550 diabolus,
1149 2471 1268 2536 inludit
1281 2471 1458 2550 scientiem,
1475 2477 1510 2533 ut
1529 2469 1646 2554 legitur
1662 2477 1724 2534 ter-
1743 2487 1870 2545 ιιιηιιιι,

174 2571 288 2635 sitista
310 2571 361 2634 lex
381 2569 525 2651 Abrahae,
540 2570 604 2633 alia
622 2589 641 2632 a
661 2570 732 2652 lege
749 2569 865 2634 Christi
884 2590 922 2634 ac
976 2571 1022 2634 tio
1037 2571 1170 2652 Regum.
1736 2553 1771 2598 ²⁹·

176 2669 300 2752 Moysis,
317 2687 413 2752 quam
436 2687 471 2732 se
495 2668 646 2752 amplecti
668 2668 790 2749 «juste
809 2690 828 2728 s
851 2687 923 2751 pre

176 2766 310 2831 litentur
332 2766 510 2830 Sarraceni.
532 2765 572 2828 lit
594 2784 633 2829 ex
656 2765 752 2830 dictis
775 2767 921 2850 patescit,

175 2867 256 2946 quod
281 2865 323 2928 ad
347 2865 409 2928 hoc
433 2883 498 2928 non
523 2862 640 2947 poterit
662 2882 737 2928 vera
757 2882 795 2927 ac
815 2863 924 2928 tidelis
1178 2841 1423 2908 ARTIGULUS
1442 2842 1520 2908 XII·

65 2986 94 3028 'h-
103 2985 116 3035 ¹·
128 2992 163 3030 ”t
175 2963 242 3026 dffl'i
256 2962 426 3045 ΓΘ990115Ῑο
438 2985 446 3024 ²
459 2961 524 3026 5¹⁰⁰
538 2961 748 3045 Pfflhflffiium
762 2972 823 3042 0⁸²2
838 2963 923 3044 ‘1¹¹0‘l
1019 2980 1215 3058 Reprobata'o
1230 2999 1383 3041 errorum
1397 2981 1533 3040 secundi
1547 2981 1689 3056 capituli

55 3061 89 3090 ¹¹¹·
176 3062 215 3126 ab
241 3061 375 3127 exordio
402 3059 513 3123 mundi
541 3060 650 3122 nullus
676 3060 781 3144 quivit
807 3059 966 3124 salvariC
1267 3070 1438 3132 Accorani.

175 3160 236 3223 nisi
250 3161 285 3224 in
300 3159 368 3223 srde
381 3158 496 3224 Christi
509 3158 659 3241 explicita
673 3160 741 3223 sive
755 3160 922 3242 implicita.

176 3260 349 3337 Postremo,
365 3258 470 3340 legem
483 3266 516 3321 et
529 3256 628 3321 tidem
645 3257 761 3321 Christi
777 3267 926 3322 tenentur
1057 3256 1187 3320 house
1207 3257 1317 3320 urbem
1337 3256 1387 3320 vir
1408 3256 1564 3336 moechus,
1580 3256 1729 3321 videlicet

177 3358 344 3422 Sarraceni
358 3357 506 3440 amplecti
524 3380 532 3419 :
549 3356 669 3421 idcirco
687 3357 806 3439 injuste
826 3358 858 3421 id
877 3378 926 3422 re-
1071 3356 1277 3433 btabometus,
1300 3354 1407 3437 elegit,
1430 3356 1486 3436 qni
1510 3354 1666 3419 adulteria
1696 3363 1729 3420 et

175 3464 287 3520 neunt.
304 3456 449 3519 Christus
469 3455 589 3537 quippe
603 3474 794 3519 ascensums
808 3456 842 3519 in
862 3476 928 3521 coe-
981 3454 1122 3518 incestus
1137 3454 1206 3517 sine
1221 3454 1437 3517 moderamine
1452 3462 1484 3517 et
1498 3471 1729 3518 remorsurum

126 3584 165 3619 ιιι,
177 3556 253 3633 tum,
269 3552 424 3637 pmcepit
443 3552 602 3636 Apostolis
619 3577 626 3615 :
643 3552 762 3617 Euntes
782 3554 814 3617 in
834 3574 926 3618 mun·
981 3553 1080 3633 misit,
1098 3552 1226 3634 lingens
1247 3560 1279 3615 et
1299 3570 1445 3615 asserens
1466 3551 1527 3615 sibi
1546 3551 1606 3615 soli
1627 3552 1728 3615 alteo

177 3654 252 3716 dum
279 3652 482 3729 universum,
513 3650 684 3735 praedicate
715 3651 925 3735 Evangelium
980 3650 1177 3715 licentietum
1193 3650 1352 3715 maritales
1367 3649 1439 3713 aliis
1457 3658 1553 3731 etque
1574 3649 1636 3713 sihi
1656 3668 1728 3735 pro·

178 3752 263 3815 omni
282 3760 450 3830 creature,
465 3750 497 3812 id
516 3757 564 3812 est
583 3749 708 3813 eunctis
730 3751 924 3831 hominihus,
980 3750 1116 3833 pinques
1151 3767 1354 3831 cognoscere,
1385 3748 1523 3832 propriis
1558 3766 1623 3813 uon
1653 3767 1728 3813 con·

179 3849 356 3915 cumomni
376 3856 521 3912 creatura
540 3847 661 3929 aliquid
679 3867 850 3913 commune
871 3850 926 3913 ba-
981 3856 1088 3911 tentus
1103 3846 1418 3929 uxoribus,quamvis
1432 3846 1543 3911 decem
1558 3856 1590 3909 et
1604 3856 1727 3932 septem

178 3948 342 4013 bentibus.
377 3946 435 4020 oui
474 3946 646 4010 crediderit
682 3955 716 4011 et
749 3948 926 4030 baptizatus
979 3947 1169 4023 exstiterint,
1187 3954 1220 4007 ut
1242 3944 1325 4008 intre
1347 3964 1385 4008 ex
1405 3944 1562 4009 alcorano
1580 3944 1728 4030 prohabi—
1823 3984 1828 3995 ι

179 4046 284 4127 tuerit,
300 4046 413 4109 salvus
431 4044 513 4122 erit3
528 4044 583 4126 qui
605 4062 682 4107 veru
700 4064 765 4109 non
784 4047 926 4111 credide·
980 4046 1164 4127 turbaque
1189 4044 1248 4107 iste
1274 4044 1371 4107 tetius
1395 4043 1606 4107 immunditie
1630 4042 1728 4107 simu-

178 4146 228 4225 rit,
247 4143 525 4210 condemnabitur.
547 4143 679 4221 Rursus,
700 4144 733 4206 in
758 4146 926 4227 evangelio
980 4144 1171 4225 lationisque
1207 4142 1369 4225 princeps,
1405 4142 1489 4206 circe
1531 4141 1726 4225 principium

55 4255 165 4307 lma-xx.
178 4246 207 4307 S.
233 4244 368 4309 loannis
390 4242 435 4305 ait
458 4242 602 4307 Salvator
626 4266 634 4305 ε
655 4241 717 4316 ‚Qui
740 4262 805 4307 non
829 4241 1112 4308 intratDsecundi
1146 4240 1278 4323 capituli
1311 4239 1457 4304 Aleorani
1490 4241 1584 4304 docet
1616 4258 1727 4303 versus

178 4363 233 4426 per
254 4342 377 4407 ostium
401 4342 436 4404 in
460 4341 545 4405 ovile
568 4341 690 4422 ovium,
706 4342 762 4404 sed
783 4341 928 4405 ascendit
980 4342 1121 4404 liecham
1141 4348 1173 4402 et
1199 4340 1352 4420 templum
1374 4338 1445 4419 ejus
1463 4356 1534 4401 esse
1558 4340 1724 4401 orandum.

177 4442 321 4519 aliunde,
337 4441 391 4503 ille
406 4439 521 4503 lurcst
534 4448 567 4503 et
580 4439 757 4504 latro.1deo
770 4441 927 4505 ldabomct
980 4441 1027 4504 Ad
1041 4440 1126 4522 quod
1141 4438 1247 4501 verbis
1261 4438 1438 4519 respondeo
1452 4436 1579 4516 Christi,
1596 4437 1650 4519 qui
1664 4437 1724 4499 eit:

178 4542 229 4605 lur
251 4541 330 4617 tuit,
356 4549 390 4603 et
413 4540 494 4604 latro
516 4547 685 4617 censetur3
711 4550 743 4602 et
766 4548 853 4603 certe
876 4540 928 4601 lur
983 4539 1054 4603 Veri
1074 4538 1256 4601 adoratores
1274 4536 1397 4598 Patrem
1420 4535 1597 4599 edorabunt
1611 4536 1644 4598 in
1664 4536 1728 4617 spi·
1747 4558 1829 4602 ιιιιι.
1843 4570 1873 4609 ιι,

179 4642 351 4723 pessimus,
368 4638 511 4719 latroqne
533 4637 691 4700 maximus
707 4660 715 4700 ε
731 4638 850 4720 quippe
873 4638 927 4719 qui
983 4639 1045 4701 ritu
1069 4644 1101 4700 et
1125 4635 1265 4699 veritate.
1289 4635 1349 4697 Sed
1375 4634 1450 4715 quie
1475 4634 1506 4696 in
1532 4634 1638 4697 hiecbe
1663 4628 1776 4697 nonii

179 4747 222 4803 tot
249 4736 500 4803 innumerabilia
527 4736 708 4799 animarum
735 4736 837 4799 millia
864 4737 928 4800 Deo
983 4735 1099 4799 colitur
1112 4733 1264 4811 Christus,
1281 4752 1345 4796 non
1361 4741 1409 4796 est
1424 4732 1467 4795 ibi
1483 4731 1635 4796 erationis
1654 4751 1729 4795 con-

180 4838 316 4902 creatori
345 4835 514 4915 subtraxit,
542 4842 637 4916 atque
667 4834 795 4898 easdem
827 4843 928 4899 morte
982 4852 1081 4916 gmus
1106 4832 1206 4895 locus.
1232 4830 1361 4895 Nullum
1385 4830 1504 4913 quippe
1532 4830 1614 4895 Deus
1641 4830 1731 4894 Pater

181 4934 384 4999 infidelitatis
403 4952 441 4996 ac
457 4940 618 5017 perpetuae
631 4932 845 4996 damnationis
859 4952 930 5015 per·
983 4932 1112 4997 exaudit
1140 4930 1201 4993 nisi
1236 4948 1293 5012 per
1321 4948 1413 4992 suum
1442 4929 1573 4991 unicum
1602 4928 1729 5007 Filium,

181 5034 268 5098 emit.
289 5034 361 5098 Non
390 5031 477 5095 enim
505 5030 638 5094 intravit
662 5050 720 5113 per
747 5032 862 5095 ostium
883 5032 929 5111 (id
984 5032 1089 5093 lesum
1114 5028 1283 5105 Christum,
1299 5026 1352 5109 qui
1376 5028 1459 5109 apud
1483 5028 1634 5089 toennem
1660 5046 1732 5109 pru-

89 5151 168 5195 usar.
181 5142 228 5197 est
241 5154 300 5216 per
313 5128 486 5208 Christum,
503 5130 559 5212 qui
573 5129 716 5211 aitzEgo
730 5149 800 5192 sum
815 5131 931 5194 ostium
985 5136 1118 5191 testatur
1144 5150 1152 5188 ε
1178 5126 1405 5208 Quodcumque
1430 5124 1585 5207 petieritis
1609 5125 1729 5188 Putrem
1760 5140 1818 5185 nu.
1834 5154 1879 5192 ιιι,

181 5233 304 5313 ovium)
329 5230 365 5293 in
388 5229 482 5308 ovile,
497 5227 529 5291 id
554 5236 603 5292 est
623 5228 657 5291 in
679 5228 832 5310 poputum
854 5229 930 5308 Dei;
986 5228 1019 5291 in
1037 5226 1168 5289 nomine
1192 5243 1275 5304 meo,
1291 5224 1352 5288 hoc
1375 5222 1503 5302 taciem,
1521 5232 1555 5286 ut
1576 5221 1734 5306 glorifice·
1748 5208 1781 5247 ¹³·

184 5333 238 5396 sed
261 5328 410 5397 aseendb
430 5326 570 5409 aliunde,
585 5326 735 5410 quoniam
760 5326 932 5411 specialem
987 5336 1039 5391 tur
1058 5326 1148 5391 Peter
1169 5326 1203 5389 in
1224 5324 1313 5389 Filio.
