4309 6250
403 462 461 527 {38
621 482 661 529 nn
681 483 845 533 nraurrars
866 486 903 531 ar
923 486 1072 532 muamus
1093 487 1121 531 a.
1144 487 1174 531 v.
1196 486 1314 547 ιιιιιιιι,
1336 488 1425 533 tmen
1446 486 1489 533 ιιι.
1512 505 1553 516 -
1573 486 1643 532 aar.
1666 486 1745 533 mu

401 658 525 715 tantum
547 654 689 734 quotidie
710 653 742 716 in
763 654 1002 736 pulchritudine
1025 655 1079 717 illa
1104 655 1152 717 in·
1166 656 1191 717 A
1206 656 1444 738 generationem
1459 656 1667 738 temporalem
1682 676 1720 719 ac
1734 656 1962 719 maternalem.

401 758 492 813 terna
511 751 686 834 profecisti,
704 761 889 835 tantumque
910 754 996 816 intus
1018 753 1150 816 induisti
1206 754 1322 817 Filium
1349 773 1476 836 quoque
1506 755 1561 817 Dei
1589 764 1655 817 tam
1678 755 1891 819 excellentem
1920 774 1964 817 ac

401 849 562 931 decorem,
588 858 707 913 tantam
732 852 932 914 sanctitatem
961 860 1055 933 atque
1081 871 1152 933 per-
1205 851 1288 914 Patri
1311 860 1430 915 aeterno
1453 853 1619 934 aequalem,
1647 852 1808 934 specialis,
1835 853 1902 915 imo
1927 858 1966 915 ιι

401 948 585 1028 lectionem,
606 951 690 1031 quod
710 952 855 1015 omnium
875 970 1085 1033 supernorum
1108 951 1152 1014 ιι-
1206 949 1460 1031 singularissima
1487 970 1526 1012 ex
1550 950 1672 1031 virgine
1698 970 1777 1031 pura
1806 950 1966 1013 nativitas

401 1048 490 1110 vium
513 1048 547 1109 in
571 1055 603 1111 te
624 1050 803 1131 provocasti
828 1052 1025 1132 adspectum,
1042 1056 1074 1113 et
1098 1049 1152 1112 de
1207 1049 1410 1111 condecebat.
1437 1049 1501 1112 Nec
1527 1048 1707 1112 condecens
1735 1059 1804 1112 erat
1826 1050 1966 1113 llatrem

400 1164 488 1207 mum
500 1146 601 1227 ipsius
612 1148 706 1229 Regis
718 1167 755 1210 ac
766 1148 922 1212 Creatoris
935 1148 1152 1211 universorum
1207 1145 1285 1209 tanti
1306 1147 1376 1208 Filii
1397 1148 1598 1229 postmodum
1621 1147 1821 1229 generationi
1843 1166 1966 1211 vacare

401 1244 440 1306 ad
456 1252 486 1306 te
501 1244 645 1308 animum
660 1245 835 1325 inclinasti,
851 1266 888 1309 ac
904 1247 1003 1308 Deum
1018 1248 1151 1309 deorum
1207 1244 1338 1308 carnali.
1368 1245 1451 1323 ldeo,
1482 1246 1566 1309 sicut
1600 1265 1657 1327 per
1690 1246 1965 1328 omnipotentiam

401 1340 581 1405 desummo
601 1343 682 1405 coelo
703 1344 737 1405 in
756 1351 882 1421 terram,
900 1344 940 1407 de
960 1345 1032 1406 sinu
1052 1346 1151 1408 Patris
1207 1342 1333 1404 deitatis
1347 1342 1488 1405 Christus
1510 1343 1647 1405 surrexit
1666 1343 1705 1405 de
1720 1342 1830 1405 clauso
1852 1341 1966 1422 sepul-

402 1439 436 1501 in
451 1439 591 1502 medium
614 1439 660 1503 tui
682 1440 853 1504 castissimi
873 1442 993 1505 ventris
1016 1443 1149 1507 traxisti.
1208 1458 1273 1517 cro,
1290 1441 1334 1503 ita
1354 1441 1465 1503 eadem
1487 1440 1603 1503 virtute
1624 1440 1779 1522 processit
1798 1440 1966 1502 erclauso

402 1535 426 1599 0
456 1536 549 1618 Virgo
578 1556 708 1620 prorsus
736 1540 959 1620 mundissima,
990 1541 1022 1602 in
1058 1542 1151 1622 cujus
1208 1536 1348 1620 Virginis
1386 1547 1485 1615 utero,
1525 1546 1676 1619 tanquam
1712 1556 1850 1619 sponsus
1885 1554 1966 1618 pro-

401 1632 560 1713 gremium
584 1634 787 1715 omnipotens
813 1634 867 1697 ille
892 1636 1077 1699 rhinoceros
1102 1656 1153 1699 ca·
1208 1637 1324 1697 cedens
1352 1637 1391 1698 de
1420 1636 1558 1698 thalamo
1583 1654 1651 1699 sue.
1677 1635 1741 1699 Nec
1770 1654 1965 1719 comparen-

401 1738 458 1813 put
483 1750 576 1793 suum
605 1751 641 1794 ac
670 1732 822 1794 verticem
850 1734 1028 1812 reclinavit,
1055 1753 1151 1815 seque
1208 1734 1303 1795 talem
1318 1734 1381 1797 Deo
1396 1733 1477 1795 Patri
1498 1742 1530 1796 ιι
1551 1734 1746 1815 singularem
1767 1754 1804 1797 ac
1826 1734 1963 1796 unicam

401 1848 420 1891 a
439 1836 480 1908 te,
497 1848 516 1892 o
538 1830 768 1909 potentissima,
791 1830 862 1913 capi
884 1832 1048 1912 parmisitv
1069 1832 1151 1896 h’cce
1168 1834 1192 1895 B
1209 1850 1357 1912 sponsam
1377 1831 1477 1913 ipsius
1498 1832 1590 1894 licuit
1611 1851 1764 1913 unquam,
1780 1831 1964 1913 praesertim

401 1928 560 2009 quomodo
571 1928 775 2010 pulchritudo
798 1936 851 1992 tua
872 1930 998 1992 interna
1019 1950 1092 1993 eum
1107 1938 1153 1993 at·
1208 1937 1280 2009 pest
1297 1929 1391 1991 Verbi
1414 1929 1447 1991 in
1471 1948 1505 1991 se
1526 1928 1789 2006 incarnationem,
1807 1929 1876 1992 viro
1897 1928 1965 1990 rni-

402 2027 508 2089 traxit.
1208 2027 1301 2090 sceri.

441 2125 614 2203 Postrem0,
622 2127 889 2207 quemadmodum
902 2127 1075 2211 corporalis
1087 2127 1153 2209 pul·
1247 2124 1468 2204 Conlormiter,
1492 2124 1673 2187 nullatenus
1695 2124 1804 2187 decuit
1827 2124 1963 2187 llatrem

402 2223 548 2288 chritudo
576 2245 614 2287 ex
642 2224 780 2306 eleganti
809 2233 939 2305 statura,
966 2234 998 2287 et
1021 2244 1152 2307 propor-
1208 2223 1261 2285 Dei
1278 2223 1342 2286 ulla
1356 2242 1495 2304 unquam
1512 2224 1606 2305 culpa
1620 2222 1750 2300 fuscari,
1767 2231 1800 2287 et
1814 2242 1884 2285 eam
1900 2242 1966 2305 per

403 2321 523 2385 tionata
551 2324 766 2386 membrorum
795 2323 1031 2401 cohabitudine,
1057 2334 1152 2404 atque
1207 2341 1302 2402 quam
1330 2321 1427 2383 ceteri
1456 2330 1530 2383 sunt
1557 2320 1681 2399 salvati,
1710 2328 1743 2383 et
1771 2340 1828 2402 per
1859 2340 1963 2402 quam

402 2420 661 2502 vividoquedam
683 2420 851 2503 superfuso
873 2422 1004 2485 resultat
1024 2422 1150 2499 colore;
1208 2419 1347 2501 corrupti
1376 2439 1413 2482 ac
1441 2418 1556 2501 perditi
1585 2427 1616 2480 et
1648 2427 1779 2501 peccato
1814 2419 1961 2499 obnoxii,

403 2520 447 2581 sic
463 2519 666 2601 pulchritudo
689 2528 836 2601 praetacta
856 2520 1044 2583 interiores
1067 2539 1152 2582 com·
1208 2525 1282 2580 sunt
1303 2516 1517 2598 redintegrati,
1539 2516 1728 2597 recuperati,
1745 2516 1881 2597 purgati,
1903 2517 1966 2579 de-

403 2618 564 2697 plemento
590 2616 797 2699 perfectionis
823 2626 971 2698 tanquam
996 2637 1035 2679 ex
1060 2616 1153 2698 spiri·
1208 2616 1274 2677 cuit
1300 2614 1356 2676 ulli
1382 2633 1523 2695 unquam
1547 2614 1757 2696 corruptioni,
1784 2614 1963 2695 perditioni

402 2715 480 2777 tuali
505 2715 643 2795 eleganti
667 2724 796 2795 statura,
821 2726 851 2779 et
875 2737 913 2779 ex
937 2717 1152 2779 virtuosorum
1208 2732 1244 2775 ιι
1259 2714 1360 2793 culpae
1378 2713 1612 2793 quantumlibet
1628 2713 1762 2775 modicae
1778 2712 1962 2793 subjacere,

402 2813 568 2875 habituum
593 2821 785 2895 actuumque
810 2834 919 2877 eorum
941 2822 1015 2895 apta
1036 2832 1153 2876 conne-
1208 2831 1267 2874 nec
1289 2812 1351 2874 lleo
1374 2812 1406 2872 in
1427 2811 1534 2892 aliquo
1559 2810 1740 2892 displicere,
1761 2812 1816 2873 sed
1838 2810 1961 2891 potius,

402 2910 496 2975 xione
516 2919 548 2973 et
567 2912 869 2992 contemperatione,
887 2919 918 2973 ιι
937 2912 1012 2974 item
1033 2931 1071 2973 ex
1090 2911 1153 2972 dis·
1208 2910 1291 2973 sicut
1312 2910 1519 2992 praehabitum
1542 2916 1600 2989 est,
1624 2917 1710 2971 tanta
1732 2910 1869 2991 puritate
1890 2910 1965 2990 pol·
1980 2938 2112 2985 mmm

403 3018 489 3071 creta
512 3009 688 3073 directione
712 3030 768 3072 seu
794 3017 880 3072 recta
904 3009 1080 3072 intentione
1106 3028 1153 3071 re·
1172 3006 1284 3086 Clare,
1295 3015 1329 3069 ut
1343 3006 1402 3069 snb
1417 3007 1480 3070 Deo
1495 3008 1598 3087 major
1614 3026 1678 3069 non
1694 3006 1794 3087 possit
1808 3006 1962 3087 intelligi.

403 3108 520 3171 sultare
549 3108 685 3172 videtur.
716 3109 800 3187 lde0,
831 3109 914 3172 sicut
947 3109 1015 3171 haec
1044 3107 1153 3171 omnia
1248 3107 1328 3168 Hinc
1350 3105 1544 3187 impiissimi,
1562 3105 1735 3168 miserrimi
1757 3124 1795 3168 ac
1817 3104 1969 3168 odibilis-

403 3207 694 3288 incomparahiliter
722 3208 910 3270 exstiterunt
934 3215 965 3270 et
991 3207 1154 3288 praelulse-
1209 3205 1281 3267 simi
1297 3204 1449 3280 haretici,
1466 3203 1578 3282 Ebion,
1591 3203 1769 3280 Corinthus,
1781 3203 1963 3282 llelvidius,

403 3313 476 3367 runt
499 3305 531 3366 in
555 3305 684 3386 Virgine
704 3305 883 3384 benedicta,
900 3307 992 3368 sicet
1015 3305 1155 3386 pulchri·
1209 3304 1260 3365 his
1285 3303 1549 3379 contradicentes
1572 3301 1765 3364 aeternaliter
1788 3311 1863 3363 sunt
1885 3321 1967 3365 con-

403 3404 478 3465 tudo
507 3402 577 3483 ejus
611 3403 736 3464 interna
770 3402 1060 3483 incomparabiliter
1092 3401 1155 3464 luit
1209 3402 1284 3478 lusi,
1301 3400 1441 3463 damnati
1456 3408 1488 3463 et
1508 3399 1679 3480 reprobati.
1696 3400 1798 3480 Absit,
1814 3401 1910 3479 absit,
1927 3411 1968 3464 ut
2143 3406 2144 3481 l

402 3501 544 3582 grandis,
560 3501 714 3582 jucunda,
738 3501 899 3564 oblectans
922 3509 953 3562 ιι
974 3501 1150 3563 attractiva.
1211 3501 1243 3562 in
1267 3498 1485 3561 amantissima
1508 3517 1545 3560 ac
1572 3498 1830 3579 spiritualissime
1854 3507 1885 3560 et
1913 3499 1967 3561 di·
2143 3486 2144 3515 ¹

1210 3597 1375 3660 vinissima
1388 3597 1442 3658 Ilei
1459 3615 1574 3678 sponsa
1595 3615 1633 3658 ac
1647 3595 1742 3658 hlatre
1756 3596 1881 3659 dicatur
1902 3617 1966 3658 un-

1210 3715 1304 3778 quam
1328 3694 1464 3757 carnalis
1490 3694 1589 3756 libido
1612 3693 1725 3773 luisse,
1751 3703 1807 3757 aut
1830 3713 1965 3758 sensua-

578 3774 824 3839 ARTICVLUS
848 3775 975 3836 XXIV·
1210 3793 1309 3855 litatis
1328 3792 1426 3856 motio
1445 3791 1511 3853 ulla
1532 3814 1539 3852 ε
1562 3791 1626 3853 imo
1647 3791 1709 3853 hoc
1728 3791 1836 3875 ipsum
1855 3791 1889 3854 in
1908 3791 1963 3854 sui

401 3925 448 3984 De
460 3933 620 3998 perpetua
640 3923 835 3995 cincindele
849 3922 970 3982 Murt'ae
988 3922 1154 3980 sanctissi—
1208 3891 1279 3953 FVV
1300 3890 1440 3953 dedecus
1462 3890 1681 3952 redundasset·

441 4031 512 4080 ιιι,
538 4021 568 4072 ιι
593 4014 635 4070 de
663 4012 872 4070 immunitate
894 4011 965 4086 ejus
996 4011 1035 4069 ab
1063 4011 1155 4069 omni
1248 3991 1408 4066 Ρΐθιῑθΐθιῑι
1439 3989 1465 4050 Sl
1494 3988 1545 4050 his
1574 3987 1756 4068 ⁰bli⁰i³t¹¹¹⁸2
1782 3988 1867 4069 Vu⁰d
1894 3989 1961 4050 AV·

439 4111 577 4176 peccato.
1208 4088 1354 4171 gustinus
1381 4087 1461 4149 dicit
1484 4105 1555 4149 eam
1578 4086 1612 4147 in
1637 4085 1785 4167 passione
1810 4086 1859 4148 sui
1882 4086 1959 4149 Filii

1169 4186 1369 4249 lldubitasse
1394 4203 1541 4265 :nempe
1566 4184 1598 4245 in
1622 4183 1855 4258 Quaestionibus
1881 4185 1960 4248 novi

143 4321 144 4324 ι
254 4306 387 4362 sapitas.
441 4289 724 4350 NCORRUPTIO
753 4287 836 4362 facit
867 4306 931 4345 esse
960 4288 1152 4361 proximum
1208 4281 1959 4363 etveterisTestamenti,exponensilludLucre

454 4388 531 4447 Dec.
549 4385 712 4446 AEternum
736 4391 766 4445 ct
791 4382 978 4444 invariabile
1001 4383 1150 4460 Verbum,
1208 4380 1465 4460 seeund0,l'uam
1481 4379 1582 4462 ipsius
1597 4380 1736 4441 animam
1751 4380 1961 4460 pertransibit
1976 4408 2072 4457 Lm,
2082 4414 2108 4452 33

402 4483 605 4564 Unigenitum
630 4481 746 4544 summi
772 4481 882 4559 Patria,
909 4481 1016 4544 decuit
1039 4482 1079 4542 de
1104 4481 1152 4541 in·
1206 4479 1343 4562 gladius,
1364 4478 1408 4540 ait
1432 4497 1489 4559 per
1512 4476 1653 4557 gladium
1674 4477 1765 4538 illum
1787 4476 1960 4540 dubiutie

402 4581 571 4664 tegerrima
595 4580 719 4661 virgine
743 4580 843 4642 nasci.
870 4579 907 4642 Et
931 4579 1014 4641 sicut
1041 4579 1152 4641 hahuit
1207 4597 1280 4641 nem
1302 4575 1404 4640 llariaa
1425 4575 1560 4656 intelligi
1582 4594 1644 4656 qua
1666 4575 1699 4636 in
1718 4583 1820 4638 morte
1841 4574 1959 4639 Christi

401 4680 525 4742 Patrem
540 4679 609 4741 sine
625 4685 725 4740 matre
740 4677 774 4739 in
789 4678 890 4753 coelis,
908 4678 954 4739 sic
974 4696 1152 4758 congruen-
1208 4675 1345 4758 quodam
1381 4673 1539 4737 dubitavit
1570 4680 1709 4754 stupore.
1740 4671 1797 4734 Cui
1832 4672 1960 4734 videtur

402 4778 562 4841 tissimum
587 4777 649 4841 luit
674 4795 748 4840 eum
776 4776 893 4839 hahere
920 4783 1051 4838 matrem
1082 4775 1151 4837 sine
1208 4791 1384 4837 consonare
1398 4771 1482 4852 quod
1497 4770 1576 4832 dicit
1589 4769 1727 4832 Basilius
1746 4794 1753 4831 :
1769 4769 1959 4832 Beatissima

402 4885 490 4957 patre
520 4875 553 4938 in
582 4876 694 4952 terris;
725 4893 785 4938 nec
813 4873 921 4936 decuit
948 4873 1152 4953 Unigenitum
1208 4872 1304 4953 Virgo
1328 4869 1485 4931 adsistens
1510 4868 1609 4944 cruci,
1633 4875 1666 4930 et
1689 4867 1868 4950 adspiciens
1892 4867 1960 4929 sin-

401 4974 456 5036 Dci
479 4976 558 5038 duos
579 4975 697 5038 habere
719 4982 824 5056 patres
845 4971 1055 5034 immediatos.
1207 4970 1282 5050 gula
1296 4975 1369 5051 post
1382 4966 1534 5030 Gabrielis
1549 4966 1778 5044 testimenium,
1795 4975 1866 5047 post
1880 4965 1960 5029 inel-

440 5073 572 5152 Rursus,
602 5070 870 5152 quemadmodum
900 5068 1070 5149 purissima
1104 5076 1153 5131 ιιι
1209 5066 1341 5129 labilem
1355 5065 1472 5127 divinae
1486 5063 1706 5145 conceptionis
1721 5064 1960 5147 notitiam,post

400 5169 563 5250 generatio
583 5169 654 5249 ejus
674 5177 801 5246 eterna,
819 5168 866 5229 sic
887 5174 919 5230 ιι
932 5166 1149 5249 purissimam,
1208 5166 1370 5245 ingentem
1392 5162 1618 5226 miraculorum
1639 5162 1866 5240 ostensionem,
1889 5163 1960 5224 ani-

401 5274 556 5348 quantum
570 5265 722 5348 possibile
743 5274 821 5344 erat,
838 5264 977 5347 oportuit
990 5283 1061 5327 esse
1081 5263 1151 5343 ejus
1208 5281 1261 5326 mo
1296 5261 1472 5324 fluctuabat
1501 5284 1508 5323 z
1539 5280 1577 5324 ex
1611 5279 1675 5323 una
1710 5259 1835 5323 scilicet
1868 5269 1960 5342 parte
