4309 6250
456 477 518 542 652
538 498 577 546 DE
598 500 807 550 teutonum
829 504 921 551 setttss
943 505 1112 553 Pourtrtcts
1133 506 1170 552 ET
1190 505 1359 552 utumttts
1380 505 1521 568 uouutttt,
1542 506 1631 554 tlttctt
1651 509 1697 554 ttl.
1719 525 1760 538 ·-
1780 508 1852 554 ΛΒΤ.
1875 508 1928 554 ΧΧΙ

456 665 489 728 in
505 667 579 732 lidai
596 670 758 754 firmitate,
778 675 809 738 in
827 695 889 758 qua
909 685 1030 740 tanturn
1051 679 1111 740 luit
1130 678 1203 741 soli·
1217 679 1243 740 A
1257 678 1323 740 lum
1339 679 1536 761 pradicatur,
1551 681 1640 762 juxta
1654 680 1733 743 illud
1748 680 1864 743 Psalmi
1877 705 1884 742 :
1897 680 1990 744 Consi·
2009 699 2083 743 ram.

456 765 558 846 datus,
575 771 658 850 quod
684 773 763 836 alios
782 775 950 856 Apostolos
974 777 1145 840 confirmat
1169 777 1201 838 in
1257 775 1347 837 tebor
1361 774 1417 837 tibi
1433 775 1465 836 in
1480 775 1621 838 Ecclesia
1633 776 1988 857 magnatluaustmtaa
2001 765 2025 803 ¹²·

324 880 375 972 pe.
391 893 440 932 nn,
457 862 534 942 lide,
544 866 667 934 Christo
682 872 741 933 sibi
756 873 881 937 dicente
895 899 901 937 ε
915 875 1074 939 Conlirma
1090 877 1202 940 iratres
1256 881 1336 934 ost«
1353 872 1504 936 varietate
1519 875 1668 937 virtutum
1683 884 1714 936 et
1728 874 1907 956 linguarum
1923 899 1949 951 n,
1962 875 1989 938 id

313 947 346 986 ²·
458 969 539 1026 tuos.
557 965 712 1048 Secundo,
728 969 760 1032 in
775 971 876 1034 orum
893 974 1085 1038 subtimitate
1102 999 1109 1037 :
1126 996 1204 1058 quo·
1258 979 1306 1032 est
1332 972 1467 1034 diversis
1491 981 1602 1035 ornata
1626 973 1797 1036 virtutibus
1822 982 1854 1036 a
1877 974 1988 1054 populis

457 1060 542 1123 uiam
566 1063 709 1130 Christus
727 1065 804 1132 lecit
823 1090 895 1134 eum
917 1082 1073 1153 pastorem
1093 1075 1202 1138 ovium
1257 1069 1367 1132 multis
1390 1069 1513 1133 Christo
1536 1070 1750 1147 credentibus,
1776 1081 1870 1154 prout
1893 1071 1988 1134 Daniel

344 1173 428 1217 amna.
458 1178 598 1238 suarum,
615 1164 818 1247 singulariter
831 1169 940 1232 dicens
955 1171 993 1233 ad
1009 1192 1094 1250 eum,
1108 1174 1202 1238 Pasce
1257 1166 1301 1230 alt
1318 1167 1458 1232 :Omnes
1480 1169 1600 1251 populi,
1619 1170 1720 1232 tribus
1743 1180 1776 1232 et
1799 1170 1911 1251 lingua
1934 1189 1989 1232 ser·
2007 1186 2049 1228 ῡιι
2061 1202 2082 1230 a

310 1249 353 1286 ¹¹¹¹
366 1239 397 1280 ¹⁷·
457 1276 533 1320 oves
562 1280 670 1340 meas;
701 1264 850 1348 deditque
883 1267 912 1330 ei
945 1268 1202 1350 jurisdictionem
1258 1257 1750 1349 vientei.«1nquaoomin0
1775 1252 2024 1350 paschapara-¹⁸

458 1356 644 1440 plenariam,
660 1361 739 1424 dans
759 1363 788 1426 ei
808 1365 934 1446 plenam
960 1377 1146 1451 potestatem
1173 1382 1204 1434 et
1259 1372 1310 1426 lut
1333 1387 1362 1443 1),
1382 1365 1533 1447 quoniam
1557 1366 1697 1429 Christus
1721 1387 1823 1448 agnus
1846 1366 1987 1448 1111111111ῑέ

335 1467 421 1512 uaria.
458 1473 554 1536 super
573 1459 700 1538 coelum,
716 1480 814 1542 quum
834 1463 923 1542 dixit,
940 1466 1008 1529 'libi
1034 1468 1117 1531 dabo
1141 1470 1204 1532 cla·
1259 1463 1291 1525 iu
1318 1463 1387 1546 ipsa
1404 1465 1546 1545 quotidie
1564 1464 1627 1528 Deo
1645 1465 1728 1528 Patri
1748 1465 1987 1529 offertur.nllu·

311 1534 398 1580 ”¹³⁰¹
458 1573 513 1615 ves
542 1557 630 1638 regni
661 1559 835 1637 coelotum3
863 1573 894 1626 et
918 1584 1013 1646 super
1036 1568 1201 1647 mundum,
1258 1561 1700 1644 jusrdeniqueadomus»,
1719 1573 1794 1646 puta
1813 1584 1927 1646 magna
1940 1584 1987 1625 seu

458 1650 605 1730 dicendo,
622 1653 848 1739 Quodcumque
864 1661 1013 1742 ligaveris
1028 1684 1123 1746 super
1144 1674 1205 1728 ter-
1260 1658 1450 1722 universalis
1463 1661 1624 1741 Ecclesia,
1636 1685 1654 1721 <r
1670 1662 1820 1724 dominus
1834 1671 1878 1725 est
1893 1663 1987 1725 Petrus

459 1769 536 1827 ram,
554 1760 614 1814 etc.
630 1774 637 1830 ;
655 1761 686 1816 et
708 1775 803 1837 super
828 1757 1001 1840 internum,
1025 1781 1122 1844 quum
1148 1765 1201 1842 ait,
1259 1758 1465 1839 apostolus»,
1483 1759 1513 1822 id
1530 1767 1579 1822 est
1591 1760 1785 1843 quicumque
1800 1761 1869 1841 ejus
1882 1781 1988 1824 succes

338 1863 396 1908 na.
411 1867 442 1907 rs.
457 1846 555 1910 Porta
583 1849 678 1913 inferi
712 1872 775 1916 non
809 1858 1025 1937 prevalebunt
1052 1861 1203 1925 adversus
1218 1861 1242 1924 B
1260 1875 1313 1921 sor
1337 1857 1509 1939 legitimus,
1526 1859 1581 1940 qui
1607 1859 1663 1923 toti
1688 1859 1837 1922 militanti
1856 1859 1987 1923 Ecclesia

457 1965 538 2009 eam.
1259 1957 1429 2038 prasidet:
1453 1979 1470 2017 a
1486 1957 1536 2020 cui
1560 1959 1712 2022 Dominus
1735 1960 1864 2022 domum
1883 1960 1924 2039 (id
1945 1968 1987 2020 est

497 2045 603 2125 Porro,
619 2049 704 2129 quod
720 2049 751 2112 in
768 2054 958 2133 praecedenti
976 2058 1109 2122 articulo
1127 2060 1204 2122 dixit
1258 2054 1446 2135 Ecclesiam)
1466 2077 1555 2120 suam
1574 2057 1703 2120 tradidit
1717 2080 1747 2138 a,
1765 2057 1795 2120 id
1817 2067 1873 2136 est,
1891 2078 1987 2139 regan·
2107 2118 2109 2125 ,

456 2143 633 2208 Alexander
647 2147 686 2210 de
701 2147 804 2228 Hales,
821 2153 929 2215 omnia
950 2155 1033 2219 hona
1054 2157 1203 2222 Ecclesia
1259 2154 1331 2216 (11111
1347 2155 1515 2232 commisii,
1532 2155 1679 2235 dicendo,
1696 2155 1792 2219 Pasce
1810 2175 1882 2220 oves
1899 2175 1984 2234 111115,
2004 2176 2062 2216 1022
2107 2147 2109 2229 ἔ

458 2261 527 2304 esse
551 2243 650 2325 Papa,
668 2254 699 2308 et
718 2249 802 2329 quod
823 2250 927 2332 capiat
952 2252 1025 2316 inde
1049 2265 1203 2336 quantum
1259 2259 1332 2314 «ut
1350 2252 1392 2314 sit
1415 2272 1478 2314 una
1501 2253 1584 2316 tides
1608 2276 1625 2314 n
1647 2263 1835 2317 cunctorum
1857 2253 1984 2316 fidelium
1997 2240 2058 2286 ⁰⁸¹⁷·
2107 2232 2109 2363 Ι

457 2339 545 2420 vult3
572 2350 604 2404 et
631 2345 714 2424 quod
740 2364 824 2408 nunc
848 2345 969 2412 dictum
993 2360 1052 2430 est,
1078 2353 1204 2417 Petrum
1258 2374 1276 2410 u
1292 2352 1351 2413 sub
1366 2370 1429 2414 uno
1448 2361 1573 2433 pastore
1589 2375 1618 2430 a,
1635 2352 1688 2434 qui
1709 2362 1759 2415 est
1777 2354 1896 2436 plenus,
1912 2373 1986 2416 sum·

457 2438 575 2502 sedisse
602 2439 634 2502 iu
654 2442 802 2505 cathedra
822 2447 931 2527 regali,
948 2457 1098 2531 tanquam
1117 2454 1204 2534 prin·
1259 2469 1329 2512 mus
1344 2469 1381 2512 ac
1400 2451 1558 2532 generalis
1576 2450 1691 2513 Christi
1712 2451 1861 2531 vicarius,
1877 2452 1986 2515 scilicet

457 2537 560 2619 cipem
594 2541 738 2617 omniurn
770 2563 879 2625 regum
909 2547 940 2608 in
970 2555 1052 2610 terra
1083 2575 1090 2611 ε
1121 2551 1204 2616 intra
1258 2548 1350 2630 Papa.
1367 2549 1494 2611 Constat
1508 2568 1583 2630 argo
1597 2551 1681 2631 quod
1697 2558 1861 2632 magnaet
1875 2550 1986 2612 univcr-

457 2636 572 2698 clarius
598 2639 791 2720 exprimetur
816 2646 974 2723 quomodo
1000 2646 1062 2709 sint
1088 2648 1205 2713 intelli·
1258 2647 1315 2709 sali
1345 2647 1493 2710 Ecclesia
1519 2649 1684 2729 prasideat
1711 2649 1804 2731 Papa,
1828 2649 1984 2711 secundum

457 2735 570 2816 gendo.
1257 2743 1541 2826 Hieronymum30t
1554 2744 1637 2825 quod
1649 2745 1794 2808 Pontifex
1807 2766 1938 2808 summus
1950 2746 1986 2806 ab

1258 2843 1447 2924 Hieronymo
1471 2843 1618 2906 dominus
1637 2843 1787 2907 Ecclesia
1806 2844 1983 2927 appelletur;

1219 2940 1729 3105 parturiamus
1747 2951 1896 3122 uste
1910 2941 1983 3120 tlt

455 3127 503 3185 De
520 3134 676 3200 potestate
696 3136 726 3186 et
743 3131 938 3202 praelatione
956 3134 1086 3193 domini
1103 3136 1204 3209 Papae
1258 3147 1382 3219 oportet
1396 3158 1468 3201 eum
1490 3138 1537 3201 sic
1558 3156 1693 3219 praesse
1707 3139 1864 3219 Ecclesia,
1879 3149 1909 3201 ul
1922 3158 1985 3219 pos·

495 3216 792 3289 superum'ocrsam
805 3220 980 3279 Ecclesiam
992 3222 1201 3292 militantem,
1259 3238 1300 3299 sit
1321 3238 1381 3300 hoc
1400 3236 1583 3319 adimplere,
1606 3236 1757 3299 videlicet
1776 3247 1811 3299 ut
1829 3237 1920 3318 possit
1937 3237 1984 3298 toti

496 3322 536 3360 ea·
551 3304 649 3362 dictis
664 3315 850 3365 sanctorum
862 3317 997 3382 patrum
1009 3320 1039 3369 et
1049 3316 1204 3371 encretlctr·
1259 3336 1408 3398 Eccpesiae
1430 3336 1534 3417 legem
1555 3334 1704 3412 condere,
1718 3336 1759 3398 „d
1779 3356 1872 3417 quam
1889 3354 1984 3399 omnes

497 3394 697 3452 tissr'morum
716 3396 882 3455 doctorum
903 3399 1112 3476 Hieronymi,
1127 3404 1205 3461 Am-

498 3482 515 3538 b
580 3482 599 3495 ..
775 3485 794 3497 ..
923 3487 929 3499 .
997 3488 1002 3502 .
1260 3443 1323 3497 tam
1344 3432 1543 3515 conjunctim
1561 3451 1657 3513 quam
1675 3432 1807 3495 divisim
1827 3442 1983 3508 teneantm,

519 3501 610 3550 rosaz,
641 3486 791 3558 Gregorii
820 3494 851 3543 et
879 3489 1000 3545 Istdort
1029 3509 1040 3547 .·
1064 3509 1204 3567 quorum

497 3571 596 3629 dictis
626 3574 820 3631 concordam
851 3576 946 3633 verba
981 3578 1143 3652 &istm-8,
1173 3588 1204 3637 et
1259 3552 1407 3615 quouram
1442 3531 1547 3593 taliter
1575 3531 1613 3592 ad
1643 3550 1740 3592 unam
1767 3530 1865 3595 iidem
1891 3549 1984 3594 omnes

498 3660 757 3721 beatissimorum
782 3664 1055 3738 patriarcharum
1084 3669 1205 3744 Cyrr‘lli
1260 3638 1335 3692 sunt
1354 3628 1496 3711 mim·

497 3752 726 3811 Alemondrini
745 3761 775 3812 et
799 3754 921 3830 Cyrilti
937 3757 1206 3832 Jerosotpmitani
1299 3730 1462 3805 Pfffloeleaa
1488 3729 1519 3791 S·
1549 3728 1735 3790 Afflbs⁰⁵i¹¹⁸
1762 3738 1896 3792 lfflssltffls
1919 3727 1984 3789 lund

497 3848 594 3917 atque
609 3842 837 3918 Chrysostomi.
1259 3827 1371 3891 Christi
1386 3828 1426 3889 ad
1441 3827 1577 3905 Petrum,
1593 3826 1688 3889 Pasce
1706 3846 1783 3890 oves
1802 3846 1896 3907 meas,
1910 3826 2062 3888 attin-resen

979 4002 983 4010 ⁸
1259 3934 1325 3989 mat
1342 3925 1470 3989 :Petrus
1486 3944 1504 3987 a
1517 3925 1639 3989 Christo
1653 3925 1804 3989 omnibus
1818 3925 1982 3998 antefertur,

344 4028 372 4057 “t
386 4028 443 4065 ⁴¹⁹·
520 4019 614 4081 UPER
633 4020 711 4083 illud
730 4020 836 4097 Marci,
857 4022 1089 4085 Demonstrabit
1113 4023 1205 4087 vohis
1259 4025 1319 4087 hoc
1345 4033 1404 4104 est,
1431 4024 1590 4086 univorsis
1614 4024 1811 4105 praticitur3
1836 4025 1984 4107 ipsumque

533 4119 732 4181 coenaculum
748 4121 877 4201 grande,
890 4120 946 4199 [ait
960 4121 1201 4203 Hieronymusl:
1248 4123 1384 4185 *Petrum
1407 4122 1536 4203 reliquit
1558 4122 1699 4185 Christus
1718 4143 1784 4185 sua
1802 4123 1932 4186 caritatis
1947 4118 1985 4180 vi-

457 4217 599 4280 Ecclesia
615 4238 728 4300 magna
740 4218 838 4297 est‚in
853 4238 915 4300 qua
930 4229 1075 4282 narratur
1088 4240 1203 4284 nomen
1221 4220 1245 4281 b
1261 4222 1391 4299 carium,
1409 4229 1443 4283 ut
1457 4221 1580 4283 scilicet
1602 4230 1673 4303 post
1692 4222 1850 4284 Christum
1869 4241 1904 4284 ea
1921 4218 1985 4281 dile

458 4316 595 4397 Domini,
613 4324 709 4379 strata
734 4317 886 4380 varietate
910 4318 1062 4381 virtutum
1089 4328 1121 4381 et
1144 4319 1205 4380 lin·
1260 4321 1365 4383 ctione
1399 4328 1547 4401 praesset
1580 4339 1616 4382 ao
1649 4321 1831 4401 provideret
1856 4317 1985 4382 Ecclesia

457 4435 602 4496 guarum,
619 4416 652 4477 in
671 4435 733 4497 qua
752 4424 880 4498 paratur
904 4417 1037 4481 Domino
1063 4417 1203 4498 pascha;
1259 4438 1321 4500 qua
1336 4418 1477 4481 Christus
1492 4420 1552 4481 hoc
1567 4416 1654 4481 lecit.
1667 4419 1736 4481 Alia
1750 4438 1876 4500 quoque
1888 4418 1924 4480 de
1935 4417 1985 4477 hoc

457 4514 605 4576 dominus
637 4514 734 4595 hujus
767 4515 880 4577 domus
907 4515 1015 4577 Petrus
1044 4516 1204 4597 apostolus
1260 4517 1370 4581 scribit
1401 4517 1598 4594 Ambrosius,
1629 4536 1698 4598 qua
1725 4518 1802 4598 quia
1834 4515 1986 4599 praehabita

457 4622 516 4690 est,
535 4614 585 4675 cui
600 4613 752 4677 Dominus
767 4615 896 4677 (tomum
913 4633 1001 4676 suam
1013 4615 1153 4693 tradidit,
1170 4624 1204 4676 ut
1260 4636 1341 4694 reor,
1359 4616 1483 4679 omitto.

458 4713 500 4775 sit
520 4731 583 4775 una
604 4710 687 4773 sides
709 4711 769 4773 suh
790 4731 853 4775 uno
875 4721 1011 4794 pastore.
1300 4716 1339 4776 At
1354 4733 1428 4777 vero
1443 4715 1474 4777 S.
1491 4713 1660 4796 Gregorius
1675 4713 1828 4778 vicesimo
1843 4722 1924 4777 sexto
1935 4712 1986 4775 llo

497 4812 540 4874 Er
554 4810 604 4873 his
620 4810 723 4873 aureis
743 4810 871 4891 gloriosi
892 4811 1072 4893 Hieronymi
1098 4812 1203 4874 verbis
1260 4814 1374 4875 ralium
1390 4832 1486 4896 super
1500 4813 1577 4874 illud
1593 4813 1661 4891 lob,
1678 4811 1760 4876 [leus
1775 4822 1915 4895 potentes
1933 4830 1986 4873 non
1997 4815 2089 4867 ranam

456 4911 556 4973 multa
577 4908 748 4971 eliciuntur
771 4917 802 4970 et
826 4909 1069 4971 concluduntur.
1087 4910 1200 4987 Primo,
1259 4912 1382 4994 abjicit,
1399 4931 1496 4992 quum
1517 4920 1548 4974 et
1568 4910 1635 4992 ipse
1655 4912 1697 4973 sit
1715 4920 1840 4993 potens,
1856 4913 1897 4975 ait
1911 4935 1917 4972 :
1932 4909 1988 4971 ois-

456 5010 539 5092 quod
556 5028 613 5091 per
629 5008 707 5070 illud
723 5007 922 5070 coeuaculum
944 5010 1064 5089 grande
1086 5010 1118 5070 in
1141 5028 1203 5089 quo
1259 5010 1433 5073 cretionem
1455 5010 1580 5092 plenius
1598 5010 1772 5088 noscimus,
1788 5011 1815 5074 si
1841 5008 1987 5093 potestatis

456 5108 598 5172 Christus
613 5126 737 5171 coenam
752 5106 897 5169 ultimam
917 5107 1004 5187 lecit,
1022 5130 1038 5168 u
1055 5128 1169 5190 magna
1185 5131 1202 5167 n
1258 5108 1481 5172 ecclesiastica
1515 5107 1660 5191 exempla
1688 5128 1866 5172 cernamus.
1895 5109 1988 5170 Petrus

457 5228 513 5271 seu
535 5206 723 5270 universalis
739 5229 755 5265 ι(
771 5206 911 5269 Ecclesia
927 5230 943 5266 n
959 5207 1154 5289 designatur,
1170 5207 1202 5268 in
1259 5225 1396 5287 namque
1410 5216 1539 5270 auctore
1557 5207 1621 5269 lieo
1638 5206 1790 5270 Ecclesia
1811 5216 1916 5269 tenens
1934 5203 1987 5285 pri·
2002 5242 2084 5295 ,mg

458 5326 520 5388 qua
541 5305 723 5387 evangelica
742 5304 886 5367 doctrina
906 5324 963 5387 per
984 5314 1085 5369 totum
1105 5325 1203 5369 sacu-
1259 5314 1392 5385 matum,
1404 5324 1423 5368 a
1437 5304 1581 5369 Cornelio
1597 5306 1843 5369 immoderanter
1855 5299 1983 5368 honorari
1995 5320 2019 5358 a
