4309 6250
454 481 515 546 ³²2
766 496 886 546 murus
905 495 1075 544 annuntia
1094 491 1266 556 annonari,
1289 491 1378 540 ntaau
1398 493 1431 540 u.
1454 513 1493 524 —
1514 493 1585 541 aar.
1608 491 1695 540 xxvu

315 675 441 724 veut-¹111·
456 667 502 730 ait
517 690 525 730 ε
540 665 609 732 Non
631 667 718 731 dedit
732 667 824 733 vobis
842 667 996 730 Dominus
1016 685 1108 728 aures
1133 683 1203 746 quae
1217 665 1243 725 Α
1257 662 1441 727 humiliaret
1459 662 1580 727 homini
1600 662 1809 745 protoplasto.
1824 663 1864 726 lle
1881 663 1936 725 hac
1957 679 1985 726 re

308 742 329 784 ⁴'
457 766 581 849 possint
612 767 733 829 audire.
759 766 820 829 Sed
850 766 925 828 buic
954 765 1052 828 verbo
1077 764 1204 826 videtur
1257 762 1289 825 iu
1314 761 1423 824 multis
1445 761 1579 825 Alcoran
1600 761 1747 843 passibus
1770 761 1915 843 scriptum
1934 769 1984 822 est.

456 864 663 944 contrarium,
679 865 764 946 quod
785 863 970 945 frequenter
991 863 1023 924 in
1046 861 1202 925 hloorano
1258 858 1335 922 Nam
1363 859 1425 922 alio
1454 858 1525 923 loco
1557 859 1718 938 asseritur,
1751 862 1851 922 Deum
1876 861 1987 936 anpetis

456 963 640 1045 precipitur
658 963 834 1026 Mahometo
854 970 888 1024 ut
908 964 1005 1022 uerba
1020 964 1083 1023 Dei
1101 963 1205 1022 incre·
1253 960 1445 1036 praecepisse
1463 967 1499 1019 ut
1515 979 1547 1019 se
1566 960 1742 1019 interram
1759 965 1986 1036 prosternerent

455 1063 546 1122 duiis
569 1064 712 1132 nuntiet,
737 1071 767 1122 et
789 1081 898 1122 omnes
920 1063 965 1122 ad
987 1080 1081 1120 suam
1104 1063 1204 1137 tepem
1257 1076 1367 1116 coram
1387 1059 1506 1120 Adam.

455 1160 584 1220 incitet.
600 1158 683 1241 Ergo
705 1178 779 1221 cum
798 1157 846 1221 eis
869 1175 1048 1222 sermonem
1069 1156 1205 1219 debebat
1297 1153 1358 1216 Sed
1373 1154 1455 1216 istud
1470 1173 1535 1216 non
1555 1161 1709 1218 consonat
1728 1152 1847 1216 divinis
1864 1152 1986 1235 Scriptu-

457 1255 551 1321 iuiro.
1259 1252 1313 1332 ris,
1330 1252 1364 1314 in
1389 1251 1505 1334 quibus
1529 1252 1590 1315 alia
1615 1270 1712 1314 causa
1734 1251 1833 1314 ruinae
1852 1251 1985 1332 angelice

494 1354 627 1437 insuper
641 1356 695 1419 hic
709 1355 843 1418 habetur
857 1357 1041 1425 :Hictibem
1054 1353 1204 1417 videlicet
1258 1351 1417 1413 edocetur.
1441 1349 1604 1431 Siquidem
1630 1349 1662 1412 in
1686 1349 1767 1413 lsaia
1792 1349 1850 1412 sub
1867 1367 1985 1432 persam

454 1452 601 1533 Alcoran,
617 1456 705 1514 nitit
724 1456 963 1530 pretermittit.
984 1452 1096 1515 Fateor
1118 1452 1202 1533 quod
1258 1449 1341 1530 regis
1355 1447 1523 1530 Rabylonis
1538 1449 1578 1511 de
1593 1467 1670 1511 casu
1689 1447 1787 1529 hujus
1802 1447 1901 1529 angeli
1921 1447 1985 1528 legi-

453 1548 535 1612 nihil
553 1547 714 1629 falsitatis,
730 1548 811 1611 nihil
834 1548 991 1632 perfidiae,
1007 1547 1087 1609 nibil
1109 1549 1204 1610 haere·
1258 1556 1331 1609 tur:
1348 1545 1510 1621 Quomodo
1532 1545 1675 1609 cecidisti
1696 1547 1736 1608 de
1758 1545 1850 1624 coelo,
1864 1544 1984 1624 Lucifer,
2007 1567 2088 1612 tanta-

454 1647 524 1710 ticae
543 1647 709 1730 pravitatis
731 1647 859 1710 omittit.
875 1645 939 1709 Nec
960 1647 1063 1710 solum
1083 1637 1220 1709 theoto!
1257 1644 1311 1725 qui
1332 1663 1425 1707 mane
1444 1643 1608 1724 oriebaris,
1624 1645 1680 1726 qni
1704 1642 1834 1706 dicebas
1852 1644 1883 1706 iu
1906 1633 2022 1706 corde¹⁴³

451 1745 607 1828 gicis,sed
623 1754 654 1809 et
669 1745 899 1827 philosophicis
910 1744 1095 1808 vertutibus
1109 1742 1201 1806 valde
1257 1750 1322 1820 tuo,
1339 1742 1373 1804 ln
1390 1743 1507 1805 coelum
1522 1743 1706 1820 ascendam,
1723 1761 1820 1824 supra
1834 1748 1913 1803 astra
1925 1740 1985 1803 coeli

349 1870 391 1910 aa
406 1881 436 1912 n.
451 1850 620 1925 repugnat,
644 1851 679 1904 ut
699 1842 803 1924 patuit
823 1850 855 1904 et
875 1840 1005 1924 patebit.
1219 1839 1401 1904 ltexaltabo
1426 1840 1542 1904 solium
1566 1859 1685 1921 meum,
1702 1839 1821 1904 sedebo
1844 1839 1874 1901 iu
1895 1847 1986 1902 monto

490 1941 610 2003 Rursus
625 1940 679 2003 bic
694 1939 811 2002 dicitur
827 1963 834 2001 ε
850 1943 930 2009 Quis
943 1941 1089 1999 deterior
1103 1958 1201 2018 quam
1257 1939 1449 2017 testamenti,
1480 1940 1650 2002 ascendam
1680 1957 1778 2022 super
1804 1938 1985 2001 altitudinem

450 2041 515 2100 Dec
529 2041 737 2099 mendacium
756 2040 936 2114 imponens,
952 2040 1002 2097 uei
1015 2057 1048 2097 se
1066 2039 1201 2097 missum
1257 2036 1402 2118 nubium,
1420 2037 1534 2099 similis
1559 2054 1613 2099 ero
1636 2037 1823 2100 attissimot
1838 2035 1918 2098 Istud
1939 2035 1986 2097 ita-

449 2139 554 2214 fuisse
585 2139 743 2198 nuntium
770 2138 973 2197 mendaciter
1000 2135 1202 2212 perhibens?
1257 2155 1318 2217 que
1343 2134 1404 2197 luit
1427 2134 1523 2217 primi
1542 2134 1648 2216 augeli
1670 2135 1907 2216 transgressoris
1926 2152 1987 2215 pec-

451 2234 517 2298 lloc
536 2233 648 2298 Mahon
667 2234 814 2314 inseruit,
830 2253 871 2296 nc
890 2233 1052 2296 videretur
1069 2253 1140 2296 esse
1155 2240 1201 2295 ta-
1257 2241 1373 2309 catum,
1399 2233 1483 2314 quod
1509 2232 1611 2296 voluit
1634 2233 1698 2296 Deo
1722 2232 1857 2296 creatori
1884 2230 1986 2294 inordi-

450 2331 503 2410 lis,
526 2340 603 2414 puta
626 2331 687 2396 hoc
710 2332 833 2395 iaciens
855 2357 862 2394 ε
885 2332 1000 2394 similia
1026 2331 1198 2411 meretrici,
1256 2340 1329 2394 nate
1361 2331 1540 2395 assimilari.
1568 2332 1675 2395 Voluit
1702 2351 1841 2414 namque
1867 2330 1984 2413 angelis,

449 2448 520 2511 quo
540 2433 589 2510 (ut
607 2430 756 2494 Salomn
780 2431 906 2511 scribit)
923 2449 1023 2512 quum
1043 2429 1200 2493 fornicata
1257 2430 1373 2511 quibus
1404 2449 1462 2513 per
1496 2430 1673 2494 naturalem
1706 2429 1929 2512 perlectionem
1954 2449 1985 2492 ac

308 2527 555 2609 rmi.m,luerit,
572 2529 668 2611 tergit
689 2547 726 2591 os
751 2548 857 2608 suum,
878 2529 990 2592 dicens
1007 2552 1015 2592 z
1032 2528 1101 2592 Non
1127 2547 1200 2611 pec·
1256 2528 1396 2611 speciem
1425 2529 1553 2612 dignior
1581 2528 1653 2608 luit,
1684 2549 1832 2612 preesse,
1861 2549 1920 2593 uon
1946 2547 1986 2590 ss·

301 2616 336 2659 ²⁰·
449 2627 529 2690 cavi.
547 2627 608 2690 Sed
623 2628 706 2690 bens
721 2627 751 2690 ei
769 2628 912 2690 dicturus
935 2636 994 2709 est,
1011 2628 1077 2691 imo
1100 2635 1132 2690 et
1151 2627 1200 2689 di·
1255 2629 1395 2690 cundum
1424 2626 1479 2690 Dei
1509 2628 1657 2692 altissimi
1689 2628 1926 2711 dispositionem
1955 2646 1984 2690 ac

300 2748 433 2799 resima
447 2725 493 2788 xit
509 2749 517 2788 ε
533 2725 577 2788 Ex
598 2743 654 2789 ore
673 2735 728 2790 tuo
747 2734 777 2789 te
796 2727 916 2808 judico,
935 2745 1025 2789 serve
1047 2745 1195 2809 nequam.
1255 2726 1369 2808 legem,
1391 2727 1447 2789 sed
1473 2727 1648 2790 secundum
1673 2727 1836 2809 propriam
1861 2727 1985 2790 voluuta-

311 2847 352 2890 m.
376 2823 576 2898 mellentini
609 2833 658 2888 est
692 2843 830 2906 namque
866 2825 1018 2907 iniquitas
1053 2824 1137 2902 sibi;
1167 2831 1198 2887 et
1254 2833 1329 2887 tem.
1346 2825 1384 2886 Et
1408 2825 1454 2888 sic
1479 2825 1586 2888 renuit
1605 2825 1669 2889 Deo
1689 2825 1799 2889 debito
1820 2827 1910 2890 ruodo
1928 2823 1986 2887 sub

301 2912 335 2953 ¹²·
448 2923 602 3005 quidquid
630 2922 742 2987 Mahon
770 2932 881 2986 contra
902 2923 1084 2986 incredulos
1106 2922 1195 3002 dicit,
1253 2942 1334 3003 esse,
1361 2930 1392 2986 et
1415 2923 1488 2986 aliis
1516 2923 1617 2987 voluit
1645 2942 1709 2987 non
1740 2933 1825 2988 recte
1853 2942 1983 3007 pmesse,
2102 2951 2103 2954 ¹

448 3021 605 3083 redundat
624 3021 658 3083 in
681 3022 785 3104 ipsum
806 3029 838 3085 et
859 3022 893 3083 iu
915 3022 985 3104 ejus
1011 3040 1174 3103 sequaces.
1212 3019 1340 3084 Cvelut
1355 3019 1381 3083 si
1396 3020 1547 3103 princeps
1570 3021 1691 3084 militiae
1706 3021 1784 3084 velit
1799 3039 1927 3104 praeesse
1940 3019 1985 3082 nri·

487 3120 652 3199 Praeterea,
669 3121 704 3183 in
726 3121 940 3185 sextodecimo
960 3120 1100 3203 capitulo
1120 3120 1198 3184 dici·
1254 3118 1374 3198 tisibus,
1392 3138 1455 3183 non
1471 3119 1647 3183 secundum
1663 3119 1746 3203 regis
1767 3121 1816 3184 sui
1836 3129 1982 3199 statutum,

448 3228 501 3281 tur
517 3243 525 3281 ε
541 3223 584 3281 In
598 3223 701 3282 Deum
717 3223 883 3282 credentes
897 3230 928 3281 et
943 3222 1015 3299 ejus
1025 3223 1199 3297 praeceptis
1253 3222 1308 3284 sed
1334 3222 1508 3284 secundum
1537 3220 1702 3304 proprium
1731 3240 1872 3285 sensum.
1898 3223 1983 3301 Atque

447 3319 640 3389 obedientes,
656 3321 747 3379 licite
766 3322 807 3379 de
822 3321 917 3380 rebus
931 3320 1081 3380 omnibus
1100 3336 1199 3395 super
1253 3317 1285 3379 in
1305 3318 1364 3381 hoc
1384 3318 1566 3381 inordinate
1581 3318 1715 3401 appetiit
1737 3319 1983 3382 assimilationem
2101 3360 2102 3383 t

449 3436 531 3497 quas
554 3436 670 3477 nomen
689 3418 753 3479 Dei
773 3418 959 3477 invocatum
983 3426 1042 3487 est,
1057 3420 1097 3477 de
1119 3418 1198 3476 aliis
1253 3416 1395 3479 divinam
1412 3439 1419 3479 ε
1435 3416 1587 3499 quoniam
1612 3416 1676 3480 Deo
1695 3425 1744 3479 est
1761 3418 1931 3501 proprium,
1945 3435 1983 3477 se

449 3534 524 3575 vero
546 3534 763 3596 nequaquam,
774 3517 843 3577 nisi
855 3518 1043 3576 necessitate
1055 3523 1197 3593 copente,
1253 3516 1392 3578 cundum
1416 3515 1581 3598 proprium
1601 3515 1684 3579 velle
1704 3534 1853 3599 pmesse,
1869 3524 1899 3579 et
1916 3514 1982 3577 nulli

448 3616 612 3673 comedere
629 3623 763 3692 queunt.
780 3613 866 3676 lstud
887 3613 1050 3677 dissonare
1071 3614 1199 3676 videtur
1253 3613 1394 3676 subesse.

339 3728 468 3788 asiaca
495 3710 601 3773 verbis
625 3710 742 3792 quibus
767 3730 863 3794 supra
890 3712 956 3793 jam
979 3712 1110 3793 quidam
1135 3712 1197 3774 cibi
1293 3710 1387 3775 Porro
1411 3712 1451 3775 ad
1472 3711 1564 3773 istam
1588 3711 1758 3775 elationem
1783 3713 1884 3777 mouit
1904 3730 1983 3794 auge
2100 3710 2101 3761 i

449 3807 601 3891 prohibiti
622 3816 697 3871 sunt
717 3810 858 3873 strictius
877 3829 973 3893 quam
988 3810 1051 3889 hic,
1067 3829 1197 3893 praeser-
1254 3810 1319 3873 lum
1344 3810 1435 3873 illum
1460 3810 1672 3874 consideratio
1696 3810 1848 3893 ingenite
1866 3818 1983 3875 etnatu-

448 3907 505 3968 tim
527 3924 602 3969 caro
622 3905 727 3970 suilla.
1254 3906 1329 3970 ralis
1358 3907 1567 3991 perfectionis
1601 3926 1638 3971 ao
1667 3908 1865 3972 excellentias
1894 3926 1980 3971 sue:

1252 4024 1349 4087 quam
1364 4005 1519 4069 intuendo
1535 4005 1715 4069 inordinate
1731 4006 1916 4090 complacuit
1932 4003 1981 4066 sibi

1253 4104 1287 4165 in
1320 4123 1365 4184 se,
1396 4123 1457 4168 nec
1485 4103 1593 4167 retulit
1623 4124 1692 4167 earu
1722 4106 1761 4167 ad
1792 4105 1928 4169 debitum
1952 4102 1982 4164 ir

613 4180 858 4246 ARTIGULUS
886 4182 1027 4245 XXVII·
1213 4202 1338 4281 linem,
1356 4211 1431 4283 puta
1456 4203 1496 4264 ad
1523 4202 1678 4266 Creatoris
1704 4203 1858 4267 honorem
1880 4212 1908 4266 et
1926 4202 1982 4284 glo

489 4320 610 4380 Contra
631 4320 792 4379 stultitias
816 4322 979 4399 sequentis
1001 4324 1154 4397 capituti,
1252 4302 1352 4379 riam3
1369 4302 1425 4363 sed
1444 4301 1576 4365 SiSfflbai
1594 4302 1628 4363 in
1648 4302 1899 4367 ⁰⁰⁰⁸id0fflfi⁰⁰0
1916 4319 1980 4385 ΡΨ

622 4410 744 4468 scilicet
759 4410 1019 4485 septimadecima
1251 4399 1326 4477 lata,
1343 4409 1437 4481 atque
1458 4419 1496 4463 ex
1517 4418 1554 4462 ea
1575 4402 1614 4462 ad
1637 4399 1725 4463 illam
1747 4402 1923 4484 superbiam
1940 4406 1980 4461 est
2098 4404 2099 4423 ¹

1251 4498 1410 4561 inductus.
1434 4497 1520 4561 lstud
1544 4516 1671 4580 quoque
1697 4500 1797 4580 tangit
1822 4500 1977 4583 Scriptura,

510 4592 670 4657 attinio
701 4594 762 4657 isto
789 4596 880 4677 quasi
912 4616 951 4659 ex
978 4596 1032 4660 hei
1060 4616 1196 4679 persona
1251 4597 1399 4677 quoniam
1414 4616 1471 4679 per
1484 4596 1682 4660 Ezechielem
1696 4598 1774 4661 dicit
1786 4598 1870 4663 heus
1882 4596 1979 4679 angelo

525 4690 707 4753 hominibus
737 4692 853 4754 dicitur
874 4716 881 4754 :
905 4696 971 4770 tipo
993 4697 1139 4771 precepi
1159 4705 1196 4756 ut
1250 4696 1353 4757 huic:
1381 4696 1427 4757 'lu
1451 4694 1651 4777 signaculum
1678 4695 1904 4775 similitudinis,
1924 4695 1979 4779 ple
2000 4712 2056 4763 aare,

446 4792 559 4867 capeti
581 4809 613 4849 ae
632 4792 729 4867 patri
751 4800 868 4861 oestro,
888 4789 1010 4855 scilicet
1033 4792 1118 4872 Ado,
1139 4795 1197 4854 hai-
1249 4814 1314 4865 nus¹
1326 4795 1482 4876 sapientia
1497 4802 1528 4857 et
1547 4794 1708 4877 perlectus
1728 4796 1855 4877 decore,
1871 4796 1901 4859 iu
1914 4792 2039 4887 deli-{¹⁰³⁴
2056 4776 2076 4813 '²'
2097 4788 2098 4799 ’

446 4892 619 4951 initiarent
627 4910 642 4959 ,·
656 4900 880 4969 praeceptoque
903 4910 971 4950 meo
998 4912 1118 4963 amnes,
1141 4914 1195 4952 ecc-
1249 4894 1309 4957 ciis
1326 4894 1460 4976 paradisi
1476 4894 1530 4955 Dei
1547 4893 1635 4957 tuisti
1646 4917 1654 4973 ;
1666 4903 1699 4957 tu
1715 4895 1839 4958 Cherub
1853 4900 1978 4959 exiemus

446 4997 534 5066 cepto
548 4989 737 5057 Beelzebub,
748 4998 946 5063 paruerunt.
964 4988 1045 5051 Ecce
1061 4990 1112 5052 his
1128 5010 1196 5054 ver·
1250 5001 1282 5055 et
1309 5000 1490 5073 protegens,
1516 4992 1609 5073 posui
1639 5001 1669 5055 te
1697 4992 1728 5054 in
1755 5000 1979 5057 montesancto

445 5085 497 5149 bis
522 5083 649 5147 videtur
671 5084 828 5146 insinuari
853 5105 948 5148 causa
968 5087 1067 5149 ruinae
1090 5090 1194 5170 angeli
1249 5091 1314 5169 liei,
1336 5090 1368 5151 in
1393 5089 1498 5152 medio
1523 5089 1665 5172 lapidum
1690 5090 1873 5171 ignitorum,
1892 5092 1978 5154 donec

445 5183 543 5267 primi
558 5190 720 5265 apostatae,
735 5176 821 5263 ¹tpttod
841 5184 963 5247 scilicet
982 5184 1052 5248 ideo
1067 5187 1192 5267 cecidit,
1250 5189 1378 5251 inventu
1401 5196 1449 5251 est
1470 5187 1621 5270 iniquitas
1641 5188 1675 5249 iu
1699 5196 1749 5266 te;
1765 5188 1920 5252 elevatum
1940 5193 1979 5249 est

445 5283 522 5367 qtria
550 5281 737 5345 inobediens
765 5279 826 5344 tuit
853 5282 917 5346 lieo
944 5283 1067 5364 jubenti
1096 5294 1131 5347 ut
1160 5306 1193 5349 se
1250 5306 1306 5351 cor
1338 5296 1427 5352 tuum
1460 5288 1493 5349 in
1525 5288 1639 5350 decore
1668 5294 1732 5366 tuo,
1763 5296 1796 5350 et
1831 5283 1978 5372 perdidisti
