4309 6250
420 513 459 559 nr
479 509 643 559 oronnam
663 509 701 556 ar
721 509 870 556 naunmus
891 508 918 553 a.
941 507 971 552 v.
993 505 1111 564 urata,
1133 505 1222 552 marn
1243 507 1264 552 r.
1286 523 1328 536 —
1347 505 1417 552 aar.
1440 503 1536 552 xxxva
1711 483 1752 548 63

205 701 241 744 ac
264 681 438 744 naturalior
462 679 543 744 solat
565 699 635 743 esse
664 677 803 742 dilectio.
830 675 950 739 Idcirco
965 676 991 739 A
1005 675 1151 738 staticam
1183 693 1257 738 cum
1288 674 1352 738 Deo
1385 671 1656 754 conjunctionem,
1685 691 1751 736 non

203 779 286 841 inter
305 779 467 842 Christum
485 785 517 840 et
536 777 712 860 virgineam
732 776 803 856 ejus
822 775 950 836 Matrem
1005 780 1053 836 est
1067 772 1130 836 alia
1143 773 1207 836 lleo
1227 781 1290 836 tam
1311 772 1417 834 vicina
1436 779 1473 834 ut
1486 771 1562 834 unio
1575 769 1680 834 blatris
1695 769 1750 832 Dei

203 877 311 940 decuit
345 895 415 940 esse
449 875 702 958 complexionem
743 873 949 951 simillimam,
1005 889 1079 933 cum
1101 870 1165 934 Deo
1185 863 1267 932 litio
1284 889 1353 933 suo.

204 975 472 1056 quemadmodum
488 981 520 1036 at
539 991 681 1036 amorem
699 989 764 1034 non
780 970 882 1034 solum
904 969 952 1032 in-

203 1075 323 1151 lusum,
353 1073 409 1135 sed
442 1073 536 1134 etiam
565 1071 742 1133 naturalem
776 1089 812 1132 ac
842 1068 951 1151 praeci-

202 1190 313 1252 puum.
323 1170 467 1250 Insuper,
477 1187 586 1232 eorum
602 1167 655 1248 qui
671 1167 704 1230 in
721 1163 949 1248 complexionis
1163 1151 1409 1216 ARTICULUS
1432 1149 1590 1215 XXXVI.

202 1267 343 1332 mnium
371 1275 466 1348 atque
498 1265 647 1347 ingenim
676 1263 792 1327 ind⁰¹i⁸
821 1262 950 1345 pmela'
1003 1301 1058 1360 An
1076 1300 1201 1377 uliquis
1221 1299 1489 1375 supernaturalis
1507 1298 1752 1376 utquesenaibi·

201 1367 293 1428 sime
333 1366 436 1446 ¹¹¹⁸Si⁵
476 1363 723 1442 ⁰⁰¹¹¹¹¹¹¹¹¹¹i⁰⁰¹¹¹r
755 1361 881 1425 dulci&
918 1367 951 1422 ⁰²
1044 1389 1087 1447 lis
1106 1391 1261 1464 splendor
1284 1389 1320 1446 in
1343 1389 1536 1446 beatissimae
1556 1388 1677 1447 Marioe
1696 1404 1752 1462 op·

200 1463 446 1528 convenientior
469 1461 661 1525 cohabitatio
690 1469 722 1524 et
749 1460 949 1522 conversatio
1039 1477 1196 1552 pamm-t
1221 1481 1330 1545 vulp„
1349 1477 1587 1554 miramque
1610 1477 1691 1534 odo,
1715 1475 1751 1534 ἡ,

200 1568 312 1624 exstat.
329 1559 601 1623 Gobabitationem
616 1565 721 1620 autem
735 1565 768 1620 et
781 1575 949 1620 conversa-
1043 1566 1264 1625 secretissimo
1277 1583 1411 1641 corpore
1423 1566 1505 1641 ejus.

199 1659 322 1722 tionem
350 1656 420 1719 Filii
445 1657 499 1720 Dei
524 1675 561 1718 ac
586 1655 656 1737 ejus
680 1653 949 1737 praestantissimae

199 1755 370 1820 Genitricis
391 1755 424 1816 in
444 1755 560 1817 saeculo
580 1754 651 1831 isto,
668 1752 809 1834 oportuit
828 1751 949 1814 suavis-
1072 1755 1245 1815 ULCHRA
1276 1772 1319 1822 ea,
1339 1753 1444 1812 amica
1470 1771 1552 1820 meo,
1572 1753 1695 1822 suauis,
1719 1759 1751 1812 et
1767 1769 1899 1822 casada

200 1852 314 1916 simanr
351 1851 749 1932 convenientissimamque
784 1849 985 1914 exsistereb
1081 1853 1199 1911 decora
1217 1853 1507 1911 sivemercedem.
1524 1847 1559 1910 ln
1581 1848 1690 1912 libello
1710 1848 1751 1910 de

199 1951 323 2014 idcirco
338 1951 371 2011 in
386 1949 560 2014 barmoniae
580 1947 759 2030 equalitate
782 1946 947 2010 benedicta
1002 1946 1076 2011 Ortu
1097 1955 1130 2010 at
1148 1948 1215 2011 vita
1235 1947 1409 2010 benedictae
1431 1947 1533 2010 llariae
1555 1947 1749 2029 apocrypho,

200 2059 233 2112 et
260 2047 463 2111 serenissima
492 2047 582 2130 virgo
610 2046 705 2109 Maria
734 2045 795 2108 luit
822 2063 880 2108 suo
908 2043 949 2106 si·
1002 2047 1154 2109 recitatur
1180 2047 1265 2129 quod
1288 2065 1387 2128 quum
1415 2053 1500 2110 assat
1528 2047 1624 2108 trium
1652 2063 1752 2108 anno-

199 2147 336 2208 millima
360 2146 452 2209 Filio.
1002 2163 1086 2222 rum,
1116 2152 1180 2206 mm
1208 2152 1334 2208 maturo
1363 2163 1475 2226 gressu
1504 2143 1689 2206 ambulabat
1718 2152 1751 2206 et

240 2244 395 2326 Amplius,
412 2243 494 2306 sicut
508 2241 709 2305 nobilissima
728 2240 847 2304 exstitit
861 2240 949 2304 Chri·
1002 2241 1235 2324 perlectissime
1267 2241 1467 2324 loquebatur,
1496 2241 1587 2323 quasi
1620 2240 1751 2322 triginta

201 2344 241 2405 sti
264 2341 454 2424 complexio,
471 2341 518 2404 sic
543 2341 649 2404 decuit
673 2359 747 2404 eum
771 2339 949 2422 proportio
1002 2347 1086 2402 esset
1112 2359 1292 2416 annorum3
1323 2339 1367 2402 ita
1398 2338 1595 2404 orationibus
1624 2338 1751 2402 insiste

200 2451 275 2504 nato
290 2440 371 2503 lacte
387 2439 419 2502 in
436 2459 493 2501 sua
512 2437 613 2502 lovcri
634 2437 778 2500 infantia.
795 2437 857 2500 Lae
871 2456 948 2520 ergo
1002 2439 1065 2516 bat,
1082 2445 1115 2502 ct
1131 2437 1232 2502 facies
1251 2438 1322 2520 ejus
1341 2436 1540 2520 splendebat,
1557 2446 1593 2500 ut
1606 2438 1660 2500 vix
1679 2456 1750 2519 pos-

199 2538 405 2620 virgr‘nalium
430 2537 563 2601 uberum
581 2536 713 2600 Dailarae
733 2535 851 2616 blattis,
866 2537 948 2618 opti·
1002 2544 1049 2598 set
1073 2536 1105 2597 in
1130 2537 1202 2618 ejus
1227 2536 1351 2599 vultum
1375 2535 1545 2617 quisquam
1571 2535 1747 2600 intendere.

200 2657 260 2700 mae
285 2635 347 2698 luit
369 2635 611 2717 dispositionis:
631 2635 716 2717 quod
741 2635 946 2697 eminentiam
1001 2633 1061 2696 Sed
1089 2634 1158 2698 bac
1185 2635 1367 2717 apocrypha
1394 2641 1582 2716 reputantur
1612 2657 1620 2694 ε
1651 2651 1750 2714 quan-

199 2735 300 2817 exigit
319 2735 410 2798 bonta
431 2733 672 2815 complexionis.
1001 2749 1108 2812 quam,
1146 2740 1179 2795 ut
1214 2740 1333 2794 tactum
1368 2740 1417 2795 est
1450 2751 1557 2814 supra,
1595 2731 1749 2794 credibile
1763 2755 1849 2795 man.

239 2833 313 2896 ldeo
331 2832 427 2914 Virgo
449 2831 517 2894 bac
542 2830 647 2912 unica,
664 2849 720 2914 per
739 2849 836 2913 quam
858 2847 947 2912 repa·
999 2829 1184 2908 estimetur,
1208 2829 1293 2911 quod
1317 2849 1394 2893 usus
1419 2830 1551 2894 rationis
1578 2827 1642 2892 luit
1667 2829 1750 2891 anti-

199 2941 268 2994 rata
282 2939 314 2994 et
328 2929 496 2994 reformata
510 2937 585 2992 sunt
597 2930 834 3011 universaquae
849 2929 946 2991 Deum
1001 2929 1125 3011 cipatua
1153 2929 1186 2990 in
1214 2947 1263 3009 ea,
1292 2937 1324 2992 et
1351 2928 1435 3011 quod
1463 2927 1749 3011 supernaturaliter

198 3029 346 3112 concepit
375 3037 504 3106 naturae,
531 3027 593 3090 luit
618 3027 651 3090 in
675 3047 733 3092 suo
757 3047 833 3090 sexu
857 3027 982 3093 omnic
1001 3027 1207 3090 roborabatur
1230 3045 1364 3108 corpore
1387 3034 1419 3087 et
1442 3025 1550 3088 anima
1573 3027 1614 3088 ad
1638 3025 1747 3089 divina

198 3129 335 3193 naturali
350 3128 545 3210 perfectione
561 3127 740 3191 sublimiter
754 3127 943 3191 decoranda.
999 3127 1162 3208 obsequia.

196 3228 262 3291 lt'ec
291 3226 399 3290 decuit
432 3226 637 3289 tenerrimum
666 3244 703 3287 ac
738 3224 945 3287 nobilissima
1038 3224 1193 3305 Denique,
1209 3224 1376 3307 dispositio
1399 3224 1505 3287 cordis
1530 3224 1673 3286 relucere
1697 3242 1747 3287 so-

197 3324 429 3408 complaxionis
452 3322 644 3386 infantulum
673 3342 710 3386 ac
740 3342 872 3405 puemm
898 3323 946 3385 le-
999 3322 1043 3385 let
1062 3322 1095 3384 in
1117 3323 1219 3402 vultu,
1236 3323 1411 3404 praesertim
1433 3323 1464 3384 in
1486 3321 1599 3384 oculis.
1616 3321 1747 3402 Propter

197 3443 270 3487 sum
292 3422 479 3487 contrectari
501 3430 533 3484 et
553 3421 694 3501 educari,
710 3422 871 3503 amplecti,
891 3421 946 3483 de-
998 3420 1084 3501 quod
1104 3420 1137 3481 in
1156 3419 1334 3483 Proverbiis
1355 3418 1503 3482 Salomon
1528 3427 1743 3501 protestatur:

197 3520 346 3599 osculari,
360 3519 547 3601 constringi,
564 3520 627 3581 nisi
641 3538 660 3582 a
674 3528 773 3581 matre
789 3518 942 3601 virginea,
998 3518 1161 3593 Quomodo
1176 3518 1209 3579 in
1223 3516 1315 3598 aquis
1333 3516 1539 3599 resplendent
1553 3518 1660 3580 vultus
1674 3534 1747 3599 pro-
1761 3538 1893 3593 amane,

196 3620 229 3682 in
259 3618 455 3681 naturalibus
483 3624 576 3697 atque
603 3617 748 3699 gratuitis
777 3616 945 3699 elegantis-
998 3616 1214 3699 spicientium,
1244 3616 1292 3678 sic
1323 3616 1419 3679 corda
1451 3615 1615 3678 bominum
1647 3614 1747 3679 mani·
1762 3604 1795 3645 ¹⁹·

197 3718 278 3781 sime
302 3724 481 3799 perornata,
507 3716 546 3777 dc
571 3734 634 3797 qua
658 3714 725 3796 ipae
750 3714 782 3777 in
807 3714 943 3778 Canticis
998 3714 1079 3776 testa
1107 3722 1182 3776 sunt
1209 3712 1428 3795 prudentibus.
1458 3712 1492 3773 ln
1520 3712 1746 3777 Ecclesiastico

102 3850 182 3899 Μ,
197 3816 365 3879 verissime
389 3820 583 3877 contestatur
606 3836 613 3873 :
641 3813 717 3875 Tota
740 3812 873 3895 pulcbra
896 3832 942 3893 cs,
997 3830 1125 3893 quoque
1145 3812 1261 3893 legitur
1277 3835 1284 3872 z
1300 3812 1347 3873 Ex
1367 3812 1439 3873 visu
1461 3812 1664 3893 cognoscitur
1683 3812 1743 3894 vir,
1768 3832 1892 3887 aeona

197 3914 300 3977 amica
323 3932 403 3993 mea,
420 3920 452 3974 et
476 3908 600 3974 macula
624 3929 688 3973 non
713 3918 761 3974 est
780 3910 813 3972 in
834 3919 875 3974 te.
892 3912 944 3973 Et-
998 3918 1029 3973 et
1042 3910 1084 3973 ab
1097 3928 1235 3973 occursu
1249 3908 1342 3973 iaciei
1363 3908 1566 3991 cognoscitur
1585 3918 1741 3973 sensatus.
1760 3897 1793 3938 ²⁶·

196 4012 284 4075 euim
315 4030 333 4074 a
365 4010 471 4091 planta
507 4008 598 4091 pedis
633 4026 732 4090 usque
770 4008 809 4071 ad
849 4010 944 4072 verti·
997 4008 1076 4071 ilinc
1105 4007 1137 4069 in
1165 4006 1355 4071 Ecclesiaste
1383 4007 1518 4069 babetur
1547 4030 1554 4069 ε
1581 4007 1743 4089 Sapientia
1770 4028 1845 4073 aaa.

196 4129 267 4173 ccm
289 4107 411 4189 capitis,
428 4106 473 4169 nil
492 4106 619 4188 penitus
641 4104 700 4167 luit
720 4105 753 4167 in
775 4124 823 4183 ca,
840 4125 943 4189 nequa
996 4104 1137 4168 bominis
1166 4106 1251 4169 lucet
1274 4104 1307 4167 in
1330 4104 1421 4167 vultu
1445 4105 1526 4186 ejus.
1543 4102 1662 4185 itaqua,
1679 4124 1744 4187 quo
1758 4097 1830 4143 '¹¹¹·¹·

196 4208 229 4269 in
261 4206 367 4269 anima
403 4222 507 4285 neque
541 4204 574 4264 in
608 4222 751 4284 corpore,
778 4204 940 4283 indecens,
958 4203 1226 4273 Damabilissima
1244 4212 1276 4265 et
1294 4202 1521 4284 gratiosissima
1540 4203 1631 4284 virgo
1651 4204 1744 4266 llaria

196 4302 458 4387 reprehensibile,
490 4302 674 4365 indecorum
705 4324 712 4363 :
744 4302 809 4365 imo
842 4311 941 4365 totum
996 4302 1101 4365 adbuc
1129 4300 1288 4364 inlantula
1316 4310 1348 4363 et
1375 4301 1613 4365 adolescentula
1644 4302 1744 4365 abun·

195 4403 257 4466 luit
282 4402 397 4464 divinae
422 4400 585 4482 sapientiae
613 4400 732 4463 circino
757 4398 939 4481 formatum,
996 4400 1192 4463 dantioribus
1225 4398 1406 4462 divinorum
1437 4399 1663 4462 charismatum
1697 4400 1745 4463 in-

193 4500 410 4584 pulcberrime
439 4497 664 4561 circumcisum
692 4498 732 4561 ab
767 4499 854 4561 omni
890 4518 942 4561 su·
997 4497 1177 4561 lusionibus
1193 4498 1253 4560 luit
1271 4506 1443 4580 praeventa,
1460 4515 1498 4561 eo
1516 4497 1585 4559 baec
1603 4498 1673 4579 ipsa
1693 4518 1745 4561 cx-

193 4598 386 4681 pcrfluitalo,
417 4596 602 4678 plenissime
635 4616 672 4659 ac
706 4596 941 4678 speciosissime
996 4596 1162 4659 uberantia
1184 4596 1285 4676 magis
1305 4596 1338 4657 in
1359 4596 1429 4676 ejus
1451 4595 1577 4657 refulsit
1598 4597 1688 4659 vultu
1706 4616 1744 4660 ae

193 4706 371 4781 operatum.
388 4694 520 4777 Nempe,
536 4694 619 4757 sicut
633 4694 746 4757 Christi
761 4695 941 4759 humanita·
995 4696 1088 4773 visu,
1109 4704 1142 4758 et
1165 4714 1228 4776 quo
1252 4694 1393 4775 quotidie
1418 4694 1450 4755 in
1475 4694 1564 4757 omni
1588 4695 1689 4775 gratia
1713 4703 1745 4758 et

192 4804 269 4873 tem,
295 4802 427 4877 propter
454 4794 524 4873 ejus
554 4793 753 4875 personalem
779 4812 851 4856 cum
877 4794 940 4857 Deo
996 4793 1124 4873 virtute,
1160 4794 1193 4854 in
1229 4793 1316 4855 omni
1353 4791 1425 4854 luce
1463 4792 1743 4873 contemplationis

192 4894 356 4970 unionem,
372 4890 480 4953 decuit
499 4888 587 4952 omni
606 4890 801 4971 perfectione
821 4900 940 4955 naturae
996 4892 1154 4969 theoricae,
1172 4890 1205 4952 in
1220 4890 1360 4972 mysticae
1380 4889 1545 4971 theologiae
1560 4890 1741 4972 splendore,

191 5000 224 5055 et
246 4991 354 5073 gratiae
377 4990 410 5051 in
437 4988 570 5051 termino
595 4988 789 5051 excellentiae
812 4990 940 5072 praeful·
993 4990 1027 5051 in
1050 4989 1188 5070 puritate
1212 4989 1336 5050 interna
1361 4996 1393 5050 et
1413 4988 1578 5051 sanctitate
1599 4990 1744 5070 angelica

191 5108 286 5170 gere3
304 5088 348 5150 ita
367 5087 468 5169 ipsius
488 5084 657 5149 Genitricis
677 5104 846 5167 personam
869 5095 939 5169 post
994 5087 1199 5150 excellentius
1222 5085 1447 5167 copiosiusque
1467 5085 1612 5167 proiecit,
1637 5106 1675 5150 eo
1695 5088 1743 5150 in-

193 5186 353 5270 Uniganiti
380 5185 430 5247 sui
453 5184 683 5247 humanitatem
711 5187 876 5267 oportebat
905 5186 938 5247 in
993 5186 1092 5249 terior
1119 5185 1175 5248 illa
1202 5184 1341 5248 coelestis
1370 5204 1407 5247 ac
1435 5184 1542 5247 divina
1576 5184 1742 5249 sinceritas

192 5285 340 5351 omnibus
364 5283 412 5347 sic
437 5282 553 5360 ornari,
574 5282 723 5363 quoniam
748 5291 820 5365 post
841 5284 940 5365 bypo-
994 5284 1151 5349 luminosa
1165 5282 1343 5347 evidentius
1358 5283 1391 5344 in
1406 5282 1625 5345 sacratissimae
1639 5282 1742 5351 llarita
