4309 6250
480 507 625 556 EPISTOLA
646 510 688 556 AD
709 503 867 557 rtttttctrts
888 512 1081 558 camoutcott.
1104 530 1145 541 ·-
1166 512 1237 559 ΑΜ.
1262 512 1389 563 Utrtttus
1647 494 1707 560 519

30 673 327 757 totum-altissime,
344 695 408 741 non
422 677 538 758 estqui
552 678 791 760 sapientiatua
805 679 947 741 valcatA
1002 679 1181 743 Conclusio.
1211 717 1252 727 -
1279 681 1442 765 Coepitque
1469 683 1576 746 Frater
1604 682 1643 745 ad
1675 703 1708 747 se

30 758 65 785 '²'
159 776 365 855 respondere.
396 776 542 839 Attamen
571 776 652 839 scire
680 776 837 856 desidero,
867 796 907 840 au
963 777 1069 860 ipsum
1098 780 1213 842 reverti
1242 798 1279 843 ac
1309 780 1368 843 sibi
1398 781 1532 861 restitui,
1562 780 1709 862 virosque

160 872 280 955 perfidi
304 873 357 935 isti
382 882 524 935 sanctam
549 872 709 937 civitatem
734 875 907 937 Romanam
963 876 1104 957 corporis
1130 877 1283 959 paulatim
1312 898 1474 942 resumere
1498 898 1534 941 ac
1564 879 1710 943 sensibus

158 971 362 1048 obtinebunt,
379 991 420 1034 an
442 972 604 1053 principes
625 972 720 1035 etiam
742 973 907 1035 christiani
963 975 1063 1053 reddi,
1082 995 1146 1039 nou
1161 976 1230 1040 sino
1250 979 1336 1059 gravi
1358 978 1481 1060 lragilis
1502 980 1606 1041 carnis
1626 979 1712 1041 ailli-

159 1077 273 1130 contra
286 1087 341 1131 eos
363 1070 532 1150 praeliaturi
553 1072 762 1135 succumbent
781 1071 815 1133 in
830 1090 909 1153 praa-
963 1074 1080 1136 ctione.
1102 1074 1219 1138 Deinde
1239 1077 1389 1157 posthoc
1408 1078 1504 1139 etiam
1524 1078 1557 1139 iu
1577 1077 1711 1140 aliorum

158 1165 213 1227 liis
228 1190 258 1229 a.
273 1168 321 1229 Ad
343 1169 429 1249 quod
450 1168 603 1231 Dominus
620 1193 628 1231 ι
645 1191 662 1227 a
677 1169 742 1232 lloc
765 1169 823 1232 tibi
843 1169 907 1231 dici
963 1172 1130 1253 prasentia
1144 1192 1162 1235 a
1177 1173 1317 1236 lacrimis
1337 1194 1370 1237 se
1390 1176 1555 1239 continere
1575 1194 1639 1238 non
1659 1194 1713 1239 va-

157 1267 212 1327 vel
232 1266 304 1328 aliis
326 1267 530 1349 praenuntiari
554 1285 618 1330 uon
642 1267 780 1349 expedit.
797 1268 857 1331 Sed
876 1276 909 1329 et
963 1270 1044 1349 lens,
1076 1271 1120 1334 sic
1149 1273 1267 1335 mansit
1299 1292 1336 1335 ex
1370 1274 1554 1356 praescripta
1587 1273 1712 1338 visione

158 1365 185 1425 si
202 1364 430 1427 succubuerint
449 1364 482 1426 in
503 1364 631 1447 praeliis,
648 1366 764 1428 melius
777 1365 909 1427 vincent
963 1377 1172 1451 compunctus
1186 1370 1513 1454 etdebilitatus,quod
1529 1371 1563 1433 in
1578 1372 1711 1454 prandio

157 1482 257 1544 quam
278 1463 305 1525 si
327 1464 534 1545 corporaliter
554 1464 804 1545 praevalerent».
963 1468 1155 1531 manducare
1178 1469 1333 1550 nequivit,
1350 1470 1405 1531 sed
1420 1470 1544 1533 distulit
1566 1468 1711 1533 relectio-

200 1560 246 1622 Ex
260 1561 320 1623 bac
335 1560 544 1642 responsione
558 1562 667 1625 Frater
680 1562 799 1643 aliquid
816 1562 909 1626 intal-
963 1586 1036 1627 nem
1060 1566 1093 1627 iu
1114 1584 1248 1629 coeuam.
1267 1566 1397 1629 Duravit
1416 1576 1521 1630 autem
1541 1568 1609 1631 haeo
1628 1568 1710 1632 visio
1824 1632 1827 1645 ,

159 1658 250 1735 laxit,
279 1658 364 1739 quod
393 1676 458 1721 non
486 1659 609 1741 putavit
640 1660 715 1723 buic
750 1660 909 1723 schedula
963 1671 1134 1745 pertotum
1150 1663 1217 1727 iere
1232 1673 1357 1747 tempus
1371 1666 1472 1728 llissae
1491 1666 1711 1732 conventualis

158 1757 378 1819 inserendum.
408 1757 538 1839 Propter
570 1759 656 1840 quod
689 1759 910 1821 ardentissima
964 1763 1024 1825 boc
1054 1780 1149 1825 anuo.
1176 1762 1327 1826 Praeterea
1352 1763 1385 1825 iu
1411 1772 1476 1827 tota
1503 1765 1563 1828 hac
1589 1766 1712 1828 visione

157 1854 335 1918 allectione
357 1874 530 1919 conversus
549 1856 588 1919 ad
603 1857 782 1934 Dominum,
800 1877 909 1920 rursus
925 1860 949 1922 B
963 1860 1046 1922 Deus
1061 1861 1171 1923 babuit
1186 1880 1219 1923 se
1235 1880 1292 1943 per
1303 1862 1429 1925 modum
1443 1864 1527 1944 regis
1542 1882 1579 1926 ac
1594 1863 1712 1945 judicis

157 1954 260 2035 coepit
275 1972 332 2035 pro
352 1956 515 2017 communi
534 1954 619 2019 bono
633 1956 783 2019 Ecclesia
801 1976 910 2019 exora·
964 1958 1172 2041 indignantis,
1189 1960 1259 2021 irati
1281 1967 1313 2022 et
1334 1961 1496 2024 amaricati
1517 1970 1645 2043 propter
1665 1962 1714 2023 ni·

157 2072 204 2115 re.
223 2052 262 2114 Et
285 2071 360 2115 ecce
384 2052 464 2115 vidit
487 2053 520 2115 in
544 2053 657 2134 spiritu
681 2062 779 2117 totam
800 2054 910 2117 trium·
965 2058 1030 2119 mia
1044 2066 1174 2139 peccata
1189 2057 1339 2121 Ecclesiae
1358 2082 1365 2120 :
1384 2059 1427 2121 ita
1441 2060 1525 2141 quod
1547 2060 1715 2122 videbatur

158 2151 315 2233 phantem
339 2150 514 2214 Ecclesiam
537 2152 656 2215 divinat
675 2152 833 2233 majestati
853 2154 911 2215 bu·
965 2173 1030 2217 nou
1059 2174 1152 2236 posse
1180 2156 1268 2218 ilecti
1297 2176 1316 2218 a
1346 2156 1450 2239 rigore
1480 2177 1544 2220 suae
1571 2158 1713 2239 justitiae,

157 2248 298 2311 millime
323 2248 521 2327 inclinatam,
537 2258 569 2313 ct
592 2268 650 2331 pro
673 2258 738 2313 tota
761 2251 910 2315 militanti
967 2252 1029 2315 nisi
1045 2272 1102 2333 per
1117 2254 1370 2317 emendationem
1391 2256 1582 2337 condignam
1604 2255 1713 2337 populi

157 2347 306 2409 Ecclesia
320 2347 523 2411 devotissime
538 2348 773 2430 deprecantem,
789 2359 911 2432 etqua·
968 2351 1141 2414 christiani.
1171 2351 1278 2433 ltaque
1311 2342 1478 2434 religiosus
1508 2353 1559 2415 cui
1588 2362 1715 2417 ostensa

158 2445 185 2506 si
210 2453 380 2508 conantem
402 2454 510 2508 tenere
531 2465 661 2508 manum
680 2446 911 2529 Omnipotentis
967 2458 1041 2511 suut
1058 2450 1129 2527 ista,
1145 2458 1299 2531 quantum
1321 2451 1360 2512 ad
1380 2470 1470 2513 suam
1486 2451 1623 2533 pertinet
1645 2471 1715 2534 par-

158 2551 322 2606 ententam
343 2544 383 2605 ad
406 2542 650 2625 percutiendum
673 2544 849 2607 Ecclesiam
877 2546 910 2607 in
966 2546 1107 2623 vitatem,
1124 2547 1199 2609 totis
1214 2547 1398 2628 praecordiis
1414 2548 1581 2611 universos
1604 2557 1634 2611 et
1649 2549 1714 2611 sin-

158 2641 275 2704 ensilio
303 2640 364 2703 isto
391 2641 580 2722 degentem3
607 2661 667 2705 uec
694 2643 782 2705 aliud
807 2644 912 2725 potuit
966 2644 1057 2725 gulos
1071 2643 1265 2722 exhortatur,
1282 2643 1594 2708 etallectuosissime
1611 2655 1711 2727 rogat,

157 2739 306 2802 obtinere
329 2738 471 2802 Ecclesia
493 2740 695 2821 triumphans
723 2760 910 2823 responsum
965 2750 1001 2805 ut
1015 2741 1234 2824 unusquisque
1255 2742 1344 2823 juxta
1363 2762 1428 2806 suaa
1447 2744 1636 2824 exigentiam
1659 2763 1714 2808 vo-

157 2837 341 2900 aDomino
364 2837 426 2899 nisi
450 2837 511 2899 boc
538 2860 545 2898 ε
573 2859 590 2896 a
614 2838 705 2901 Juxta
728 2858 910 2902 mensuram
966 2841 1101 2903 cationis
1136 2839 1313 2903 ellicaciter
1347 2860 1381 2903 se
1417 2842 1564 2904 emendet
1599 2866 1606 2903 :
1637 2842 1713 2924 quia

157 2934 394 2997 emendationis
411 2934 562 2998 Ecclesiae
583 2937 644 2999 erit
662 2956 812 3000 mensura
833 2946 912 2999 tem-
966 2958 1076 3001 revera
1100 2938 1191 3001 valde
1216 2958 1253 3001 ac
1280 2958 1403 3001 summe
1428 2940 1645 3003 necessarium
1667 2950 1715 3003 est

157 3033 335 3115 perationis
350 3033 584 3096 imminentium
605 3035 862 3117 persecutionum
880 3058 908 3099 a.
929 3036 1000 3099 Gut
1015 3056 1077 3100 non
1095 3038 1196 3099 solum
1214 3037 1399 3118 temporalia
1415 3038 1481 3101 haec
1496 3040 1640 3119 adversa,
1657 3041 1712 3102 sed

155 3133 202 3194 Ex
233 3133 293 3194 bac
319 3133 525 3217 responsione
546 3133 654 3196 Frater
676 3133 909 3216 aliquantulum
964 3145 994 3198 ot
1023 3146 1141 3198 aterna
1169 3144 1326 3199 tormenta
1353 3138 1487 3200 evadere
1522 3157 1711 3216 mereamur,

156 3230 344 3293 consolatus
358 3238 391 3292 et
404 3227 611 3308 confortatus,
629 3231 779 3294 clamavit
798 3232 830 3293 in
847 3233 911 3314 spi·
965 3243 1059 3314 atque
1079 3241 1261 3316 perpetuam
1283 3234 1512 3297 beatitudinem
1528 3235 1682 3298 obtinere.

156 3327 910 3410 rituzaObeuignissimcDeus,omnesemcn-
1004 3331 1067 3394 Nec
1102 3331 1271 3414 quisquam
1307 3332 1449 3409 miretur,
1486 3334 1570 3414 quod
1606 3333 1713 3396 Frater

156 3427 309 3489 dabimus
323 3427 547 3489 nos.Summus
561 3426 811 3505 Pontilex,curia
826 3427 907 3508 ejus,
965 3430 1047 3493 banc
1083 3431 1239 3493 visionem
1276 3430 1486 3511 personaliter
1525 3431 1710 3512 publicavit,

156 3525 259 3587 ceteri
279 3533 344 3586 tam
368 3524 547 3605 superiores
570 3543 665 3606 quam
686 3525 853 3588 interiores
875 3547 909 3588 se
964 3530 1113 3610 quoniam
1130 3529 1213 3592 dona
1233 3529 1342 3610 gratiae
1361 3529 1458 3611 gratis
1477 3531 1556 3592 datae
1572 3531 1611 3592 ad
1627 3549 1712 3592 com·
1727 3547 1857 3599 vetrana.

54 3655 72 3684 r.
87 3657 108 3691 v,
120 3646 140 3684 a.
156 3623 377 3685 emendabunt
392 3623 475 3684 add
489 3623 573 3703 quod
588 3623 740 3686 Dominus
753 3647 760 3684 :
773 3647 790 3682 a
806 3624 908 3687 Etiam
965 3646 1094 3688 munem
1123 3627 1239 3689 dantur
1264 3626 1432 3690 utilitatem
1461 3651 1467 3688 :
1495 3627 1615 3691 idcirco
1639 3636 1713 3690 sunt

156 3722 183 3783 si
213 3721 394 3802 Juravcriut
421 3721 454 3782 in
479 3721 609 3784 nomine
633 3741 717 3802 meo,
742 3723 828 3785 Vivit
852 3725 910 3786 Do
965 3724 1157 3806 publicanda
1181 3733 1275 3806 prout
1300 3745 1395 3787 causa
1417 3725 1550 3808 requirit
1569 3734 1600 3788 ct
1619 3746 1712 3808 expe-

156 3819 281 3895 minus,
302 3819 362 3881 boc
389 3819 494 3900 ipsum
518 3818 600 3882 lalso
622 3819 774 3900 jurabunt
794 3844 822 3883 a.
844 3821 909 3895 Qua
965 3823 1022 3885 dit.
1039 3823 1119 3885 llinc
1141 3823 1225 3885 enim
1248 3825 1349 3886 sancti
1371 3824 1544 3906 Propheta,
1566 3825 1710 3904 quamvis

157 3918 370 4000 responsione
393 3917 545 3980 diffusius
570 3917 732 3980 intellecta
755 3939 850 4001 quam
875 3921 908 3982 in
965 3921 1147 4000 humillimi,
1174 3929 1280 3983 tamen
1306 3921 1447 3984 visiones
1476 3941 1549 3984 suas
1577 3922 1711 4002 diligen-

156 4016 313 4079 schedula
332 4015 390 4078 bac
414 4023 570 4098 tangetur,
586 4017 693 4079 Frater
712 4037 774 4080 non
791 4019 910 4082 medio·
964 4018 1087 4081 tissime
1101 4019 1348 4100 descripserunt,
1366 4019 1485 4101 totique
1501 4021 1619 4082 mundo
1635 4019 1711 4082 insi-

155 4115 257 4178 criter
269 4115 376 4177 animo
390 4122 620 4195 consternatus,
635 4116 734 4178 sensit
746 4118 830 4196 quod
847 4136 910 4179 cte
964 4125 1144 4179 nuaverunt
1165 4141 1171 4178 :
1194 4117 1276 4179 sicut
1301 4127 1332 4180 et
1352 4118 1414 4180 Vas
1439 4118 1616 4197 electionis,
1638 4117 1711 4180 bea-

156 4213 206 4294 pit
221 4212 284 4274 sibi
300 4212 361 4293 ipsi
375 4212 502 4293 dimitti,
512 4220 607 4293 atque
621 4214 733 4276 eodem
749 4224 909 4278 momento
925 4216 949 4277 D
964 4217 1106 4278 tissimus
1131 4216 1243 4278 Paulus
1268 4217 1439 4298 apostoluS,
1465 4225 1587 4298 raptum
1617 4237 1709 4279 suum
1738 4237 1855 4288 troarno.

156 4311 314 4375 clamavit
335 4319 464 4392 repente
482 4313 522 4374 ad
542 4311 736 4374 Dominum:
755 4336 771 4372 a
790 4312 825 4374 ln
846 4332 909 4394 quc
964 4334 1064 4395 usque
1089 4314 1128 4376 ad
1149 4315 1274 4377 tertium
1295 4315 1411 4378 carlum
1432 4322 1462 4377 et
1484 4315 1710 4378 revelationem
1727 4305 1770 4344 ¹⁴·

156 4411 272 4492 igitur,
292 4428 311 4472 o
336 4409 419 4472 Deus
442 4408 682 4491 benignissime,
704 4411 738 4472 in
762 4431 825 4492 qno
849 4420 910 4474 stat
965 4432 1112 4475 arcanam
1131 4413 1185 4476 toti
1202 4413 1400 4495 significavit
1412 4413 1574 4476 Ecclesia.

156 4507 273 4572 finalis
305 4507 469 4571 conclusio
498 4510 538 4568 al
567 4507 605 4570 Et
639 4528 827 4592 responsum
861 4519 910 4572 est

155 4607 187 4669 ei
213 4626 233 4668 a
259 4606 391 4668 Domino
412 4627 457 4667 :a
483 4606 573 4668 Juxta
596 4627 777 4670 mensuram
802 4629 910 4671 emen·
1146 4645 1338 4702 REVELfflO
1359 4647 1527 4702 SECUNDA·

155 4704 300 4768 dationis
321 4713 444 4783 vestrm,
461 4704 520 4766 erit
541 4724 690 4767 mensura
711 4707 910 4788 temperatio-

156 4805 212 4865 nis
230 4803 446 4885 castigationis
461 4822 539 4865 mcae
555 4826 584 4864 a.
600 4803 666 4878 Quo
680 4805 799 4885 audito,
817 4805 910 4867 linita
1004 4804 1159 4868 Praelatio.
1177 4841 1216 4850 -
1232 4804 1409 4886 Religiosus
1425 4806 1554 4886 quidam
1570 4815 1641 4870 ante
1657 4807 1713 4869 ali·

156 4911 210 4965 cst
232 4901 314 4964 visio
337 4901 409 4978 ista,
435 4920 498 4981 qua
521 4900 604 4962 Deus
631 4901 824 4982 dignationis
853 4905 910 4964 im·
964 4912 1042 4986 quot
1060 4922 1160 4965 annos
1185 4903 1427 4966 exhortatoriam
1448 4905 1576 4986 scripsit
1596 4906 1713 4988 episto-

156 5019 281 5062 mensu
295 5018 369 5061 cum
384 4998 598 5061 homuncione
613 5002 819 5081 pauperculo,
836 5021 909 5064 cum
964 5002 1029 5064 lam
1057 5003 1096 5064 ad
1131 5001 1292 5084 principes
1325 5000 1526 5081 christianos,
1556 5004 1712 5067 hortando

157 5097 269 5180 fragili
293 5117 330 5160 ac
353 5097 440 5160 luteo
465 5097 605 5176 vasculo,
630 5097 776 5179 dignatus
799 5109 848 5162 est
871 5121 910 5162 ex
965 5101 1092 5162 cosdem
1124 5099 1162 5160 ad
1195 5101 1444 5160 succurrendum
1473 5109 1590 5162 sanctae
1619 5100 1710 5162 matri

157 5217 218 5260 sua
248 5196 364 5277 pietate
391 5196 558 5273 immensa,
587 5196 692 5258 taliter
725 5217 759 5260 se
793 5199 910 5263 babere
965 5197 1114 5261 Ecclesiae
1130 5198 1281 5259 adversus
1297 5197 1531 5279 perfidissimos
1543 5200 1660 5262 'Furcas
1675 5219 1710 5261 ac

156 5304 192 5358 et
215 5295 265 5356 sic
286 5293 385 5375 loqui.
966 5298 1175 5374 Sarracenos3
1193 5303 1286 5376 atque
1311 5295 1345 5356 iu
1369 5295 1434 5358 line
1459 5295 1546 5359 illius
1570 5297 1711 5380 epistola
