4309 6250
452 487 515 555 ⁴88
586 509 737 558 otatooos
757 510 988 558 btsrurmortts
1008 510 1100 557 INTER
1121 508 1328 556 cnutsmrtura
1350 509 1387 555 ΕΤ
1408 509 1623 559 sasamon.
1645 529 1686 541 -
1708 510 1778 557 ΛΚΤ.
1802 510 1867 558 xvtt

493 677 750 742 Guursrranus.-
759 680 848 743 Nosti
862 680 946 761 quod
961 686 1051 761 pater
1064 698 1121 742 seu
1137 696 1200 739 ma·
1214 676 1240 739 A
1256 684 1319 740 tam
1336 678 1429 760 plene
1443 690 1475 743 et
1489 680 1671 745 immediate
1685 680 1928 745 communicavit
1940 702 1982 744 na·

452 784 501 839 ter
513 777 648 856 dicatur,
664 779 720 860 qui
735 787 789 842 aut
802 798 872 860 qum
886 778 925 841 de
946 798 1004 841 sua
1024 776 1201 840 substantia
1255 782 1333 839 turm
1348 776 1505 841 humano.
1522 779 1557 841 ln
1571 779 1632 842 hoc
1654 797 1780 862 quoque
1802 780 1983 862 preclarissi-

451 876 601 957 producit
624 876 729 940 simile
752 877 812 940 sibi
837 878 870 939 in
894 876 1012 958 specie.
1035 876 1081 938 Ad
1108 874 1201 937 ratio
1257 894 1307 937 me
1336 875 1508 940 innotescit
1536 876 1665 940 infinita
1693 879 1795 960 pietas
1823 878 1888 956 Dei,
1916 880 1982 960 quod

348 991 353 1014 ·
453 993 528 1036 narn
542 993 618 1055 ergo
632 975 847 1057 generationis
862 974 1093 1055 filiationisque
1109 971 1202 1035 suifi-
1256 974 1379 1057 perdito
1402 974 1511 1056 generi
1534 976 1758 1041 humanatam
1777 978 1983 1059 gratiosissima

454 1073 497 1138 cit
510 1073 595 1153 quod
608 1073 750 1155 genitum
766 1082 971 1155 agenerante
989 1080 1135 1134 naturam
1150 1090 1202 1133 ac·
1256 1071 1405 1153 dignatus
1428 1081 1478 1137 est
1505 1074 1686 1156 subvenire,
1712 1084 1744 1138 et
1770 1075 1874 1158 ipsum
1897 1095 1983 1159 perso

454 1170 1032 1253 cipietgenerantissicqueflhristus
1046 1170 1202 1233 esthemo
1257 1170 1373 1233 naliter
1400 1170 1543 1251 visitare,
1573 1172 1707 1255 ejusque
1742 1173 1939 1237 infirmitates
1959 1183 1983 1237 et

455 1287 494 1331 ex
522 1269 699 1331 substantia
726 1269 836 1331 matris
863 1269 1081 1349 temporaliter
1109 1276 1202 1330 natus
1258 1268 1499 1334 indetrahibiles
1528 1270 1671 1334 defectus
1700 1272 1818 1351 subire,
1845 1292 1983 1336 assumere

456 1374 489 1429 et
509 1367 680 1430 humanam
702 1386 831 1431 carnem
853 1367 994 1430 sortitus.
1259 1375 1289 1429 et
1309 1366 1442 1430 tolerare
1462 1386 1520 1451 pro
1541 1370 1705 1433 curatione
1724 1379 1756 1433 et
1775 1371 1940 1435 salvatione
1956 1370 1983 1432 il-

497 1465 768 1528 stammana-
787 1465 818 1527 Si
837 1464 980 1527 Christus
1004 1483 1099 1525 verus
1121 1463 1203 1525 Deus
1259 1464 1331 1527 lius.
1341 1465 1495 1546 Denique,
1508 1486 1606 1549 quum
1622 1468 1736 1531 caritas
1752 1468 1794 1531 sit
1808 1469 1856 1532 vis
1869 1469 1982 1549 unitiva,

456 1574 515 1643 est,
532 1571 615 1625 etex
634 1563 760 1644 virgine
774 1570 878 1643 natus,
894 1580 970 1645 ergo
985 1562 1067 1625 [leus
1089 1581 1127 1623 ex
1141 1562 1204 1624 vir·
1259 1581 1365 1626 nonne
1380 1564 1413 1625 in
1428 1564 1488 1627 hoc
1507 1564 1744 1629 evidentissime
1763 1566 1933 1629 declaratur
1947 1568 1984 1628 in·

455 1663 530 1746 gine
554 1680 625 1725 esse
647 1661 784 1741 sumpsit
806 1670 839 1723 ct
862 1680 932 1723 esse
956 1660 1088 1741 incepit,
1110 1668 1204 1740 atque
1259 1660 1399 1724 effabilis
1424 1662 1538 1725 caritas
1559 1663 1613 1725 Dei
1640 1665 1678 1726 ad
1697 1683 1800 1746 genus
1820 1664 1982 1743 humanum,
2099 1654 2100 1703 l

455 1761 664 1823 mutationem
686 1759 832 1822 incurrit.
1259 1760 1343 1841 quod
1359 1760 1532 1823 humanam
1547 1770 1690 1824 naturam
1705 1782 1771 1827 suaa
1785 1762 1891 1827 deitati
1905 1765 1984 1845 hypo

493 1860 711 1923 Cunvsrmrvus.
726 1895 767 1905 -
791 1859 858 1922 lam
882 1858 960 1937 dixi,
982 1859 1067 1939 quod
1092 1859 1130 1919 ad
1157 1876 1204 1919 ra·
1221 1857 1244 1919 B
1260 1856 1370 1921 statice
1385 1858 1514 1938 unione,
1531 1878 1594 1940 qua
1613 1860 1716 1942 major
1734 1880 1772 1925 ac
1788 1862 1918 1926 vicinior
1929 1880 1984 1925 essa

454 1959 572 2022 tionem
594 1957 808 2040 generationis
832 1956 976 2019 sufficiat
999 1964 1143 2018 naturam
1165 1974 1204 2017 ex
1259 1955 1415 2039 nequivit,
1432 1958 1617 2039 conjunxitl
1634 1960 1763 2036 Verum,
1781 1959 1808 2021 si
1830 1960 1985 2023 diceremus

454 2064 626 2140 generante
645 2055 801 2136 accipere.
819 2055 921 2129 Quum
942 2054 1048 2135 itaque
1063 2053 1202 2116 Verbum
1261 2054 1452 2136 passionem,
1471 2057 1690 2133 mutationem,
1708 2068 1843 2121 mortem
1866 2068 1897 2121 et
1913 2058 1986 2121 infir·

455 2162 608 2219 aeternum
632 2174 670 2216 ex
690 2153 819 2235 Virgine
842 2152 1008 2216 benedicta
1030 2152 1203 2214 humanam
1260 2154 1384 2216 mitates
1398 2154 1554 2217 humanas
1569 2156 1724 2219 cecidisse
1745 2156 1778 2217 in
1795 2157 1893 2239 ipsam
1907 2156 1985 2219 deita-

456 2273 586 2317 carnem
604 2252 822 2334 assumpserit,
840 2271 914 2314 vere
939 2270 976 2313 ex
998 2270 1036 2312 ea
1059 2250 1203 2331 genitum
1260 2258 1335 2331 tem,
1353 2260 1437 2314 recte
1452 2271 1610 2315 assereres
1626 2272 1684 2317 nos
1698 2253 1815 2317 divinae
1833 2254 1985 2335 majestatis

457 2351 652 2434 perhibetur.
670 2350 733 2413 Nec
755 2358 860 2413 tamen
880 2358 1036 2411 mutatum
1051 2357 1110 2428 est,
1127 2366 1204 2429 quo·
1260 2350 1411 2431 derogare
1436 2350 1559 2415 honori.
1584 2352 1643 2415 Sed
1669 2372 1769 2434 quum
1795 2352 1941 2415 fateamur
1960 2353 1986 2414 in

456 2452 544 2513 niam
558 2450 641 2512 sicut
655 2449 696 2512 ab
710 2458 828 2512 aeterno
841 2448 995 2525 decrevit,
1013 2448 1046 2509 in
1062 2455 1204 2528 tempore
1259 2447 1382 2512 Christo
1407 2449 1453 2512 sic
1478 2450 1538 2512 sibi
1564 2450 1705 2513 invicem
1725 2470 1796 2514 esse
1818 2452 1916 2513 unitas
1933 2449 1987 2512 dei-

456 2549 629 2612 humanam
648 2556 793 2609 naturam
812 2547 983 2627 assumpsit
1002 2554 1033 2607 et
1051 2564 1110 2608 suo
1135 2565 1205 2627 per·
1261 2553 1356 2607 tatem
1382 2555 1414 2608 et
1438 2546 1680 2628 humanitatem,
1697 2556 1732 2610 ut
1758 2548 1815 2611 frat
1834 2548 1865 2611 in
1882 2547 1987 2612 Christo

457 2647 557 2711 sonali
583 2666 653 2709 esse
678 2646 820 2707 increato
845 2644 961 2724 univit,
987 2643 1076 2706 nulla
1104 2652 1205 2705 muta-
1260 2644 1507 2707 communicatio
1523 2644 1721 2723 idiomatum,
1739 2646 1771 2709 id
1786 2656 1846 2725 est,
1861 2646 1936 2728 quod
1951 2646 1988 2707 di·

456 2746 543 2809 tione
572 2744 656 2807 facta
683 2744 715 2805 in
745 2742 872 2820 deitate,
900 2742 1013 2805 sedin
1044 2750 1205 2822 assumpta
1260 2738 1333 2800 vina
1347 2738 1572 2802 adscribuntur
1584 2740 1709 2803 homini
1724 2742 1986 2823 humanaqnelleo,

457 2844 664 2907 humanitate.
687 2842 755 2905 Non
779 2842 864 2903 enim
888 2840 1027 2902 Verbum
1052 2849 1204 2902 aeternum
1260 2844 1394 2917 utraque
1416 2844 1529 2899 natura
1548 2837 1581 2899 in
1602 2857 1660 2901 sua
1684 2839 1821 2921 puritate
1835 2848 1864 2905 et
1877 2838 1987 2921 integri·
2100 2868 2101 2873 κ

457 2943 582 3006 unitum
611 2949 659 3003 est
683 2940 871 3001 humanitati
897 2947 932 3001 ut
955 2946 1027 3019 pars
1051 2946 1107 3001 aut
1128 2938 1205 3018 quid
1261 2943 1324 2998 tate
1338 2955 1375 2998 ac
1391 2934 1583 3017 proprietate
1606 2938 1776 3001 inconfusa
1795 2938 1987 3017 inviolateque

458 3040 675 3117 commixtum,
684 3037 844 3099 inclusum
858 3044 912 3098 aut
926 3036 1204 3118 circumscriptum
1220 3038 1243 3102 G
1263 3034 1668 3114 permanente,nullatenus
1684 3035 1801 3099 divine
1815 3035 1987 3100 excellentia

458 3139 491 3201 in
506 3157 564 3216 ea3
582 3138 637 3200 sed
651 3135 823 3216 assumpsit
842 3135 930 3196 illam
950 3135 1050 3214 adse,
1067 3143 1099 3196 et
1113 3153 1205 3196 suum
1261 3133 1462 3215 derogamus.

459 3256 530 3300 esse
548 3233 781 3317 hypostaticam
805 3231 1065 3296 incommutabile
1084 3251 1208 3314 perma—
1301 3231 1514 3294 Sannnearvus
1529 3267 1571 3278 —
1589 3233 1658 3296 Non
1679 3233 1785 3297 decuit
1811 3233 1987 3316 majestatem

459 3355 540 3398 nens
563 3331 813 3397 communicavit
836 3330 952 3411 eidem,
978 3329 1207 3412 suppositando
1261 3328 1329 3390 veri
1345 3329 1397 3391 [lei
1414 3329 1520 3392 taliter
1541 3331 1684 3412 copulari
1705 3331 1813 3415 fragili
1832 3333 1988 3398 humanita-

461 3433 564 3516 ipsam
585 3434 619 3495 in
640 3431 706 3494 illo.
1263 3427 1298 3507 ti,
1315 3435 1443 3508 tamque
1458 3437 1597 3492 extreme
1618 3437 1649 3492 et
1667 3429 1796 3494 infinite
1811 3429 1950 3494 distantia
1963 3430 1988 3491 in
2101 3469 2102 3480 .

499 3533 712 3595 Sannacnrvos.
739 3565 778 3576 -
798 3529 844 3590 Ex
868 3528 991 3591 duobus
1015 3527 1145 3590 entibus
1173 3527 1206 3588 in
1263 3544 1358 3588 unam
1381 3527 1552 3590 convenire
1575 3536 1731 3591 naturam.

459 3640 533 3694 actu
553 3649 617 3692 non
638 3628 677 3691 fit
697 3627 885 3709 simpliciter
905 3645 1015 3688 unum.
1302 3623 1579 3688 Caelestinus-
1603 3625 1626 3688 Ο
1650 3627 1677 3689 si
1701 3627 1800 3691 scires
1826 3637 1912 3710 atquc
1934 3646 1990 3708 per

499 3728 715 3792 Cuursrmrvos.
730 3725 829 3787 —lia
843 3725 965 3787 duobus
982 3723 1207 3786 exsistentibus
1263 3722 1418 3804 penderes
1439 3723 1541 3803 qualis
1562 3723 1625 3786 fuit
1646 3725 1829 3789 humanitas
1849 3743 1990 3809 quamne

459 3829 492 3891 in
506 3836 579 3890 netu
595 3824 771 3908 personalis
789 3822 985 3905 actualisque
1003 3823 1205 3901 exsistentiae,
1263 3819 1398 3902 sumpsit
1430 3820 1616 3901 Unigenitns
1649 3822 1717 3900 hei,
1748 3825 1825 3887 dum
1858 3844 1922 3888 eam
1951 3841 1991 3884 aa

460 3946 525 3989 non
549 3925 589 3988 fit
613 3944 669 4004 per
691 3921 928 4004 generationem
953 3939 1016 3983 una
1041 3939 1205 4001 persona:
1263 3917 1418 3999 sumpsit!
1604 3984 1609 3992 ‚

461 4024 642 4088 humanitas
675 4029 780 4083 autem
807 4019 922 4082 Christi
956 4038 1119 4098 nunquam
1147 4018 1210 4081 init
1303 4016 1516 4082 Saenaoeuus
1543 4053 1584 4063 —
1611 4017 1723 4082 Nonne
1752 4021 1867 4084 similis
1893 4028 1991 4084 nostra

461 4123 616 4188 exsistens
637 4120 670 4182 in
691 4137 761 4181 esse
783 4116 918 4199 propriae
939 4117 1186 4198 personalitatis.
1263 4113 1450 4178 humanitati
1473 4114 1505 4177 in
1528 4115 1634 4196 specie
1656 4118 1903 4198 specialissimal

502 4222 716 4283 Sannacervus.
731 4252 772 4262 —
790 4214 929 4278 Assertio
953 4215 1013 4277 ista
1036 4217 1249 4279 enormiterll
1303 4213 1519 4276 Cunrsrmrvus.
1536 4249 1577 4260 -
1600 4213 1745 4278 Similem
1771 4217 1876 4298 utique
1900 4217 1929 4278 in
1951 4233 1991 4276 es

460 4321 592 4400 derogat
624 4315 820 4378 excellentie
855 4313 920 4375 veri
958 4313 1026 4390 oei,
1059 4312 1210 4375 videlicet
1264 4311 1461 4390 sentialibus,
1478 4311 1511 4372 in
1531 4311 1782 4377 accidentalibus
1802 4333 1873 4378 vero
1893 4311 1991 4376 ineffa-

460 4417 545 4499 quod
566 4417 635 4498 ipse
654 4414 696 4476 sit
716 4421 810 4474 natus
832 4431 870 4474 ax
890 4411 1033 4490 muliere,
1050 4419 1081 4473 et
1104 4409 1209 4472 infans
1264 4409 1371 4472 biliter
1394 4409 1607 4491 pulchriorem
1632 4413 1806 4494 assumpsit
1829 4433 1864 4477 ac
1882 4411 1991 4494 dignio

460 4516 609 4593 effectus,
626 4531 739 4595 passus
759 4529 796 4572 ac
819 4518 973 4572 mortuus
1265 4527 1343 4586 rem,
1370 4515 1478 4588 utpote
1506 4508 1593 4572 omni
1619 4509 1818 4591 plenitudine
1840 4511 1939 4594 gratiae
1960 4527 1990 4570 ac

501 4615 717 4676 Cnnvsrmnos.
733 4645 774 4654 -
787 4608 927 4670 Assertio
942 4607 1017 4669 fidei
1033 4607 1130 4687 hujus
1146 4627 1211 4670 ma·
1264 4607 1416 4670 virtutum
1442 4615 1597 4687 ornatam,
1614 4609 1701 4670 omni
1726 4611 1887 4692 sapientia,
1902 4609 1991 4672 scien·

462 4713 547 4776 xime
562 4709 707 4792 congruit
727 4705 864 4768 infinita
883 4705 1028 4784 bonitati,
1044 4705 1153 4787 pietati
1174 4705 1210 4767 li·
1264 4705 1307 4768 tia
1335 4713 1429 4786 atque
1461 4705 1630 4786 prudentia
1663 4707 1853 4788 decoratam,
1880 4705 1991 4770 cunctis

462 4809 683 4889 beralitatique
697 4805 762 4882 Dei,
776 4804 841 4866 imo
856 4811 887 4865 et
901 4802 1124 4865 ardentissimo
1139 4804 1209 4884 ejus
1264 4803 1524 4880 beatitudinibus,
1551 4803 1642 4866 donis
1671 4813 1703 4867 et
1730 4805 1881 4870 fructibus
1904 4804 1991 4867 adim-

314 4909 561 4986 ·epmatamon'
586 4909 625 4970 ad
648 4924 749 4988 genus
773 4905 949 4966 humanum
966 4925 974 4963 ε
990 4902 1076 4984 quia,
1098 4911 1132 4965 ut
1156 4923 1209 4984 pa·
1263 4903 1392 4985 pletam,
1409 4902 1474 4965 imo
1500 4909 1531 4964 et
1555 4901 1705 4965 beatifica
1731 4904 1858 4968 Deitatis
1882 4905 1990 4966 visione

462 5010 532 5089 tuit,
548 5008 667 5070 bonum
693 5001 996 5066 communicativum
1015 5009 1064 5063 est
1084 5001 1145 5064 sui.
1162 5001 1209 5063 ld·
1263 5021 1300 5064 ae
1333 4999 1484 5062 fruitione
1518 5001 1761 5082 praeclarissime
1794 5003 1989 5066 sublimatam.

462 5108 547 5170 circo
575 5105 608 5166 in
636 5103 697 5165 hoc
721 5099 884 5182 potissime
909 5099 1149 5162 commendatur
1177 5108 1210 5162 et
1263 5099 1379 5162 Eodem
1409 5097 1526 5179 quippe
1555 5107 1716 5161 momento
1744 5119 1808 5181 quo
1832 5107 1930 5163 creata
1951 5103 1992 5161 est

461 5205 640 5268 declaratur
664 5198 791 5262 infinita
816 5197 940 5260 bonitas
966 5196 1059 5259 Verbi
1084 5198 1206 5276 eterni,
1263 5197 1369 5259 anima
1393 5195 1506 5258 Christi
1535 5213 1655 5277 suoque
1685 5198 1811 5279 corpori
1838 5198 1937 5260 infusa
1960 5213 1990 5257 ac

460 5303 545 5388 quod
560 5320 653 5364 suum
673 5317 742 5362 esse
757 5295 989 5380 hypostaticum
1010 5315 1046 5358 ac
1061 5294 1206 5358 divinum
1261 5295 1383 5378 juncta,
1401 5293 1521 5376 repleta
1534 5301 1584 5356 est
1598 5301 1663 5358 tota
1683 5296 1840 5378 capacitas
1851 5296 1919 5378 ejus
1932 5313 1991 5377 gra·
