4309 6250
464 497 525 562 666
554 517 594 564 DE
615 517 822 566 nuetottttnrtt
843 519 937 583 saltat
958 517 1125 565 ronrtrtcts
1146 519 1183 564 st
1203 517 1373 566 causatus
1392 518 1533 577 bocctun,
1555 519 1643 566 bllllill
1663 519 1707 565 lll.
1729 535 1771 546 -
1789 519 1859 564 Ant.
1879 518 1937 564 m

465 709 540 752 vera
561 689 612 767 sit,
630 699 734 752 umen
755 689 925 772 aliquando
949 689 1042 754 fallit.
1058 689 1137 752 Nam
1157 689 1251 752 rexA
1305 689 1366 752 Sed
1385 697 1497 752 eontra
1516 690 1575 752 boc
1600 690 1698 772 objici
1720 697 1825 770 potest
1841 713 1847 751 :
1863 689 1931 772 quia
1950 690 1986 752 sic

464 787 616 866 Francia,
633 788 686 870 qui
707 789 810 870 major
831 796 924 871 atque
944 789 1090 871 superior
1107 797 1156 850 est
1177 789 1210 849 in
1265 796 1450 868 sequeretur
1463 789 1546 868 quod
1560 788 1706 870 qualibet
1717 789 1920 852 communitas
1934 807 1987 869 pos

464 895 529 952 toto
551 906 649 968 regno
671 907 740 966 suo,
757 907 839 968 saepe
854 887 888 948 in
910 887 1068 969 aliquibus
1083 887 1210 949 casibus
1265 895 1314 948 set
1336 905 1430 948 suum
1454 887 1632 970 principem
1655 886 1837 968 judicemve
1853 886 1984 968 judicare,

463 985 635 1066 judicatur,
652 994 683 1048 et
706 993 815 1049 contra
839 1005 911 1048 eum
934 985 1035 1048 fertur
1054 986 1211 1048 sententia
1266 984 1424 1065 corrigere
1450 994 1482 1047 et
1505 984 1641 1048 aulerra.
1656 1021 1698 1032 ·-
1722 985 1850 1062 lterum,
1865 985 1985 1065 quamvis

463 1085 496 1146 in
516 1103 573 1147 suo
597 1084 804 1148 Parlamento.
822 1083 976 1147 Similiter
997 1084 1080 1167 Papn
1098 1104 1117 1147 a
1135 1085 1212 1146 sim·
1265 1082 1409 1164 superior
1433 1082 1534 1164 possit
1554 1083 1690 1164 judicari
1714 1082 1755 1145 ab
1779 1082 1920 1144 interiore
1940 1101 1985 1144 suo

464 1183 538 1266 plici
565 1183 727 1246 sacerdote
752 1183 784 1245 in
810 1182 880 1246 loro
905 1183 1108 1246 conscientie
1126 1183 1211 1264 judi·
1266 1182 1297 1242 in
1327 1179 1396 1244 loro
1424 1181 1639 1261 conscientie,
1664 1201 1728 1245 non
1753 1181 1908 1243 tamenin
1931 1180 1985 1243 loto

464 1291 581 1359 catur3
611 1279 707 1344 etiam
735 1281 767 1342 in
801 1281 870 1345 loro
898 1281 1045 1344 exteriori
1072 1281 1210 1362 judicari
1265 1279 1420 1360 judiciali,
1437 1281 1645 1357 contentioso,
1662 1279 1986 1361 exteriori,quolcrtur

464 1386 568 1461 potest
596 1378 635 1441 ab
666 1378 815 1442 inferiore
842 1397 911 1458 suo,
937 1378 964 1440 si
989 1397 1022 1442 se
1047 1379 1075 1442 ei
1098 1387 1211 1461 sponte
1266 1376 1422 1438 sententia
1447 1377 1480 1438 in
1508 1377 1656 1455 invitum,
1682 1385 1719 1439 ut
1741 1396 1837 1459 super
1860 1383 1985 1457 quartam

464 1476 624 1557 subjiciat.
1266 1475 1499 1539 Sententiarum
1527 1477 1640 1539 dieunt
1666 1477 1822 1540 doctores.
1850 1476 1880 1537 Si
1908 1474 1986 1556 igitur

504 1575 622 1638 Rursus
638 1574 682 1637 ait
696 1574 748 1637 bic
763 1575 874 1639 doctor
891 1600 897 1637 :
916 1577 991 1638 Tam
1009 1576 1082 1657 jure
1101 1576 1212 1638 buma-
1266 1575 1348 1656 Papa
1377 1574 1484 1656 praesit
1511 1574 1567 1638 toti
1596 1584 1629 1637 et
1651 1573 1824 1666 universali
1847 1572 1983 1648 Ecclesia,
2098 1560 2099 1637 ᾗ

464 1692 505 1737 no
524 1692 619 1754 qnam
640 1672 749 1736 divino
769 1675 1009 1736 concedendum
1028 1683 1077 1736 est
1095 1675 1210 1756 Papam
1266 1674 1426 1754 quomodo
1450 1673 1567 1755 poterit
1588 1672 1725 1754 judicari
1748 1674 1789 1736 ab
1811 1692 1857 1751 ea,
1880 1671 1934 1733 nisi
1958 1690 1985 1731 se
2098 1662 2099 1665 ’

463 1772 503 1834 ab
517 1772 690 1834 universali
706 1772 848 1836 Ecclesia
869 1772 919 1834 vel
939 1793 956 1836 a
976 1773 1116 1855 generali
1136 1791 1212 1835 con·
1266 1772 1296 1834 ei
1320 1780 1433 1854 sponte
1455 1771 1628 1853 subjiciatl

462 1870 535 1934 cilio
551 1888 643 1952 posse
657 1870 804 1951 judicari,
822 1879 853 1932 et
872 1872 912 1933 ab
926 1891 964 1935 eo
984 1873 1022 1934 ad
1038 1872 1208 1935 concilium
1229 1874 1253 1936 B
1306 1870 1352 1932 ild
1378 1870 1515 1950 primum
1541 1869 1760 1951 respondetur,
1777 1870 1856 1950 quod
1879 1868 1985 1949 qnando

461 1970 494 2032 in
514 1969 623 2032 multis
644 1987 736 2051 posse
757 1970 884 2033 ensibus
904 1971 1067 2054 appellari,
1086 1979 1161 2052 puta
1178 1971 1210 2033 in
1267 1967 1479 2031 communitas
1493 1968 1590 2032 habet
1601 1968 1744 2050 judicem
1763 1969 1942 2050 superiorem
1954 1966 1984 2026 ad

463 2068 590 2131 casibus
615 2067 764 2130 Ecclesia
783 2068 1032 2131 destructionem
1054 2070 1212 2150 tangenti·
1267 2087 1362 2149 quem
1378 2068 1477 2150 possit
1490 2068 1608 2130 babere
1623 2087 1799 2145 recursum,
1816 2075 1885 2129 tune
1897 2074 1986 2128 aucto

463 2167 532 2230 bus.
549 2166 648 2228 Aliter
663 2175 848 2247 sequeretur
862 2165 1020 2228 Christum
1036 2167 1211 2230 Ecclesiam
1269 2167 1344 2229 ritas
1364 2166 1418 2228 illa
1437 2169 1542 2230 locum
1563 2185 1689 2248 semper
1705 2185 1771 2230 non
1793 2165 1888 2228 habet.
1901 2200 1938 2208 -
1949 2164 1986 2223 td

463 2281 552 2324 suam
569 2280 633 2325 non
649 2260 851 2324 sufficienter
869 2262 1044 2342 ordinasse,
1061 2282 1160 2344 quum
1176 2263 1212 2324 il·
1268 2265 1350 2327 aliud
1367 2264 1672 2347 respondetur,quod
1688 2263 1786 2345 aliqui
1801 2263 1987 2342 dieuntoppo

463 2360 493 2423 la
518 2360 731 2423 communitas
756 2379 819 2422 non
845 2360 885 2421 sit
906 2360 1109 2423 sufficienter
1127 2361 1211 2424 ordi-
1268 2363 1375 2441 situm,
1391 2372 1567 2426 asserentes
1582 2363 1667 2444 quod
1683 2363 1829 2425 sacerdos
1846 2360 1933 2442 possit
1945 2378 1986 2420 er·

463 2467 547 2537 nata,
573 2477 642 2540 quaa
669 2458 838 2540 perditioni
868 2477 931 2521 suaa
959 2468 990 2520 et
1013 2459 1211 2522 demolitioni
1269 2462 1504 2524 communicare
1524 2461 1711 2543 episcopum
1732 2479 1835 2538 sunm,
1851 2459 1876 2520 si
1893 2457 1986 2521 lecerit

464 2556 599 2639 publicas
614 2575 678 2619 non
695 2565 798 2638 potest
816 2575 994 2620 occurrere.
1013 2557 1113 2634 Unde,
1130 2557 1155 2620 si
1177 2558 1210 2620 in
1269 2559 1390 2622 lurtum
1404 2560 1567 2622 occultum
1583 2558 1615 2620 in
1631 2578 1688 2621 sua
1703 2558 1870 2640 parocbia:
1884 2555 1948 2637 quia
1960 2555 1987 2615 li·
2099 2604 2100 2627 ,

463 2655 579 2718 talibus
603 2654 730 2718 casibus
756 2654 896 2718 Ecclesia
920 2674 985 2718 non
1006 2664 1113 2737 posset
1137 2656 1212 2718 sibi·
1268 2668 1318 2720 cet
1333 2677 1428 2720 nemo
1449 2658 1548 2739 possit
1570 2656 1669 2739 ligare
1686 2657 1878 2738 superiorem
1897 2673 1984 2717 sunm.
2099 2710 2100 2723 ,

464 2753 590 2835 metipsi
616 2751 793 2835 providere,
819 2761 1005 2834 sequeretur
1031 2755 1116 2834 quod
1147 2773 1209 2817 non
1268 2766 1373 2819 tamen
1400 2756 1571 2838 episcopus
1596 2755 1674 2818 lecit
1701 2775 1736 2818 se
1765 2754 1916 2817 sacerdote
1940 2770 1986 2813 suo
2099 2766 2100 2833 Ῑ

462 2851 594 2914 haberet
618 2850 833 2914 sufficientem
860 2850 1087 2914 fecunditatem
1113 2861 1144 2914 et
1166 2852 1212 2914 le
1267 2856 1434 2933 minorem,
1450 2853 1677 2918 committendo
1691 2853 1812 2915 lurtum
1827 2851 1987 2932 inejuspa·
2099 2856 2100 2875 ¹

463 2950 598 3012 cundam
625 2949 771 3012 virtutem
794 2950 831 3012 ad
852 2969 885 3012 se
905 2951 1157 3012 conservandum
1180 2959 1212 3012 et
1266 2954 1385 3016 rochia.
1403 2952 1534 3027 Quidam
1560 2960 1666 3013 tamen
1684 2952 1796 3014 dicunt
1817 2949 1985 3031 oppositum.

463 3049 726 3128 continuandum,
744 3049 852 3131 sicque
872 3058 979 3132 posset
997 3049 1138 3112 delicere
1157 3068 1211 3133 pe
1231 3053 1354 3116 CUnde
1376 3051 1549 3115 secundum
1573 3049 1782 3113 intentionem
1803 3049 1877 3112 Petri
1896 3047 1930 3109 de
1946 3045 1987 3106 ,ll-

462 3148 531 3211 litia
555 3147 739 3211 christiana.
1269 3152 1349 3214 liaco
1368 3160 1401 3214 et
1418 3149 1604 3214 Cancellarii
1625 3158 1710 3213 esset
1728 3149 1902 3224 dicendum,
1916 3144 1985 3226 qnod

503 3246 557 3308 llis
577 3247 748 3309 coneordat
769 3247 853 3327 quod
874 3246 955 3309 libro
974 3248 1013 3309 de
1029 3246 1212 3309 Auleribili-
1268 3250 1343 3313 lieet
1358 3249 1439 3330 Papa
1454 3257 1488 3310 ut
1509 3248 1651 3329 pontifex
1672 3267 1816 3310 summus
1834 3245 1928 3328 prasit
1940 3241 1985 3305 toti

466 3352 528 3406 tate
544 3344 633 3425 Papae
648 3344 688 3407 ab
702 3344 844 3407 Ecclesia
860 3345 1073 3407 Cancellarius
1088 3345 1210 3422 scribit,
1268 3348 1430 3426 Ecclesia,
1447 3356 1552 3409 tamen
1573 3346 1607 3408 in
1626 3354 1780 3427 quantum
1801 3353 1846 3408 est
1864 3360 1987 3423 resque

464 3443 575 3505 dicens
597 3442 770 3517 :Quamvis
795 3443 877 3525 Papa
902 3443 995 3506 talem
1022 3443 1136 3506 babeat
1158 3463 1213 3505 au·
1268 3448 1340 3509 dam
1370 3445 1551 3508 christianae
1580 3444 1818 3508 communitatis
1839 3452 1870 3505 et
1891 3439 1985 3524 politia

465 3540 643 3605 cleritatem
675 3549 820 3623 respectu
854 3541 998 3604 omnium
1031 3542 1210 3621 hominum,
1270 3544 1461 3620 christiana,
1483 3552 1558 3625 puta
1583 3542 1727 3605 minister
1751 3543 1840 3604 datus
1861 3536 1985 3602 Ecclesia

465 3640 591 3721 qualem
607 3658 670 3702 non
687 3640 782 3702 babet
802 3648 900 3702 totum
926 3641 1085 3702 residuum
1105 3640 1213 3702 Ecclc-
1271 3650 1399 3725 propter
1426 3640 1496 3721 ejus
1529 3639 1719 3721 proiectum,
1750 3638 1914 3701 secundnm
1937 3635 1985 3695 boc

354 3761 405 3803 'unt
418 3763 451 3804 ue
465 3738 530 3815 sia,
545 3738 605 3800 nisi
628 3738 903 3801 insinuative*vel
927 3740 1137 3817 elective3ex
1152 3739 1212 3802 boc
1269 3741 1365 3803 babet
1392 3738 1546 3802 rationem
1581 3737 1752 3815 inlerioris,
1784 3733 1942 3818 prasertim
1965 3730 1985 3790 si

465 3846 569 3899 tamen
586 3856 648 3899 non
664 3836 807 3918 sequitur
822 3838 898 3919 quin
922 3846 985 3900 tota
1000 3838 1142 3899 Ecclesia
1157 3858 1212 3900 seu
1271 3838 1368 3901 luerit
1382 3835 1624 3899 intolerabiliter
1638 3835 1858 3915 reus:sicqne
1877 3838 1933 3895 tota
1944 3828 1987 3889 Ec·
2100 3825 2101 3838 ¹

465 3935 612 4017 generale
641 3936 814 3998 concilium
848 3937 936 3998 illam
971 3946 1211 4024 representans,
1270 3936 1367 4000 clesia
1381 3942 1484 4017 potest
1497 3933 1636 4015 abjicere
1651 3933 1829 3996 membrum
1842 3928 1990 3995 enormiter

465 4034 833 4117 possitauctoritativam
855 4036 1110 4115 jurisdictionem
1127 4056 1214 4097 exer·
1270 4034 1496 4098 scandalizans.
1528 4033 1614 4095 Unde
1641 4032 1794 4113 Origenes
1823 4031 1855 4093 in
1881 4024 1990 4091 bomilia

465 4153 547 4209 core,
566 4142 716 4214 tanquam
743 4133 944 4196 intleriabilis
969 4135 1076 4215 regula
1101 4134 1140 4196 ad
1166 4154 1213 4196 re·
1270 4154 1365 4215 snper
1393 4134 1485 4194 losue
1515 4131 1663 4213 septimo,
1692 4129 1738 4193 ait
1765 4130 1848 4211 quod
1873 4123 1990 4190 Ecclesia

464 4232 658 4311 ducendum,
679 4232 902 4312 corrigendum
929 4252 982 4294 seu
1009 4251 1214 4313 compescen·
1229 4234 1254 4295 1)
1269 4233 1363 4294 debet
1387 4230 1528 4312 abjicere
1552 4229 1818 4291 scandalizantem
1844 4234 1989 4309 pastorem.

465 4331 540 4392 dum
567 4330 692 4411 Papam,
716 4350 755 4392 ne
782 4339 894 4393 noceat
914 4330 974 4393 sibi
1000 4340 1031 4393 et
1054 4331 1137 4393 aliis,
1160 4331 1212 4393 Sic
1270 4331 1329 4393 Sed
1350 4330 1483 4411 quiade
1502 4329 1561 4419 boc
1583 4327 1705 4390 dietum
1724 4326 1913 4414 estplenius
1930 4340 2074 4403 opu-unm

466 4430 550 4491 enim
568 4429 662 4491 tradit
677 4429 859 4491 Aristoteles
874 4430 985 4511 quinto
997 4428 1210 4506 Politicorum,
1270 4430 1358 4492 sculo
1381 4427 1494 4510 primo,
1513 4446 1598 4488 nunc
1619 4434 1756 4488 transeo.

466 4528 550 4608 quod
579 4528 617 4589 ad
651 4536 747 4590 totam
783 4528 1041 4590 communitatem
1076 4528 1214 4610 pertinet

468 4624 620 4707 principis
649 4626 815 4703 correctio,
842 4626 892 4688 vel
922 4626 1026 4689 totalis
1050 4625 1213 4688 destitutio
1455 4645 1700 4709 ARTICULUS
1725 4645 1834 4708 XXX,

467 4724 493 4785 si
515 4723 756 4786 inemendabilis
776 4734 965 4809 perseveret.
983 4724 1020 4786 Et
1039 4724 1106 4787 baec
1128 4733 1212 4804 pote·

467 4831 530 4885 stas
546 4822 768 4885 inabdicabilis
789 4831 836 4885 est
855 4843 872 4885 a
888 4824 1117 4886 communitate
1137 4822 1214 4885 libe-

467 4941 511 4998 ra,
538 4940 608 5001 quae
633 4922 672 4983 de
702 4922 795 4984 rebus
821 4922 886 4983 suis
914 4921 1018 4984 iacere
1043 4930 1147 5003 potest
1174 4922 1213 4983 ad

467 5018 606 5096 libitum,
632 5039 691 5081 nec
719 5038 780 5107 per
799 5019 1044 5101 appellationem
1071 5038 1128 5081 nec
1159 5038 1216 5100 per

467 5116 607 5198 aliquam
632 5117 734 5199 legem
760 5126 863 5199 potest
887 5118 1037 5198 suspendi
1066 5140 1072 5178 :
1097 5124 1215 5197 quanto
1308 5115 1334 5178 N
1354 5115 1444 5178 libris
1464 5123 1574 5178 eontra
1595 5115 1773 5179 Donatistas
1795 5114 1891 5177 multa
1911 5108 1995 5191 loqui·

468 5216 569 5297 magis
592 5216 651 5279 boe
673 5216 801 5279 habebit
823 5216 985 5280 Ecclesial
1002 5217 1072 5279 llaec
1087 5214 1216 5279 Cancel·
1324 5224 1375 5275 tur
1395 5215 1426 5276 S.
1443 5214 1637 5295 Augustinus
1655 5214 1696 5275 de
1718 5213 1900 5277 auctoritate
1917 5226 1995 5292 geue·

471 5314 580 5377 larius.
1272 5307 1348 5375 ralis
1377 5310 1515 5376 concilii.
1541 5311 1666 5375 Etenim
1695 5311 1739 5374 ibi
1768 5310 1903 5375 secutulo
1927 5306 1994 5369 libro

1270 4782 1316 4839 Dc
1325 4778 1523 4841 auctoritate
1532 4786 1561 4835 et
1574 4777 1720 4835 utilitate
1731 4776 1995 4852 penercttameoa·

1308 4868 1475 4934 ciliorum,
1485 4867 1663 4925 secundum
1677 4866 1899 4940 Aupttstinma
1910 4870 1937 4920 et
1946 4862 1994 4920 ra

1311 4965 1400 5015 trum
1420 4958 1460 5015 de
1475 4956 1614 5016 Actiaco.
