4309 6250
422 487 462 552 38
648 506 687 552 nn
708 505 872 553 bromme
892 505 930 551 ΕΤ
949 505 1100 552 leoninos
1121 506 1148 549 B.
1171 505 1202 550 V.
1224 504 1340 561 HARIAE,
1362 504 1451 550 LIBER
1472 504 1494 550 1.
1516 522 1557 534 -··
1577 505 1647 551 All'l'.
1670 505 1747 551 xvul

423 684 576 739 aeternum
601 677 776 740 benedictas
798 675 900 738 llariae
922 693 1037 756 corpus
1060 673 1212 736 melfa-A
1229 672 1490 755 singularissimas
1525 673 1784 755 congratuletur?
1818 672 1919 753 Certe,
1953 692 1975 736 o

424 774 500 838 bilis
515 773 709 838 excellentias
729 773 800 836 fuit.
818 775 891 836 Ideo
913 771 1170 855 acceptissimum
1225 771 1522 853 praeamabilissima
1551 771 1658 853 Virgo,
1688 779 1753 833 tum
1785 771 1973 853 dignificata

424 869 543 932 exstitit
562 871 723 949 Creatori3
747 877 778 932 et
802 877 920 951 quanto
947 888 1003 950 per
1025 877 1171 930 naturam
1226 878 1331 931 estex
1349 869 1508 951 premetis
1533 878 1585 931 tua
1609 869 1823 931 illustrissima
1837 889 1922 946 caro,
1938 878 1975 932 ut

423 977 492 1031 erat
506 968 674 1048 declivius,
691 977 777 1032 tanto
792 988 849 1050 per
867 968 999 1050 gratiam
1022 974 1054 1030 et
1075 967 1173 1029 virtu·
1226 968 1344 1030 nullius
1364 987 1451 1049 puras
1474 975 1625 1030 creature
1650 985 1777 1050 corpus,
1793 988 1852 1031 nec
1877 968 1974 1031 coelo-

423 1073 471 1130 tes
496 1066 616 1130 factum
641 1075 689 1130 cst
714 1067 895 1146 sublimius,
920 1065 1047 1148 dignius
1076 1074 1171 1146 atque
1226 1085 1309 1144 rum,
1325 1086 1384 1129 nec
1399 1066 1609 1149 planetarum,
1625 1084 1685 1129 nec
1701 1066 1852 1144 siderum,
1868 1067 1897 1129 ci
1920 1087 1974 1129 va·

424 1163 575 1227 nobilius.
1225 1163 1289 1226 leat
1303 1164 1335 1226 in
1351 1164 1515 1228 nobilitate
1530 1173 1562 1227 et
1575 1164 1728 1246 dignitate
1742 1167 1871 1246 aquari.

464 1261 628 1339 Praeterea,
644 1261 772 1324 aliunde
786 1259 1049 1324 inestimabiliter
1069 1258 1173 1341 digni·

423 1358 556 1422 ficetum
572 1367 619 1423 cst
633 1345 926 1441 praestantissimum
946 1358 1047 1422 llariae
1068 1357 1173 1441 piissi-

424 1477 484 1520 mas
508 1476 635 1540 corpus.
661 1458 777 1536 Primo,
802 1477 839 1520 ex
864 1477 902 1520 oo
926 1457 1010 1538 quod
1035 1476 1072 1519 ex
1100 1457 1171 1538 ejus
1404 1453 1648 1517 ARTICULUS
1671 1453 1796 1517 XVIII.

425 1556 569 1636 portione
584 1574 620 1617 ³⁰
635 1555 812 1618 snbsmntia
831 1562 993 1664 §amptum
1008 1563 1040 1617 et
1055 1553 1172 1663 forml‘
1226 1603 1273 1661 De
1305 1602 1468 1676 dignitate
1498 1609 1529 1660 et
1560 1601 1734 1659 sanctitate
1765 1601 1972 1676 afnqulorom

424 1662 490 1716 tum
506 1661 554 1716 est
568 1671 683 1735 corpus
699 1652 777 1715 illud
792 1652 1011 1715 deificativum
1031 1653 1115 1733 quod
1138 1671 1171 1713 ιιι
1265 1691 1484 1749 membrorum
1512 1691 1671 1765 virm-new
1698 1692 1854 1757 Mam„
1877 1698 1907 1748 e,
1933 1691 1974 1747 de

423 1753 545 1814 unitate
573 1769 715 1832 persone
744 1751 804 1814 sibi
833 1751 1004 1833 assumpsit
1031 1750 1171 1812 Verbum
1265 1779 1391 1854 coppos„
1405 1779 1621 1854 summigue
1647 1779 1750 1853 ipsiu,
1775 1780 1812 1837 in
1832 1797 1973 1854 prm,

423 1857 587 1913 ffitffl'ffllffl·
605 1849 628 1912 ⁰
643 1867 772 1931 ΡΡοΓ3ΠΒ
787 1848 1048 1932 l¹¹⁰⁰¹¹¹l³¹²labilis
1067 1846 1208 1911 D⁰ml·B
1267 1870 1326 1936 tia,
1337 1869 1589 1927 contrectatione
1603 1876 1633 1926 et
1647 1868 1885 1927 deosculatione
1898 1869 1976 1929 Uni-

422 1966 475 2026 na,
489 1946 720 2029 pretiosissima
736 1947 825 2028 virgo
839 1947 946 2027 llaria,
959 1947 1051 2029 cujus
1066 1946 1171 2028 portio
1263 1958 1372 2030 pentat
1390 1959 1454 2017 sut,

423 2046 549 2108 modica
563 2065 582 2107 a
597 2045 700 2108 Verbo
715 2053 832 2108 eterno
847 2053 1020 2126 assumpta,
1038 2044 1077 2106 ad
1094 2043 1172 2106 redi·

423 2144 575 2206 mendum
590 2150 690 2206 totum
705 2162 807 2224 genus
828 2143 1003 2205 humanum
1025 2142 1085 2204 fuit
1105 2142 1173 2205 ido
1291 2145 1438 2205 EATUS
1453 2152 1566 2202 venter
1586 2144 1646 2222 qni
1667 2152 1697 2202 te
1712 2143 1871 2217 portavit,
1887 2141 1974 2204 Chri·
1986 2162 2117 2211 cenea.

423 2249 513 2304 neat
550 2241 707 2318 Secundo,
738 2241 889 2322 quoniam
926 2240 959 2302 iu
994 2240 1172 2302 castissImo
1305 2248 1363 2317 ste,
1380 2250 1409 2300 et
1425 2242 1526 2300 ubero
1548 2262 1620 2319 ιιοιι
1640 2242 1772 2300 sonisn'.
1792 2239 1894 2313 Quum
1915 2240 1975 2302 Ilo-

424 2349 514 2402 utero
530 2339 601 2421 ejus
615 2339 736 2419 quievit
751 2347 783 2401 et
798 2347 1010 2401 commoratus
1022 2346 1070 2400 est
1085 2357 1173 2400 men·
1226 2339 1329 2401 minus
1340 2344 1373 2400 et
1382 2337 1526 2400 Salvator
1540 2337 1692 2400 doctriua
1703 2336 1842 2400 coelestis
1854 2336 1973 2400 fluenta

424 2438 513 2500 sibus
527 2456 643 2500 novem
663 2437 718 2499 uei
738 2436 934 2518 Unigenitus,
952 2436 1048 2498 bomo
1068 2434 1172 2498 factus
1226 2436 1472 2518 evangelizando
1494 2434 1685 2513 effunderet,
1706 2455 1769 2498 una
1790 2436 1971 2515 mulierum,

424 2544 456 2598 et
471 2535 609 2597 nutritus
630 2535 757 2596 mundis
780 2534 880 2616 ipsius
902 2533 1122 2615 sanguinibus.
1140 2532 1172 2594 Si
1227 2555 1324 2597 sacrae
1338 2534 1408 2616 ejus
1423 2533 1639 2616 predicationi
1655 2535 1826 2596 totocorde
1841 2534 1973 2614 intenta,

278 2649 410 2700 ιιοιιιι.
425 2634 526 2697 virtus
541 2633 639 2696 exivit
653 2632 692 2695 de
708 2632 828 2695 Christo
844 2632 926 2694 inter
940 2631 1087 2694 homines
1102 2650 1173 2694 con·
1227 2643 1321 2714 ablue
1350 2632 1451 2714 ipsius
1479 2631 1692 2712 eloquentiam
1724 2631 1975 2714 sapientiamque

425 2739 583 2807 versante,
601 2739 632 2792 et
647 2731 770 2792 sanavit
784 2749 895 2793 omnes
913 2752 919 2790 :
938 2737 1057 2809 quanta
1071 2729 1173 2791 virtus
1227 2731 1433 2794 vehementer
1453 2729 1625 2807 admirans,
1649 2748 1686 2791 cr
1708 2729 1852 2792 interiori
1877 2730 1975 2792 abun-

425 2830 508 2891 intra
530 2836 576 2890 tot
599 2846 725 2890 menses
750 2827 910 2890 emanavit
935 2846 972 2889 cx
998 2844 1035 2888 eo
1061 2827 1093 2888 iu
1117 2845 1173 2888 vas
1229 2829 1337 2893 dantia
1356 2827 1489 2909 protulit
1510 2827 1735 2890 suavissimum
1757 2827 1890 2890 verbum
1909 2829 1974 2910 jam

425 2926 504 2989 illud
534 2925 779 2987 mundissimum
809 2925 842 2986 in
870 2942 932 3006 quo
963 2925 1099 3007 ipsemet
1126 2924 1173 2986 sic
1229 2927 1411 3007 allegatum.

426 3025 634 3108 personaliter
655 3023 828 3086 habitavitt
844 3023 877 3085 Si
898 3023 970 3105 quis
990 3043 1048 3105 per
1062 3024 1172 3085 horam
1188 3025 1210 3088 G
1269 3023 1422 3103 Denique,
1436 3042 1530 3104 quam
1546 3041 1620 3084 vere
1634 3030 1667 3084 ct
1680 3022 1868 3103 eminenter,
1880 3043 1974 3105 quam

427 3132 533 3188 teneat
557 3123 590 3185 in
613 3141 710 3185 manu
734 3141 801 3184 rem
827 3121 1030 3199 odoriferam,
1057 3121 1174 3203 pretio-
1231 3121 1434 3203 singulariter
1455 3128 1486 3183 et
1510 3120 1791 3202 supernaturaliter
1809 3121 1977 3203 dignifica-

428 3242 508 3301 sam,
524 3240 654 3283 suavem
672 3244 679 3282 ι
696 3238 803 3282 nonne
823 3239 936 3282 manus
958 3218 1028 3300 ejus
1050 3228 1174 3282 contra·
1230 3229 1272 3299 ta,
1289 3218 1482 3298 beatificata,
1499 3227 1531 3280 et
1549 3221 1598 3298 (ut
1617 3219 1662 3280 sio
1682 3219 1806 3298 loquar)
1826 3220 1975 3282 deificata

428 3320 476 3382 bit
490 3320 564 3381 inde
581 3319 782 3399 fragrantiam
798 3326 830 3380 et
843 3317 1173 3392 virtuteleuautam
1230 3319 1295 3380 sint
1317 3317 1425 3381 omnia
1449 3315 1686 3379 fecundissima
1709 3316 1848 3397 Virgiuis
1876 3338 1975 3380 mem-

427 3435 503 3499 orgo
533 3416 732 3495 suavitatem,
759 3416 958 3497 dignitatem,
985 3415 1173 3477 munditiam
1229 3417 1297 3496 bra,
1327 3435 1365 3478 ex
1389 3416 1503 3478 Christi
1536 3415 1642 3477 verbis
1674 3415 1826 3477 docemur
1859 3416 1974 3496 quibus

427 3523 652 3579 contraxerunt
666 3513 958 3577 immaculatissima
977 3513 1101 3576 viscera
1122 3514 1175 3575 be·
1230 3516 1296 3577 suis
1310 3514 1388 3577 dixit
1403 3514 1569 3596 discipulis
1580 3513 1682 3576 :Beati
1697 3512 1780 3575 oculi
1796 3515 1851 3594 qui
1866 3515 1976 3576 vident
1987 3538 2043 3582 rna
2055 3553 2077 3587 χ,
2088 3542 2113 3587 ιι

427 3614 562 3676 nedictae
576 3612 730 3675 llariaecx
745 3620 808 3673 tam
831 3613 980 3675 diuturna
1001 3611 1174 3674 habitantis
1229 3632 1300 3694 quaa
1326 3630 1383 3674 vos
1411 3611 1536 3688 videtis,
1567 3619 1599 3673 et
1624 3630 1717 3672 aures
1744 3630 1814 3691 quae
1842 3601 2112 3707 ιιιιὶἰιιιιῐξζιῦξζᾟι

426 3712 459 3773 in
479 3730 516 3775 ea
540 3710 718 3792 praesentia,
736 3710 806 3791 ejus
830 3709 953 3772 scilicet
977 3710 1029 3791 qui
1055 3718 1104 3772 est
1127 3728 1175 3771 es·
1229 3730 1299 3792 quae
1323 3728 1380 3773 vos
1405 3710 1520 3772 auditis
1542 3732 1549 3771 :
1570 3709 1642 3771 dico
1663 3708 1748 3771 enim
1769 3708 1871 3791 vobis,
1891 3711 1974 3790 quod
2026 3696 2031 3715 '
2069 3695 2074 3713 ’

428 3807 603 3872 sentialiter
617 3816 649 3871 et
663 3807 1043 3889 incircumscriptibilitcr
1063 3826 1101 3869 ac
1124 3827 1175 3869 su·
1229 3808 1321 3871 multi
1337 3808 1499 3890 Prophetas
1521 3816 1551 3870 et
1573 3827 1662 3888 reges
1685 3807 1854 3870 voluerunt
1868 3809 1975 3870 videre

429 3905 673 3988 perplcnissime
695 3913 835 3983 sanctuS,
858 3905 984 3986 dignus,
1008 3904 1116 3967 suavis
1138 3924 1174 3966 ιο
1229 3925 1300 3987 quae
1314 3923 1371 3967 vos
1386 3905 1510 3985 videtis,
1521 3914 1552 3967 et
1565 3923 1630 3967 nou
1645 3905 1807 3983 viderunt3
1821 3915 1853 3969 et
1867 3906 1975 3969 audire

427 4005 611 4067 virtuosusl
627 4003 743 4081 Tertio,
764 4003 914 4083 quoniam
939 4021 1050 4065 verum
1075 4002 1175 4065 Deum
1230 4024 1300 4087 quae
1328 4003 1456 4082 auditis,
1482 4013 1514 4066 et
1541 4023 1605 4067 non
1634 4004 1813 4068 audieruut.
1840 4005 1872 4067 Si
1900 4023 1975 4086 ergo

429 4124 467 4167 ex
497 4122 531 4165 se
560 4120 634 4165 vere
662 4110 695 4164 et
722 4100 929 4182 corporaliter
958 4108 1080 4177 natum,
1107 4100 1175 4162 haec
1230 4102 1493 4163 commendantur
1516 4110 1549 4163 ct
1568 4100 1793 4163 beatificantur
1814 4121 1832 4163 a
1853 4102 1975 4165 Christo

429 4203 549 4284 optima
576 4208 607 4261 et
635 4198 861 4279 benignissima
884 4198 972 4279 virgo
995 4197 1090 4260 Maria
1118 4217 1175 4262 suo
1189 4196 1216 4258 D
1230 4199 1315 4261 oculi
1334 4207 1366 4261 et
1384 4218 1477 4261 aures
1496 4199 1550 4279 qui
1573 4218 1646 4261 eum
1669 4198 1816 4261 viderunt
1833 4208 1866 4263 ct
1889 4200 1976 4262 audi-

430 4299 614 4363 fclicissimo
637 4315 768 4378 corpore
790 4296 929 4377 quotidie
954 4315 1025 4358 cum
1051 4314 1176 4357 summa
1230 4305 1335 4374 erunt,
1351 4305 1383 4359 et
1404 4296 1430 4358 si
1452 4305 1515 4358 tam
1538 4315 1688 4377 magnum
1711 4316 1747 4359 ac
1768 4297 1894 4360 salubre
1915 4298 1976 4360 fuit

430 4398 571 4476 caritate,
589 4394 766 4457 reverentia
787 4402 818 4456 et
839 4394 1016 4456 humilitate
1041 4394 1176 4456 honora·
1231 4394 1425 4457 salvatorem
1441 4394 1549 4457 videre
1564 4403 1595 4456 et
1606 4393 1714 4457 audire
1729 4395 1763 4456 iu
1778 4396 1975 4477 carue,quod

430 4497 486 4574 vit,
507 4493 650 4573 nutrivit,
671 4492 812 4571 lactavit,
833 4490 1090 4570 circumferebat,
1110 4511 1177 4553 am·
1232 4491 1333 4553 sancti
1354 4491 1517 4572 Prophetae
1541 4498 1574 4552 et
1597 4509 1686 4571 reges
1712 4491 1771 4552 lroo
1794 4490 1976 4553 avidissime

429 4593 636 4677 plectebatur,
667 4589 910 4653 deosculabatur
942 4597 974 4651 et
1001 4598 1176 4653 contrecta·
1231 4597 1420 4672 optaverunt
1451 4611 1458 4650 :
1488 4607 1584 4670 quam
1615 4607 1777 4669 magnum,
1810 4589 1978 4652 saluberri-

430 4695 493 4771 bat,
511 4690 699 4773 impendens
725 4688 886 4750 adorando
908 4685 1068 4750 Infantulo
1090 4688 1175 4768 quod
1232 4707 1320 4749 mum
1344 4706 1380 4750 ιο
1408 4686 1746 4749 desiderabilissimum
1774 4686 1847 4765 fuit,
1873 4686 1977 4769 ipsum

428 4789 602 4854 infantibus
618 4789 722 4851 solent
737 4787 922 4868 impendere
937 4786 1120 4867 genitrices.
1231 4786 1286 4848 Dei
1301 4784 1400 4848 Patris
1421 4785 1552 4846 unicum
1568 4784 1682 4846 Filium
1705 4784 1883 4847 castissimo
1904 4805 1980 4848 ven-

469 4889 542 4965 Quis
563 4889 596 4949 in
615 4888 730 4950 borum
746 4885 1000 4948 consideratione
1023 4883 1098 4946 satis
1120 4884 1177 4944 mi·
1232 4892 1278 4946 tre
1314 4883 1495 4964 concipere,
1525 4891 1662 4965 portare,
1692 4883 1825 4959 nutrire,
1855 4902 1976 4963 parere,

429 4996 526 5065 retur,
550 4994 582 5049 et
606 5005 670 5048 non
694 5004 824 5067 prorsus
848 4982 998 5046 deficiatl
1014 4982 1090 5057 Quis
1114 4983 1177 5045 ele·
1231 4989 1439 5058 contrectare,
1460 4990 1492 5043 et
1516 5000 1579 5044 non
1603 4982 1705 5043 solum
1730 4980 1872 5044 interiori
1897 4991 1981 5045 exte-

429 5086 577 5149 ctissimae
600 5083 739 5165 Virginis
764 5080 1037 5163 dignificationem
1062 5099 1176 5163 capere
1231 5081 1370 5161 riorique
1397 5079 1469 5142 visu
1494 5080 1604 5143 videre
1628 5088 1663 5141 ut
1686 5079 1856 5143 Dominum
1879 5082 1978 5144 Deum

427 5186 544 5266 queatl
569 5183 644 5258 Quis
672 5199 737 5243 nou
767 5180 841 5243 totis
869 5180 1051 5263 precordiis
1081 5188 1175 5242 tantae
1230 5198 1267 5241 ac
1283 5179 1483 5255 salvatorem,
1501 5177 1718 5258 atqueaudire
1738 5186 1772 5239 ut
1790 5179 1977 5260 magistrum

426 5280 586 5365 dignitati,
608 5278 803 5344 excellentiae
827 5298 865 5343 ac
889 5278 1076 5343 beatitudini
1103 5278 1173 5361 ejus
1229 5285 1261 5341 et
1274 5277 1586 5361 predicatorem,sed
1603 5275 1698 5340 ctiam
1714 5276 1819 5360 ipsum
1834 5278 1976 5360 quotidie
