4309 6250
420 479 481 550 ate
665 498 785 549 eburna
805 497 974 547 nnnrmmu
993 496 1165 557 uanouurr,
1188 497 1276 544 arnan
1297 498 1328 545 u.
1352 517 1393 528 -
1413 497 1484 546 rer.
1508 465 1602 555 xxxv,
1624 497 1720 545 xxxvi

420 672 614 755 judicantur,
643 672 720 734 dum
748 670 948 752 moriuntur3
977 667 1169 752 generaliter
1183 668 1208 730 Α
1224 668 1326 730 solum
1351 667 1554 748 falsissimus,
1581 669 1692 735 sedet
1712 686 1843 751 prorsus
1867 665 1975 728 rudis-

421 791 499 835 vero
517 771 745 853 judicabuntur
768 769 801 832 in
823 769 875 832 die
894 768 1024 831 extremi
1042 766 1167 849 judieii,
1224 767 1334 844 simne,
1350 786 1449 848 quum
1464 767 1548 830 Deus
1563 767 1604 830 sit
1618 787 1717 851 purus
1732 775 1832 843 actus,
1850 765 1976 847 simpli-

289 886 298 931 ι
314 885 367 931 cor.
387 899 409 936 v.
423 870 506 933 sicut
523 869 638 933 Paulus
658 868 704 931 ait
724 867 885 951 apostolus
907 866 993 930 :Eos
1014 866 1068 947 qui
1090 864 1168 928 foris
1223 865 1352 928 cissima
1367 865 1484 946 unitas,
1500 875 1531 928 et
1553 874 1732 948 separatum
1754 873 1850 947 atque
1868 863 1976 947 puris·

276 953 310 993 ¹²·
423 978 508 1048 sunt,
523 977 633 1052 utpote
652 964 811 1045 infideles,
828 957 981 1030 Dominus
998 963 1166 1047 judicabit.
1223 963 1338 1026 simum
1367 984 1448 1044 esse,
1479 972 1513 1027 ut
1540 963 1681 1046 theologi
1715 983 1752 1026 ac
1785 962 1974 1045 philosophi

388 1097 390 1100 ·
460 1068 582 1132 Dicitur
604 1085 731 1149 quoque
754 1066 807 1128 hic
828 1089 836 1128 :
860 1069 962 1127 Terre
982 1064 1169 1124 mutabitur
1223 1063 1366 1144 probant.
1383 1062 1473 1144 Item,
1490 1064 1517 1126 si
1539 1063 1647 1126 dicere
1668 1062 1779 1140 voluit,
1797 1063 1883 1145 quod
1906 1061 1974 1124 ani-

420 1170 457 1228 m
480 1171 596 1238 etiam,
611 1176 642 1227 et
665 1170 778 1226 coetum
803 1166 971 1233 similiter,
987 1161 1110 1225 scilicet
1134 1160 1168 1222 in
1222 1180 1274 1223 ma
1302 1162 1397 1243 primi
1426 1161 1564 1226 hominis
1592 1170 1647 1224 aut
1675 1160 1813 1244 alicujus
1840 1160 1974 1224 alterius

418 1263 486 1327 fine
501 1263 619 1327 saculi.
637 1263 668 1325 Si
682 1263 753 1326 vult
765 1263 883 1339 dicere,
901 1261 985 1344 quod
1001 1269 1084 1323 terra
1099 1278 1168 1321 mu·
1222 1268 1305 1322 esset
1326 1261 1365 1322 de
1387 1261 1563 1323 substantia
1578 1259 1646 1338 Dei,
1662 1269 1717 1323 aut
1738 1279 1810 1342 pars
1824 1259 1972 1341 quaedam

321 1429 343 1451 ⁸
418 1361 693 1426 tabiturinaliam
708 1371 855 1424 naturam
870 1358 1092 1442 seuspeciem,
1109 1356 1169 1419 fal·
1222 1359 1334 1421 animae
1355 1359 1422 1438 Dei,
1443 1359 1531 1422 omni
1551 1358 1774 1442 philosophice
1792 1377 1830 1421 ao
1850 1357 1975 1420 theolo-

417 1480 488 1524 sum
512 1469 561 1524 est
584 1484 591 1522 :
614 1459 766 1540 quoniam
791 1459 948 1522 elementa
973 1457 1005 1519 in
1028 1457 1095 1519 suis
1120 1474 1168 1516 re·
1221 1457 1292 1538 gico
1316 1457 1507 1522 documento
1531 1466 1615 1521 esset
1639 1456 1846 1535 eontrarium,
1870 1474 1973 1539 quum
2011 1537 2014 1542 Δ

416 1560 591 1623 manebunt
625 1558 747 1620 naturis
781 1556 957 1640 specificis,
993 1574 1054 1617 nec
1088 1555 1166 1617 ordo
1222 1553 1303 1618 Deus
1318 1555 1488 1636 gloriosus,
1504 1564 1641 1618 aeternus
1662 1575 1699 1619 ac
1721 1555 1916 1634 adorandus,
1934 1555 1973 1615 sit

416 1656 558 1720 universi
586 1655 761 1718 mutabitur
788 1661 941 1737 quantum
970 1653 1009 1715 ad
1035 1671 1072 1714 ea
1095 1669 1165 1732 qua
1220 1673 1332 1731 unum,
1349 1661 1541 1735 separatum,
1557 1653 1756 1734 invariabile,
1772 1651 1973 1716 indivisibile

417 1754 664 1836 inperpetuum
688 1760 761 1836 apta
785 1759 859 1814 sunt
882 1769 1080 1833 permanere.
1107 1749 1166 1812 lle·
1221 1771 1257 1813 ac
1286 1751 1545 1834 impermixtibile
1574 1772 1655 1830 esse,
1685 1760 1773 1815 extra
1807 1759 1839 1814 et
1875 1769 1973 1832 supra

417 1862 595 1916 rumtamen
616 1852 755 1916 fatemur
776 1851 861 1934 qnod
883 1859 966 1913 terra
990 1848 1166 1913 mutabitur
1182 1852 1206 1913 B
1221 1869 1349 1913 omnem
1374 1851 1521 1914 ordinem
1546 1869 1662 1914 rerum.
1680 1851 1907 1914 Vemmtamen
1932 1851 1972 1913 de

416 1952 450 2014 in
465 1951 561 2015 aliam
577 1952 672 2014 modo
693 1950 888 2032 etqualitate
906 1973 913 2011 :
931 1948 1073 2030 itaqued
1094 1956 1163 2031 post
1220 1948 1279 2010 hac
1307 1967 1342 2011 re
1371 1948 1432 2011 erit
1458 1951 1507 2029 (ut
1530 1949 1679 2028 arbitror)
1704 1947 1788 2011 infra
1816 1956 1972 2012 tractatus

415 2050 501 2113 diem
528 2049 642 2132 judicii
677 2057 761 2112 terra
794 2068 832 2112 ac
868 2056 973 2111 cetera
1007 2047 1166 2110 elementa
1219 2045 1379 2109 diffusior.

415 2157 508 2212 amnt
531 2148 672 2211 melioris
696 2147 916 2232 dispositionis
938 2145 1165 2229 ampliorisque

415 2247 568 2310 claritatis
588 2265 685 2328 quam
706 2247 802 2310 modo
821 2255 906 2309 sunt.
923 2244 1008 2308 ldem
1030 2245 1070 2307 de
1092 2243 1164 2306 coeli

414 2346 590 2410 mutatione
611 2345 785 2409 dicendum
806 2352 865 2408 est.
1379 2312 1625 2378 ARTICULUS
1648 2312 1807 2378 XXXVI·

1234 2451 1354 2510 Contra
1368 2470 1496 2512 errores
1509 2452 1652 2528 capituli
1670 2453 1816 2512 vicesimi
1832 2455 1956 2532 quinti.

579 2609 826 2675 ARTICULUS
855 2608 999 2673 XXXV·
1279 2636 1365 2700 tucn
1381 2637 1576 2719 principium
1591 2637 1688 2720 hujus
1703 2638 1847 2721 capituli,
1864 2639 1972 2721 angeli

429 2749 551 2810 Contra
566 2769 695 2808 errores
708 2749 849 2825 capituli
863 2749 1010 2807 vicesimi
1024 2748 1147 2826 quarti.
1295 2735 1426 2798 animati
1455 2737 1605 2800 dicuntur
1631 2760 1638 2800 :
1665 2738 1749 2820 quod
1778 2757 1875 2821 supra
1902 2739 2021 2820 jamna
2038 2767 2087 2796 ma

1219 2833 1422 2916 reprobatum
1451 2843 1509 2899 est.
1540 2836 1571 2899 Si
1606 2835 1694 2899 enim
1723 2846 1796 2899 sunt
1823 2837 1970 2918 animati,

486 2935 572 3000 UASI
586 2953 625 3000 ex
639 2935 694 3005 Dei
717 2954 855 3018 persona
875 2934 926 2997 hic
941 2935 1059 2997 dicitur
1075 2957 1083 2996 ε
1101 2938 1164 2996 Ηο-
1219 2941 1367 2995 coustant
1390 2953 1427 2996 ex
1450 2935 1557 2997 anima
1582 2941 1614 2998 et
1639 2953 1782 3018 corpore,
1810 2955 1870 2998 nec
1897 2945 1974 2998 sunt
2124 3017 2125 3024 ἵ

499 3035 619 3094 minem
635 3036 675 3093 de
685 3042 777 3093 terra
791 3042 821 3093 et
836 3036 905 3093 tuto
917 3034 1165 3109 plasmavimus,
1183 3028 1204 3092 (l
1220 3039 1371 3113 separata
1383 3031 1609 3115 simplicesque
1625 3033 1820 3097 substantia.
1829 3034 1971 3118 Denique
2124 3036 2125 3095 l

412 3134 542 3194 diabolo
566 3134 666 3209 prius
692 3152 734 3191 ee
757 3134 833 3209 igne
856 3133 1014 3208 pestifero
1044 3141 1162 3194 creato.
1219 3130 1326 3193 anima
1355 3132 1516 3194 rationalis
1545 3150 1609 3196 nou
1636 3142 1685 3195 est
1713 3132 1893 3215 simplicior
1918 3153 1974 3196 an·

413 3231 516 3306 Quum
537 3248 646 3293 creare
667 3230 710 3291 sit
724 3229 846 3311 aliquid
867 3249 904 3291 ex
922 3229 1023 3292 nihilo
1045 3229 1163 3310 faeere,
1219 3228 1290 3311 gelo
1314 3254 1322 3292 ι
1348 3247 1424 3311 erge
1448 3237 1480 3293 et
1504 3230 1573 3313 ipsa
1598 3239 1648 3293 est
1671 3231 1822 3311 animata,
1849 3241 1882 3294 et
1907 3250 1972 3295 non

414 3328 574 3411 quomedo
588 3327 732 3390 diabolus
753 3326 856 3391 fertur
874 3348 911 3391 ex
926 3328 1000 3409 igne
1015 3331 1164 3391 creatust
1220 3327 1354 3410 simplex
1369 3328 1482 3409 forma,
1495 3329 1549 3392 sed
1564 3330 1730 3393 materiam
1745 3330 1877 3393 hahens.
1893 3331 1974 3393 Gon-

413 3428 504 3507 ltem,
519 3445 619 3510 quum
643 3426 747 3490 omnis
772 3434 916 3490 creatura
939 3426 995 3489 Dei
1021 3426 1061 3488 sit
1082 3428 1165 3490 bona
1220 3434 1281 3488 stat
1306 3426 1411 3507 itaque
1436 3446 1475 3489 ex
1503 3427 1609 3490 anima
1633 3436 1665 3491 et
1693 3414 1836 3511 corpore.
1862 3428 1904 3491 Et
1928 3430 1973 3491 sic
2123 3474 2124 3554 p

415 3534 570 3608 quantum
585 3524 670 3587 adid
686 3526 771 3607 quod
785 3545 804 3587 a
818 3524 881 3588 Deo
897 3525 1005 3588 sortita
1019 3533 1078 3603 est,
1088 3543 1166 3607 quo·
1220 3524 1333 3587 animae
1353 3523 1413 3587 erit
1431 3524 1559 3602 anima3
1576 3532 1608 3587 et
1625 3534 1784 3607 quaretur
1804 3526 1843 3589 de
1862 3526 1974 3589 anima

416 3625 511 3688 modo
532 3624 617 3706 ignis
637 3622 691 3686 ille
715 3622 850 3707 pestifer
872 3623 1071 3706 appellaturi
1086 3624 1165 3686 Item
1221 3622 1275 3684 illa
1290 3641 1359 3703 quae
1373 3630 1421 3685 est
1435 3642 1508 3706 pars
1524 3624 1639 3687 animae
1654 3624 1827 3703 rationalis,
1844 3644 1886 3687 an
1903 3626 1972 3708 ipsa

283 3751 326 3791 aa.
338 3759 403 3792 nat.
416 3743 514 3807 supra
527 3723 694 3805 probatum
709 3730 759 3785 est
777 3723 861 3803 qnod
882 3723 986 3805 angeli
1007 3722 1071 3784 sint
1090 3723 1166 3784 sim·
1221 3721 1263 3783 sit
1277 3720 1411 3803 simplex
1425 3720 1539 3802 forma,
1552 3722 1603 3785 vel
1619 3731 1769 3786 constans
1783 3742 1821 3786 ex
1836 3742 1971 3807 corpore

417 3822 517 3905 plices
531 3830 563 3885 et
578 3820 805 3903 incorporales,
813 3820 878 3884 imo
893 3828 926 3883 et
940 3821 1165 3884 immateriales
1221 3827 1252 3883 et
1266 3820 1382 3883 anima.
1399 3820 1585 3885 Aristoteles
1606 3840 1682 3885 vero
1697 3820 1877 3885 efficaciter
1899 3841 1972 3905 pro-

417 3920 612 3984 suhstantiae.
629 3918 667 3981 Et
687 3918 770 4000 apud
792 3920 937 3983 doctores
959 3918 1165 4002 philosophos
1221 3918 1274 3981 bat
1298 3919 1381 3999 quod
1410 3918 1591 3983 intellectus
1619 3926 1668 3983 est
1692 3918 1913 3983 immaterialis
1941 3929 1973 3984 et

416 4018 550 4082 verbum
570 4025 755 4100 praetactum
776 4036 841 4080 nen
864 4024 948 4080 esset
966 4017 1029 4079 nisi
1050 4018 1167 4081 ridicu·
1221 4014 1440 4098 impermixtos
1469 4040 1475 4077 :
1503 4017 1597 4081 aliter
1620 4035 1685 4081 non
1712 4026 1797 4081 esset
1824 4018 1970 4082 omnium

416 4117 494 4180 lum.
512 4116 666 4197 Denique,
682 4134 781 4197 quum
806 4113 911 4179 forma
934 4116 977 4178 sit
999 4116 1076 4177 finis
1101 4136 1167 4179 ma·
1220 4133 1396 4196 capax,nec
1412 4114 1531 4178 formas
1545 4115 1708 4179 amataria
1722 4122 1817 4197 atque
1831 4117 1972 4181 materiae

417 4215 515 4293 teriae,
531 4212 635 4277 forma
650 4233 714 4277 non
734 4214 844 4276 unitur
863 4214 1003 4277 materia
1017 4215 1079 4277 nisi
1094 4234 1166 4297 pro·
1181 4216 1205 4279 D
1221 4211 1421 4294 appendiciis
1445 4214 1631 4277 abstrahens
1653 4212 1972 4297 immaterialiterque

416 4322 488 4395 pter
502 4313 666 4396 preprium
680 4312 800 4377 honum
814 4312 845 4376 ei
860 4312 935 4374 inde
950 4313 1161 4395 proveniens:
1221 4310 1400 4392 suscipiens
1415 4330 1453 4374 ac
1468 4311 1692 4376 universaliter
1706 4312 1903 4394 intelligens.

417 4412 570 4494 angelice
605 4420 711 4475 autem
739 4419 862 4473 mentes
896 4410 936 4473 ad
971 4413 1180 4481 exercendas,
1260 4408 1381 4472 Dicitur
1394 4429 1519 4492 quoque
1534 4410 1824 4488 hiczlmpossiba'te
1838 4422 1885 4473 est
1900 4416 1973 4474 ctia-

417 4529 491 4572 suas
515 4509 726 4592 operationes,
753 4509 804 4571 vel
834 4510 874 4571 ad
897 4508 1086 4571 obtinendas
1111 4518 1165 4572 aut
1221 4510 1289 4568 bolo
1312 4510 1494 4588 quidquam
1511 4510 1621 4585 facere
1640 4511 1709 4570 nisi
1728 4512 1922 4573 incredulis.
1940 4510 1971 4574 si

417 4607 650 4671 conservandas
672 4626 744 4669 suas
759 4605 985 4689 perfectiones,
1002 4625 1066 4670 non
1081 4607 1165 4670 indi·
1220 4606 1280 4669 hoe
1297 4606 1341 4669 ita
1359 4615 1417 4683 est,
1435 4626 1510 4688 ergo
1529 4606 1641 4669 fideles
1656 4626 1721 4670 non
1740 4606 1884 4689 indigent
1899 4628 1934 4672 se
1953 4628 1971 4672 a

417 4706 601 4788 gentignee
616 4722 748 4787 corpore
763 4712 914 4786 tanquam
929 4705 1072 4768 materia.
1220 4705 1348 4768 diabolo
1376 4704 1534 4767 custodire
1561 4713 1655 4786 atque
1683 4713 1859 4788 protegere.
1891 4706 1972 4771 Prae-

457 4804 589 4886 lnsuper
611 4802 727 4866 dicitur
749 4802 803 4865 hic
826 4802 917 4884 quasi
945 4822 984 4866 ex
1009 4803 1064 4867 Dei
1094 4823 1164 4886 per·
1220 4812 1316 4883 terea,
1338 4822 1444 4867 nonne
1469 4802 1614 4866 diabolus
1638 4804 1779 4884 quotidie
1804 4812 1905 4868 tentat
1931 4804 1971 4868 fr·

416 4922 494 4968 sona
519 4927 527 4964 :
553 4906 657 4972 Quum
688 4904 851 4963 bominem
875 4920 1095 4978 procreassent
1123 4907 1163 4964 de
1219 4902 1409 4966 delestlmo
1424 4902 1509 4965 viros
1525 4902 1624 4964 bonos
1639 4921 1675 4964 ac
1690 4903 1848 4967 virtuosos
1862 4905 1969 4968 aerius

416 5008 498 5072 luto,
517 5009 548 5062 et
567 5004 671 5061 eidem
694 5002 815 5061 animae
834 5020 912 5060 meoe
928 5004 1038 5077 portio
1059 5004 1164 5079 insuf-
1219 5008 1320 5063 tentat
1341 5019 1436 5082 quam
1460 5018 1576 5083 pravos
1599 5020 1636 5063 ae
1660 4998 1819 5065 infideles
1836 5000 1916 5066 Nam
1937 5012 1968 5067 et

413 5104 569 5178 staretur,
583 5106 644 5160 etc.
661 5097 693 5159 Si
712 5096 868 5160 blahomet
885 5098 1063 5176 estimavit,
1086 5100 1163 5162 scri·
1218 5100 1376 5164 Christum
1396 5099 1524 5181 aggredi
1544 5118 1581 5162 ac
1604 5108 1727 5163 tentare
1750 5102 1965 5185 presumpsit.
1987 5120 2087 5165 neue.

415 5199 481 5281 psit
503 5196 572 5260 sive
596 5194 743 5271 intendit,
765 5196 849 5276 quod
872 5196 956 5258 Deus
981 5196 1013 5259 in
1035 5198 1162 5282 propria
1218 5198 1257 5260 Et
1278 5198 1420 5261 Christus
1444 5196 1484 5260 ad
1508 5198 1725 5261 beatissimum
1744 5200 1873 5262 Petrum
1893 5190 2084 5292 apem,
2119 5215 2120 5239 ¹

414 5306 528 5361 natura
551 5294 692 5358 animam
717 5292 857 5370 haberet,
878 5312 967 5357 error
989 5305 1073 5359 esset
1096 5316 1161 5361 non
1219 5297 1335 5361 stolum
1360 5297 1460 5359 dixit:
1478 5296 1558 5360 Ecce
1582 5296 1712 5361 Satanas
1735 5298 1891 5380 expetivit
1911 5318 1968 5365 vos
1982 5312 2050 5365 aaa
