4309 6250
460 479 522 548 332

780 500 898 550 oomni
918 499 1087 550 emtum
1106 499 1278 560 nubum,
1299 499 1388 548 mm
1408 502 1442 550 11.
1463 519 1505 533 ··
1524 503 1594 551 ffl.
1617 503 1693 552 ml

460 683 539 734 sunt
557 693 569 733 .·
588 676 698 744 Quare
717 675 844 751 Ioseph,
863 693 965 753 quum
988 693 1062 734 eum
1086 691 1210 734 summe
1224 670 1249 734 A
1266 682 1411 735 meretur
1426 677 1490 734 tate
1508 676 1591 755 quid
1611 694 1632 735 a
1651 695 1703 736 me
1717 686 1841 754 petens,
1855 679 1918 740 nisi
1932 698 1997 739 car·

460 773 652 850 ditipamus,
667 775 830 834 nobiscum
850 793 916 834 non
936 774 1068 834 mittis?
1082 775 1125 834 In
1139 792 1211 832 cra-

461 872 585 931 stinum
610 873 776 932 nobiscum
793 881 927 949 pastum
946 890 1065 948 pecora
1087 881 1117 932 et
1141 889 1211 947 spa·

462 971 581 1029 tiatrtm
603 972 770 1041 mittatur,
785 980 816 1030 et
835 991 893 1031 nos
912 971 1007 1032 iltius
1023 973 1136 1048 fideles
1156 989 1210 1030 cu·

449 1070 566 1130 ,stodes
579 1071 818 1134 erimusMane
830 1071 976 1146 [accain
989 1089 1102 1130 eorum
1116 1070 1210 1128 eaitu

461 1168 510 1226 ait
526 1175 623 1242 pater
643 1169 688 1228 ad
704 1170 819 1245 Josepb
833 1189 846 1228 .·
859 1171 957 1230 Doleo
973 1178 1003 1229 te
1022 1169 1096 1228 iilos
1113 1168 1210 1228 comi-

461 1267 539 1326 tari.
556 1267 663 1327 Timeo
677 1286 817 1347 namque
830 1270 918 1348 quod
932 1269 1006 1344 tupi
1020 1286 1153 1343 rapaces
1167 1274 1209 1337 te,

460 1383 562 1442 quum
576 1365 621 1424 sis
635 1365 759 1424 inscius
768 1374 800 1425 et
810 1367 987 1444 nepiipens,
993 1367 1207 1426 devorabunt.

460 1462 524 1523 Cui
535 1463 662 1539 fratres
676 1466 915 1540 responderunt
930 1465 997 1525 :Si
1015 1467 1114 1540 lupus
1135 1483 1209 1523 eum

1265 791 1369 833 cerem
1390 776 1553 834 malumve
1570 775 1699 852 prave?
1712 777 1776 836 Itie
1800 795 1870 836 vero
1889 779 1975 837 ds'nit
1987 797 1997 838 :

1264 873 1407 947 Ipsamet
1430 880 1568 947 precata
1594 881 1640 933 est
1668 893 1729 934 me.
1754 877 1809 937 Aa
1831 876 1909 935 banc
1936 895 1997 936 rem

1265 970 1505 1030 discutiendam
1521 971 1665 1031 bomines
1685 973 1781 1034 itlius
1794 975 1936 1034 mulieris
1947 978 1997 1034 ad-

1266 1069 1373 1128 vocati
1391 1071 1536 1146 judices,
1563 1069 1781 1148 conjiciebant
1807 1073 1862 1132 boc
1892 1093 1994 1133 verum

1264 1184 1436 1242 apparere,
1458 1169 1619 1246 iliumque
1643 1173 1827 1230 mendacem
1850 1172 1996 1240 convinci,

1264 1265 1295 1324 si
1307 1266 1451 1326 camisioe
1468 1285 1536 1326 sua
1548 1283 1631 1342 pars
1644 1268 1795 1328 anterior
1809 1277 1901 1344 rupta
1914 1276 1996 1338 esset,

1264 1363 1376 1424 omnia
1389 1383 1464 1424 vcro
1485 1383 1653 1425 econverso
1664 1365 1832 1442 judicari,
1842 1375 1934 1442 parte
1946 1385 1996 1443 po-

1264 1462 1400 1522 steriori
1428 1471 1535 1538 rupta.
1566 1464 1628 1524 Illi
1654 1464 1805 1540 deinceps
1836 1473 1996 1540 rupturam

458 1562 645 1631 comederit,
669 1579 727 1621 nos
751 1564 847 1639 penti
868 1564 1011 1638 perdita·
1038 1581 1210 1622 connume-
1260 1562 1725 1637 prospicientes,perbibebant
1739 1563 1848 1622 bocde
1859 1563 1998 1639 sernincis

459 1678 584 1720 remur.
600 1659 648 1721 lio
663 1660 774 1739 itaque
788 1661 861 1720 ilios
874 1660 1060 1730 comitante,
1074 1661 1210 1720 consitio
1265 1660 1394 1720 artibus
1416 1679 1504 1728 esse,·
1519 1669 1820 1739 persuaseruntque
1836 1661 1944 1736 tosept
1965 1669 1997 1720 ut

454 1758 602 1832 ponendi
619 1776 694 1818 eum
718 1759 755 1818 in
774 1759 950 1818 cisternam
972 1777 1082 1818 omnes
1102 1759 1209 1818 vata·
1265 1757 1305 1816 ab
1319 1757 1380 1817 itia
1395 1777 1431 1817 re
1445 1777 1478 1816 se
1491 1759 1681 1828 diverteret,
1697 1759 1834 1819 mulieri
1849 1767 1951 1819 autem
1965 1767 1996 1818 ut

459 1863 583 1915 serunt.
599 1858 680 1915 Mon
699 1864 808 1916 tamen
829 1859 1022 1916 mandatum
1037 1858 1134 1932 patri
1152 1855 1249 1918 un·B
1266 1855 1407 1925 veniam,
1422 1855 1578 1934 quoniam
1592 1856 1733 1925 erravit,
1744 1859 1930 1932 postularet.

459 1953 501 2012 de
509 1953 693 2029 perciperet
708 1954 952 2023 istud,interim
969 1955 1211 2024 miserunt-sea
1305 1956 1394 2014 Hinc
1422 1956 1511 2013 inter
1537 1955 1692 2014 mutieres
1719 1954 1863 2014 civitatis
1889 1955 1997 2014 crebro

461 2051 541 2126 ipse,
564 2060 633 2111 tum
656 2053 823 2129 nepiipens
843 2053 960 2129 ipsius,
982 2061 1051 2113 tum
1073 2053 1209 2125 inscius,
1264 2053 1485 2128 confabutatio
1499 2059 1642 2122 ortaest,
1656 2053 1998 2114 dicentestsscceidius

462 2151 629 2211 remansit.
645 2152 784 2211 Fratres
802 2154 990 2226 crepusculo
1005 2152 1210 2211 lacrimando
1264 2150 1413 2210 sublimis
1426 2159 1523 2228 atque
1539 2150 1677 2226 pratati
1696 2151 1819 2210 mulier
1829 2169 1922 2210 suum
1940 2171 1997 2210 ser·

463 2249 645 2317 redeuntes,
664 2248 701 2309 in
723 2268 830 2309 vocem
850 2251 935 2309 banc
955 2257 1138 2326 eruperunt
1158 2253 1211 2314 :0
1265 2250 1404 2309 aientem
1418 2249 1649 2326 ditipens,ejus
1661 2249 1865 2308 concubitum
1875 2258 1997 2325 precata

455 2353 565 2420 pater,
578 2347 693 2421 Josept
708 2354 828 2408 nostrae
845 2348 927 2425 fidei
945 2348 1120 2417 traditum,
1135 2367 1210 2408 cum
1264 2356 1310 2407 est
1323 2368 1337 2417 ,¹
1358 2356 1389 2407 et
1410 2348 1457 2407 sic
1480 2365 1593 2407 eorum
1616 2355 1754 2426 uterque
1776 2347 1859 2406 viam
1882 2366 1998 2406 errone-

455 2459 572 2517 pecore
585 2451 695 2503 nostro
710 2445 874 2515 relictum,
890 2447 988 2521 iupus
1009 2446 1148 2505 voravit.
1165 2447 1209 2506 Et
1264 2465 1317 2506 am
1336 2455 1382 2504 est
1407 2446 1583 2522 inpressas.
1600 2446 1667 2505 Itta
1688 2463 1764 2505 vero
1785 2445 1884 2523 liujus
1904 2464 1998 2505 rumo

459 2549 692 2616 arpumentum
720 2542 798 2601 inde
830 2545 974 2602 tunicam
1005 2562 1100 2603 mam
1124 2544 1210 2619 saiso
1266 2544 1314 2603 ris
1329 2544 1575 2602 ventilationem
1586 2543 1785 2618 percipiens,
1798 2544 1911 2604 dotuit.
1927 2543 1998 2603 litas

458 2647 664 2699 cruentatam
692 2643 890 2711 attulerunt,
914 2643 1057 2701 dicentes
1080 2661 1093 2701 .·
1116 2643 1208 2711 Ecce,
1263 2661 1390 2721 quoque
1412 2642 1567 2701 mutieres
1589 2643 1713 2701 adduci
1732 2643 1898 2718 pracepit,
1916 2650 1945 2700 et
1964 2643 1998 2699 tc·

456 2745 565 2812 pater,
580 2747 812 2814 arqumentum
830 2741 930 2799 cadis
951 2759 1065 2809 veraa,
1083 2740 1157 2798 ticet
1173 2749 1210 2799 tu
1263 2739 1435 2799 ctisternia
1463 2739 1510 2798 eis
1535 2747 1572 2799 ut
1601 2739 1824 2800 accumberent
1845 2756 1998 2815 proepara-

461 2835 552 2894 nobis
573 2838 673 2912 fidem
697 2837 833 2897 minime
854 2839 1017 2898 adhibeas.
1037 2841 1142 2900 Pater
1162 2858 1209 2898 re
1265 2837 1336 2906 vit,·
1350 2846 1509 2898 eteorum
1530 2838 1648 2916 cuique
1665 2841 1773 2898 cuitro
1791 2839 1878 2909 dato,
1895 2837 1997 2912 Iosepb

458 2934 590 3008 spondit
604 2954 617 2993 .·
635 2936 692 2996 Vos
705 2935 837 3014 quidem
851 2937 909 2996 boc
921 2937 1045 3012 sactum
1063 2938 1077 2994 i
1080 2955 1101 2996 n
1115 2939 1211 2996 corde
1264 2955 1374 2995 coram
1389 2937 1501 2995 venire
1514 2936 1593 3012 fecit
1608 2956 1619 2996 .·
1633 2955 1696 3015 quo
1711 2937 1791 3006 viso,
1804 2955 1911 2996 omnes
1923 2953 1997 2992 men·

460 3040 565 3091 vestro
584 3034 756 3102 voluistis,·
769 3035 826 3092 sed
848 3053 903 3111 epo
923 3035 1091 3110 patienter
1113 3035 1210 3094 susti·
1226 3023 1248 3088 G
1265 3042 1402 3094 structa
1425 3042 1515 3104 sunt,
1539 3043 1570 3093 et
1597 3054 1733 3114 quaque
1760 3053 1893 3094 manum
1916 3051 1996 3092 suam

460 3132 551 3201 nebo,
575 3140 606 3191 et
634 3136 738 3193 Deum
767 3133 953 3210 adjutorem
976 3134 1013 3193 in
1037 3135 1095 3193 boc
1123 3136 1210 3214 quod
1265 3135 1375 3193 secuit.
1393 3134 1452 3194 Ibis
1467 3134 1578 3213 itaque
1597 3134 1793 3205 dicentibus,
1808 3136 1997 3195 notteDeum

460 3230 573 3289 dicitis
590 3231 719 3293 habebo.
1266 3232 1362 3291 iilum
1390 3232 1551 3293 bominem
1576 3251 1652 3302 esse,
1677 3234 1733 3292 sed
1759 3234 1801 3291 de
1823 3231 1998 3291 melioribus

498 3328 682 3389 Victoribus
706 3330 921 3399 venientibus,
941 3339 971 3390 et
993 3350 1091 3391 suum
1111 3332 1209 3390 clien-

460 3434 523 3485 tem
542 3428 587 3486 ad
607 3427 827 3487 hauriendam
850 3447 970 3506 aquam
992 3430 1209 3499 mittentibus,

460 3526 529 3585 iliis
544 3526 612 3601 ipse
626 3526 744 3586 bonum
759 3528 874 3587 retulit
888 3527 1057 3596 nuntium,
1072 3528 1210 3587 dicens:

459 3626 541 3685 Ecce
557 3642 642 3699 puer
661 3624 714 3683 bic
733 3626 882 3699 captivus
901 3634 956 3685 est.
974 3628 1111 3686 Fratres
1136 3646 1209 3685 vero

458 3725 513 3783 sui
540 3724 683 3783 dicentes
710 3743 784 3783 eum
812 3744 908 3784 suum
937 3744 1003 3784 esse
1030 3726 1209 3800 captivum,

459 3840 533 3882 eum
543 3839 607 3897 pro
618 3822 727 3897 pretio
743 3823 867 3882 modico
886 3824 1115 3883 vendiderunt.
1134 3824 1210 3883 Em-

455 3929 534 3996 ptor
552 3940 632 3979 suus
655 3940 722 3980 stra
741 3922 897 3996 pracepit
919 3921 1056 3979 mulieri
1076 3929 1113 3980 ut
1136 3940 1209 3980 eum

1265 3337 1295 3388 et
1310 3328 1507 3389 clarioribus
1521 3330 1658 3407 anystis,
1674 3330 1734 3389 itta
1750 3329 1914 3405 respondit
1925 3328 1998 3389 :Hic

1266 3435 1312 3486 est
1328 3428 1414 3487 unde
1433 3446 1482 3487 me
1504 3428 1719 3505 redarpuitis,
1734 3428 1794 3507 qui
1811 3447 1861 3487 me
1875 3444 1998 3503 precan

1267 3533 1328 3585 tem
1343 3526 1415 3602 ejus
1428 3526 1634 3585 concubitum
1649 3544 1714 3585 non
1728 3526 1923 3593 eaaudivit;
1935 3522 1999 3583 etsi

1266 3642 1372 3682 meum
1388 3625 1578 3684 mandatum
1595 3626 1754 3699 complere
1768 3624 1923 3692 noluerit,
1935 3641 1998 3681 eum

1267 3724 1485 3783 incarcerabo.
1504 3722 1620 3798 loseph
1647 3723 1704 3782 boc
1726 3722 1878 3791 audiens,
1897 3722 1976 3783 aion
1989 3739 1999 3777 :

1268 3823 1400 3890 ODeus,
1409 3822 1504 3880 illum
1518 3840 1681 3881 carcerem
1697 3824 1781 3881 mato
1795 3840 1895 3900 quam
1904 3838 1999 3897 pecca-
2098 3810 2099 3871 ἦ

1267 3938 1313 3979 re.
1334 3922 1382 3981 Re
1402 3920 1573 3995 manifeste
1587 3928 1753 3995 percepta,
1773 3920 1879 3980 visum
1897 3927 1940 3978 est
1960 3916 1999 3975 eis

459 4020 638 4097 ditvpenter
662 4039 700 4078 ac
723 4020 900 4097 honorifice
919 4020 1106 4095 susciperet.
1131 4023 1209 4095 Spe·
1266 4020 1353 4078 bunc
1367 4021 1412 4078 ad
1425 4019 1539 4077 boram
1553 4026 1677 4078 certam
1691 4020 1970 4078 incarcerandum.

460 4119 555 4178 rabat
569 4118 658 4177 enim
672 4119 770 4178 ilium
783 4118 893 4195 fitium
907 4138 1004 4178 suum
1018 4120 1210 4194 adoptivum
1305 4121 1378 4179 Duo
1396 4136 1470 4176 cum
1490 4136 1524 4177 eo
1535 4117 1676 4193 juvenes
1699 4117 1735 4176 in
1755 4136 1916 4176 carcerem
1929 4120 1999 4174 'sum

459 4217 598 4275 aliterve
611 4217 676 4275 sibi
688 4218 887 4276 commodum
901 4217 1068 4292 futurum.
1085 4218 1211 4277 Mulier·
1224 4215 1250 4278 D
1266 4216 1421 4276 detrusi:
1435 4235 1571 4293 quorum
1586 4218 1673 4274 aiter
1691 4214 1803 4274 dicens
1822 4214 1888 4274 sibi
1907 4210 2000 4272 videri

460 4314 520 4374 itta
536 4315 641 4391 ipsum
657 4317 695 4376 in
710 4316 853 4375 tbalamo
867 4335 924 4375 suo
940 4324 1119 4391 repertum,
1129 4317 1212 4375 ostia
1266 4334 1298 4375 se
1313 4316 1428 4375 vinum
1442 4314 1648 4389 cmpressisse,
1662 4314 1749 4373 atter
1764 4332 1839 4373 vero
1853 4332 1886 4373 se
1896 4326 1999 4389 panem

459 4414 764 4489 claudens,precata
778 4421 824 4476 est
840 4422 877 4473 ut
886 4432 991 4473 secum
1003 4415 1212 4473 concumbere
1265 4432 1365 4490 super
1390 4420 1488 4489 caput
1507 4420 1645 4487 portare
1667 4413 1756 4471 unde
1778 4431 1853 4471 aves
1878 4410 2000 4471 comede·

460 4530 526 4571 non
548 4519 725 4586 respueret.
742 4512 805 4571 Cui
824 4512 892 4587 ipse
910 4512 1001 4571 discit
1021 4532 1033 4571 .·
1048 4514 1141 4575 Notit
1162 4532 1211 4573 me
1266 4514 1355 4581 bant,
1376 4510 1506 4588 precati
1532 4518 1610 4570 sunt
1636 4511 1752 4585 Josopb
1779 4518 1817 4569 ut
1846 4510 1925 4589 quid
1950 4508 1999 4565 iila

459 4612 547 4671 Deus
561 4611 679 4669 tadere
692 4610 862 4670 dominum
877 4612 1089 4671 meumFere
1103 4618 1210 4671 tamen
1261 4612 1509 4687 portenderent,
1537 4608 1716 4685 ditipenter
1742 4616 1925 4683 enponeret.
1947 4603 2001 4672 Oui
2097 4624 2098 4673 ι

458 4710 634 4786 utriusque
657 4727 829 4768 consensus
851 4710 934 4785 fuit,
957 4717 1133 4789 antequam
1157 4711 1212 4768 itti
1265 4710 1479 4769 dicit:Atter
1493 4714 1637 4767 vestrum
1646 4706 1775 4766 domini
1788 4707 1844 4765 sui
1853 4706 2000 4782 pincerna
2097 4690 2098 4711 ¹

457 4810 558 4876 Iteus,
573 4810 730 4886 quoniam
748 4809 789 4867 de
807 4816 903 4884 pente
919 4824 1028 4883 prava
1048 4810 1210 4883 nonfuit,
1265 4814 1442 4875 statuetur,
1457 4805 1545 4865 atius
1565 4806 1793 4881 suspendetur.
1811 4806 1855 4866 Ει
1877 4806 1908 4864 ei
1919 4817 2000 4881 quem

459 4906 622 4966 rationem
645 4904 790 4965 inclusit.
812 4908 926 4981 Ipsum
946 4906 1057 4985 itaque
1079 4906 1211 4983 supien-
1266 4906 1474 4965 liberandum
1495 4904 1655 4979 copnvoit,
1674 4903 1764 4963 dv'ait
1785 4923 1796 4961 :
1810 4906 1868 4965 Me
1885 4899 2000 4963 domino

458 5012 523 5063 tem
546 5004 670 5064 mulier
697 5004 844 5064 insecuta
873 5012 920 5063 est
944 5022 956 5063 .·
978 5022 1052 5082 qua
1075 5023 1208 5064 manum
1266 5012 1321 5064 tuo
1336 5002 1556 5079 notifica.Sed
1570 5002 1726 5079 quoniam
1740 4998 2000 5079 nipperentedia·

458 5120 552 5161 suam
573 5101 730 5178 injiciens
748 5102 891 5164 camisia
909 5121 988 5170 sica,
1009 5109 1097 5162 retro
1119 5103 1210 5177 rupit
1265 5102 1346 5170 boto,
1361 5101 1419 5160 boc
1442 5100 1646 5177 injunpendo
1660 5102 1764 5160 Deum
1778 5100 1947 5160 nominare
1958 5094 1999 5155 ob

459 5220 539 5260 eam.
568 5202 637 5268 Quo
659 5200 759 5275 sacto,
783 5201 916 5260 domino
939 5220 997 5260 suo
1020 5202 1065 5260 ad
1091 5201 1210 5259 ostium
1266 5200 1346 5260 titus
1360 5199 1722 5267 cst,incarcerenovem
1736 5217 1902 5259 annorum
1911 5194 1999 5273 spatio

460 5298 686 5361 obviaverunt.
707 5300 836 5378 litaque
852 5300 964 5376 primo
981 5297 1071 5359 dvait
1091 5317 1103 5358 .·
1122 5298 1211 5366 Quid
1265 5304 1412 5357 moratus
1426 5304 1483 5375 est.
