4309 6250
676 1062 1156 1178 PROOEMIUM

333 1771 400 1834 lloc
424 1778 472 1834 est
495 1772 580 1852 quod
604 1772 747 1835 Christus
770 1771 804 1834 in
828 1771 1001 1854 Evangelio
1023 1772 1138 1855 jubet:
1156 1773 1259 1838 Nolite
1284 1775 1396 1838 timere
1420 1777 1551 1858 eosqui
1573 1795 1689 1859 corpus
1718 1799 1837 1850 aaran.

271 1878 436 1956 occidunt,
461 1879 601 1942 animam
625 1887 732 1943 autem
756 1899 821 1943 non
845 1889 980 1962 possunt
993 1881 1158 1961 occidere;
1181 1903 1254 1946 eum
1280 1901 1355 1946 vero
1380 1883 1488 1946 timete
1514 1883 1569 1966 qui
1593 1885 1689 1948 habet
1703 1863 1836 1978 {fssf‘ffim'

147 1996 332 2070 potestatem
354 1995 387 2050 et
408 2007 524 2071 corpus
544 1997 576 2051 et
595 1989 733 2052 animam
756 1989 888 2070 perdere
910 1989 944 2050 in
965 1989 1145 2071 gehennam
1166 1989 1260 2072 ignis.
1278 1989 1370 2054 Solus
1390 2009 1466 2072 crgo
1487 1991 1689 2074 omnipotens

147 2095 224 2156 lleus
244 2113 372 2156 summe
386 2104 418 2157 ot
432 2103 561 2178 propter
580 2115 615 2159 se
635 2095 796 2159 timendus
811 2104 869 2174 est,
886 2113 950 2160 non
972 2096 1094 2176 servili,
1110 2097 1165 2159 sed
1181 2096 1271 2160 liliali
1292 2096 1416 2176 timore,
1433 2097 1689 2178 naollendatur,

146 2211 175 2265 et
197 2221 235 2266 ne
260 2204 360 2266 bomo
383 2213 547 2286 separetur
570 2211 602 2267 et
625 2204 826 2287 relinquatur
847 2204 889 2268 ab
911 2222 961 2268 eo.
982 2202 1077 2268 Porro
1101 2205 1211 2268 vicarii
1236 2203 1291 2268 Dei
1311 2203 1444 2269 timendi
1467 2213 1542 2268 sunt
1561 2213 1692 2288 propter

146 2311 261 2387 beum3
277 2329 339 2373 nec
364 2309 479 2392 aliquis
499 2318 548 2374 est
569 2310 741 2391 timendus,
758 2311 821 2374 nisi
843 2331 901 2394 por
922 2319 1102 2394 respectum
1126 2313 1165 2375 ad
1187 2312 1297 2376 Deum
1318 2311 1399 2375 Hinc
1418 2313 1581 2396 Scriptura
1602 2333 1692 2377 sacra

145 2420 284 2481 bortatur
309 2427 345 2481 ut
368 2418 471 2482 solum
495 2419 595 2482 Deum
620 2418 837 2483 formidemus.
864 2419 1029 2501 Siquidem
1052 2421 1207 2501 scriplum
1232 2428 1281 2483 est
1306 2443 1313 2482 ε
1337 2419 1408 2502 Fili,
1433 2421 1555 2485 honora
1579 2422 1690 2502 Deum,
1712 2447 1838 2498 aaaron.

146 2535 175 2588 et
197 2526 340 2602 valebis3
358 2533 471 2609 praeler
495 2546 568 2590 eum
593 2545 670 2590 vero
693 2545 734 2590 ne
754 2526 898 2590 timueris
916 2525 1068 2590 alienum.
1085 2525 1143 2600 Oui
1164 2525 1250 2590 enim
1270 2527 1362 2590 aliter
1381 2529 1496 2592 metuit
1514 2529 1689 2608 bominem,
1704 2511 1767 2565 ¹³¹⁸*
1780 2508 1839 2554 m·

146 2633 280 2698 faciliter
301 2642 426 2716 peccat,
448 2635 618 2698 Salomone
637 2634 763 2698 dicente
786 2657 794 2696 ε
817 2634 874 2710 Qui
896 2635 987 2698 timet
1007 2634 1183 2714 bominem,
1207 2635 1270 2699 cito
1292 2643 1429 2699 corruet.
1714 2669 1838 2724 ,Mum

198 2741 334 2824 Insuper
361 2741 420 2804 soli
448 2741 512 2805 [leo
540 2741 744 2804 serviendum
777 2749 826 2802 est
853 2739 1005 2803 servitute
1033 2740 1158 2803 virtutis
1186 2759 1256 2822 quae
1292 2740 1381 2804 latria
1417 2750 1558 2805 vocatur.
1589 2741 1693 2804 Latria
1707 2735 1741 2777 ²⁵·

145 2868 279 2930 namque
308 2856 357 2912 est
385 2849 484 2911 virtus
512 2847 653 2926 moralis,
682 2847 746 2911 lieo
780 2847 901 2910 cultum
935 2847 1215 2930 cerimoniamque
1251 2847 1450 2930 impendens.
1481 2847 1568 2910 Unde
1604 2857 1693 2911 actus

145 2956 240 3019 latriae
268 2965 346 3019 sunt
375 2979 383 3018 ε
412 2957 564 3038 adoratio,
594 2955 732 3034 devotio,
761 2955 875 3035 oratio,
903 2954 1075 3038 gratiarum
1103 2955 1198 3036 actio,
1228 2955 1412 3036 celebratio,
1438 2955 1634 3018 decimarum
1662 2964 1695 3020 et

144 3066 341 3131 oblationum
366 3065 493 3129 solutio.
516 3065 617 3141 Quum
643 3063 761 3127 etenim
785 3063 868 3127 Deus
892 3063 1065 3127 altissimus
1090 3071 1278 3127 alaternus
1302 3063 1342 3127 sil
1367 3082 1500 3127 summae
1521 3071 1553 3127 et
1573 3063 1694 3128 incom-

145 3175 293 3257 parabilis
324 3174 485 3257 dignitatis
513 3172 713 3255 infinitasque
748 3172 935 3253 majestatis,
965 3191 983 3234 a
1011 3172 1100 3235 nullo
1129 3171 1313 3253 dependens
1341 3172 1493 3253 nulloque
1523 3171 1690 3254 indigens;

143 3302 249 3365 aquo
276 3282 429 3347 omnibus
456 3283 565 3344 datum
594 3288 642 3343 est
670 3299 740 3343 esse
768 3287 801 3341 et
827 3278 946 3359 vivere,
972 3287 1004 3343 et
1031 3278 1187 3361 quidquid
1212 3280 1287 3343 boni
1316 3279 1434 3343 habent
1458 3288 1490 3343 et
1514 3287 1609 3358 sunl3
1636 3282 1690 3361 qui

142 3391 290 3453 universa
320 3396 498 3467 conservat,
524 3389 681 3471 gubernat
708 3406 745 3449 ac
774 3386 936 3469 possidet;
960 3387 1000 3449 de
1029 3405 1092 3468 quo
1119 3386 1152 3448 in
1181 3385 1295 3449 Genesi
1323 3386 1504 3470 patriarcba
1532 3385 1689 3450 Abrabam

144 3497 292 3581 loquitur,
313 3498 397 3561 Levo
422 3516 552 3559 manum
576 3515 679 3559 meam
705 3496 745 3558 ad
769 3494 938 3557 Dominum
961 3495 1059 3557 Mum
1085 3512 1301 3577 possessorem
1322 3494 1395 3557 coeli
1417 3501 1449 3557 et
1470 3502 1561 3557 terrac
1585 3517 1591 3555 :
1613 3494 1688 3557 hino
1718 3522 1773 3566 cm,
1792 3516 1836 3575 ne,

144 3614 263 3667 constat
284 3606 372 3688 quod
393 3605 452 3669 soli
467 3604 532 3667 lleo
552 3604 686 3667 debetur
700 3601 862 3665 veneratio
876 3620 1002 3665 summa
1021 3620 1058 3663 ac
1080 3600 1263 3683 singularis,
1280 3601 1429 3663 videlicet
1450 3600 1549 3663 latriae
1571 3600 1686 3664 cultus.
1702 3588 1736 3629 ²²·

143 3712 261 3778 ldcirco
289 3732 348 3797 per
375 3711 487 3776 lsaiam
510 3712 554 3775 ait
578 3711 765 3794 prophetam
792 3733 799 3771 :
825 3710 891 3790 Ego
915 3710 1080 3785 Dominus,
1107 3710 1166 3772 hoo
1191 3716 1239 3771 est
1263 3727 1378 3771 nomen
1404 3728 1531 3786 meum;
1555 3708 1688 3789 gloriam
1705 3732 1823 3785 ramas.

144 3842 244 3885 meam
268 3821 361 3885 alteri
385 3839 449 3883 non
474 3819 568 3897 dabo,
594 3826 627 3881 et
651 3817 776 3882 laudem
802 3835 905 3879 meam
930 3816 1143 3898 sculptilibus.
1169 3814 1336 3897 Propterea
1359 3833 1484 3897 quoque
1508 3816 1689 3899 praecipitur

143 3930 232 3993 nobis
257 3938 293 3993 nt
319 3928 379 3993 soli
402 3929 467 3992 Deo
491 3926 666 3990 serviamus
693 3950 701 3989 ι
728 3924 878 4007 quoniam
906 3923 1059 4007 quidquid
1088 3922 1249 3986 servitutis
1278 3921 1492 4005 impendimus
1521 3923 1687 4004 creaturis,
1703 3948 1834 4001 namura

143 4039 180 4099 ad
201 4038 256 4100 llei
277 4037 433 4101 bonorem
456 4035 575 4099 relerre
596 4034 760 4098 debemus.
1703 4025 1724 4063 ¹⁹
1739 4014 1773 4055 ²⁰·

200 4148 261 4210 Sed
288 4145 442 4229 quoniam
466 4144 550 4207 circa
572 4142 762 4224 obsequium
786 4141 851 4204 lleo
874 4140 1017 4204 debitum
1042 4140 1139 4203 variis
1163 4139 1266 4202 modis
1292 4138 1447 4221 contingit
1475 4158 1591 4217 errare,
1618 4138 1688 4203 ideo

143 4274 226 4317 nunc
261 4256 303 4317 dc
332 4252 522 4335 quibusdam
559 4251 643 4314 vitiis
671 4250 773 4313 cultui
800 4249 854 4311 Dei
883 4248 1050 4312 contrariis
1086 4246 1205 4328 aliquid
1241 4255 1288 4309 est
1322 4247 1504 4324 dicendum,
1533 4254 1688 4327 quantum

144 4362 307 4443 praesentis
331 4359 477 4443 opusculi
501 4360 633 4441 requirit
656 4357 791 4421 intentio
808 4382 815 4419 :
831 4356 1007 4440 praesertim
1028 4354 1178 4438 quoniam
1204 4354 1278 4417 laici
1302 4354 1429 4435 quidam
1454 4374 1490 4417 ex
1514 4354 1688 4436 ignorantia

144 4470 366 4553 multipliciter
389 4468 442 4532 hic
460 4468 641 4545 oflendunt,
661 4468 715 4549 qui
737 4466 883 4549 quamvis
906 4466 992 4528 idola
1011 4483 1076 4528 non
1100 4464 1243 4543 adorant,
1264 4471 1370 4525 tamen
1392 4462 1424 4523 in
1446 4464 1540 4526 modo
1564 4462 1690 4526 colendi

145 4580 242 4641 Deum
277 4578 420 4661 graviter
453 4584 570 4642 errant.
599 4575 802 4657 Pertinetque
836 4575 874 4636 ad
910 4582 1052 4655 pastores
1083 4580 1117 4633 ut
1151 4570 1237 4633 illos
1259 4570 1444 4653 corripiant,
1474 4569 1634 4651 corrigant
1662 4578 1694 4632 et

146 4688 333 4764 informent,
357 4706 397 4749 ne
422 4686 622 4749 subditorum
646 4703 796 4747 excessus
820 4683 997 4745 redundent
1021 4681 1054 4742 in
1081 4698 1146 4742 eos.
1173 4678 1209 4741 Ut
1234 4678 1332 4759 igitur
1356 4678 1534 4741 innoteseat
1558 4677 1696 4757 qualiter

146 4795 205 4859 boc
220 4795 295 4859 lieri
310 4793 436 4871 debeat,
451 4792 492 4857 de
512 4792 574 4855 ista
594 4791 725 4855 mateua
746 4790 896 4867 breviter,
912 4788 1007 4871 plane
1026 4796 1121 4871 atquc
1137 4784 1324 4869 simpliciter
1344 4784 1462 4866 aliquid
1485 4784 1694 4849 introducam.

147 1663 450 1936 DOMINUM
458 1668 563 1727 Deum
578 1673 672 1726 tuum
687 1667 827 1736 timebis,
841 1675 872 1725 et
886 1667 954 1742 ipsi
965 1667 1028 1726 soli
1040 1668 1172 1730 servies.
1190 1667 1280 1730 Dent.
1299 1685 1339 1747 vl,
1357 1667 1406 1732 13.
