4309 6250
428 468 489 535 :teo
757 487 876 536 ceurae
896 486 1066 535 nanninus
1086 487 1258 545 naucum,
1279 486 1368 535 cissa
1388 487 1434 534 nr.
1456 504 1496 517 ·-
1516 486 1586 535 aar.
1608 488 1650 533 xv

428 661 547 722 Sancti
569 678 645 737 erqo
669 660 870 730 transibunt,
894 660 1045 721 damnati
1068 660 1104 720 in
1127 660 1177 720 in·
1192 660 1217 723 Α
1234 666 1340 722 autem
1368 666 1400 721 et
1427 667 1516 741 pater
1542 657 1619 721 liliis
1647 657 1713 721 suis
1740 655 1917 721 carissimis
1945 664 1975 721 et

428 760 563 835 sernum
579 760 737 819 decident.
1233 757 1344 820 electis
1369 765 1504 820 mortem
1531 756 1628 819 talem
1652 775 1717 821 non
1741 755 1840 819 infert
1861 756 1975 838 absque

470 855 542 919 Haec
557 855 780 919 estllahometi
796 856 1175 938 responsio.Sed,quaeso,
1234 874 1344 919 eorum
1365 856 1470 938 culpa.

430 955 502 1037 quis
517 974 657 1035 unquam
678 954 798 1018 audivit
811 963 875 1017 tam
896 954 1126 1018 irrationabilia
1146 963 1178 1017 et
1273 954 1396 1033 Adhuc,
1411 974 1510 1036 quum
1526 954 1607 1017 Deus
1622 953 1823 1035 omnipotens
1842 962 1876 1016 et
1892 964 1975 1016 eter-

430 1053 589 1118 horrenda
604 1052 778 1131 mendacia,
796 1054 883 1117 omni
904 1052 1132 1135 philosophicas
1146 1062 1178 1116 et
1234 1072 1294 1115 nus
1309 1052 1350 1113 sit
1363 1052 1517 1115 veraciter
1531 1051 1695 1133 sapientiae
1709 1051 1976 1133 infinitas,nequa-

430 1152 617 1234 theologica
640 1151 766 1214 veritati
791 1171 920 1234 prorsus
944 1153 1123 1235 contrarial
1142 1152 1176 1215 ln
1233 1169 1329 1232 quarn
1350 1152 1522 1231 quidquam
1536 1149 1641 1214 elficit
1660 1150 1780 1232 absque
1800 1149 1974 1213 rationabili

431 1250 544 1333 primis
559 1250 737 1331 ergo,quod
751 1250 865 1313 asserit
879 1250 911 1312 in
928 1250 985 1313 illo
998 1251 1050 1313 die
1065 1270 1177 1314 omnes
1234 1269 1340 1312 causa.
1356 1249 1430 1323 Quae
1451 1249 1549 1331 igitur
1562 1249 1621 1312 crit
1636 1267 1732 1312 causa
1745 1248 1975 1312 interiectionis

432 1357 602 1428 creaturas,
620 1356 683 1410 tem
702 1348 833 1430 angelos
853 1356 978 1411 sanctos
1000 1367 1096 1430 quam
1117 1349 1178 1412 dae
1234 1349 1376 1412 omnium
1411 1348 1611 1412 rationalium
1646 1355 1678 1411 et
1716 1346 1974 1411 intellectualium

431 1464 553 1524 moneS,
579 1463 691 1509 omnes
715 1464 842 1527 quoque
862 1446 983 1507 animas
1009 1446 1178 1510 rationales
1234 1450 1472 1510 creaturarumi
1496 1447 1544 1509 An
1573 1446 1640 1526 illa,
1665 1454 1702 1509 ut
1725 1447 1808 1509 Deus
1835 1446 1976 1509 ostendat

431 1563 502 1624 quae
527 1563 545 1607 a
566 1543 725 1625 principio
752 1544 863 1607 mundi
888 1544 1027 1623 luerunt,
1055 1544 1120 1609 imo
1147 1554 1179 1608 et
1235 1543 1466 1623 excellentiam,
1487 1542 1759 1624 magnificentiam
1784 1550 1816 1605 et
1838 1544 1978 1624 omnipo

431 1642 601 1719 Christum,
631 1660 805 1724 omnesque
834 1642 976 1721 Sanctos,
1001 1642 1041 1705 ab
1064 1643 1178 1725 angelo
1233 1642 1367 1704 tentiam
1381 1642 1558 1706 suamlSed
1574 1641 1636 1705 illa
1651 1642 1756 1722 potius
1771 1642 1978 1705 ostenduntur

431 1740 543 1805 mortis
559 1739 812 1819 interficiendos,
824 1759 954 1822 prorsus
970 1740 1177 1804 salsissimum
1234 1739 1268 1803 in
1283 1750 1497 1805 creaturarum
1513 1741 1639 1804 illarum
1658 1741 1911 1820 conservatione,
1926 1761 1978 1823 gu·

431 1848 490 1920 est,
513 1846 544 1903 et
568 1838 656 1902 omni
684 1837 797 1901 rationi
821 1858 858 1901 ec
883 1840 981 1902 sacris
1006 1839 1178 1921 Scripturis
1197 1840 1432 1919 Bbernatione,
1448 1848 1481 1902 et
1494 1840 1693 1922 subjectione
1707 1858 1816 1903 earum
1830 1840 1892 1902 sub
1906 1840 1976 1903 lieo.

431 1938 675 2018 contrarium,et
688 1936 806 2000 divinae
820 1937 927 2019 pietati
943 1946 1037 2019 atque
1051 1938 1180 2019 justitiae
1235 1940 1301 2001 lmo
1325 1956 1437 2001 omnes
1460 1937 1577 2015 Sancti,
1593 1946 1658 2000 tam
1681 1937 1787 2019 angeli
1809 1956 1906 2019 quam
1927 1938 1979 2001 ho

431 2035 900 2119 derogantissimum.0uamvis
915 2036 1001 2099 enim
1017 2038 1099 2099 Deus
1113 2036 1180 2119 glo
1235 2036 1505 2112 minesvirtuosi,
1523 2035 1755 2114 excellentiam,
1772 2036 1978 2118 magnificen-

431 2136 533 2199 riosus
556 2144 587 2198 et
608 2143 736 2199 sanctus
755 2134 870 2198 inserat
889 2134 1048 2197 interdum
1069 2136 1180 2198 electis
1236 2136 1312 2197 tiam
1345 2154 1383 2198 ac
1418 2134 1681 2216 omnipotentiam
1716 2134 1772 2197 Dei
1807 2134 1979 2197 clarissime

431 2234 554 2316 aliquas
577 2252 687 2317 poenas
707 2234 739 2296 in
762 2233 825 2296 vita
845 2234 1004 2316 prasenti,
1025 2253 1090 2297 non
1109 2252 1181 2315 pro-
1235 2241 1383 2311 noscunt,
1419 2232 1598 2295 humillime
1632 2242 1836 2314 venerantur,
1866 2234 1980 2315 jugiter

432 2342 504 2416 pter
526 2351 636 2395 eorum
656 2334 778 2414 culpas,
800 2333 855 2395 sed
877 2351 935 2415 pro
956 2332 1180 2396 exercitatione
1235 2331 1442 2409 confitentur,
1471 2350 1568 2412 seque
1595 2351 1614 2393 a
1646 2350 1682 2394 se
1714 2330 1793 2414 ipsis
1825 2330 1873 2393 nil
1910 2331 1980 2395 boni

433 2431 595 2513 patientias
631 2450 667 2494 ac
703 2431 869 2509 virtutum,
905 2431 1180 2512 aedificationeque
1236 2431 1362 2507 habere,
1386 2430 1441 2492 sed
1464 2449 1484 2491 a
1506 2429 1651 2493 creatore
1674 2428 1909 2493 incessabiliter
1931 2431 1982 2492 dc

432 2529 579 2609 aliorum,
596 2538 628 2591 et
650 2530 726 2592 item
752 2537 788 2591 ut
811 2549 869 2612 per
890 2529 952 2593 boc
977 2539 1123 2593 crescant
1147 2530 1180 2591 in
1236 2529 1386 2611 pendere.
1416 2528 1504 2591 Unde
1531 2535 1563 2591 et
1590 2527 1729 2591 Creatori
1757 2529 1921 2592 adorando
1947 2547 1981 2590 ac

432 2628 732 2710 gratia3nunquam
757 2636 864 2691 tamen
886 2630 1059 2710 posthanc
1081 2632 1179 2694 vitam
1236 2625 1404 2690 benedicto
1419 2626 1715 2709 praecordialissime
1737 2626 1805 2689 sine
1825 2626 1982 2690 intermis-

432 2726 514 2790 Deus
530 2726 625 2789 alicui
641 2725 738 2789 infert
752 2745 891 2808 poenam,
908 2727 969 2790 nisi
993 2746 1049 2809 pro
1062 2730 1181 2811 praevia
1236 2726 1325 2789 sione
1351 2724 1572 2807 regradantur.
1598 2725 1756 2805 Amplius,
1782 2725 1810 2787 si
1837 2725 1882 2789 ob
1909 2744 1983 2807 pre

434 2846 490 2888 sua
514 2825 608 2907 culpa
635 2848 642 2887 ε
668 2826 742 2908 quia
770 2833 841 2906 post
869 2826 965 2889 vitam
992 2835 1180 2907 praesentem
1235 2832 1352 2887 tactam
1386 2831 1442 2886 aut
1475 2824 1569 2886 aliam
1606 2842 1736 2886 causam
1770 2824 1870 2887 vellet
1903 2825 1981 2887 licus

433 2933 561 2987 nonest
579 2924 795 3004 status,locus
816 2933 869 2985 aut
889 2933 1014 3006 tempus
1036 2926 1179 2988 merendi
1236 2932 1352 2986 cuncta
1376 2922 1519 2986 viventia
1540 2922 1580 2984 ad
1604 2930 1731 3004 tempus
1754 2941 1819 2985 non
1843 2942 1927 3000 esse,
1942 2920 1982 2985 ob

434 3030 488 3084 aut
521 3021 716 3100 demerendi,
748 3022 802 3085 sed
834 3021 977 3084 debitum
1012 3022 1179 3105 praemium
1199 3022 1295 3088 Choc
1325 3030 1429 3084 tamem
1454 3040 1519 3084 non
1544 3028 1704 3102 oporteret
1728 3040 1833 3103 neque
1857 3023 1982 3085 deceret

354 3161 395 3190 ,ιι
413 3178 417 3190 .
434 3120 595 3200 sortiendi,
627 3121 710 3185 sicut
737 3121 769 3184 in
804 3121 944 3184 secundo
979 3120 1097 3186 clarius
1132 3133 1181 3186 est
1235 3141 1273 3184 ea
1286 3120 1402 3201 occidi,
1419 3120 1474 3183 sed
1490 3117 1658 3183 sufficeret
1672 3120 1757 3202 quod
1771 3120 1856 3184 Deus
1872 3140 1981 3184 manu·

432 3229 606 3285 ostensum.
623 3218 733 3283 Nonne
757 3239 833 3301 ergo
858 3239 987 3302 prorsus
1010 3220 1178 3302 injustum,
1234 3219 1407 3283 tenentiam
1424 3238 1513 3282 suam
1528 3219 1568 3281 ab
1583 3218 1629 3281 cis
1648 3219 1857 3297 abstraheret,
1873 3221 1980 3301 sicque

434 3319 562 3384 crudele
590 3327 622 3381 et
649 3318 942 3382 indecentissimum
971 3329 1056 3383 esset
1090 3321 1180 3383 beni·
1235 3319 1269 3380 in
1294 3325 1467 3396 momento,
1483 3317 1603 3398 absque
1627 3335 1732 3398 poena,
1749 3317 1813 3380 Deo
1836 3318 1978 3400 jubente,

431 3418 586 3501 guissimo
611 3418 685 3494 lico,
712 3426 775 3479 hm
800 3417 922 3500 angelis
947 3419 1076 3499 sanctis,
1100 3438 1179 3500 quos
1235 3437 1305 3481 esse
1333 3417 1526 3480 desinerent.
1550 3415 1702 3480 Universa
1729 3415 1850 3499 quippe
1880 3425 1981 3479 creata

432 3523 556 3580 constat
578 3534 741 3596 nunquam
766 3534 926 3597 peccasse,
943 3535 1038 3597 quam
1061 3519 1179 3580 sanctis
1236 3515 1453 3578 indesinenter
1476 3514 1696 3596 dependente
1719 3515 1784 3577 Deo
1805 3515 1839 3576 in
1861 3535 1933 3578 esse
1952 3522 1980 3577 et

431 3615 628 3694 bominibus,
644 3613 841 3690 Patrierchis,
858 3613 1035 3695 Prophetis,
1047 3617 1181 3696 Aposte-
1236 3631 1433 3695 permanere,
1449 3612 1493 3674 ita
1507 3612 1592 3693 quod
1607 3611 1634 3674 si
1649 3611 1732 3674 Deus
1746 3612 1896 3675 sublimis
1910 3632 1981 3676 con-

432 3717 472 3779 lis
497 3714 673 3796 ceterisque
698 3712 807 3775 electis
831 3712 899 3794 (qui
925 3712 983 3774 etsi
1008 3713 1180 3794 aliquando
1236 3711 1448 3774 servationem
1467 3730 1557 3773 suam
1581 3710 1621 3772 ab
1643 3711 1690 3772 eis
1710 3729 1768 3791 per
1785 3719 1980 3774 momentum

433 3821 657 3896 peceaverunt,
678 3819 784 3874 tamen
810 3827 867 3892 pro
891 3810 957 3872 suis
981 3811 1121 3892 peccatis
1146 3812 1179 3874 in
1235 3811 1442 3889 abstraheret,
1458 3809 1614 3891 protinus,
1630 3809 1711 3872 sicut
1729 3828 1768 3872 cx
1782 3809 1887 3873 nihilo
1901 3809 1981 3873 facta

433 3913 548 3976 saeculo
571 3913 631 3973 isto
651 3910 792 3991 plenarie
812 3909 1055 3990 satisfecerunt3
1076 3911 1128 3974 vel
1152 3912 1179 3974 si
1236 3918 1320 3988 sunt,
1336 3909 1380 3970 ita
1404 3908 1437 3969 in
1461 3907 1596 3970 nihilum
1622 3907 1849 3988 relaberentur,
1867 3916 1901 3971 ut
1920 3917 1981 3971 tarn

432 4011 528 4094 plene
542 4029 606 4073 non
622 4009 844 4071 satisfecerunt
858 4008 921 4087 bic,
935 4009 968 4070 in
984 4010 1178 4091 purgatorio,
1235 4008 1383 4072 meliores
1405 4006 1586 4088 philosophi
1606 4025 1701 4087 quarn
1721 4007 1823 4069 sancti
1843 4006 1980 4087 theologi

391 4102 395 4110 ’
433 4111 517 4195 quod
541 4109 687 4186 restabat,
706 4117 875 4191 purgatum
897 4115 955 4188 est,
972 4109 1111 4171 deletum
1136 4117 1180 4170 at·
1235 4107 1370 4189 probant
1391 4125 1428 4168 ac
1449 4105 1626 4168 adstruunt.

433 4229 495 4292 que
510 4209 674 4288 solutum),
691 4207 723 4269 in
739 4207 807 4270 line
823 4207 930 4270 saeculi
946 4216 1079 4270 mortem
1094 4208 1220 4270 inlli-I)
1275 4205 1438 4281 Praeterea,
1455 4222 1550 4285 supra
1565 4203 1731 4284 probatum
1745 4213 1804 4284 est,
1820 4212 1854 4267 et
1868 4204 1981 4268 veritas
2003 4220 2034 4262 ro.
2045 4217 2094 4288 ¹:¹⁸*

432 4329 518 4394 gere,
537 4308 600 4370 imo
616 4325 679 4369 non
702 4305 804 4369 solum
818 4315 951 4370 mortem
974 4308 1068 4370 talem
1085 4316 1120 4369 ut
1133 4317 1181 4370 est
1235 4303 1341 4380 habet,
1359 4303 1444 4382 quod
1459 4301 1563 4383 angeli
1578 4309 1610 4364 et
1624 4302 1739 4365 animas
1756 4301 1980 4367 defunctorum
1992 4275 2094 4389 {1¹¹2st

433 4428 519 4472 mors
547 4407 621 4470 vitae
645 4405 821 4489 praesentis,
847 4425 908 4487 que
936 4426 1053 4490 corpus
1081 4407 1180 4469 vitam
1237 4410 1353 4465 sanctae
1375 4403 1439 4464 Deo
1464 4399 1603 4464 feliciter
1626 4400 1844 4482 perfruuntur.
1869 4402 1914 4465 De
1937 4396 1982 4464 ra-

433 4508 557 4584 amittit,
584 4505 690 4568 anima
719 4523 794 4568 vero
822 4514 987 4586 permanet
1015 4506 1100 4585 viva,
1125 4506 1180 4568 sed
1237 4501 1323 4564 tione
1338 4509 1443 4563 autern
1464 4519 1546 4562 veras
1558 4499 1765 4563 beatitudinis
1780 4509 1829 4562 est
1843 4501 1982 4564 exclusio

434 4615 569 4670 mortem
598 4613 663 4667 tam
691 4603 886 4682 diuturnam,
916 4610 1016 4667 totum
1052 4623 1122 4668 esse
1149 4611 1182 4666 et
1210 4601 1340 4673 ,omnis
1355 4599 1491 4661 miseriae
1511 4606 1606 4680 aque
1626 4599 1786 4680 possessio
1806 4599 1984 4663 securitatis

432 4707 542 4770 vivere
569 4703 793 4766 aulerenteml
821 4701 985 4781 Praeterea,
1015 4703 1121 4784 angeli
1150 4712 1182 4764 et
1238 4706 1509 4780 perpetuae3mors
1520 4705 1624 4759 autem
1640 4705 1672 4760 et
1684 4716 1748 4761 non
1764 4717 1834 4760 esse
1846 4707 1880 4761 et
1892 4717 1984 4781 poena

432 4803 631 4880 Patrierchae,
644 4801 807 4882 Prophetae
821 4808 853 4863 et
868 4800 1021 4881 Apostoli,
1032 4819 1068 4864 ac
1085 4801 1181 4863 ceteri
1238 4806 1312 4862 sunt
1328 4797 1472 4878 quadam
1494 4796 1631 4859 miserias
1648 4821 1655 4860 :
1671 4815 1835 4878 nunquam
1857 4817 1935 4879 ergo
1953 4797 1984 4859 in

433 4903 578 4969 homines
594 4900 869 4979 sancti,vooantur
883 4908 914 4962 et
929 4907 1003 4962 sunt
1017 4899 1071 4962 liei
1087 4897 1183 4961 amici
1238 4898 1342 4961 Beatis
1370 4905 1402 4960 et
1428 4895 1552 4958 Sanctis
1581 4896 1644 4959 Deo
1672 4895 1854 4959 fruentibus
1882 4896 1985 4960 locum

432 5023 470 5068 ec
485 5001 547 5065 lilii
563 4999 769 5082 adoptivi.lle
783 4999 900 5080 quibus
914 4997 1014 5061 David
1029 4998 1183 5080 prophete
1239 4995 1413 5059 habebunt.

359 5129 398 5172 p..
433 5101 575 5184 loquitur
593 5100 656 5162 Deo
674 5123 681 5160 z
698 5098 772 5161 llihi
797 5106 903 5159 autem
922 5096 1017 5158 nimis
1037 5095 1182 5159 honorati
1280 5094 1423 5175 lnsuper,
1448 5111 1556 5174 quaero
1584 5111 1625 5154 an
1653 5093 1757 5175 angeli
1787 5102 1819 5156 et
1841 5094 1985 5157 homines

285 5195 417 5300 {5¹¹'l'i2
435 5209 510 5266 sunt
528 5198 624 5263 amici
645 5197 702 5278 tui,
718 5197 821 5275 Deus3
839 5196 977 5276 itemque
995 5219 1001 5256 :
1019 5196 1085 5277 ligo
1106 5195 1183 5274 dixi,
1242 5192 1341 5255 sancti
1365 5211 1402 5254 ao
1428 5191 1542 5254 animae
1562 5199 1679 5254 sanctae
1699 5210 1828 5273 poenam
1849 5192 1987 5256 sentient

307 5269 398 5308 Μ
414 5289 419 5298 ’
434 5302 483 5366 Dii
513 5299 590 5364 estis
614 5306 647 5362 et
672 5296 731 5360 lilii
760 5294 882 5360 Excelsi
907 5314 1028 5359 omnes.
1056 5296 1185 5358 Amator
1241 5291 1368 5375 quando
1396 5291 1437 5354 ab
1465 5289 1579 5372 angelo
1603 5290 1716 5354 mortis
1743 5290 1985 5370 interficientur,
