4309 6250
450 479 510 544 ont
542 497 580 544 ur
601 495 810 544 aucromraru
832 495 925 542 sunau
948 493 1115 542 rovrrrruts
1136 495 1172 540 nr
1192 494 1362 542 caucasus
1383 497 1522 555 conatur,
1544 499 1632 547 aranu
1653 501 1698 547 ur.
1720 521 1761 532 -
1781 504 1849 550 aar.
1871 505 1923 550 rm

453 676 521 730 tum
540 666 661 729 lumine
682 665 762 747 legis
786 665 912 744 divinae,
929 665 1076 728 liberavit
1095 663 1204 726 Eccle·
1218 664 1242 727 ll
1258 684 1313 727 ves
1331 665 1481 730 Ecclesiae
1502 668 1583 731 date
1604 679 1677 732 suut
1700 672 1825 736 unitati.
1841 674 1989 737 Verumta

453 765 531 829 siam
552 785 641 827 suam
661 763 700 827 ab
723 765 781 827 hac
801 762 951 846 pestilera
971 771 1003 825 et
1023 762 1203 844 peruiciosa
1257 782 1330 826 men
1345 764 1405 827 hoc
1420 784 1485 829 non
1499 766 1633 848 impedit
1647 770 1724 850 quin
1738 771 1819 833 datae
1833 772 1895 834 sint
1911 773 1987 835 Petro

452 863 620 926 doctrina:
637 882 699 944 qua
723 880 850 942 semper
875 869 1108 942 perseverante,
1132 879 1204 942 per-
1257 869 1406 942 tanquam
1428 866 1619 944 monarche,
1643 867 1857 950 legitimisque
1877 890 1988 934 succes

454 968 630 1024 severassot
657 971 783 1042 semper
811 959 951 1022 schisma
979 957 1140 1021 internum
1168 957 1203 1019 in
1256 960 1381 1023 soribus
1405 961 1498 1042 ejus;
1523 964 1734 1045 principalius
1761 975 1868 1030 tamen
1893 969 1987 1032 Eccle

454 1079 502 1123 03,
1257 1057 1311 1119 siaa
1328 1079 1335 1118 ι
1353 1058 1467 1138 primo,
1485 1060 1607 1123 ratione
1628 1062 1885 1128 indeviabilitatis
1904 1066 1984 1148 ejus;

494 1157 530 1239 (l)
545 1157 653 1220 Denuo
668 1155 713 1218 ait
734 1155 766 1217 in
783 1155 865 1218 libro
886 1153 1017 1237 praefato
1035 1179 1040 1216 :
1059 1155 1155 1218 larsa
1170 1163 1202 1218 ct
1257 1155 1408 1233 secundo,
1421 1156 1541 1219 ratione
1557 1158 1775 1239 regulatiouis,
1786 1163 1928 1243 quoniam
1941 1166 1987 1228 ha-

453 1255 615 1337 injuriosae
640 1261 714 1316 sunt
737 1253 873 1317 concilio
893 1253 1034 1334 generali
1056 1254 1201 1316 assertio·
1257 1250 1310 1313 bet
1326 1252 1469 1332 regulare
1489 1271 1584 1315 usum
1604 1256 1771 1336 potestatis
1786 1258 1915 1338 papalis,
1930 1279 1985 1324 nou

451 1373 508 1418 nes
535 1373 605 1436 quae
629 1361 747 1434 negant
775 1352 815 1414 ab
844 1371 882 1415 eo
911 1352 961 1414 vel
990 1351 1030 1414 ab
1058 1350 1200 1414 Ecclesia
1257 1348 1303 1412 sic
1322 1357 1472 1428 econtra;
1490 1352 1593 1430 tertio,
1610 1353 1732 1416 ratione
1747 1355 1983 1438 multiplicitatis,

451 1451 687 1517 exsecutionem
707 1451 871 1533 potestatis
895 1469 1050 1532 supreme
1071 1449 1201 1531 jurisdi-
1255 1447 1406 1528 quoniam
1420 1449 1562 1513 Ecclesia
1578 1451 1673 1514 habet
1693 1460 1877 1532 potestatem
1890 1474 1987 1536 quam

451 1551 577 1629 ctiouis,
596 1557 713 1632 negant
727 1549 859 1630 iusuper
872 1548 1064 1611 decernendi
1080 1548 1129 1611 vel
1147 1548 1201 1611 de·
1255 1544 1333 1607 libet
1347 1547 1714 1628 ecclesiasticam,etiam
1730 1552 1883 1632 papalem,
1893 1555 1918 1615 si
1931 1575 1985 1618 uon

450 1646 585 1738 finiendi
613 1655 801 1730 potestatem
825 1647 873 1728 (iu
903 1666 941 1709 eo
970 1645 1019 1708 vel
1049 1646 1098 1724 ea)
1122 1646 1199 1708 dum
1254 1642 1296 1705 sit
1310 1643 1402 1725 Papa,
1419 1647 1641 1726 presertimin
1655 1650 1860 1729 extensione;
1875 1663 1984 1733 quarto,

449 1745 532 1828 Papa
555 1753 615 1825 est,
633 1753 787 1828 ponentes
803 1746 836 1807 iu
851 1764 889 1808 eo
904 1746 971 1808 solo
993 1746 1075 1808 hanc
1091 1752 1199 1807 aucto·
1254 1740 1377 1805 ratione
1404 1743 1656 1827 obligabilitatis,
1682 1749 1836 1829 quoniam
1860 1751 1985 1816 Ecclesia

450 1843 575 1908 ritatem
591 1843 778 1922 deliniendi,
796 1863 895 1925 quum
913 1863 951 1906 ex
967 1843 1075 1906 multis
1091 1841 1199 1905 conci·
1216 1845 1239 1907 Β
1255 1849 1360 1922 potest
1386 1841 1522 1905 condere
1545 1843 1631 1926 leges
1655 1845 1834 1928 obligantes
1857 1857 1887 1911 at
1908 1869 1986 1930 regu·

449 1941 502 2006 liis
524 1951 649 2008 constet
669 1943 863 2026 oppositum.
1254 1938 1355 2002 lautos
1383 1938 1478 2002 etiam
1507 1941 1612 2022 ipsum
1640 1943 1768 2025 Papam,
1799 1953 1863 2008 tam
1894 1947 1985 2027 quoad

491 2042 525 2123 ιι)
552 2042 705 2106 Preterea
729 2041 761 2103 in
787 2041 899 2103 eodem
924 2039 1004 2104 libro
1030 2047 1161 2104 testatur
1188 2063 1195 2102 :
1254 2056 1423 2119 personam
1445 2058 1540 2121 quam
1567 2050 1712 2123 respectu
1736 2062 1813 2106 usus
1832 2064 1892 2106 sue
1909 2052 1987 2127 pote·

449 2139 589 2203 Potestas
603 2139 762 2221 generalis
784 2138 915 2202 concilii
930 2139 994 2202 dici
1017 2147 1200 2220 potestma-
1254 2136 1344 2199 statis
1361 2161 1368 2198 ε
1385 2156 1451 2200 non
1472 2138 1518 2200 sic
1539 2149 1668 2202 econtra
1690 2150 1794 2224 potest
1814 2142 1892 2226 Papa
1911 2143 1986 2225 judi-

449 2238 501 2319 jor
529 2245 684 2320 potestate
719 2237 823 2320 papali
852 2236 884 2298 in
913 2237 1119 2318 ampliatione
1148 2237 1197 2300 vel
1254 2253 1326 2297 care
1341 2242 1438 2297 totam
1453 2235 1640 2316 Ecclesiam,
1657 2241 1707 2302 vol
1722 2259 1817 2303 usum
1831 2261 1892 2304 sne
1910 2251 1986 2324 pote

449 2337 645 2418 extensione,
661 2337 693 2399 in
710 2335 872 2399 infallibili
887 2335 1072 2414 directione,
1084 2336 1119 2397 in
1134 2354 1199 2399 ιιιο-
1254 2333 1343 2396 statis
1365 2333 1515 2397 limitare.

449 2454 521 2498 rum
535 2434 761 2498 reformatione
776 2433 924 2517 incapite
939 2443 971 2496 et
985 2434 1018 2496 iu
1033 2433 1196 2512 membris,
1250 2499 1252 2503 ,
1293 2432 1376 2495 Ecce
1390 2431 1457 2495 hec
1479 2441 1512 2496 et
1532 2434 1676 2516 quaedam
1698 2436 1815 2500 similia
1828 2437 1921 2518 hujus
1938 2439 1986 2502 do

450 2535 483 2596 iu
508 2535 654 2598 coerciva
682 2541 847 2617 potestate,
871 2533 904 2595 in
930 2552 1095 2596 causarum
1120 2532 1197 2596 fidei
1254 2531 1351 2593 otoris
1368 2531 1463 2593 verba
1477 2534 1561 2613 (quaa
1575 2533 1699 2615 omitto,
1716 2534 1792 2617 quia
1810 2536 1844 2598 in
1864 2537 1912 2599 his
1925 2556 1986 2599 sen-

445 2633 635 2711 ‚dillicilium
664 2634 777 2696 ultima
800 2632 985 2711 decisioue;
1013 2633 1117 2714 major
1145 2633 1199 2695 de·
1254 2628 1426 2692 teutialiter
1453 2631 1669 2711 continentur)
1695 2633 1852 2714 predictis
1875 2642 1986 2698 eontra-

450 2732 559 2814 nique,
576 2733 652 2814 quia
667 2732 826 2814 copiosior
840 2756 847 2794 :
861 2732 1085 2814 complectitur
1098 2731 1196 2810 enim,
1254 2727 1329 2790 riari
1349 2728 1508 2808 videntur,
1524 2731 1702 2810 praesertim
1720 2731 1750 2795 ei
1769 2734 1853 2814 quod
1871 2735 1984 2816 scripsi,
1995 2766 2051 2804 M,

450 2830 562 2894 saltem
587 2830 777 2908 virtualiter,
802 2849 930 2894 omnem
955 2837 1143 2913 potestatem
1167 2838 1200 2892 et
1253 2826 1369 2908 Papam
1380 2847 1418 2890 ex
1433 2847 1488 2892 suo
1499 2828 1611 2892 officio
1621 2830 1799 2912 gubernare
1813 2840 1845 2894 et
1857 2832 1985 2913 judicare

449 2948 544 2993 omne
570 2930 736 3012 politicum
758 2928 911 3011 regimen,
929 2929 1052 2992 scilicet
1072 2928 1196 3011 papale,
1254 2926 1369 2989 debere
1393 2935 1492 2990 totam
1515 2926 1729 2991 universalem
1754 2929 1934 3009 Ecclesiam,
1948 2931 1986 2992 ei·

449 3027 628 3109 imperiale,
646 3027 762 3109 regale,
780 3027 1031 3090 aristocraticum
1046 3035 1077 3089 et
1090 3027 1199 3089 demo
1214 3025 1237 3090 G
1253 3041 1315 3104 que
1341 3026 1445 3106 legem
1469 3044 1561 3107 posse
1588 3035 1725 3091 statuere
1749 3048 1788 3092 ac
1810 3029 1926 3111 jubere,
1940 3048 1986 3111 ge

449 3127 616 3190 creticum.
1254 3122 1354 3186 uerali
1369 3142 1495 3206 quoque
1517 3124 1656 3190 concilio
1677 3129 1783 3209 quoad
1804 3128 1907 3209 aliqua
1920 3147 1986 3210 pre·

490 3226 525 3307 (a)
555 3226 686 3305 Rursus,
716 3225 750 3287 in
781 3232 926 3305 tractatu,
955 3226 1003 3287 Αιι
1036 3224 1131 3288 liceat
1165 3224 1198 3287 iu
1255 3222 1369 3303 sidere,
1386 3241 1520 3304 praeesse
1539 3233 1571 3288 et
1592 3244 1685 3307 posse
1707 3225 1889 3309 praecipere.

449 3323 554 3386 causis
574 3322 650 3386 fidei
670 3343 688 3385 a
713 3342 838 3387 summo
858 3321 1013 3387 Pontifice
1037 3321 1199 3405 appellare

448 3422 487 3484 ad
512 3421 662 3504 generale
687 3422 861 3485 concilium
882 3445 889 3483 :
912 3422 1104 3503 Sequeretur
1128 3422 1198 3501 (ait)

449 3540 487 3583 ex
501 3520 659 3602 opposito,
677 3521 761 3601 quod
783 3519 954 3583 concilium
970 3539 1034 3583 uon
1048 3528 1133 3583 esset
1147 3539 1200 3583 su·
1446 3512 1690 3579 hRTlCULUS
1713 3515 1807 3579 Vlll.

449 3618 643 3729 pcrl'apam,
661 3618 712 3681 vel
731 3617 829 3699 jadex
845 3618 927 3729 eJ'us·
941 3618 1127 3728 logitimus:
1144 3638 1199 3729 Ψ
1254 3656 1302 3715 De
1326 3655 1455 3730 triplici
1483 3655 1643 3731 regimine
1670 3662 1701 3713 et
1728 3655 1858 3729 triplici
1879 3655 1984 3731 politia

447 3737 500 3799 Jus
515 3725 697 3800 oppositum
719 3717 944 3779 determinavit
964 3726 996 3779 et
1010 3725 1198 3797 practicavrt
1294 3745 1458 3814 Ecclesiae,
1474 3753 1504 3803 e,
1529 3744 1686 3822 quomodo
1707 3744 1744 3801 g„
1765 3744 1986 3819 yugemggm

449 3816 689 3879 Constantiense
712 3815 896 3893 concilium,
912 3816 998 3896 quod
1018 3815 1145 3878 vocavit
1167 3822 1199 3877 et
1294 3835 1448 3895 gccgegioe
1471 3835 1536 3893 gg„
1563 3842 1776 3902 concurram,
1799 3835 1857 3893 ug,-
1872 3834 1985 3909 purg„

447 3912 605 3995 judicavit
624 3914 776 3977 loannem
801 3920 950 3994 tanquam
976 3932 1068 3975 suum
1092 3912 1201 3975 subdi·
1294 3925 1469 3982 solvantur
1479 3924 1699 3998 proeiaductoe
1717 3923 1897 3983 instantiae.

449 4022 528 4094 tum,
545 4032 643 4094 quum
665 4012 819 4075 tamenin
836 4020 901 4075 toto
922 4029 1074 4093 processu
1090 4019 1200 4074 contra

450 4132 523 4176 eum
538 4132 637 4193 usque
653 4112 692 4175 ad
707 4111 897 4175 senteutiam
912 4110 1112 4174 definitivam
1134 4130 1199 4174 suae
1314 4107 1401 4171 lllllO
1415 4108 1455 4170 de
1469 4107 1694 4171 Ecclesiastico
1714 4116 1869 4189 potestate
1888 4107 1984 4171 scribit

450 4210 666 4292 depositionis,
684 4218 846 4291 reputatus
870 4210 912 4272 sit
933 4210 973 4272 ab
992 4211 1105 4273 eodem
1124 4210 1239 4275 con-l)
1327 4206 1436 4269 Petrus
1460 4206 1500 4269 de
1524 4206 1645 4269 Alliaco
1666 4230 1673 4268 :
1695 4205 1784 4271 Licet
1808 4206 1924 4290 papalis
1945 4205 1986 4267 di-

451 4309 525 4372 cilio
546 4328 639 4372 verus
661 4309 753 4391 Papa.
1253 4306 1356 4388 guitas
1384 4306 1425 4369 sit
1449 4326 1468 4369 a
1495 4306 1570 4386 lieo,
1597 4325 1695 4389 quare
1717 4305 1757 4369 ab
1786 4306 1911 4371 homine
1932 4324 1983 4368 nec

490 4409 526 4491 (7)
542 4409 713 4482 Postremo,
730 4407 762 4469 in
786 4407 934 4489 praedicto
956 4407 1069 4470 asserit
1088 4407 1170 4470 libro
1188 4430 1195 4470 :
1254 4405 1357 4487 maior
1370 4424 1430 4467 nec
1445 4404 1549 4469 minor
1567 4404 1639 4468 fieri
1658 4413 1786 4487 potest;
1803 4413 1907 4469 tamen
1920 4422 1984 4467 usus

360 4542 373 4571 a
415 4560 420 4569 .
449 4504 484 4568 ln
509 4506 606 4571 verbo
634 4506 749 4569 Christi
777 4526 840 4588 quo
869 4506 923 4587 ait,
950 4506 1006 4568 bio
1034 4488 1196 4585 Ecclesiae,
1253 4498 1461 4585 plenitudinis
1476 4503 1640 4585 potestatis
1656 4503 1759 4581 istius,
1776 4505 1817 4567 ad
1831 4504 1987 4567 excluden-

317 4605 360 4643 l¹¹¹·
402 4622 407 4635 ·
449 4605 601 4668 fundatur
616 4604 780 4687 plenitudo
802 4603 966 4686 potestatis
987 4603 1086 4686 gladii
1108 4604 1199 4685 spiri·
1253 4603 1328 4664 dum
1344 4601 1445 4683 ipsius
1466 4602 1611 4680 abusum,
1628 4610 1732 4684 potest
1751 4603 1909 4684 generalis
1922 4622 1987 4665 cou-

449 4705 543 4768 tualis
562 4712 593 4767 et
618 4703 777 4767 exsecutio
799 4704 869 4784 ejus
888 4704 922 4765 iu
941 4703 1083 4766 Ecclesia
1102 4722 1198 4783 super
1252 4700 1319 4786 ciiii
1345 4699 1532 4763 auctoritate
1556 4700 1731 4781 constringi
1748 4724 1756 4762 :
1772 4701 1846 4765 ideo
1870 4702 1988 4784 antiquo

449 4803 624 4886 quemlibet
644 4802 868 4882 Christianum,
885 4801 979 4865 etiam
1002 4800 1029 4863 si
1044 4801 1127 4883 l’apa
1149 4801 1198 4864 fu·
1250 4799 1322 4880 jure
1337 4807 1489 4861 statutum
1503 4800 1650 4880 estquod
1666 4798 1749 4882 Papa
1766 4801 1988 4883 professionem
2109 4841 2111 4883 ξ

449 4901 527 4979 erit3
544 4907 576 4963 et
591 4900 618 4962 si
641 4905 779 4981 potestas
799 4898 864 4961 haec
885 4898 956 4960 data
972 4896 1195 4977 estEcclcsiaa‚
1252 4898 1381 4979 faceret,
1410 4907 1443 4961 et
1470 4897 1655 4980 hujusmodi
1685 4900 1843 4980 professio
1871 4922 1926 4985 per
1949 4901 1989 4965 la·
2109 4903 2111 4906 ’

449 5000 624 5064 concilium
648 4997 796 5080 generale
819 4996 995 5060 Ecclesiam
1025 5016 1198 5080 represen-
1252 5018 1345 5081 psum
1378 4998 1532 5081 temporis
1562 4998 1713 5079 ampliata
1742 5008 1802 5063 est.
1830 5000 1929 5065 l’orm
1952 5000 1987 5062 ad

448 5108 519 5162 tans
534 5098 628 5162 habet
643 5097 743 5160 illam.
761 5095 797 5159 Et
818 5094 969 5159 fundatur
982 5096 1042 5159 ista
1056 5105 1196 5179 potestas
1251 5097 1459 5179 regulandum
1485 5116 1579 5160 usum
1603 5097 1814 5178 plenitudinis
1834 5100 1986 5181 potcstatis

448 5199 482 5263 in
498 5199 619 5262 unitate
635 5197 685 5261 vel
708 5196 826 5259 unione
841 5194 1001 5272 Ecclesiae,
1020 5204 1055 5258 ut
1069 5205 1195 5260 notasse
1250 5195 1385 5280 papalis,
1396 5203 1429 5259 et
1446 5198 1487 5259 ad
1506 5196 1736 5259 excludendum
1759 5198 1892 5261 abusum
1911 5198 1985 5279 ejus

447 5299 573 5367 videtur
586 5295 792 5381 Augustinus,
808 5295 885 5358 dum
907 5294 1012 5357 innuit
1032 5296 1116 5377 quod
1132 5297 1195 5359 cla·
1250 5296 1333 5375 dem,
1355 5295 1556 5359 considemre
1579 5296 1741 5377 convenit,
1761 5316 1827 5361 non
1850 5298 1983 5382 expedire
