4309 6250
302 502 453 552 nmnocns
472 502 703 551 nrsrurarrours
725 502 817 550 mnan
836 502 1043 551 cumsrmuorr
1064 503 1103 549 nr
1123 502 1337 551 srnnrcmurt.
1360 522 1401 533 -
1421 504 1493 551 aar.
1515 504 1593 553 xvur
1662 488 1722 553 tos

171 673 270 737 etiam
283 674 462 739 accidentia
475 674 562 738 dicas
582 693 652 739 esse
666 674 700 737 in
715 674 919 738 Sacramenta
933 672 959 736 t
974 672 1138 749 mirabilis,
1170 674 1202 737 in
1232 674 1429 739 humanitate
1457 673 1648 739 mirabiliter
1674 675 1723 737 in·

171 772 293 853 absque
317 772 462 855 subjecto
478 797 485 837 ε
501 773 587 854 quod
612 772 812 855 impossibile
837 790 918 851 reor,
975 772 1368 855 comprehensibiliterque
1396 781 1570 855 assumpta,
1595 773 1723 836 mirabi-

171 889 272 951 quum
305 871 518 934 accidentium
551 890 633 949 esse,
664 870 705 933 sit
732 871 848 933 inesse.
879 904 920 916 -
975 869 1048 932 liter
1060 878 1093 933 et
1106 869 1474 953 incomprehensibiliter
1488 874 1654 953 operetnrl
1666 872 1723 935 lle-

172 968 305 1047 Rursus,
321 970 348 1031 si
366 968 509 1032 Christus
529 969 626 1032 estin
645 968 788 1051 qualibet
809 967 920 1031 hostia
975 967 1082 1048 nique,
1099 968 1126 1031 si
1145 969 1324 1050 perpendas
1344 988 1382 1033 ex
1403 978 1521 1052 quanta
1541 970 1671 1032 caritate
1692 978 1724 1033 et

170 1076 274 1147 purte,
289 1086 389 1148 quum
414 1067 600 1131 continuum
615 1067 702 1130 sitin
724 1066 852 1129 infinita
873 1064 921 1128 di·
975 1066 1093 1148 pietate
1117 1076 1257 1131 nostram
1282 1077 1427 1131 naturam
1453 1069 1670 1152 assumpserit,
1692 1076 1724 1131 et

169 1166 312 1247 visibile,
328 1166 388 1229 erit
411 1167 446 1229 in
470 1164 609 1228 infinitis
634 1166 776 1247 partibus
796 1164 918 1228 bestie.
975 1182 1032 1245 pro
1046 1164 1138 1229 nobis
1153 1184 1222 1228 eam
1243 1166 1394 1230 obtulerit
1414 1167 1478 1229 Deo
1497 1166 1578 1229 Patri
1599 1168 1634 1230 in
1653 1187 1724 1230 cru-

169 1299 210 1310 —
224 1264 388 1345 Preterea,
402 1265 486 1328 sicut
505 1266 660 1327 averroes
681 1263 796 1345 arguit,
817 1263 844 1325 si
866 1282 921 1345 pe·
975 1280 1023 1339 ce,
1040 1270 1135 1344 atque
1149 1281 1242 1345 qnam
1260 1264 1501 1347 superpiissime
1521 1265 1559 1327 ad
1575 1285 1639 1329 suae
1657 1265 1724 1329 dei-

170 1364 309 1427 netratio
341 1364 577 1428 dimensionum
610 1370 712 1427 exstat
742 1361 917 1446 possibilis,
975 1360 1047 1422 tatis
1084 1362 1214 1440 claram,
1245 1362 1474 1443 immediatam,
1509 1362 1656 1427 lacialem
1692 1372 1723 1427 et

170 1480 235 1524 non
263 1462 367 1525 solnm
390 1463 455 1526 duo
475 1471 530 1525 ant
550 1462 654 1544 plura,
676 1462 731 1523 sed
754 1460 850 1523 etiam
873 1459 921 1522 in·
974 1458 1138 1522 irnitivam
1163 1460 1318 1524 visionem
1343 1460 1526 1525 beatificam
1550 1481 1609 1526 nos
1636 1482 1723 1527 crea-

170 1561 384 1626 numerabilia
397 1579 531 1642 corpora
550 1579 621 1623 esse
636 1558 789 1623 valebunt
807 1559 840 1621 in
856 1576 920 1622 uno
974 1558 1071 1633 veriti
1086 1558 1224 1623 cessabis
1240 1560 1286 1622 sic
1301 1560 1451 1623 admirari
1466 1561 1551 1643 quod
1565 1560 1598 1623 in
1614 1561 1723 1624 Sacra-

170 1659 252 1722 loco.
974 1664 1083 1719 mento
1108 1656 1276 1720 nobiscum
1297 1658 1342 1721 sic
1366 1678 1447 1738 csse,
1464 1676 1586 1741 nosque
1611 1659 1723 1724 refice-

209 1758 430 1822 Grmrsruurns.
446 1794 487 1804 -
505 1757 583 1821 Esse
607 1756 780 1820 accidentis
803 1755 921 1819 dicitur
974 1774 1020 1832 re,
1036 1754 1201 1835 adjuvare,
1219 1774 1355 1837 purgare
1369 1766 1399 1820 et
1415 1757 1496 1820 Patri
1514 1758 1722 1823 reconciliare

168 1856 288 1933 inesse,
304 1856 424 1919 ratione
442 1854 596 1918 naturalis
618 1855 788 1918 tendentia
811 1872 848 1917 ac
873 1853 920 1915 in·
934 1848 958 1911 B
974 1853 1132 1933 dignatur,
1153 1860 1185 1915 et
1208 1854 1283 1916 item
1309 1873 1367 1938 pro
1392 1856 1483 1919 nobis
1507 1857 1649 1938 quotidie
1675 1860 1720 1921 sic

168 1954 313 2017 nitentia
326 1954 366 2017 ad
380 1954 598 2017 inherendum
616 1954 771 2034 subjecto.
788 1953 919 2016 Verum·
974 1950 1133 2013 immolari
1158 1950 1309 2017 instituit.
1550 2026 1554 2037 Ι

168 2061 277 2115 tamen
292 2052 441 2115 accidens
455 2052 552 2115 babet
569 2070 639 2115 esse
658 2051 778 2135 proprii
792 2050 919 2132 generis
1014 2048 1227 2113 Sannucnrrus.
1257 2086 1297 2097 -
1324 2051 1414 2115 Sicut
1444 2059 1549 2115 motus
1583 2054 1720 2135 majores

168 2160 200 2215 et
214 2151 388 2215 essentiam
407 2151 456 2213 sui
478 2151 724 2233 predicamenti.
741 2150 919 2213 Fulclmen·
973 2148 1147 2210 excludunt
1171 2148 1320 2227 minores,
1347 2150 1392 2212 sic
1420 2151 1588 2216 admiratio
1614 2172 1719 2217 rerum

168 2259 237 2313 tum
263 2258 370 2313 autem
394 2258 426 2312 et
449 2250 711 2313 sustentationem
734 2268 804 2331 quae
828 2256 919 2311 natu·
972 2246 1205 2310 mirabiliorum
1225 2247 1308 2311 tollit
1326 2256 1380 2311 aut
1403 2248 1519 2312 minuit
1540 2251 1720 2317 admiratio-

168 2350 279 2413 raliter
302 2349 398 2412 babet
421 2368 440 2411 a
468 2368 526 2411 suo
547 2348 702 2429 subjecto,
718 2348 918 2430 omnipoten·
972 2364 1047 2409 uem
1068 2364 1175 2409 rerum
1198 2347 1303 2409 minus
1324 2347 1529 2413 mirabilium.

167 2449 214 2510 tia
228 2448 284 2510 Dei
300 2455 405 2529 potest
425 2447 455 2509 ei
470 2445 753 2528 supernaturaliter
771 2444 918 2509 conterre
1012 2444 1228 2510 Cunrsrmuus.
1251 2483 1292 2492 -
1305 2446 1357 2509 Sic
1376 2455 1425 2510 est
1441 2470 1449 2511 ι
1465 2457 1497 2511 et
1516 2459 1621 2512 tamen
1640 2450 1666 2512 si
1682 2470 1719 2515 ea

167 2547 290 2629 absque
314 2545 471 2627 subjecto.
487 2544 726 2609 Rationabiliter
746 2555 851 2607 tamen
872 2554 918 2608 te-
972 2561 1043 2625 qutn
1070 2544 1227 2608 naturalia
1253 2554 1326 2609 sunt
1352 2555 1384 2609 et
1412 2546 1598 2611 naturaliter
1622 2546 1717 2628 fiunt,

167 2654 275 2726 netur,
290 2645 376 2727 qnod
398 2644 432 2706 in
451 2645 655 2707 Sacramento
674 2643 742 2708 sole
759 2643 917 2725 quantitas
972 2640 1130 2723 profunde
1159 2645 1347 2727 perpendas,
1374 2652 1451 2726 puto
1479 2647 1562 2727 quod
1587 2666 1625 2709 ea
1649 2668 1720 2731 quae

166 2744 292 2827 absque
305 2742 451 2824 subjecto
465 2742 628 2823 consistat,
644 2750 739 2824 atque
757 2742 792 2804 in
810 2762 847 2805 ea
866 2761 918 2805 ae·
972 2740 1145 2820 eredimus,
1161 2741 1267 2805 minus
1291 2743 1455 2806 miraberis
1475 2752 1570 2827 atque
1592 2744 1719 2809 facilius

167 2843 311 2919 cidentiq
336 2850 442 2905 cetera
470 2840 654 2920 fulciantur,
677 2841 854 2905 tundentur
879 2862 917 2905 ac
953 2840 1093 2902 ¹credes.
1109 2839 1220 2902 Nonne
1236 2840 1389 2904 naturalis
1404 2842 1484 2906 ratio
1498 2843 1597 2907 dictat
1611 2846 1720 2909 omnia

167 2941 401 3023 subjeetentur.
426 2975 468 2985 —
490 2939 577 3014 Quod
606 2946 711 3002 autem
739 2939 852 3021 objicis
877 2940 917 3003 de
971 2957 1042 2999 esse
1057 2938 1209 3021 producta
1224 2948 1255 3001 et
1269 2940 1369 3003 multa
1383 2949 1488 3005 creata
1504 2961 1522 3005 a
1536 2944 1638 3025 prima
1650 2964 1719 3008 cau·

167 3040 331 3104 infinitate
354 3038 491 3122 partium
516 3037 639 3117 hostin,
659 3038 820 3101 solvitur:
841 3058 918 3122 quo
935 3034 1017 3113 Gsa,
1034 3045 1065 3099 et
1081 3035 1292 3101 intellectivas
1311 3039 1433 3101 animas
1453 3040 1595 3120 quotidie
1616 3044 1718 3107 creari

167 3141 258 3202 niam
274 3138 462 3202 continuum
475 3136 637 3200 divisibile
656 3137 752 3200 estin
771 3137 918 3201 infinitas
971 3143 1004 3197 et
1017 3135 1143 3198 infundi
1159 3156 1177 3199 a
1197 3137 1271 3214 Deo,
1288 3137 1453 3220 ipsamque
1474 3139 1614 3204 animam
1635 3143 1667 3205 in
1684 3162 1718 3207 se

166 3248 277 3322 partes
292 3237 468 3301 secundum
483 3236 661 3316 materiam,
678 3255 742 3300 non
764 3245 869 3300 numm
884 3237 916 3300 in
971 3235 1093 3297 nullam
1107 3236 1326 3300 extensionem
1342 3238 1584 3319 quantitativsm
1600 3242 1718 3305 buben-

167 3337 318 3400 insrnitas
332 3335 507 3399 secundum
522 3334 674 3417 speciem,
690 3354 787 3417 quum
803 3335 844 3398 sit
864 3337 918 3400 da·
972 3342 1047 3411 tem,
1065 3334 1306 3398 immaterialem
1326 3355 1363 3399 ac
1385 3336 1576 3420 simplicem,
1593 3341 1718 3422 corpori

167 3457 204 3500 re
224 3443 331 3519 partes
352 3444 417 3497 tam
439 3453 563 3515 parvas,
578 3434 663 3515 quod
686 3433 719 3495 in
740 3433 918 3499 minoribus
972 3433 1155 3496 immediate
1182 3433 1276 3515 uniri,
1294 3442 1325 3498 et
1347 3453 1417 3498 esse
1440 3435 1472 3498 in
1498 3455 1630 3519 corpore
1653 3447 1719 3503 toto

166 3555 236 3599 non
251 3541 492 3598 conservaretur
502 3532 613 3596 eadem
628 3532 917 3613 speeies.0mnium
973 3551 1009 3594 ac
1029 3530 1170 3614 qualibet
1188 3531 1258 3614 ejus
1278 3536 1389 3616 partel
1405 3533 1443 3596 lit
1462 3542 1567 3598 tumen
1582 3537 1720 3619 qualiter

166 3634 292 3717 quippe
306 3639 417 3695 natura
432 3631 657 3708 constantium,
673 3638 760 3694 certa
775 3640 823 3694 est
838 3633 919 3702 ratio
973 3632 1034 3694 ista
1048 3631 1124 3710 sint,
1142 3650 1255 3713 capere
1270 3651 1334 3696 non
1356 3633 1511 3696 valemus.
1526 3635 1651 3699 lntuere
1666 3637 1720 3700 ha-

167 3742 201 3797 et
226 3749 376 3794 mensura
398 3728 639 3811 magnitudinis,
654 3737 690 3791 ut
714 3728 794 3791 dixit
817 3730 919 3796 Philo-
975 3729 1151 3792 bitudinem
1177 3731 1387 3812 potentiarum
1412 3739 1444 3794 et
1468 3732 1666 3814 obiectorum
1690 3743 1722 3798 et

166 3830 302 3913 sophus.
319 3829 419 3891 -Ad
444 3827 476 3889 id
499 3845 626 3909 quoque
649 3828 734 3909 quod
758 3829 851 3892 tertio
876 3838 921 3894 ta-
974 3827 1227 3890 immutationem
1252 3847 1361 3892 corum
1382 3829 1422 3892 ab
1443 3829 1579 3893 invicem
1598 3855 1604 3894 :
1622 3833 1723 3914 quali-

165 3928 284 4012 tigisti,
304 3927 481 4008 respondeo
503 3926 590 4006 quod
615 3925 698 3988 sicut
721 3926 920 4010 omnipoten-
974 3933 1023 3988 ter
1050 3924 1276 3989 similitudines
1311 3927 1490 4009 specierum
1521 3929 1722 3993 sensibilium

165 4030 225 4108 tia,
241 4028 307 4090 imo
322 4025 453 4088 infinita
469 4023 610 4106 potentia
628 4024 682 4086 Ilei
703 4024 737 4086 in
756 4024 919 4089 inlinitum
974 4023 1015 4086 ab
1038 4023 1175 4105 objectis
1203 4024 1410 4088 sensibilibus
1438 4024 1664 4091 diffunduntur
1692 4037 1724 4093 et

165 4124 369 4191 transcendit
390 4143 428 4187 ac
453 4131 581 4206 superat
608 4141 735 4186 omnem
764 4125 921 4205 capacite·
974 4141 994 4184 a
1018 4120 1164 4185 sensibus
1190 4122 1409 4204 recipiuntur;
1435 4125 1572 4206 qualiter
1598 4127 1723 4192 modica

165 4235 236 4290 tem
261 4223 380 4287 mentis
403 4231 527 4300 creatae,
554 4229 619 4284 tam
648 4222 800 4303 angelicae
823 4243 919 4306 quam
935 4224 960 4286 l)
975 4220 1098 4304 pupilla
1119 4220 1224 4284 subito
1244 4221 1276 4283 in
1297 4241 1330 4285 se
1350 4223 1483 4305 suscipit
1502 4225 1599 4288 totius
1622 4227 1724 4291 bemi-

163 4327 331 4400 bumanae,
348 4321 394 4384 sic
419 4321 501 4383 lleus
525 4319 699 4383 altissimus
717 4321 841 4402 operari
864 4341 920 4404 po,-
975 4319 1103 4402 spbaerii
1126 4319 1267 4400 speeiem
1288 4328 1318 4382 et
1345 4319 1494 4403 liguram,
1511 4323 1724 4390 diversorum·

165 4431 233 4487 test
256 4422 291 4484 in
316 4419 470 4483 creaturis
494 4418 788 4501 incomparabiliter
811 4420 918 4502 altius,
974 4438 1047 4500 que,
1064 4418 1130 4481 imo
1148 4425 1181 4480 ct
1200 4417 1482 4483 innumerabilium
1498 4421 1618 4484 entium
1636 4424 1723 4488 simi-

164 4520 327 4586 secretins
341 4538 378 4582 ac
392 4517 582 4597 mirabilius,
594 4536 689 4600 quam
704 4517 819 4601 aliquis
833 4539 921 4583 crea·
974 4517 1137 4594 litudines,
1150 4525 1182 4578 et
1195 4517 1318 4581 colores
1333 4517 1515 4582 colorumve
1531 4519 1722 4588 intentiones

164 4631 219 4685 tus
246 4617 350 4702 possit
372 4635 486 4699 capere
504 4615 696 4678 intellectus.
712 4616 751 4678 Et
769 4617 917 4695 breviter,
975 4616 1041 4678 sire
1052 4615 1207 4697 imagines
1222 4625 1345 4679 tenues.
1362 4616 1394 4677 Si
1411 4617 1536 4682 videres
1551 4638 1650 4683 unum
1666 4622 1722 4686 bo·

163 4737 266 4785 omne
280 4717 366 4799 quod
380 4713 663 4780 contradictionem
683 4733 747 4778 non
763 4714 916 4797 implicat,
974 4715 1093 4777 minem
1116 4723 1274 4778 mortuum
1295 4715 1453 4796 suscitari,
1470 4717 1642 4799 plurimum
1662 4721 1722 4784 mi·

162 4827 199 4883 et
213 4817 247 4880 id
263 4815 317 4879 eui
337 4814 416 4877 ratio
436 4813 520 4876 entis
542 4830 605 4875 non
626 4822 793 4895 repugnat,
809 4833 920 4896 super·
974 4813 1110 4891 rareris3
1138 4813 1192 4875 sed
1223 4813 1339 4875 multos
1367 4815 1510 4895 quotidie
1539 4817 1626 4880 nasci
1656 4838 1720 4883 non

163 4913 319 4982 sublimis
337 4919 371 4975 et
390 4910 690 4994 superbeatissimus
710 4912 792 4974 Deus
813 4911 919 4977 lacere
973 4912 1141 4974 admireris
1167 4933 1174 4972 τ
1200 4930 1298 4992 quum
1324 4919 1430 4975 tamen
1456 4913 1489 4976 in
1516 4915 1721 4982 suscitatione

162 5022 287 5100 potest,
973 5010 1116 5073 defuncti
1133 5029 1169 5072 ca
1183 5029 1254 5091 quae
1268 5011 1308 5073 ab
1324 5009 1463 5074 invicem
1485 5013 1613 5076 lucrant
1632 5034 1721 5098 sepa·

206 5115 425 5178 sarracenus.
448 5145 490 5157 —
513 5109 610 5174 Valde
638 5109 719 5172 mira
743 5118 773 5173 et
798 5111 920 5175 incom-
973 5117 1040 5170 rata
1059 5116 1092 5170 et
1111 5108 1238 5171 realiter
1256 5108 1448 5189 exsistentia,
1465 5111 1670 5192 reuniantur3
1687 5114 1719 5177 in

161 5209 402 5298 prehensibilis
421 5216 495 5290 sunt
516 5209 678 5292 praedicta.
972 5207 1178 5287 generatione
1189 5225 1264 5270 vero
1279 5206 1336 5268 liat
1350 5206 1486 5289 alicujus
1501 5210 1539 5272 de
1554 5228 1638 5274 novo
1653 5231 1721 5294 pro

206 5312 428 5376 cmsnmm.
456 5343 498 5355 —
524 5307 602 5384 Quid
635 5307 752 5370 mirum
780 5307 806 5371 si
835 5306 918 5371 Deus
974 5306 1094 5387 ductio,
1111 5306 1224 5370 animer
1245 5307 1405 5370 rationalis
1425 5309 1554 5389 creatio,
1571 5330 1641 5394 quae
1661 5313 1720 5378 mi·
