4309 6250
427 507 466 554 D!
487 507 650 554 utuutrartt
671 507 709 552 st
729 507 879 553 uuotuus
899 507 927 552 B.
951 507 979 552 V.
1002 506 1119 562 ffliffl,
1141 507 1229 553 blm
1250 507 1271 552 1.
1292 523 1334 536 -·
1353 507 1423 552 ΔΜ.
1446 504 1522 554 xm
1706 487 1747 554 55

202 677 280 742 bilia
304 686 336 740 et
358 677 464 741 divina
486 677 520 739 in
545 677 761 741 sincerissima
790 696 826 740 ac
854 677 948 740 unica
964 677 989 740 Α
1004 677 1151 758 accessit,
1166 686 1202 740 nt
1215 679 1429 742 beatissimam
1443 679 1505 743 sibi
1521 680 1752 743 demonstraret

201 777 262 840 bac
276 776 371 840 ldaria
385 785 459 838 sunt
474 776 567 852 iacta,
581 784 613 838 et
628 777 696 856 ipsa
711 795 806 860 super
820 794 949 839 omnem
1005 775 1133 840 ldariam
1150 800 1157 838 ε
1175 795 1238 858 quo
1253 778 1488 858 acquiescente,
1505 777 1586 840 vidit
1606 776 1751 840 eamdem

203 884 360 954 naturam,
381 893 520 952 cursum,
546 873 648 956 legem
674 883 705 936 et
728 873 871 937 ordinem
896 893 951 936 en·
1005 875 1037 938 in
1053 883 1140 938 tanta
1154 876 1402 957 pulchritudine,
1415 875 1603 940 excellentia
1616 883 1649 938 et
1663 875 1754 938 deco

201 975 282 1037 tium
303 973 478 1036 naturalem
499 981 562 1036 em
583 973 761 1035 eminenter
781 982 829 1034 est
854 971 951 1034 subli-
1006 993 1052 1052 re,
1076 973 1161 1054 quod
1186 993 1251 1055 pre
1274 974 1483 1038 admiratione
1511 982 1544 1036 et
1570 972 1753 1036 vehementi

203 1079 299 1150 mata,
316 1079 351 1134 ut
371 1071 559 1152 precedenti
583 1070 718 1134 articulo
739 1078 863 1134 stante
883 1071 949 1151 jam
1004 1071 1205 1151 jucunditate
1226 1071 1362 1134 ubertim
1387 1072 1527 1154 plorans,
1544 1071 1664 1134 corruit
1688 1077 1755 1132 tan-

41 1183 189 1230 ·u-rvnru,
204 1188 289 1251 sepe
316 1178 479 1232 ostensum
508 1177 566 1245 est,
596 1169 681 1250 quod
710 1168 950 1250 preclarissime
1006 1187 1102 1250 quam
1126 1175 1290 1244 mortuus3
1313 1177 1346 1232 et
1369 1189 1517 1232 reversus
1539 1170 1578 1232 ad
1604 1187 1649 1247 ae,
1674 1166 1756 1230 dixit

33 1254 73 1282 ‘¹'
86 1245 148 1284 '⁸⁸
204 1275 310 1350 potest
330 1267 436 1330 vocari
458 1267 576 1349 grande
598 1265 799 1329 miraculum.
1006 1267 1090 1348 quod
1105 1265 1167 1328 nisi
1182 1285 1239 1349 per
1253 1267 1408 1330 rationem
1430 1285 1468 1330 ac
1490 1266 1587 1330 lrdem
1603 1283 1756 1348 agnosce·

246 1365 408 1444 Preterea,
434 1364 516 1428 libro
542 1363 737 1427 decivitate
761 1363 816 1427 Dei
839 1363 953 1427 asserit
1007 1372 1055 1426 ret
1087 1363 1182 1428 aliam
1215 1364 1380 1443 Deitatem,
1410 1383 1475 1428 non
1508 1365 1652 1426 crederet
1677 1363 1755 1444 quid

205 1463 398 1545 Augustinus
414 1485 422 1526 ι
438 1462 529 1525 Omni
545 1461 700 1526 miraculo
714 1462 797 1544 quod
812 1461 844 1524 in
860 1481 952 1524 mun·
1006 1462 1093 1525 aliud
1111 1461 1208 1525 altius
1226 1462 1351 1544 virgine
1369 1471 1468 1542 tanta,
1487 1470 1582 1544 atque
1605 1461 1659 1524 vix
1682 1479 1756 1544 pos·

204 1561 247 1624 do
265 1560 338 1623 lieri
358 1568 471 1642 potest,
488 1561 592 1642 majus
611 1560 801 1622 miraculum
816 1569 864 1623 est
883 1561 951 1642 ipse
1006 1571 1055 1624 set
1077 1561 1117 1623 de
1145 1569 1251 1624 cetem
1273 1561 1361 1624 alind
1385 1581 1423 1624 ee
1441 1560 1614 1643 jucundius
1637 1559 1756 1642 cogite·

203 1658 355 1722 muudus.
375 1659 415 1721 Et
437 1678 545 1721 rursus
567 1657 688 1744 :lOmui
708 1659 838 1740 (inquit)
857 1659 951 1722 mira-
1007 1677 1052 1738 re,
1077 1659 1197 1722 addens
1224 1659 1310 1740 quod
1340 1677 1404 1722 non
1434 1657 1629 1740 quicumque
1659 1656 1755 1720 debe·

203 1757 277 1820 culo
291 1757 374 1839 quod
388 1755 460 1819 lieri
475 1763 578 1838 potest
592 1775 649 1838 per
662 1757 951 1838 hominem,majus
1007 1763 1054 1820 ret
1083 1775 1154 1819 earn
1181 1756 1301 1836 videre,
1326 1765 1457 1840 pmpter
1478 1755 1753 1820 venerabilitatem

202 1855 393 1918 miraculum
418 1861 466 1916 est
488 1854 557 1937 ipse
586 1855 693 1918 botno.
719 1853 805 1928 Quod
831 1854 949 1918 dictum
968 1853 1118 1939 Bipsius.

202 1952 330 2015 videtur
343 1960 473 2035 propter
490 1951 649 2015 mirabilia
663 1959 695 2014 et
709 1951 951 2034 incompreben-
1045 1953 1209 2032 Preterea,
1226 1952 1373 2034 egregius
1395 1952 1450 2016 ille
1470 1951 1621 2035 ignatius,
1635 1959 1756 2032 martyr

202 2050 309 2114 sibilia
342 2069 412 2132 que
440 2051 524 2114 circa
557 2049 667 2113 mundi
696 2050 950 2132 productionem,
1006 2060 1039 2116 et
1056 2049 1201 2134 pontilex
1220 2051 1390 2134 pretiosus,
1406 2050 1439 2112 in
1459 2050 1596 2132 quadam
1620 2050 1755 2132 epistola

203 2149 456 2229 consistentiam,
473 2147 629 2228 ordinem,
650 2147 892 2212 collocationem
914 2169 951 2212 ac
1007 2149 1145 2233 glorioso
1159 2148 1272 2213 Joanni
1286 2148 1431 2230 apostolo
1445 2149 1553 2228 missa,
1571 2149 1655 2212 inter
1673 2155 1756 2210 cete-

205 2246 387 2310 consimilia
406 2247 445 2309 ad
465 2265 538 2311 eum
559 2247 744 2309 naturaliter
763 2247 952 2328 pertinentia
1009 2247 1193 2312 rescribit:
1211 2247 1290 2309 Sunt
1303 2247 1357 2309 bic
1373 2247 1480 2310 multe
1494 2247 1535 2309 de
1549 2246 1668 2310 nostris
1687 2265 1757 2308 mu-

205 2345 423 2407 attendnntur.
450 2343 489 2408 Et
513 2344 607 2406 simili
633 2345 727 2408 modo
755 2345 795 2407 de
822 2345 951 2408 homine
1009 2345 1141 2409 lienibus
1159 2344 1287 2407 ldariam
1306 2343 1380 2406 Jesu
1398 2343 1565 2425 cupientes
1588 2343 1708 2422 videre,
1724 2350 1757 2405 et

205 2441 448 2523 intelligendum
464 2449 622 2504 censetur.
635 2440 756 2515 Quanto
770 2441 872 2523 magis
886 2461 953 2505 om·
1008 2464 1027 2508 a
1054 2443 1147 2507 nobis
1174 2441 1317 2524 qnotidie
1341 2441 1484 2504 volentes
1505 2441 1695 2519 discurrere,
1722 2448 1758 2502 ut

206 2540 240 2602 ni
255 2539 409 2602 miraculo
424 2539 506 2620 quod
530 2557 587 2621 per
604 2538 774 2620 gloriosam
794 2539 953 2602 amabilis·
1008 2563 1077 2608 carn
1107 2541 1304 2622 contingant,
1329 2549 1361 2602 et
1389 2540 1487 2603 ubera
1512 2540 1583 2622 ejus
1608 2547 1754 2616 tractent,

205 2638 381 2718 simamque
405 2637 532 2700 llariam
557 2635 591 2698 in
614 2637 764 2699 creaturis
790 2645 952 2720 peractum
1008 2661 1077 2724 que
1093 2640 1261 2705 Dominum
1276 2639 1382 2703 lesum
1398 2640 1645 2718 lactaverunt,et
1659 2639 1755 2702 etiam

204 2745 265 2816 est,
283 2735 461 2798 mirabilius
475 2733 746 2816 excellentiusque
765 2735 953 2798 miraculum
1008 2747 1043 2802 ut
1066 2738 1212 2820 quedam
1231 2737 1302 2819 ejus
1323 2737 1494 2801 secretiora
1518 2746 1753 2819 percontentur.

204 2843 255 2898 est
269 2834 338 2916 ipsa
358 2833 559 2895 serenissima
573 2840 605 2896 et
619 2833 831 2896 illustrissima
847 2834 952 2915 Virgo,
1008 2835 1046 2900 Et
1069 2835 1152 2898 sicut
1169 2834 1263 2898 nobis
1285 2854 1304 2898 a
1327 2833 1395 2898 lide
1418 2834 1523 2916 dignis
1548 2841 1705 2912 narratur,
1722 2833 1755 2894 in

205 2933 241 2994 in
256 2939 364 3012 quaet
383 2949 440 3012 per
461 2949 555 3012 quam
580 2939 642 2994 tam
664 2931 954 3014 incomparabiliter
1008 2933 1104 2996 Maria
1131 2933 1206 2996 Jesu
1234 2933 1381 2996 humane
1415 2941 1536 2996 nature
1568 2931 1758 2995 excellentia

206 3028 367 3106 sublimia,
398 3029 652 3112 supernaturalia
679 3047 716 3091 ac
744 3029 852 3090 divina
879 3033 990 3097 suntc
1009 3031 1170 3096 sanctitati
1191 3030 1342 3111 angelice
1363 3031 1510 3094 sociatur.
1527 3030 1566 3092 Et
1587 3031 1656 3093 bec
1680 3028 1757 3092 talia

206 3128 303 3207 iacta,
318 3136 351 3191 et
364 3134 583 3191 convenerunt
601 3146 637 3189 ac
656 3127 766 3207 juncta
781 3136 866 3205 sunt,
883 3146 955 3209 pro-
1009 3132 1225 3195 excitaverunt
1239 3129 1397 3193 desideria
1411 3149 1492 3207 mea,
1508 3138 1541 3191 et
1555 3137 1674 3211 cogunt
1692 3128 1757 3192 val-

206 3234 243 3289 nt
266 3226 454 3308 precedenti
479 3233 527 3287 est
550 3233 667 3287 tactum
692 3225 848 3288 articulol
872 3225 953 3289 ilinc
1007 3231 1047 3293 de
1062 3230 1242 3293 desiderare
1260 3229 1445 3310 adspectum
1464 3229 1561 3309 hujus
1580 3228 1620 3307 (si
1640 3226 1689 3289 ias
1709 3236 1758 3289 est

207 3323 389 3387 alaudibus
409 3322 479 3403 ejus
498 3321 609 3385 delicit
626 3321 731 3385 omnis
753 3322 872 3404 lingue,
889 3340 952 3385 non
1009 3329 1054 3391 sic
1074 3327 1147 3405 lari)
1167 3326 1303 3408 prodigii
1330 3334 1424 3407 atque
1449 3325 1642 3388 sanctissimi
1668 3344 1758 3389 mon·

206 3420 373 3484 bominum
393 3428 527 3497 tuntum,
544 3420 597 3481 sed
622 3418 717 3481 ulium
741 3420 926 3501 ungulorum
944 3444 951 3483 τ
1009 3426 1075 3489 stri.
1093 3426 1127 3487 ln
1142 3425 1204 3487 alia
1218 3442 1344 3507 quoque
1358 3424 1406 3486 sic
1420 3424 1465 3486 ait
1479 3424 1612 3506 epistola
1624 3448 1631 3487 :
1643 3423 1755 3487 Joanni

206 3518 282 3601 qnia
296 3536 355 3582 nec
370 3518 432 3599 ipsi
447 3518 523 3581 satis
543 3524 664 3599 queunt
683 3518 790 3579 mirari
809 3527 840 3581 ot
859 3538 954 3600 pene·
1009 3532 1119 3587 sancto
1140 3542 1217 3584 suus
1235 3522 1383 3604 ignatius.
1401 3521 1432 3583 Si
1460 3520 1582 3584 licitum
1607 3521 1683 3583 mibi
1708 3530 1757 3583 est

207 3627 291 3681 trare
306 3624 423 3699 quanta
439 3617 481 3679 sit
494 3616 631 3698 dignitas
654 3616 724 3695 ista,
741 3636 810 3679 esse
825 3617 952 3679 Matrem
1009 3622 1092 3704 apud
1111 3629 1152 3697 te,
1169 3620 1209 3682 ad
1223 3620 1424 3701 ierosolymae
1440 3628 1545 3701 partes
1560 3619 1631 3682 volo
1646 3638 1757 3681 ascen-

207 3716 275 3779 veri
291 3716 346 3779 Dei
360 3724 392 3777 et
406 3715 673 3796 comparentalem
687 3724 804 3778 eterno
819 3714 912 3793 Patri,
923 3724 954 3777 et
1008 3720 1083 3781 dere
1098 3727 1130 3781 et
1144 3718 1251 3780 videro
1266 3716 1380 3779 fideles
1394 3726 1521 3779 sanctos
1535 3718 1590 3798 qui
1605 3718 1648 3779 ibi
1668 3724 1753 3795 sunt,

207 3822 325 3897 quanta
353 3814 394 3875 sit
415 3812 601 3876 excellentia
628 3814 709 3894 ejus.
735 3814 813 3877 ilinc
841 3832 953 3877 omnes
1008 3818 1168 3901 precipue
1190 3815 1319 3879 ldariam
1338 3815 1423 3895 lesu,
1443 3835 1538 3898 quam
1558 3816 1668 3878 dicunt
1685 3814 1756 3878 uni-

208 3912 314 3975 Saneti
329 3912 363 3973 in
378 3912 459 3975 eoelo
474 3910 685 3974 inestimabili
709 3913 887 3975 reverentia
907 3912 955 3975 al·
1009 3916 1110 3978 versis
1124 3914 1299 3977 mirandam
1315 3922 1347 3977 et
1360 3914 1484 3977 cunctis
1498 3914 1753 3977 desiderabilem.

206 4009 363 4074 ficiuntur
382 4010 421 4072 ad
443 4010 557 4093 ipsam.
1008 4015 1106 4089 Quem
1131 4032 1207 4076 vero
1234 4032 1300 4076 non
1327 4012 1463 4075 delectet
1490 4031 1560 4074 earn
1588 4012 1697 4075 videre
1724 4019 1758 4075 et

248 4108 400 4190 Denique,
414 4108 498 4171 istud
514 4116 614 4171 toturn
629 4108 758 4190 quidam
780 4109 954 4190 preclaris-
1008 4112 1141 4193 alloqui,
1170 4130 1241 4191 que
1274 4112 1400 4192 peperit
1427 4111 1526 4173 Deum
1554 4112 1698 4187 deorum,
1728 4111 1755 4175 si

208 4206 280 4269 simi
295 4206 355 4269 viri
371 4207 404 4268 in
419 4206 579 4288 primitiva
592 4206 734 4269 Ecclesia
746 4226 784 4270 ex
796 4208 954 4271 ludaismo
970 4208 994 4271 D
1010 4220 1124 4273 nostre
1150 4209 1192 4271 sit
1215 4208 1380 4290 religionis
1403 4208 1547 4271 amicust
1566 4209 1654 4271 lleul
1680 4208 1758 4290 quid

208 4314 261 4368 aut
287 4304 472 4386 paganismo
496 4304 653 4384 conversi,
674 4305 742 4386 ipsa
767 4307 955 4369 benedictis·
1010 4311 1137 4371 mororl
1157 4307 1257 4382 Quare
1276 4307 1443 4369 detineorl
1463 4306 1549 4370 bone
1569 4315 1755 4389 preceptor,

208 4404 291 4466 sima
305 4403 399 4465 illaria
417 4403 520 4465 adhuc
540 4402 572 4465 in
592 4403 707 4466 seculo
728 4404 787 4468 isto
807 4404 951 4485 degente,
1010 4424 1179 4489 properare
1196 4424 1245 4467 me
1265 4405 1390 4485 jubeas.
1406 4404 1549 4485 insuper,
1564 4424 1659 4487 quam
1680 4424 1758 4487 pre·

208 4502 366 4585 prolunde
395 4509 549 4582 quantum
578 4501 726 4565 valebant
753 4504 955 4566 consideran·
1010 4504 1190 4567 cordialiter
1218 4503 1362 4565 conversi
1390 4502 1429 4565 ad
1457 4502 1558 4565 iidem
1586 4502 1758 4583 cupiebant

208 4610 267 4680 tes,
285 4601 363 4663 nriro
379 4599 473 4662 modo
488 4598 559 4679 ejus
573 4600 794 4665 excellentiam
814 4602 955 4665 attende·
1009 4622 1048 4665 ex
1084 4600 1276 4663 beatissime
1303 4620 1340 4663 ac
1369 4600 1577 4663 divinissime
1604 4600 1757 4682 adspectu

207 4700 295 4776 bant,
317 4698 498 4779 stupebant,
519 4697 677 4777 amabant,
699 4700 952 4777 venerabantur;
1010 4710 1040 4763 et
1054 4698 1155 4762 allatu
1169 4699 1272 4762 blarie
1287 4698 1454 4775 consolari,
1472 4699 1598 4761 edoceri
1613 4718 1651 4761 ac
1665 4698 1757 4761 robo-

206 4804 239 4860 et
264 4804 329 4859 tam
353 4795 523 4858 sublimem
554 4813 721 4876 personam
750 4798 955 4878 corporaliter
1011 4798 1085 4877 rari,
1111 4796 1265 4859 elucescit
1291 4816 1330 4858 ex
1357 4796 1491 4879 epistola
1519 4798 1551 4859 S.
1577 4796 1687 4877 ignatii
1716 4797 1755 4859 ad

207 4914 246 4957 ac
265 4892 507 4976 presentialiter
531 4910 661 4955 cernere
686 4892 868 4975 cupiebant,
895 4904 955 4958 sat·
1011 4896 1177 4959 Dominam
1203 4893 1326 4971 mundi,
1342 4894 1374 4955 in
1394 4914 1456 4975 qua
1478 4892 1547 4956 ait:
1565 4893 1757 4957 Christilere

207 4992 400 5073 agebant,ac
416 4988 703 5071 proficiscebantur
715 4992 754 5053 ad
766 5010 836 5054 eam
850 4992 957 5055 viden·
1011 4992 1112 5055 llarie
1130 5012 1208 5053 suus
1226 4991 1376 5073 ignatius.
1392 4991 1438 5054 bie
1457 4992 1651 5073 neophytum
1664 4992 1758 5055 loan-

207 5090 293 5152 dam.
310 5086 580 5161 Quemadmodum
603 5086 704 5149 lertur
727 5089 766 5151 de
791 5108 907 5171 magno
926 5100 958 5153 et
1012 5090 1127 5171 nisque
1141 5091 1187 5153 tui
1202 5089 1394 5171 discipulum
1410 5089 1567 5153 consolari
1581 5098 1613 5152 et
1632 5090 1760 5153 conlor·

209 5186 321 5251 divino
336 5186 391 5249 illo
406 5184 566 5267 Dionysio,
583 5186 667 5266 quod
688 5206 707 5248 a
726 5186 845 5250 Grecis
862 5188 958 5251 intra·
1013 5198 1080 5251 tare
1095 5188 1250 5250 debueras
1266 5188 1327 5249 :de
1341 5188 1414 5249 lesu
1429 5188 1547 5250 etenim
1562 5196 1616 5251 tuo
1631 5188 1759 5269 percepi

210 5286 255 5350 uit
280 5284 430 5363 Judeam,
452 5290 483 5347 et
507 5282 538 5346 S.
554 5282 707 5347 loannem
732 5286 958 5367 evangelistam
1014 5286 1096 5349 mira
1116 5286 1215 5368 dictu,
1231 5296 1262 5348 et
1276 5285 1471 5369 stupetactus
1490 5305 1560 5348 sum
1580 5285 1757 5351 exauditu.
