4309 6250
458 474 518 540 482
609 492 759 541 cremeas
781 489 1009 538 orsauranours
1031 486 1123 535 rursu
1143 485 1350 533 cuursruuurr
1370 485 1409 531 ar
1428 484 1640 532 sarmarum.
1663 502 1705 514 -
1725 484 1796 531 aar.
1818 482 1857 529 xv

458 662 612 745 producta
627 684 634 723 ε
651 680 715 725 uon
730 679 806 744 ergo
820 667 924 743 potest
944 658 1030 721 idern
1045 676 1116 721 esse
1130 656 1244 719 cumb
1261 654 1310 718 vis
1325 654 1534 738 proprietates
1548 674 1605 719 seu
1619 653 1830 738 perfectiones
1843 672 1877 716 ac
1889 651 1978 716 nobili·

458 778 595 842 perseam
609 761 775 843 producta,
791 759 899 841 genita
912 776 968 821 seu
983 756 1113 838 spirata.
1259 763 1339 819 tates
1352 775 1432 837 quas
1446 754 1586 837 tetigisti,
1602 754 1667 816 sint
1680 752 1865 835 quibusdam
1882 750 1977 813 divinis

498 859 551 941 (lt)
573 858 745 937 Postremo,
768 876 867 940 quum
895 864 959 919 tres
991 873 1134 937 personae
1157 852 1205 915 di·
1259 854 1405 937 personis
1433 849 1570 936 propriae
1597 852 1774 915 secuudum
1802 850 1881 930 qnod
1905 849 1976 923 tales,

457 964 570 1019 cantur
584 956 616 1018 in
631 955 768 1019 essentia
784 956 911 1038 penitus
926 952 1110 1029 convenire,
1128 951 1154 1013 si
1171 951 1203 1012 iu
1259 960 1365 1015 umen
1380 960 1533 1034 quantum
1547 951 1586 1014 ad
1606 950 1636 1013 id
1656 949 1741 1031 quod
1757 946 1977 1011 substantialiter

455 1054 564 1135 aliquo
587 1054 838 1135 distinguuntur,
858 1054 919 1116 hoc
938 1050 1098 1134 oportebit
1116 1048 1205 1111 addi·
1259 1051 1385 1128 sunt,in
1400 1050 1540 1133 quelibet
1554 1047 1664 1112 divina
1679 1065 1816 1129 persona
1829 1045 1974 1108 exsistunt:

455 1159 523 1215 tum
545 1172 615 1215 esse
637 1152 783 1215 essentiae
804 1160 835 1215 et
856 1152 943 1214 aliud
966 1165 1036 1237 esse
1058 1148 1098 1211 ab
1120 1167 1168 1210 ea.
1259 1147 1509 1211 substantialiter
1536 1164 1674 1228 namque
1703 1154 1779 1207 suut
1804 1144 1870 1226 ipsa
1890 1143 1976 1205 divina

1259 1247 1407 1325 essentia,
1424 1266 1495 1329 quae
1515 1245 1549 1307 in
1568 1244 1710 1327 qualibet
1729 1251 1779 1306 est
1799 1241 1977 1325 personali

1259 1364 1316 1427 per
1330 1346 1391 1408 boc
1410 1352 1579 1425 sequentes
1597 1350 1660 1406 tuae
1681 1340 1840 1403 instantia
1858 1358 1909 1421 pro
1926 1358 1976 1400 rna

654 1416 900 1481 ARTICULUS
922 1415 997 1479 XV·
1258 1463 1321 1525 gna
1343 1452 1417 1506 sunt
1438 1450 1527 1526 parte
1546 1442 1666 1505 solutae.
1764 1465 1770 1471 ·

551 1557 679 1617 Salutio
695 1556 934 1615 instantiarum
950 1555 1102 1614 istarum.
1299 1543 1334 1624 (i)
1356 1543 1403 1605 Ad
1426 1542 1523 1605 aliam
1550 1540 1636 1620 dico,
1657 1539 1742 1620 quod
1768 1548 1833 1601 tres
1858 1554 1975 1619 persone

1258 1650 1332 1702 sunt
1353 1659 1486 1703 numero
1505 1658 1588 1701 unus
1607 1639 1700 1715 Deae,
1717 1657 1782 1700 una
1802 1645 1914 1713 natura,
1927 1652 1976 1696 una

491 1737 1202 1819 Guarsruuus.-Noveris‚Sarracene,quod
1258 1739 1407 1818 essentia,
1433 1757 1496 1801 una
1520 1737 1679 1817 voluutas,
1704 1754 1789 1798 unus
1811 1733 1975 1809 intellectus,

451 1840 618 1903 christiani
635 1841 771 1922 theologi
788 1840 952 1911 universas
968 1848 1037 1901 tuas
1052 1838 1203 1919 objectio·
1221 1837 1245 1898 B
1260 1856 1323 1900 una
1336 1856 1386 1900 res
1401 1836 1719 1914 summa,secnndnm
1734 1835 1819 1916 quod
1833 1834 1906 1897 Deus
1917 1831 1977 1894 dici·

450 1959 508 2003 nes
524 1958 609 2002 nuuc
625 1947 774 2017 tactas,et
789 1938 867 2001 alias
882 1938 997 2000 multas
1012 1956 1075 2000 nou
1094 1936 1201 1998 minus
1258 1943 1310 1998 tur
1324 1955 1361 1999 ac
1376 1936 1511 1997 sumitur
1524 1934 1682 1998 absolute:
1693 1933 1796 1997 nihilo
1810 1932 1907 1995 minus
1919 1938 1977 1992 sunt

450 2037 561 2115 fortes,
589 2037 621 2099 in
646 2037 712 2099 suis
737 2036 827 2099 libris
853 2036 1020 2113 inducunt,
1046 2034 1201 2097 ventilant
1257 2042 1321 2097 tres
1339 2051 1494 2116 personae,
1510 2032 1685 2095 secundum
1705 2033 1790 2115 quod
1808 2049 1936 2113 persone
1951 2028 1976 2089 in

449 2143 483 2199 et
500 2136 689 2198 dissolvunt.
706 2135 740 2196 ld
761 2134 867 2216 itaque
886 2132 944 2195 tibi
964 2133 996 2195 iu
1017 2133 1131 2215 primis
1153 2151 1201 2195 re-
1255 2132 1375 2194 divinis
1388 2133 1539 2195 dicuntur
1553 2130 1695 2194 relative.
1712 2131 1874 2212 Quumque
1885 2130 1974 2203 instas,

450 2234 602 2315 spondeo,
624 2233 708 2313 quod
734 2232 817 2294 sicut
836 2232 917 2295 Deus
939 2239 985 2293 est
1006 2230 1132 2312 penitus
1152 2230 1201 2292 in·
1256 2232 1337 2313 Ergo
1352 2239 1503 2294 suntuna
1517 2249 1673 2315 persona;
1689 2230 1763 2323 dico
1785 2228 1866 2311 quod
1885 2244 1975 2288 vernn

449 2329 761 2411 comprehensibilis,
791 2330 834 2392 ita
863 2338 895 2393 et
921 2329 1005 2392 actio
1033 2329 1115 2410 ejus,
1142 2348 1198 2392 seu
1256 2330 1308 2407 sit,
1325 2329 1500 2392 secundum
1515 2329 1599 2410 quod
1614 2328 1686 2410 puri
1709 2323 1977 2409 pbilosophietlu·

448 2428 614 2511 productio
643 2428 759 2491 illaad
785 2428 878 2509 intra,
905 2427 1056 2491 videlicet
1080 2434 1198 2490 aeterna
1254 2428 1313 2490 dai
1341 2447 1378 2491 ac
1407 2426 1571 2490 Sarraceni
1604 2426 1778 2507 loquuntur
1808 2425 1847 2488 de
1876 2422 1976 2485 ratione

447 2527 611 2609 generatio
626 2534 720 2607 atque
737 2526 869 2608 spiratio
885 2527 1076 2604 immanens,
1093 2545 1111 2587 a
1126 2526 1200 2587 nul·
1254 2544 1398 2607 persona
1413 2524 1446 2587 in
1461 2525 1536 2603 beo,
1553 2524 1704 2587 videlicet
1720 2531 1814 2606 prout
1827 2522 1899 2587 dicit
1914 2518 1976 2601 quid

447 2625 477 2687 lo
502 2632 605 2706 potest
631 2623 796 2687 intellectu
815 2633 922 2687 creato
942 2624 1086 2706 plenarie
1111 2642 1198 2687 com·
1253 2624 1445 2704 absolutum,
1467 2642 1523 2685 seu
1542 2642 1609 2685 rem
1633 2621 1857 2686 intellectualis
1877 2627 1976 2682 namra

446 2723 600 2805 prehendi
619 2745 625 2784 :
643 2723 708 2786 imo
722 2722 756 2785 in
775 2721 940 2786 infinitum
960 2723 1054 2785 distat
1073 2722 1198 2785 intelle·
1253 2743 1311 2805 per
1331 2742 1366 2785 se
1385 2722 1622 2786 subsistentem.
1639 2721 1791 2804 Theologi
1812 2739 1881 2783 vero
1901 2716 1977 2781 aliter

446 2828 516 2884 ctus
538 2828 663 2884 creatus
677 2839 696 2882 a
710 2820 994 2902 comprehensione
1016 2820 1114 2883 illius.
1132 2818 1196 2884 Neo
1253 2820 1427 2903 loquuntur
1447 2822 1487 2883 de
1512 2820 1634 2884 ratione
1653 2838 1798 2902 personae
1818 2820 1851 2881 in
1866 2816 1974 2894 divinis,

446 2918 480 2981 in
497 2918 650 2982 creaturis
665 2918 827 2982 invenitur
841 2918 1007 3000 productio
1022 2918 1127 3001 aliqua
1140 2939 1198 3000 per
1252 2928 1361 3002 utpote
1377 2928 1471 3002 prout
1483 2919 1562 2982 dicit
1577 2938 1644 2982 rem
1663 2918 1884 2982 intellectualis
1902 2923 1976 2977 natu·

445 3017 553 3081 omnia
576 3017 691 3080 similis
719 3017 913 3080 emanationi
939 3017 985 3079 illi
1010 3017 1128 3080 divine
1156 3018 1194 3079 ad
1210 3020 1233 3084 G
1252 3038 1294 3081 rae
1310 3017 1438 3080 relativa
1454 3017 1646 3099 proprietate
1661 3012 1976 3095 distinctam,eompfe

447 3116 531 3180 intra
560 3140 567 3179 :
597 3115 673 3196 imo,
703 3116 970 3199 quemadmodum
1004 3115 1196 3180 universitas
1251 3124 1327 3195 man,
1343 3124 1437 3198 atque
1461 3116 1502 3180 ab
1527 3114 1600 3178 aliis
1623 3114 1917 3196 differentem3nec
1937 3111 1975 3173 sic

447 3223 664 3278 creaturarum
693 3214 798 3292 distat,
828 3213 990 3277 occumbit
1017 3233 1054 3277 ac
1083 3214 1196 3278 delicit
1249 3235 1313 3279 una
1327 3235 1463 3298 persona
1477 3224 1526 3278 est
1545 3215 1619 3294 alia,
1635 3235 1696 3278 nec
1714 3216 1824 3297 plures
1842 3223 1975 3277 suntuna
2095 3222 2096 3239 ¹

447 3312 574 3376 infinite
596 3313 637 3376 ab
656 3313 796 3376 increata
818 3311 1016 3395 perfectione
1040 3313 1195 3376 Creatoris
1249 3333 1446 3397 persona.—
1459 3314 1496 3395 (ὅ)
1510 3314 1548 3375 Εῑ
1567 3333 1624 3396 per
1638 3315 1700 3377 hoc
1720 3333 1854 3395 sequens
1870 3326 1975 3394 quoque

446 3411 576 3490 aeterni,
594 3411 640 3475 sic
664 3412 768 3476 omnis
790 3411 948 3475 emanatio
973 3420 1005 3474 et
1029 3412 1195 3494 productio
1250 3421 1304 3475 tua
1317 3412 1457 3495 objectio
1477 3413 1623 3494 solvitur,
1638 3432 1702 3494 qua
1720 3413 1828 3494 arguis
1846 3411 1922 3494 quod
1938 3407 1975 3470 di·

446 3510 480 3573 iu
510 3510 662 3574 creaturis
690 3510 856 3590 exsistens,
882 3509 994 3572 delicit
1021 3509 1148 3573 infinite
1178 3530 1195 3573 a
1250 3511 1324 3573 vina
1345 3511 1484 3574 essentia
1505 3510 1546 3573 sit
1567 3529 1714 3593 persona.

446 3609 542 3692 plena
557 3608 834 3690 representatione
849 3616 943 3689 atque
959 3607 1098 3690 perfecta
1120 3628 1197 3672 con·
1291 3611 1327 3691 il)
1349 3610 1395 3672 nd
1415 3609 1510 3672 aliam
1525 3609 1609 3689 dico,
1624 3609 1710 3690 qnod
1724 3607 1868 3690 quamvis
1884 3621 1976 3686 super·
2094 3656 2095 3659 ,

445 3705 607 3769 formitate
622 3705 832 3769 emanationis
847 3705 963 3768 divinae
985 3707 1023 3768 ad
1047 3707 1140 3769 intra.
1157 3707 1196 3768 Et
1250 3706 1428 3770 essentialis
1446 3707 1529 3770 Deus
1550 3708 1593 3768 sit
1615 3726 1711 3789 super
1733 3725 1828 3770 omne
1850 3701 1976 3788 predica·
2094 3720 2095 3723 ¹

446 3803 507 3867 boc
530 3803 674 3886 reprobis
693 3804 851 3866 hereticis
873 3803 934 3866 fuit
952 3803 1119 3887 potissima
1142 3805 1197 3868 de·
1250 3813 1404 3884 mentum,
1432 3813 1538 3868 tamen
1566 3823 1604 3869 eo
1632 3805 1727 3870 modo
1755 3823 1820 3886 quo
1846 3802 1975 3886 pmdiea·
2094 3846 2095 3863 l

446 3901 553 3965 viandi
569 3921 587 3964 a
602 3909 688 3964 recta
703 3901 767 3964 fide
787 3901 923 3980 occasio,
940 3903 1023 3982 quod
1045 3921 1083 3964 ex
1101 3922 1198 3984 gene·
1250 3913 1358 3967 menta
1372 3905 1402 3967 ei
1417 3911 1537 3987 queunt
1551 3911 1744 3985 competere,
1757 3902 1940 3967 conveniunt
1951 3896 1974 3959 ei

449 3998 626 4062 rationibus
648 4007 681 4062 et
701 3999 963 4081 productionibus
985 4019 1054 4081 quae
1076 4001 1109 4061 in
1131 4021 1198 4064 cre-
1251 4003 1428 4067 substantia
1445 4011 1540 4083 atque
1561 4002 1672 4066 relatio
1689 4026 1696 4063 z
1713 4021 1774 4066 uec
1792 4009 1893 4064 tamen
1910 3996 1975 4060 rela-

447 4097 547 4159 aturis
575 4097 764 4177 consistunt,
791 4098 960 4160 voluerunt
990 4097 1197 4162 immoderate
1251 4103 1294 4164 tio
1315 4102 1348 4164 in
1367 4103 1431 4165 Deo
1449 4109 1498 4163 est
1516 4099 1678 4178 accidens,
1695 4101 1750 4162 sed
1769 4100 1858 4182 quasi
1877 4093 1975 4160 consti·

447 4195 632 4278 procedere,
662 4196 876 4276 argumentari
913 4215 950 4258 aa
977 4195 1123 4277 judicare
1156 4199 1196 4260 de
1211 4195 1236 4258 l>
1253 4200 1353 4262 tutiva
1367 4217 1510 4281 persone
1526 4198 1712 4281 proprietas.
1724 4198 1839 4279 Sieque
1851 4209 1975 4279 pesona

448 4293 648 4355 emanatione
673 4292 782 4355 divina
806 4293 845 4356 ad
871 4293 964 4372 intra,
991 4294 1052 4358 boo
1082 4303 1130 4357 est
1156 4297 1196 4359 de
1251 4301 1284 4363 iu
1319 4297 1457 4360 essentia
1490 4297 1728 4360 communicant
1759 4305 1852 4379 atque
1878 4309 1975 4357 conve

447 4397 565 4454 aeterna
579 4389 651 4452 Filii
666 4392 869 4472 generatione
884 4411 920 4454 ac
936 4392 1042 4462 Sancti
1059 4394 1196 4475 Spiritus
1250 4392 1355 4473 niuut,
1371 4402 1403 4456 et
1417 4413 1475 4475 per
1489 4393 1657 4456 relationes
1670 4393 1828 4457 distinctae
1841 4400 1918 4456 sunt.

449 4489 663 4570 processione.
1291 4494 1327 4573 (t)
1350 4493 1396 4555 Ad
1414 4491 1510 4554 aliam
1530 4493 1751 4574 respondetur,
1766 4494 1850 4575 quod
1867 4511 1902 4555 ea
1917 4504 1975 4570 qua

489 4587 524 4668 (f)
547 4585 602 4648 llis
621 4587 803 4669 premissis,
816 4589 854 4650 ad
870 4587 1007 4671 primam
1022 4598 1109 4652 tuam
1124 4591 1196 4654 dico
1252 4597 1326 4650 sunt
1347 4589 1600 4653 convertibiliter
1618 4591 1729 4654 eadem
1747 4592 1804 4654 uni
1823 4589 1908 4654 tertio
1924 4586 1977 4648 sin·

447 4683 673 4766 objectionem,
694 4685 779 4767 qnod
804 4686 953 4767 quaelibet
971 4687 1091 4765 divina,
1108 4697 1197 4751 aeter-
1250 4686 1364 4768 gulari,
1382 4697 1456 4750 sunt
1469 4688 1580 4752 eadem
1596 4688 1680 4751 inter
1698 4709 1743 4752 se.
1759 4689 1870 4753 Divina
1887 4693 1976 4750 auten

447 4801 501 4861 na,
519 4781 669 4862 increata,
687 4793 795 4847 sancta
817 4793 847 4847 et
869 4785 1028 4849 adoranda
1049 4805 1194 4868 persona,
1251 4786 1389 4848 essentia
1403 4805 1467 4849 non
1482 4795 1531 4848 est
1549 4787 1801 4850 convertibiliter
1820 4788 1899 4849 idem
1915 4799 1977 4846 cum

447 4887 497 4943 est
515 4879 670 4962 absolute,
688 4881 875 4963 simpliciter
893 4891 925 4944 et
945 4883 1071 4948 infinite
1093 4884 1197 4966 perfe-
1250 4883 1357 4965 aliqua
1377 4884 1487 4948 divina
1506 4904 1653 4967 persana.

447 4985 509 5056 cta,
526 4997 586 5041 nec
602 4979 666 5040 ulla
680 4978 835 5060 perfectio
850 4982 938 5043 deest
953 5001 1061 5045 earum
1077 4983 1193 5046 alicui:
1291 4983 1326 5065 (b)
1349 4983 1395 5045 Ad
1414 4983 1510 5046 aliam
1530 4984 1800 5066 respondendum,
1814 4983 1894 5067 quod
1910 4977 1979 5041 divi-

446 5074 598 5184 quoniam
613 5074 738 5136 deitatis
754 5076 918 5157 plenitudo
934 5097 990 5140 seu
1005 5079 1106 5141 deitas
1121 5099 1195 5142 vera
1250 5101 1291 5144 na
1305 5083 1444 5145 essentia
1458 5102 1657 5165 nequaquam
1672 5083 1920 5147 communicatur
1930 5076 1977 5140 ali·

447 5191 481 5234 rn
504 5191 695 5254 unaquaque
719 5192 827 5237 earum
852 5176 1041 5254 consistens,
1066 5197 1193 5242 omnem
1249 5179 1366 5260 quibus
1380 5180 1632 5243 substantialiter
1645 5181 1793 5261 diversis,
1810 5199 1866 5244 nec
1886 5173 1977 5240 muti-

446 5269 720 5358 imperfectionem
735 5291 864 5355 prorsus
879 5273 1075 5338 excludunt
1088 5295 1196 5359 qnam·
1247 5278 1384 5362 plicatur
1411 5298 1515 5363 neque
1543 5279 1696 5343 dividitur
1727 5280 1761 5342 in
1796 5281 1845 5343 his
1875 5274 1976 5360 quibus
