4309 6250
453 478 513 545 550
538 498 578 545 ΒΕ
599 498 809 548 admonistra
830 500 924 547 sont
945 496 1114 545 venatricis
1136 498 1173 543 ΕΤ
1193 495 1366 544 dannanus
1387 496 1528 560 cortuum,
1551 497 1639 544 tiana
1659 498 1681 543 l.
1704 516 1746 529 ···
1766 497 1838 545 All'l'.
1858 499 1907 545 xlv

333 689 423 734 ιιιιιι.
452 668 517 731 sint
539 671 650 733 eadem
675 672 789 734 domus
813 688 883 753 quaa
906 669 1058 733 aedificari
1084 668 1240 732 diciturh
1254 668 1475 750 practicatum.
1505 668 1599 733 Porro
1634 668 1807 733 concilium
1840 671 1983 751 generale,

305 756 438 866 ξᾚῑ,
452 787 548 850 supra
566 776 701 850 petram,
717 788 788 850 quea
809 769 904 831 unica
925 768 1072 831 columba
1092 767 1200 849 appel·
1254 768 1400 849 quamvis
1428 786 1492 831 non
1523 768 1624 850 possit
1650 788 1710 832 nec
1738 770 1851 832 debeat
1876 770 1984 852 papalis

313 888 399 933 ιιιιιι
400 892 436 939 ,η
452 867 545 943 latur,
557 887 628 950 quae
641 877 690 931 est
704 888 821 950 sponsa
835 866 1015 951 pulchras
991 888 1059 930 sme
1074 866 1199 929 macula
1255 866 1419 946 potestatis
1435 867 1666 949 plenitudinem
1681 867 1771 930 Petro
1793 868 1907 947 atejus
1925 889 1986 931 sur·

303 952 392 1058 gl·
415 967 483 1027 '’et
506 986 593 1048 ruga,
617 976 648 1029 et
670 968 781 1031 hortus
806 966 976 1030 conclusus
1000 966 1182 1049 fonsque
1157 986 1198 1028 sr-
1253 964 1603 1029 cessoribusaCbristo
1623 983 1808 1028 concessam
1824 967 1986 1029 tollereaut

316 1074 589 1146 cm.o1.:gnatus
606 1085 675 1146 quaa
695 1067 808 1128 domus
829 1066 924 1129 etiarn
946 1066 1051 1129 claves
1075 1065 1199 1147 accepit
1254 1071 1387 1141 mutare,
1395 1065 1449 1126 sed
1465 1064 1504 1127 de
1519 1083 1557 1126 ea
1571 1064 1634 1127 Deo
1648 1064 1766 1145 gratias
1781 1084 1886 1146 agere
1895 1066 1985 1129 nihilo

309 1144 421 1251 ”aare
450 1171 482 1225 et
496 1172 682 1245 potestatem
698 1163 842 1227 solvendi
858 1174 953 1246 atque
968 1164 1099 1245 ligandi.
1112 1165 1197 1226 liano
1254 1162 1360 1224 minus
1389 1181 1481 1226 usum
1508 1162 1670 1243 potestatis
1694 1172 1799 1245 potest
1822 1164 1911 1226 certis
1933 1174 1984 1227 sta-

302 1281 347 1321 ¹v¹2
332 1272 395 1313 ιη
449 1262 619 1325 domum
595 1282 621 1324 s1
640 1263 712 1344 quis
730 1263 956 1345 corripientem
971 1262 1198 1343 corrigentem
1253 1261 1329 1323 tutis
1344 1281 1381 1324 ac
1395 1262 1520 1343 legibus
1541 1260 1708 1326 limitare
1701 1283 1735 1325 ιιι
1756 1263 1983 1327 edificationem

449 1376 512 1439 que
527 1360 763 1441 contempserit,
780 1362 821 1423 sit
841 1361 899 1424 tibi
922 1370 1072 1442 tanquam
1095 1360 1198 1423 ethni·
1253 1360 1412 1423 Ecclesiae.
1430 1360 1500 1423 llaec
1515 1360 1739 1425 Cancellarius.

449 1477 506 1521 cus
533 1466 565 1521 et
592 1459 791 1541 publicanus.
817 1495 858 1504 —
885 1460 920 1521 ln
947 1459 1064 1540 quibus
1091 1460 1197 1521 verbis

448 1557 657 1639 Hieronymus
671 1557 814 1620 attribuit
828 1557 978 1619 Ecclesiae
993 1556 1196 1637 judiciariam

447 1662 648 1737 potestatem,
673 1676 692 1718 a
719 1675 782 1735 qua
806 1656 967 1717 neminem
991 1656 1068 1717 dicit
1094 1674 1198 1717 exem·
1445 1633 1689 1700 ARTICULUS
1715 1636 1807 1699 XIV·

448 1762 549 1837 Plum-
567 1755 652 1817 Ufldfl
667 1763 699 1815 θῐ
714 1754 791 1816 lllssd
816 1754 976 1836 probatur,
993 1755 1076 1835 (IPOP
1098 1773 1196 1834 quum
1252 1775 1298 1831 De
1321 1775 1518 1833 auctoritate
1538 1776 1745 1849 generalium
1773 1778 1982 1844 conciliorum,

314 1870 342 1947 ,ι
359 1882 433 1920 ,noe
448 1852 493 1915 ait
514 1852 666 1932 Salvator,
684 1852 738 1915 Die
761 1852 920 1928 Ecclesiae,
937 1853 1067 1915 nomine
1088 1852 1235 1917 Eccita-B
1325 1882 1366 1919 ear
1381 1864 1479 1921 dictis
1496 1883 1694 1923 surnmorum
1714 1868 1918 1942 Pontificum.

316 1954 335 1996 Ρ·
448 1951 503 2013 siaa
528 1968 591 2013 non
616 1950 720 2014 solum
745 1951 983 2013 ecclesiasticus
1005 1952 1113 2031 judex,
1141 1952 1195 2013 sed

447 2057 480 2112 et
504 2057 569 2112 tota
592 2048 735 2112 Ecclesia
760 2069 816 2111 scu
845 2050 994 2130 generale
1021 2050 1195 2112 concilium
1323 2045 1466 2109 UONlAll
1494 2049 1690 2129 generalium
1723 2054 1891 2115 auctoritas
1920 2073 1985 2116 con-

447 2147 535 2210 illam
558 2156 800 2229 representans,
817 2147 1023 2228 intelligatur.
1338 2144 1484 2207 ciliorum
1511 2146 1648 2209 libertati
1668 2148 1759 2231 Papae
1781 2152 1901 2214 videtur
1917 2171 1985 2233 quo-

487 2246 630 2329 lnsuper,
651 2246 787 2308 Thomas
814 2246 848 2306 in
873 2246 1012 2307 secunda
1034 2246 1193 2323 secundae,
1251 2242 1421 2308 dammodo
1444 2244 1583 2320 obviare,
1606 2248 1710 2329 ipsum
1736 2269 1893 2313 summum
1916 2252 1985 2315 Pon-

340 2370 381 2409 ιιι.
398 2368 430 2409 ιι.
445 2345 620 2425 quaestione
635 2343 772 2422 decima,
789 2343 930 2425 loquitur
942 2367 949 2405 ι
961 2344 1126 2407 ltlaximam
1142 2364 1196 2407 au·
1251 2341 1372 2403 tilicem
1401 2342 1525 2423 legibus
1554 2344 1720 2409 limitando
1755 2346 1903 2430 illumque
1932 2350 1983 2411 sihi

444 2442 622 2505 ctoritatem
638 2442 734 2504 habet
748 2442 944 2504 consuetudo
959 2442 1195 2523 ecclesieque
1251 2440 1427 2518 subdendo,
1453 2442 1544 2523 parvi
1569 2443 1773 2523 pendendum
1798 2465 1861 2509 non
1883 2456 1937 2520 est,
1961 2447 1984 2507 si

445 2560 571 2621 semper
598 2540 631 2602 in
660 2540 809 2603 omnihus
834 2547 883 2602 est
906 2540 1093 2620 aemulanda,
1121 2541 1195 2621 quia
1250 2537 1309 2619 ipsi
1326 2538 1441 2600 summi
1458 2538 1628 2603 Pontifices
1651 2541 1857 2607 inveniantur
1870 2564 1924 2627 pro
1939 2565 1985 2606 au-

444 2638 514 2719 ipsa
538 2637 682 2700 doctrina
712 2638 938 2700 catholicorum
963 2637 1128 2700 doctorum
1154 2640 1193 2701 ab
1250 2636 1394 2698 ctoritate
1409 2637 1619 2709 conciliorum
1641 2640 1838 2720 generalium
1860 2642 1931 2723 quid
1946 2643 1985 2705 lo·

445 2736 588 2798 Ecclesia
602 2736 698 2798 habet
711 2736 1096 2817 auctoritatemzpropter
1109 2738 1192 2817 quod
1249 2733 1325 2795 euti.
1356 2734 1461 2813 Porro,
1492 2735 1523 2797 in
1558 2736 1607 2797 bis
1639 2755 1710 2818 qua
1743 2739 1896 2821 allegabo,
1924 2742 1985 2804 loca

444 2834 546 2915 magis
574 2834 721 2896 standum
755 2842 803 2895 cst
836 2833 1015 2895 auctoritati
1044 2833 1193 2896 Ecclesia
1248 2832 1474 2913 allegationum
1495 2834 1620 2914 omitto,
1636 2855 1734 2916 quum
1757 2847 1879 2901 eertum
1899 2838 1937 2901 sit
1953 2859 1985 2901 ea

444 2951 539 3013 quam
564 2932 759 3015 Hieronymi,
782 2940 836 2994 aut
860 2932 1040 3013 Augustini,
1060 2941 1115 2994 aut
1140 2952 1193 2995 ou·
1249 2929 1282 2991 in
1302 2931 1441 2993 Decretis
1466 2932 1622 2995 contineri
1637 2956 1644 3011 ;
1662 2942 1694 2997 et
1713 2936 1861 2999 roborare
1881 2937 1985 3019 allega-

443 3030 634 3111 juseumque
656 3030 806 3093 doctoris.
1207 3028 1362 3105 titiones,
1392 3028 1442 3091 bis
1470 3030 1524 3111 qui
1554 3031 1585 3093 in
1613 3032 1684 3112 jure
1713 3033 1777 3094 triti
1811 3053 1874 3098 non
1907 3045 1982 3107 suot,

484 3129 646 3206 Praeterea,
676 3129 783 3191 Petrus
810 3129 850 3190 de
878 3127 998 3191 Alliaco
1030 3131 1190 3210 quondam
1247 3127 1471 3190 obscuritatem
1494 3129 1525 3190 in
1548 3130 1683 3211 legendo
1707 3133 1808 3214 magis
1826 3153 1918 3216 quarn
1938 3135 1983 3197 dc-

443 3225 625 3303 eardinalis,
650 3227 761 3288 doctor
783 3225 929 3302 eximius,
950 3225 1050 3289 edidit
1073 3227 1190 3292 librum
1247 3225 1452 3288 cierationem
1468 3227 1499 3288 in
1516 3227 1725 3308 intelligendo
1740 3232 1878 3294 adducit.

443 3334 553 3387 contra
577 3343 631 3386 eos
654 3324 707 3406 qui
732 3331 877 3385 asserunt
898 3323 1013 3406 Papam
1034 3343 1099 3386 non
1121 3345 1190 3388 esse
1286 3324 1426 3407 ltaque
1418 3345 1452 3387 m
1476 3326 1588 3408 primis
1609 3328 1748 3391 occurrit
1770 3331 1854 3410 quod
1876 3332 1917 3396 ait
1934 3331 1984 3396 Ge

443 3423 624 3503 subjectum
644 3422 784 3504 generali
809 3421 957 3499 concilio,
974 3442 1033 3484 nec
1051 3423 1189 3503 judicari
1247 3421 1343 3483 lasrus
1358 3423 1464 3504 Papa
1481 3423 1678 3488 Conlidimus
1698 3428 1784 3507 quod
1800 3429 1936 3492 nullus
1924 3451 1982 3511 yam
2007 3455 2084 3500 omer

442 3539 536 3602 posse
564 3521 604 3583 ab
631 3538 728 3598 e0,e
730 3519 852 3600 tquod
882 3519 1054 3582 concilium
1091 3529 1189 3584 totum
1247 3519 1403 3583 ueraciter
1425 3521 1617 3584 christianus
1640 3524 1774 3605 ignoret,
1791 3525 2047 3633 uniuscujus-'ffi

443 3637 536 3680 suum
559 3619 655 3680 robur
675 3618 771 3681 habet
792 3637 810 3679 a
831 3617 924 3697 Papa.
1247 3635 1308 3697 que
1324 3619 1434 3699 synodi
1450 3619 1655 3682 constitutum
1672 3623 1756 3703 quod
1772 3594 2028 3688 universaliter

483 3717 655 3794 Postremo,
670 3715 789 3778 Gerson
810 3715 1018 3778 cancellarius
1037 3717 1191 3779 Parisicn-
1247 3716 1396 3780 Ecclesia
1417 3718 1562 3799 probavit
1580 3739 1739 3798 assensus,
1757 3724 1877 3786 nullam
1892 3726 1984 3807 magis

443 3814 498 3886 sis,
524 3814 579 3895 qui
608 3813 745 3876 concilio
770 3813 1002 3875 constantiensi
1033 3814 1188 3892 interluit,
1247 3815 1374 3895 exsequi
1390 3816 1496 3878 sedem
1521 3836 1584 3897 prae
1606 3819 1720 3880 ceteris
1736 3831 1881 3902 oportere
1897 3843 1984 3904 quam

443 3911 670 3974 multadehac
692 3910 804 3973 scribit
825 3911 1189 3990 materia,intercetcra
1248 3913 1396 3995 primam,
1412 3923 1489 3996 puta
1507 3915 1692 3994 itomanam,
1711 3917 1742 3981 id
1764 3929 1812 3982 est
1833 3941 1984 3984 summum
2102 3985 2103 3988 ,

443 4009 553 4072 dicens
572 4034 579 4070 ι
595 4009 747 4071 Generale
769 4009 942 4072 concilium
965 4010 1010 4072 sic
1026 4019 1074 4072 est
1095 4031 1191 4092 super
1247 4011 1445 4093 Pontificem,
1468 4013 1523 4095 qui
1545 4014 1660 4077 ceteris
1684 4017 1780 4080 debet
1803 4039 1873 4083 esse
1897 4021 1985 4084 totius

443 4128 555 4172 omnes
586 4109 672 4188 leges
699 4109 851 4189 positivas
881 4109 1056 4170 asummis
1088 4109 1192 4172 Ponti·
1246 4110 1400 4190 aequitatis
1422 4113 1592 4192 exemplar.
1609 4113 1675 4187 Quo
1694 4116 1791 4179 verbo
1816 4119 1986 4182 ostenditur

444 4207 562 4270 iicibus
590 4207 702 4282 editas,
728 4207 811 4287 quod
841 4207 943 4287 possit
971 4226 1024 4269 cas
1054 4217 1188 4286 mutare,
1207 4207 1361 4290 DPapam
1385 4209 1499 4272 debere
1523 4213 1663 4292 generali
1689 4213 1818 4278 obedire
1842 4218 1983 4285 concilio.

443 4305 644 4387 interpretari
664 4325 720 4366 seu
740 4304 861 4382 tollere,
878 4306 904 4367 si
927 4306 1112 4368 viderentur
1133 4308 1191 4368 im·
1246 4308 1423 4388 ceterisque
1440 4309 1473 4370 in
1493 4309 1553 4372 hoc
1573 4311 1713 4392 praebere
1728 4317 1918 4396 exemplum.
1936 4317 1986 4378 lle-

444 4403 626 4487 pedimento
641 4411 695 4464 aut
712 4403 860 4465 scandalo
875 4423 946 4466 esse
960 4405 999 4466 ad
1016 4405 1075 4467 iter
1090 4406 1191 4468 eccle·
1246 4407 1342 4487 nique
1364 4406 1506 4469 Zozimus
1527 4407 1609 4490 Papa
1631 4418 1764 4473 testatur
1781 4436 1788 4475 :
1804 4413 1916 4477 Contra
1931 4423 1986 4476 sta-
1997 4427 2072 4472 reue:
2101 4451 2102 4454 ι

443 4503 579 4565 siasticae
594 4501 742 4578 unionis3
758 4502 883 4564 decreta
905 4521 1031 4583 quoque
1051 4523 1190 4567 summo·
1246 4512 1311 4567 tuta
1336 4505 1460 4567 Petrum
1487 4507 1622 4570 condere
1647 4509 1766 4591 aliquid
1788 4513 1837 4575 rel
1857 4523 1984 4588 mutare,

442 4621 513 4664 rum
529 4599 717 4662 Pontilieum
734 4608 837 4680 potest
850 4601 1061 4683 interpretari,
1078 4604 1189 4666 tollere
1244 4623 1304 4664 nec
1327 4603 1422 4684 hujus
1444 4605 1573 4684 quidem
1590 4607 1636 4686 (id
1657 4616 1705 4670 est
1725 4609 1888 4691 Romanae)
1903 4612 1985 4675 Sedis

441 4720 498 4762 seu
519 4707 651 4760 mutare.
672 4697 754 4779 Papa
778 4718 852 4761 vero
876 4700 910 4761 in
935 4701 1061 4762 decreta
1083 4704 1189 4765 conci·
1245 4709 1349 4783 potest
1377 4703 1557 4766 auctoritas.
1588 4705 1714 4768 Patrum
1742 4716 1846 4771 autem
1876 4719 1985 4772 sumu

440 4800 556 4861 tiorum
582 4797 626 4858 ita
649 4816 712 4859 non
735 4805 851 4878 potest,
874 4798 1037 4878 potissime
1061 4803 1189 4879 quando
1243 4800 1383 4881 appellat
1396 4801 1592 4880 generalium
1608 4805 1817 4869 conciliorum
1831 4809 1965 4872 decreta.

440 4897 501 4959 hoc
516 4895 576 4957 sibi
600 4893 769 4957 aooncilio
791 4895 987 4976 prohibetur.
1004 4897 1120 4959 lterum
1142 4899 1190 4961 di·
1283 4899 1414 4978 lnsuper
1429 4899 1580 4962 Damasus
1596 4900 1677 4983 Papa
1697 4904 1736 4966 ad
1757 4906 1921 4970 Aurelium
1942 4928 1985 4969 ar-

440 4995 486 5056 cit
502 5017 509 5054 ι
526 4992 701 5055 Concilium
725 4992 871 5072 generale
889 4993 990 5055 bullas
1012 5002 1043 5056 et
1063 5014 1190 5076 proces·
1244 4997 1495 5079 chiepiscopum,
1513 4998 1594 5061 sicut
1618 5000 1649 5062 in
1677 5002 1758 5066 libro
1777 5003 1984 5069 Conciliorum

441 5113 507 5168 sus,
523 5090 739 5154 ordinationes
761 5089 828 5151 sive
851 5099 966 5152 statuta
981 5092 1070 5173 Papae
1086 5103 1189 5175 potest
1244 5095 1341 5158 relert
1367 5096 1517 5175 isidorus,
1543 5099 1588 5160 eit
1614 5122 1621 5160 ι
1647 5099 1871 5182 blasphemare
1895 5105 2068 5187 spiri-me

441 5191 566 5252 irritare
595 5189 645 5251 vel
673 5187 851 5267 annullare,
882 5196 916 5250 ut
942 5190 1187 5254 determinatum
1244 5201 1310 5255 tum
1327 5195 1476 5256 Sanctum
1492 5216 1556 5259 non
1573 5197 1747 5280 incongrue
1763 5201 1922 5283 videntur,
1937 5201 1984 5284 qui

441 5289 550 5352 estin
578 5286 708 5370 publica
736 5286 876 5349 sessione
909 5295 940 5348 et
968 5288 1188 5370 multipliciter
1244 5301 1354 5356 contra
1382 5303 1508 5357 sanctos
1537 5314 1686 5378 canones,
1713 5317 1778 5362 non
1804 5303 1984 5366 necessitate
2099 5329 2100 5346 ι
