4309 6250
337 672 425 718 Multis.

306 738 439 787 rutilat.

452 472 512 539 47ss
593 482 752 545 blttouus'
764 496 993 545 ulsrurtrlords
1014 496 1106 543 mrsu
1126 495 1333 544 ortulanum
1353 496 1391 543 Π
1411 496 1626 545 summum.
1649 516 1689 527 ·-
1708 498 1780 543 m.
1801 497 1857 545 1111

452 660 506 726 ille
521 665 651 746 potavit.
664 666 797 749 Insuper
810 666 952 731 Christus
967 666 1001 729 in
1015 666 1112 729 Coena
1125 685 1199 729 cum
1214 665 1240 728 l
1254 666 1449 748 Luciferum,
1465 666 1510 730 ita
1524 667 1773 749 pulcherrimam
1794 667 1876 731 inter
1888 667 1979 731 stellas

452 760 599 843 gloriosis
623 765 781 847 Apostolis
805 766 887 829 bibit
913 765 1033 827 vinum.
1059 765 1148 839 Quod
1174 765 1199 826 si
1254 773 1290 826 ut
1307 764 1411 827 luerat
1429 766 1513 828 inter
1532 766 1693 830 mulieres.
1709 765 1774 829 lllis
1789 765 1823 828 in
1842 766 1979 846 judicium

452 859 564 923 blahon
593 863 757 943 prohibuit
779 864 890 927 vinum
915 872 1035 945 potare,
1061 863 1138 943 quia
1162 882 1200 925 ex
1254 864 1406 941 evocatis,
1426 865 1592 946 proposuit
1613 864 1661 926 eis
1684 864 1767 927 Deus
1790 872 1825 926 ut
1846 863 1980 945 eligerent

394 992 402 1001 -
453 956 660 1023 immoderata
678 961 745 1023 vini
765 960 957 1045 sumptione,
974 962 1073 1023 multa
1092 960 1200 1024 oriun-
1254 961 1338 1025 inter
1353 981 1463 1045 poenas
1483 963 1590 1026 saeculi
1611 963 1708 1043 hujus
1727 971 1760 1025 et
1773 962 1909 1025 alterius.
1923 961 1980 1024 Ele

453 1064 506 1118 tur
521 1057 596 1120 vitia
611 1069 704 1141 atque
726 1059 938 1138 incommoda,
955 1059 1054 1122 simili
1078 1060 1199 1122 ratione
1253 1069 1369 1141 gemnt
1390 1061 1483 1123 banc.
1500 1060 1652 1142 Suspensi
1676 1070 1751 1123 sunt
1774 1080 1849 1142 crgo
1873 1080 1925 1141 per
1939 1079 1980 1122 ca-

454 1155 563 1218 debuit
585 1165 617 1219 et
640 1178 732 1221 usum
758 1158 901 1222 carnium
926 1159 1199 1240 quorumdamque
1254 1167 1343 1221 tenas
1364 1159 1495 1237 ferreas,
1511 1159 1657 1221 demissis
1678 1159 1836 1242 capitibus
1849 1159 1881 1220 in
1901 1166 1980 1241 puteo

453 1252 582 1316 lortium
599 1256 785 1337 poculorum
801 1276 893 1319 usum
908 1266 1014 1319 vetare
1028 1280 1035 1317 ι
1049 1256 1115 1319 imo
1129 1256 1198 1338 pari
1252 1256 1342 1319 Bcbil
1352 1262 1374 1336 '‚
1391 1276 1492 1338 usque
1513 1257 1546 1320 in
1567 1258 1653 1320 diem
1674 1258 1799 1340 judicii.
1990 1286 2079 1330 cm

452 1353 573 1417 ratione
588 1354 698 1417 debuit
711 1355 777 1418 vini
793 1356 987 1437 potationem
1003 1356 1198 1418 moderatam
1293 1354 1554 1419 tabernens-
1563 1354 1704 1428 Qualiter
1717 1354 1776 1418 tibi
1790 1354 1850 1417 ista
1863 1354 1981 1417 narratio

450 1452 626 1531 admittere,
642 1453 794 1534 quoniam
810 1454 921 1517 viuum
937 1455 1098 1516 moderate
1113 1472 1199 1515 sum·
1253 1459 1286 1514 et
1306 1452 1373 1515 btec
1394 1472 1492 1515 causa
1512 1452 1639 1535 placetl

448 1557 538 1631 ptum
561 1552 677 1615 multos
693 1552 861 1633 preclaros
881 1560 913 1615 et
931 1552 1024 1615 utiles
1048 1551 1131 1633 parit
1152 1551 1199 1613 el·
1293 1550 1506 1613 Ssuascsuus.
1522 1551 1727 1628 -Qualiter,
1745 1551 1807 1613 nisi
1828 1552 1925 1614 benel

447 1648 562 1727 lectus,
579 1649 744 1731 ingenium
759 1670 889 1729 acuens,
905 1669 1073 1714 moerorem
1097 1649 1199 1731 repel·
1292 1648 1508 1712 Cuarsrrsuus.
1529 1685 1570 1695 -
1590 1647 1664 1711 llibi
1687 1658 1819 1731 apparet
1841 1650 1925 1730 qued
1940 1648 1982 1709 rix

447 1744 527 1826 lens,
545 1748 713 1811 sanitatem
735 1748 894 1811 efficiens.
1253 1766 1392 1829 unquam
1417 1748 1523 1810 audivi
1548 1756 1612 1810 lam
1636 1747 1758 1811 fatuam
1782 1757 1816 1811 et
1838 1748 1984 1810 irrationa-

488 1846 701 1910 Ssnnscuucs.
717 1883 758 1893 -
773 1846 991 1928 Disputantem
1015 1854 1045 1908 te
1060 1865 1133 1908 cum
1156 1844 1235 1907 st-lt
1253 1845 1352 1908 bilem
1366 1845 1507 1910 fabulam
1525 1870 1532 1907 :
1550 1854 1660 1909 contre
1674 1865 1770 1928 qrram
1785 1866 1912 1928 arguere
1925 1864 1984 1909 reor

448 1942 545 2007 lentio
567 1944 621 2006 diu
638 1944 786 2022 sustinui,
803 1952 838 2005 ut
857 1944 984 2026 plenius
1004 1943 1101 2006 sciam
1121 1942 1196 2025 quid
1252 1946 1382 2009 omnino
1396 1944 1621 2027 indignumEt
1634 1946 1707 2009 dato
1721 1947 1808 2027 quod
1822 1953 1982 2020 recesset,

447 2041 486 2103 de
506 2050 614 2105 nostra
633 2043 752 2105 sentias
772 2042 852 2124 lege.
875 2042 936 2105 Sed
956 2061 1014 2104 cur
1031 2043 1071 2104 de
1093 2041 1198 2123 rigore
1253 2063 1311 2107 cur
1329 2043 1371 2107 ob
1391 2044 1483 2107 illum
1502 2044 1690 2124 angelorum
1712 2063 1878 2107 excessum
1894 2042 1984 2125 probi-

447 2140 592 2221 gloriaris
621 2141 813 2221 evangelice
837 2140 928 2222 legis,
957 2149 989 2202 et
1013 2140 1116 2221 legem
1142 2159 1199 2202 no·
1254 2142 1382 2204 beretur
1405 2140 1589 2204 bominibus
1610 2141 1678 2204 vini
1704 2145 1822 2223 pctusl
1840 2141 1933 2217 Quum
1953 2139 1985 2201 fr

448 2246 545 2300 stram
573 2239 613 2300 de
638 2239 795 2302 laxatione
824 2247 856 2301 et
880 2238 1064 2301 carnalitate
1093 2239 1198 2300 redar·
1254 2240 1327 2315 lius,
1358 2240 1534 2301 secundum
1562 2239 1741 2321 Scripturas
1770 2248 1803 2302 ct
1828 2240 1907 2320 jura,
1930 2257 1983 2301 non
2003 2263 2062 2308 ret.

448 2336 530 2417 guis,
547 2338 673 2418 quando
697 2345 807 2419 potum
827 2345 891 2399 tam
911 2337 1083 2399 delicatum
1105 2336 1197 2398 nobis
1253 2337 1583 2420 portet.iniquitatem
1613 2338 1724 2418 patris,
1750 2346 1868 2418 quanto
1894 2327 2066 2399 minus¹'¹¹·²'¹

449 2434 645 2515 prohibitum
674 2436 816 2517 accipisl
842 2435 962 2497 Suntne
992 2435 1106 2516 pocula
1136 2434 1199 2496 alia
1253 2435 1389 2517 judicisl
1400 2436 1438 2496 Et
1452 2434 1478 2496 si
1494 2435 1532 2497 ad
1548 2443 1687 2517 tempus,
1699 2454 1763 2498 nou
1779 2443 1884 2498 tamen
1896 2434 1985 2516 quoad

449 2539 514 2593 tam
536 2532 621 2594 lauta
641 2542 671 2596 et
691 2533 829 2614 pretiosa
851 2540 884 2595 ut
903 2532 1037 2595 vinuml
1254 2552 1365 2595 omnes
1392 2534 1623 2613 generationes.
1651 2533 1806 2616 Denique,
1828 2533 1986 2597 secuudum

491 2632 705 2696 Cunrsrmuus.
731 2666 771 2678 —
794 2632 854 2695 Sed
877 2632 930 2695 dic
955 2652 1012 2695 cur
1039 2630 1200 2714 probibuit
1255 2634 1337 2695 banc
1362 2631 1515 2711 fabulam,
1531 2631 1647 2695 luisset
1669 2631 1790 2714 potatio
1811 2632 1876 2696 vini
1894 2631 1988 2694 illicita

451 2729 542 2793 vebis
564 2730 687 2793 vinum.
1255 2737 1349 2810 atque
1373 2730 1534 2812 prohibita
1556 2730 1589 2791 in
1609 2749 1693 2794 novo
1715 2739 1810 2812 atque
1830 2729 1926 2794 veteri
1943 2730 1990 2790 le

494 2828 705 2891 Sarracenos.
722 2864 763 2873 -
787 2828 860 2890 Sive
884 2828 926 2890 cb
951 2846 1080 2889 causam
1104 2845 1200 2907 quarn
1256 2828 1600 2907 stament0.Gurctiam
1615 2828 1738 2911 angelis
1753 2828 1989 2911 illis,antequam

454 2926 594 3008 tetigisti,
603 2927 670 2989 sive
685 2927 727 2990 ob
737 2946 806 2989 eam
820 2946 891 3008 quse
907 2926 938 2987 iu
954 2925 1036 2988 libro
1048 2924 1201 2988 Doctrinae
1257 2927 1303 2989 sic
1331 2934 1557 3008 peccaverunt,
1584 2927 1782 3008 prohibitum
1812 2927 1875 2989 luit
1897 2935 1989 3009 potare

455 3044 519 3087 suae
541 3024 738 3106 exprimitur.
1216 3024 1390 3088 cvinuml
1416 3024 1449 3087 Si
1474 3024 1611 3103 dicatur,
1634 3024 1681 3087 Ne
1705 3034 1876 3106 peccarent
1900 3049 1906 3086 :
1927 3042 1990 3104 ergo

494 3122 708 3186 Cuursrrsrros.
726 3122 865 3185 —Hanc
888 3141 991 3184 narra.
1257 3132 1290 3186 ct
1303 3122 1485 3186 hominibus
1505 3122 1630 3187 cunctis
1649 3123 1689 3187 ab
1708 3124 1838 3187 exordio
1857 3124 1936 3186 idem
1952 3121 1991 3185 di-

495 3222 707 3284 Ssaaucuuus.
733 3257 773 3266 -
797 3221 906 3283 Refert
930 3220 975 3282 ibi
1004 3218 1119 3300 legiler
1147 3238 1203 3280 no·
1256 3221 1376 3285 vinitus
1398 3220 1511 3284 luisset
1536 3222 1745 3303 prohibitum,
1761 3242 1861 3304 quum
1878 3221 1989 3284 lucilius

455 3327 529 3396 ster,
546 3319 630 3400 quod
645 3327 735 3381 erant
752 3319 815 3382 duo
837 3319 941 3399 angeli
957 3317 1024 3395 llei,
1040 3316 1155 3379 Haretb
1172 3324 1203 3378 et
1234 3357 1237 3362 -
1257 3319 1455 3383 inebrientur
1479 3321 1552 3384 vino
1574 3339 1669 3402 quam
1693 3321 1811 3403 angeli,
1827 3322 1899 3384 dato
1918 3320 1988 3402 quod

454 3419 584 3496 llarotb,
614 3417 703 3480 missi
733 3417 810 3480 olim
839 3436 857 3479 a
885 3417 948 3480 Deo
977 3418 1015 3479 de
1045 3416 1135 3478 toelis
1168 3414 1202 3476 in
1257 3418 1361 3499 angeli
1390 3419 1513 3500 possint
1539 3417 1699 3496 inebriari,
1729 3420 1784 3500 qui
1812 3438 1909 3500 quum
1935 3417 1988 3479 sint
2105 3418 2106 3509 l

454 3525 581 3592 terram,
599 3515 805 3596 gubernando
829 3523 862 3577 et
887 3514 1072 3576 instruendo
1092 3513 1202 3594 generi
1257 3517 1439 3598 spirituales
1467 3517 1662 3594 substantie,
1689 3516 1905 3599 corporalibus
1930 3533 1989 3598 pas·
2105 3534 2106 3569 1

441 3616 593 3692 ,humano
613 3614 733 3692 tributi,
750 3613 918 3675 interdicto
942 3613 989 3674 eis
1014 3632 1054 3674 ne
1079 3611 1203 3674 occide·
1256 3613 1399 3675 sionibus
1414 3633 1473 3676 nec
1488 3615 1521 3675 in
1540 3613 1712 3696 assumptis
1731 3615 1914 3697 corporibus
1928 3612 1989 3675 sub
2105 3598 2107 3679 l

455 3721 536 3792 rent,
553 3731 655 3793 neque
680 3712 798 3792 injuste
823 3710 1013 3793 judicarent,
1034 3729 1095 3772 nec
1116 3708 1204 3772 bibe·
1256 3711 1375 3793 jacent,
1396 3731 1455 3774 nec
1479 3713 1519 3774 ad
1543 3731 1680 3776 venerea
1703 3711 1900 3792 alliciuntur,
1919 3711 1990 3773 sicut
2105 3706 2107 3770 l

455 3821 525 3874 rent
545 3811 666 3873 vinum.
682 3810 821 3872 Tandem
842 3809 930 3872 venit
947 3809 986 3870 ad
1006 3828 1060 3870 cos
1081 3807 1204 3889 specio
1257 3817 1289 3871 et
1308 3828 1390 3871 unus
1411 3827 1521 3876 eorum
1546 3809 1627 3872 dixit
1651 3810 1756 3872 Tobiae
1772 3833 1780 3872 z
1797 3811 1929 3874 Videbar
1944 3825 1989 3869 uo
2001 3827 2085 3872 ranan.

454 3909 579 3972 sissima
604 3908 729 3978 mulier,
751 3907 872 3970 habens
897 3926 1024 3970 causam
1050 3907 1203 3969 adversus
1258 3906 1381 3969 biseum
1397 3907 1588 3970 manducare
1603 3915 1636 3970 et
1650 3908 1770 3988 bibam,
1785 3909 1842 3971 sed
1856 3927 1912 3990 ego
1926 3904 1991 3969 imi·

454 4008 604 4070 maritum
622 4030 629 4069 z
647 4025 727 4086 quta,
755 4014 790 4068 ut
814 4025 916 4069 causas
939 4024 1004 4068 suae
1025 4023 1204 4068 accommo
1257 4005 1341 4067 sibili
1363 4004 1436 4068 cibo
1457 4014 1489 4068 et
1509 4013 1586 4087 potu
1608 4014 1688 4068 utor.
2008 4017 2013 4024 ·

455 4106 544 4169 daret
563 4104 699 4187 judices,
714 4104 864 4166 invitavit
885 4122 939 4167 eos
962 4104 1001 4166 ad
1021 4103 1200 4186 prandium.
1298 4104 1510 4167 Sannscmrus.
1526 4140 1567 4150 -
1581 4102 1692 4168 Nonne
1714 4124 1787 4168 cum
1803 4105 1952 4168 Abrabam
1964 4109 1990 4165 et

454 4204 574 4280 Quibus
596 4202 799 4284 epulantibus
820 4202 889 4283 ipsa
911 4203 1021 4284 epulas
1040 4210 1071 4263 et
1091 4202 1201 4263 vinum
1218 4199 1315 4265 DLet
1335 4203 1441 4284 angeli
1463 4191 1691 4267 comederuntl

454 4301 598 4384 apponit,
619 4302 747 4364 adstans
772 4299 941 4379 ministrat,
961 4299 1060 4363 cllert
1079 4301 1202 4378 crebro,
1298 4301 1513 4365 Cunrsrrsuus.
1529 4339 1571 4348 -
1584 4303 1695 4384 Augeli
1710 4303 1883 4385 assumptis
1895 4318 1991 4382 corpo

455 4401 552 4463 instat
580 4408 614 4461 ut
642 4406 779 4461 sumant.
805 4399 882 4473 Ouid
911 4398 1024 4480 plural
1054 4398 1205 4461 Viceruut
1260 4399 1348 4462 ribus
1372 4419 1436 4464 uon
1461 4400 1616 4464 uniuntur
1635 4409 1670 4464 ut
1688 4401 1800 4465 lormae
1817 4399 1992 4464 substantia-

455 4497 616 4561 blanditiae
646 4497 801 4559 mulieris.
828 4496 978 4559 Inebriati
1007 4496 1142 4576 poculis,
1169 4497 1203 4558 in
1261 4499 1317 4579 les,
1334 4500 1389 4561 scd
1410 4507 1561 4581 tanquam
1583 4508 1722 4563 meteres
1739 4525 1746 4560 ε
1764 4499 1884 4563 idcirco
1901 4518 1936 4561 ex
1953 4495 1991 4557 eis

455 4595 615 4678 hospitam
630 4595 803 4657 formosam
819 4594 1040 4672 incaluerunt;
1058 4595 1132 4658 victi
1149 4616 1204 4657 au·
1259 4605 1292 4658 et
1314 4597 1499 4678 corporibus
1523 4597 1588 4660 illis
1612 4616 1676 4661 non
1700 4597 1740 4660 lit
1763 4618 1862 4660 unum
1886 4594 1993 4677 simpli-

454 4703 531 4774 tem‚
559 4693 764 4757 concubitum
789 4692 957 4773 petierunt.
983 4693 1125 4774 Spondet
1149 4694 1204 4756 illa
1261 4695 1359 4773 citcr3
1375 4703 1407 4758 et
1421 4696 1567 4778 quamvis
1586 4717 1645 4778 per
1662 4715 1779 4778 corpus
1793 4704 1949 4759 assumant
1962 4712 1993 4755 uc

372 4852 377 4860 ,
455 4793 650 4872 conditione,
664 4791 836 4854 dummodo
851 4791 931 4853 alter
946 4792 1077 4854 verbum
1093 4793 1204 4855 doceat
1260 4793 1524 4875 intustrajiciant
1544 4794 1653 4857 cibum
1675 4804 1862 4877 potumque,
1878 4813 1938 4857 uon
1956 4801 1994 4852 ta-

455 4912 513 4975 per
547 4893 633 4973 quod
662 4890 877 4952 ascendebant
905 4889 938 4950 in
967 4891 1096 4967 coelum,
1125 4890 1205 4952 alter
1261 4911 1333 4954 men
1358 4910 1415 4973 per
1439 4892 1505 4955 vim
1530 4893 1717 4956 nutritivam
1742 4901 1929 4957 convertunt
1946 4889 1995 4952 ali-

455 4991 589 5054 verbum
621 5009 678 5071 per
705 4988 789 5071 quod
824 4986 1069 5050 descendebant.
1100 4988 1205 5050 Placet
1261 4999 1368 5053 menta
1382 4991 1417 5052 iu
1431 5009 1566 5073 corpora
1579 4993 1626 5054 sic
1640 5002 1816 5074 assumpta,
1832 4994 1887 5056 sed
1901 4989 1996 5056 occul·

455 5089 606 5154 eonditio.
623 5089 725 5162 Ouum
739 5105 816 5168 ergo
830 5085 1003 5166 didicisset,
1021 5087 1143 5149 elevata
1157 5095 1206 5149 cst
1261 5095 1293 5149 ta
1307 5088 1338 5149 vi
1353 5088 1504 5152 alimenta
1518 5089 1702 5170 hujusmodi
1719 5090 1930 5153 resolvuntur.

455 5188 573 5266 subito,
589 5195 620 5249 et
643 5185 786 5248 ascendit
810 5183 842 5246 in
868 5183 976 5247 coelos.
994 5185 1081 5259 Quod
1105 5204 1205 5266 quum
1301 5187 1562 5250 Ssnnscaucs.-
1575 5188 1656 5270 Quid
1671 5188 1770 5252 scutis
1785 5190 1825 5252 de
1840 5189 1920 5253 ludis
1932 5205 1997 5271 prae

455 5286 588 5350 vidisset
602 5285 695 5362 Deus,
713 5282 873 5364 explorata
888 5301 995 5362 causa,
1012 5283 1120 5366 posuit
1133 5303 1204 5347 eam
1261 5283 1376 5347 tactisl
