4309 6250
546 508 666 557 ιοιιιιιιι
687 508 856 555 rxxrrorax
875 506 1047 563 ιιιιιοιιιτι,
1069 506 1159 555 cmm
1178 508 1225 555 ιιι.
1247 526 1289 539 -
1308 507 1380 555 ιιι.
1402 509 1468 556 ιιιιι
1732 492 1794 557 aab

72 688 139 731 Ge·-
170 702 213 739 nr.
231 677 289 741 vio
316 702 345 741 n.
368 676 437 743 Non
465 679 552 742 enim
577 678 712 743 salvavit
736 696 802 756 eos,
833 678 888 741 sed
914 695 983 740 om·
997 677 1024 739 Α
1039 696 1094 741 ιιι
1122 679 1161 741 ιιι
1187 678 1286 741 alium
1310 678 1554 744 intercessorem
1584 678 1786 759 transmittet,

57 756 94 801 ¹³·
110 754 150 795 ²³·
231 796 302 855 nes,
333 776 473 859 exceptis
506 766 628 861 septem
665 777 721 860 qui
750 796 860 839 seeum
893 784 983 839 erant
1039 795 1098 840 nec
1127 776 1222 839 etiarn
1250 775 1305 839 alii
1331 777 1438 841 Sancti
1468 776 1603 861 prelati.
1630 775 1695 840 Nec
1723 775 1788 841 dici

231 876 267 938 in
291 895 374 956 arca,
391 875 548 939 submersi
564 884 649 939 sunt.
674 876 741 939 luro
766 874 798 937 in
825 875 983 939 Alcorano
1039 882 1143 957 potest
1160 876 1245 955 quod
1264 883 1358 938 erunt
1377 876 1437 939 soli
1462 875 1548 954 boni,
1566 875 1639 958 quia
1660 874 1699 938 de
1719 874 1789 937 istis

232 993 318 1056 saepc
338 974 500 1052 asseritur,
526 974 611 1057 quod
640 972 704 1037 Noe
729 991 786 1055 pro
810 972 983 1054 impiorum
1038 972 1192 1035 asseritur
1204 973 1289 1054 quod
1304 981 1490 1037 erraverunt
1504 974 1537 1035 in
1551 973 1629 1051 lide,
1646 972 1690 1035 ita
1703 972 1788 1054 quod

231 1072 447 1136 destructione
459 1073 642 1155 frequenter
656 1071 862 1147 oravit.Quod
877 1079 983 1133 ιιιιιιιι
1040 1089 1099 1133 nec
1112 1069 1209 1151 Moysi
1232 1090 1292 1133 nec
1306 1071 1431 1135 Christo
1451 1092 1512 1135 nec
1528 1071 1703 1135 llabometo
1724 1072 1790 1133 sin·

232 1171 350 1234 falsum
366 1172 559 1235 credendum
576 1180 624 1234 est
641 1194 648 1233 :
665 1171 730 1234 imo
745 1169 908 1233 condoluit
922 1168 981 1247 eis,
1039 1169 1155 1231 ceriter
1168 1168 1383 1232 crediderunt.
1392 1169 1424 1232 Si
1439 1178 1546 1233 autem
1560 1169 1686 1233 dicatur
1703 1168 1789 1251 quod

232 1278 267 1333 et
291 1288 347 1351 pro
371 1288 482 1335 eorum
507 1269 717 1334 conversione
738 1268 880 1331 creditur
900 1286 983 1349 saepe
1039 1275 1133 1329 erunt
1156 1266 1338 1349 permixtim
1362 1268 1461 1350 aliqui
1485 1267 1560 1333 boni
1586 1276 1618 1331 ιι
1642 1268 1728 1346 ιιιιιι,
1749 1268 1790 1331 de

232 1388 352 1432 orasse.
382 1368 526 1450 lnsuper,
557 1368 583 1430 si
613 1368 770 1431 Abraham
800 1366 920 1429 idcirco
950 1385 983 1429 se
1039 1365 1198 1427 sententia
1217 1365 1336 1429 ludicis
1358 1366 1546 1430 imminente
1566 1367 1670 1431 adhuc
1689 1366 1789 1430 ambi-

233 1466 380 1549 perhibet
394 1468 433 1529 ad
449 1466 711 1529 intercedendum
727 1464 983 1547 pmhominibus
1039 1463 1115 1545 gui,
1142 1464 1203 1527 hoc
1226 1463 1365 1527 faciliter
1392 1467 1578 1549 reprobatur
1604 1489 1612 1529 z
1638 1465 1789 1548 quoniam

232 1565 449 1644 inefficacem,
466 1566 550 1647 quod
565 1564 621 1628 diu
635 1564 800 1629 idololatra
815 1564 984 1627 incircum·
1039 1560 1143 1623 bonus
1165 1560 1230 1625 dici
1255 1580 1319 1626 non
1344 1572 1458 1646 potest,
1481 1564 1536 1645 qni
1561 1583 1668 1627 veram
1689 1564 1789 1627 iidem

233 1666 383 1746 eisnsque
403 1663 475 1744 luit,
496 1683 572 1746 ergo
596 1672 628 1727 et
651 1663 762 1727 llnhon
788 1664 827 1726 ad
852 1662 911 1725 boe
938 1662 985 1723 in·
1040 1679 1104 1723 non
1133 1661 1239 1723 habet.
1263 1661 1366 1736 Quum
1390 1682 1465 1744 ergo
1494 1664 1533 1726 de
1558 1662 1628 1726 istis
1652 1661 1788 1742 dicatur,

234 1764 369 1827 idoneus
383 1762 537 1845 erit,qnia
548 1771 579 1825 et
594 1762 662 1845 ipse
677 1762 732 1825 din
744 1762 908 1825 idololatra
925 1760 984 1824 luit
1040 1760 1124 1839 quod
1145 1778 1203 1822 nec
1218 1759 1314 1841 lloysi
1335 1780 1394 1823 nec
1409 1759 1531 1825 Christo
1552 1782 1612 1824 nec
1634 1761 1790 1825 llabomet

67 1882 113 1923 ιιι.
125 1881 156 1931 ιι,
166 1884 215 1923 ιιι
232 1870 266 1926 ιι
292 1861 548 1942 incircumcisus,
563 1870 598 1923 ut
621 1870 783 1925 ostensum
808 1868 857 1923 est
881 1859 981 1943 prius.
1002 1852 1026 1915 B
1041 1858 1254 1937 crediderunt,
1270 1860 1430 1941 quomodo
1445 1860 1520 1925 boni
1535 1863 1646 1923 eruntl
1661 1859 1704 1923 lle
1718 1859 1790 1923 nul-

232 1962 273 2024 m
288 1979 373 2037 vero,
390 1979 487 2041 quarn
509 1960 697 2024 mendosum
713 1960 756 2021 sit
773 1959 857 2041 quod
872 1958 983 2022 llahon
1041 1956 1072 2019 lo
1094 1957 1138 2019 ita
1161 1957 1327 2020 hominum
1347 1978 1464 2041 genere
1485 1959 1582 2022 verba
1600 1960 1667 2022 haec
1686 1959 1790 2022 blaho-

233 2060 290 2139 ait,
310 2058 469 2122 Christum
493 2067 569 2121 tnnc
595 2075 822 2140 responsurum
848 2056 985 2121 homini·
1042 2056 1118 2117 meti
1134 2064 1284 2135 poterunt
1302 2056 1474 2137 verilicari,
1491 2058 1546 2121 sed
1560 2077 1690 2140 prorsus
1712 2058 1791 2120 stul·

233 2158 295 2221 bus
310 2157 380 2239 ejus
403 2175 495 2239 opem
518 2156 710 2239 petentibus,
728 2155 917 2233 Aberrastis,
935 2174 985 2217 me
1042 2154 1166 2217 tissima
1186 2154 1446 2237 comprobantur.

233 2258 335 2319 Deum
357 2256 502 2335 colendo,
523 2263 610 2338 patet
629 2274 667 2318 ex
688 2254 902 2337 praeinductis.
920 2253 987 2316 Cla·
1082 2252 1255 2331 Postremo,
1272 2253 1357 2335 quod
1372 2254 1514 2317 Christus
1529 2274 1730 2337 nequaquam
1745 2263 1791 2319 tot

156 2408 162 2417 .
183 2384 218 2413 tx.
236 2355 362 2417 vissime
378 2372 514 2435 namque
531 2354 697 2436 probatum
709 2362 758 2415 est
772 2353 854 2416 libro
870 2352 983 2435 primo,
1042 2352 1137 2412 annis
1157 2370 1231 2414 cum
1250 2351 1323 2414 aliis
1341 2353 1536 2434 exspectabit
1548 2353 1718 2435 judicium,
1735 2354 1790 2417 sed

235 2454 322 2534 quod
342 2452 485 2515 Christus
510 2452 551 2514 sit
575 2452 657 2515 Deus
676 2460 708 2515 et
726 2452 833 2529 homo,
850 2459 881 2513 et
900 2451 985 2532 quod
1043 2448 1178 2531 ipsemet
1205 2450 1392 2531 Unigenitus
1420 2452 1485 2529 liei,
1512 2452 1595 2515 Deus
1622 2461 1654 2514 et
1680 2452 1789 2531 horno,

237 2552 308 2634 ipse
342 2552 403 2615 hoe
437 2550 554 2613 docuit.
585 2550 750 2633 Quumque
778 2548 920 2612 Christus
954 2548 986 2610 in
1043 2548 1107 2611 Rex
1122 2548 1242 2631 glorias,
1255 2548 1409 2613 Dominus
1423 2550 1588 2629 virtutum,
1601 2551 1710 2615 mundi
1726 2552 1792 2615 Sal-

115 2690 222 2725 am,
238 2649 413 2731 Evangelio
435 2657 637 2731 protestetur,
652 2647 751 2711 Nemo
770 2648 858 2712 venit
878 2649 917 2711 ad
933 2648 988 2709 Pa·
1043 2654 1143 2724 vator,
1159 2646 1199 2709 de
1219 2647 1301 2711 coelo
1319 2648 1359 2710 ad
1377 2647 1586 2730 judicandum
1607 2650 1789 2731 descendet,

239 2758 321 2811 trem
341 2747 404 2811 nisi
428 2767 485 2830 per
507 2766 570 2827 me,
585 2746 661 2828 quid
681 2746 874 2829 apparentis
893 2746 987 2809 habet
1042 2753 1137 2827 atque
1161 2746 1195 2806 in
1218 2745 1320 2809 lorma
1345 2747 1484 2810 humana
1505 2748 1643 2833 gloriose
1667 2749 1792 2812 cunctis

238 2848 324 2928 quod
340 2847 408 2929 ipse
423 2846 562 2909 remittet
580 2844 725 2910 homines
744 2864 817 2909 eum
838 2845 988 2909 invocan·
1043 2842 1216 2926 conspicua
1238 2844 1404 2925 judicabit,
1425 2865 1463 2909 ex
1484 2846 1604 2909 divinis
1625 2848 1792 2929 utriusque

237 2954 286 3008 tes
301 2945 339 3008 ad
355 2945 581 3008 blahometuml
597 2944 759 3019 Praeterea,
770 2942 796 3005 si
812 2946 860 3024 (ut
874 2942 985 3007 llabon
1043 2942 1235 3005 Testamenti
1254 2943 1439 3027 scripturis,
1455 2964 1534 3027 quas
1554 2945 1667 3009 ldahon
1688 2965 1707 3008 ι
1727 2946 1791 3009 Deo

234 3042 391 3123 allirmat)
419 3042 538 3106 idcirco
566 3041 686 3126 lloyses
715 3051 747 3105 et
774 3041 916 3104 Christus
952 3062 985 3105 se
1005 3036 1247 3105 (ldescendisse
1276 3042 1404 3121 latetur,
1442 3044 1660 3128 copiosissime
1695 3054 1789 3128 atque

234 3143 433 3206 excusabunt
455 3141 530 3223 quia
555 3142 701 3207 homines
726 3141 773 3204 eis
796 3159 861 3205 non
885 3141 987 3204 credi·
1042 3141 1219 3204 clarissime
1240 3142 1486 3206 demonstratur.
1686 3197 1690 3203 .

233 3243 362 3321 derunt,
371 3259 430 3304 cur
442 3240 599 3304 llabomet
613 3239 762 3320 pmeedet
777 3239 815 3301 ad
829 3239 984 3302 orandum
1081 3240 1188 3320 Porro,
1204 3241 1288 3322 quod
1310 3240 1423 3304 Mahon
1443 3241 1483 3304 de
1503 3249 1618 3305 statera
1639 3251 1671 3306 et
1692 3252 1788 3326 ponte

232 3359 291 3422 pro
315 3339 365 3402 bis
390 3339 445 3420 qui
470 3338 577 3402 dicent
599 3338 638 3401 ad
663 3357 736 3400 eum
758 3361 764 3398 :
788 3361 805 3398 ιι
825 3337 848 3400 0
872 3337 983 3400 nuntie
1039 3337 1192 3418 aliirmat,
1209 3338 1326 3402 falsum
1341 3359 1412 3404 esso
1426 3348 1512 3422 patet
1525 3361 1565 3404 ex
1585 3341 1785 3422 introductis,
1802 3379 1843 3418 „g
1856 3388 1877 3420 ¹,

231 3437 342 3501 lidelis
367 3447 398 3500 et
422 3437 524 3501 amice
548 3437 614 3514 llei,
642 3455 738 3518 qnam
761 3435 844 3499 male
873 3455 983 3517 pecca-
1039 3436 1102 3499 nisi
1118 3437 1326 3519 spiritualiter
1340 3438 1546 3520 intedigatur.
1562 3439 1685 3503 Prolata
1698 3461 1788 3504 nani-

231 3537 337 3600 vimus
361 3537 446 3618 quod
475 3554 539 3599 non
567 3535 760 3598 credidimus
785 3533 843 3596 tibi
870 3537 909 3595 nl
934 3535 981 3596 An
1037 3553 1101 3618 que
1135 3537 1256 3600 ludicis
1291 3537 1407 3600 summi
1443 3538 1610 3617 sententia,
1641 3541 1787 3622 protinus

231 3635 302 3718 ipse
315 3634 496 3717 benignior,
513 3634 640 3715 dignior
653 3641 684 3696 et
697 3632 909 3696 exaudibilior
922 3633 983 3696 erit
1038 3643 1122 3696 terra
1151 3633 1245 3715 longe
1273 3634 1399 3716 lateque
1429 3653 1465 3698 os
1500 3655 1594 3699 suum
1626 3637 1783 3720 aperiens,

230 3733 378 3796 Christol
1039 3731 1191 3813 reprobos
1220 3732 1388 3796 universos
1416 3733 1513 3797 simul
1541 3735 1706 3817 deglutiet,
1731 3737 1786 3799 de-

270 3831 433 3912 Praeterea,
448 3849 555 3912 quaero
569 3830 624 3913 qui
647 3837 740 3894 erunt
760 3829 907 3894 homines
928 3829 979 3893 isti
1038 3832 1255 3912 scendentqne
1278 3831 1452 3913 paritario
1478 3832 1652 3912 internum,
1675 3853 1788 3916 quem·

229 3929 285 4012 qui
300 3931 394 3994 modo
409 3929 594 4013 proscripto
610 3928 857 4012 interpellabunt
867 3930 978 4008 Adam,
1037 3929 1209 3993 admodum
1225 3929 1257 3992 in
1272 3931 1351 3993 lsaia
1365 3931 1405 3993 de
1419 3931 1466 3993 eis
1480 3933 1666 4014 prodicitur
1682 3958 1690 3998 ε
1706 3935 1786 3999 Con-
1800 3957 1928 4010 ramese.

228 4029 306 4109 Noe,
328 4028 499 4106 Abrabam,
526 4027 664 4109 lloysen,
684 4027 841 4090 Christum
866 4035 898 4090 et
920 4029 981 4090 lla-
1036 4027 1254 4110 gregabuntur
1267 4029 1300 4091 in
1314 4031 1560 4112 congregatione
1579 4033 1675 4095 unius
1689 4034 1785 4098 lascis

227 4129 304 4192 hon.
333 4127 490 4190 Videlicet
517 4134 572 4188 aut
598 4133 692 4188 erunt
720 4124 779 4189 soli
809 4125 896 4204 boni,
927 4135 981 4189 aut
1037 4126 1070 4188 in
1086 4126 1203 4206 lacum,
1219 4129 1501 4191 etolandenturin
1518 4149 1658 4194 carcere.

228 4226 288 4288 soli
313 4225 401 4302 mali,
427 4233 481 4288 aut
508 4245 546 4288 ex
574 4224 717 4306 utrisque
746 4224 893 4306 permixti
923 4221 1020 4287 seul)

227 4324 328 4405 aliqui
353 4343 390 4386 ex
414 4323 564 4406 utrisque.
588 4321 656 4386 Non
682 4329 787 4404 potest
811 4321 873 4385 dici
894 4324 979 4404 quod

227 4429 324 4485 erunt
338 4421 397 4485 soli
417 4421 505 4501 mali,
521 4421 597 4504 quia
617 4421 781 4484 decorum
804 4421 979 4486 salvatione
1221 4465 1465 4531 ARTICULUS
1491 4467 1586 4531 XVII

228 4539 302 4603 spes
333 4519 420 4582 nulla
448 4519 529 4598 erit,
560 4539 619 4582 nec
648 4519 836 4583 acceleratio
868 4520 979 4601 judicii
1591 4516 1598 4530 '

227 4620 289 4682 erit
311 4618 358 4681 eis
379 4619 507 4700 aliquod
530 4619 723 4696 relevamen,
741 4619 795 4682 sed
819 4638 978 4682 summum
1037 4633 1129 4699 Quod
1150 4633 1300 4692 christus
1319 4635 1489 4694 descendet
1510 4636 1551 4693 de
1567 4655 1693 4696 summo
1710 4639 1786 4696 coelo

227 4735 412 4800 gravamen.
430 4717 515 4780 Unde
530 4716 680 4781 infideles
700 4725 732 4779 et
750 4717 804 4797 qui
826 4725 898 4780 ante
913 4717 978 4799 jam
1074 4739 1150 4780 cum
1174 4722 1339 4780 uniuersis
1361 4723 1489 4797 angelis
1511 4725 1645 4793 sanctis,
1669 4726 1786 4785 ceteris

228 4817 262 4879 in
288 4815 414 4878 inlerno
442 4815 581 4878 damnati
611 4815 740 4891 luerint,
767 4834 831 4878 non
856 4815 979 4878 deside·
1075 4828 1202 4887 quoque
1228 4811 1353 4878 Beati&
1377 4812 1422 4870 “d
1441 4811 1667 4887 jvdt'fflndum
1692 4833 1786 4874 Omne

229 4915 346 4978 rabant
373 4913 493 4976 ludicis
522 4914 693 4976 adventum
721 4937 728 4976 ι
756 4915 821 4976 imo
850 4915 882 4976 in
912 4915 979 4977 suis
1071 4899 1382 4974 denuslumanum·

229 5013 399 5077 sudoribus
428 5013 529 5076 multo
556 5013 628 5096 plus
658 5012 790 5076 mallent
818 5013 851 5075 in
887 5014 978 5076 terris

228 5113 261 5176 in
287 5121 440 5175 aeternum
466 5119 586 5190 ιιιιιι,
602 5130 697 5194 quarn
718 5112 909 5174 sententiam
928 5113 980 5174 Ju-
1104 5112 1178 5175 PUl)
1205 5113 1368 5176 Danielem
1397 5115 1529 5177 extremi
1563 5116 1677 5198 judicii
1707 5118 1786 5182 ordo

227 5211 311 5275 dicis
330 5231 403 5274 curn
425 5229 519 5292 poena
539 5229 609 5274 eam
632 5218 783 5292 sequente
802 5210 975 5293 suscipere.
1120 5211 1286 5274 evidenter
1297 5231 1354 5294 per
1368 5211 1517 5294 spiritum
1528 5215 1702 5297 prophetia
1715 5235 1786 5298 pro·

226 5311 284 5377 lsti
309 5309 407 5394 igitur
431 5329 496 5374 nou
519 5310 564 5374 ita
587 5311 734 5392 orabunt,
750 5328 810 5375 nee
834 5309 977 5374 Christus
1036 5310 1212 5390 nuntiatur,
1227 5328 1327 5393 quum
1347 5320 1476 5374 sanctus
1495 5312 1550 5375 ille
1564 5313 1721 5402 Propheta
1741 5315 1785 5380 ait
