4309 6250
422 491 461 538 bs
482 489 646 538 bluttlrm
666 491 704 538 tm
725 491 873 537 tsuutbtts
895 491 923 536 Ι.
947 491 975 536 V.
997 490 1116 551 mim,
1137 490 1228 536 Lim
1247 491 1279 538 tl.
1302 507 1343 520 -
1362 490 1433 536 altr.
1456 492 1479 538 ll
1684 471 1721 538 Ἡ

940 657 966 720 Α
1020 659 1164 742 Insuper,
1176 659 1210 722 in
1224 660 1414 726 salutatione
1428 661 1485 724 illa
1497 661 1653 744 angelica,
1669 679 1727 744 per

395 717 641 786 ARTICULUS
665 717 708 782 Π·
979 758 1114 842 gratiam
1133 766 1237 840 potest
1257 759 1392 843 intelligi
1415 760 1579 843 congeries
1600 759 1729 822 univer·

244 871 396 940 Qualiter
417 869 588 946 plenitudo
608 867 729 942 erotica
753 867 862 926 inerat
981 876 1089 920 sarum
1103 858 1256 920 vimutum
1271 857 1450 922 infusarum
1469 866 1501 921 at
1518 857 1728 940 gratuitarum

401 957 532 1036 Virgini
550 957 711 1033 ptortosoe.
981 975 1018 1020 ac
1034 965 1154 1038 septam
1175 957 1343 1036 donorum,
1359 976 1423 1021 una
1443 975 1517 1020 cum
1538 957 1640 1040 gratia
1659 975 1730 1038 gra·

981 1062 1049 1117 tum
1064 1053 1215 1134 faciente,
1230 1063 1263 1118 et
1276 1054 1526 1119 beatitudinibus
1540 1061 1729 1136 octo,atque

31 1177 86 1219 ιιι.
95 1190 111 1226 ι,
124 1177 164 1220 sa.
180 1155 454 1320 INGRESSUS
467 1156 604 1230 capetus
617 1153 661 1212 ad
675 1149 801 1214 llariam
816 1152 905 1210 dreit
917 1170 929 1210 .·
981 1151 1150 1216 duodecim
1171 1151 1329 1216 fructibus
1349 1153 1485 1236 Spiritus
1501 1177 1509 1215 ι
1524 1153 1641 1235 quibus
1662 1172 1730 1217 om-

232 1257 314 1324 Aue,
333 1253 447 1330 gratia
462 1254 572 1328 plenu.
592 1247 679 1312 flulti
704 1247 843 1330 theologi
868 1255 929 1310 tra·
982 1251 1075 1314 nibus
1090 1250 1186 1314 liaris
1198 1250 1342 1333 piissima
1356 1251 1451 1332 plana
1464 1260 1540 1315 tunc
1553 1251 1617 1315 fuit
1629 1269 1731 1333 quan-

179 1352 270 1430 dnnt,
291 1349 427 1433 gratiam
451 1347 688 1431 gratificantem
713 1365 770 1410 sen
801 1354 926 1428 gratum
981 1356 1049 1412 tum
1078 1348 1119 1412 ad
1146 1368 1240 1411 snum
1264 1348 1416 1431 pertinuit
1445 1358 1572 1413 statum.
1598 1349 1727 1427 Verum,

179 1448 362 1527 facientem,
385 1447 513 1510 realiter
536 1465 606 1509 esse
631 1443 812 1508 distinctam
837 1463 856 1506 α
877 1463 928 1506 ca·
983 1445 1016 1509 in
1040 1447 1288 1528 superventione
1308 1447 1446 1530 Spiritus
1466 1447 1573 1512 Sancti
1596 1454 1629 1511 at
1655 1466 1732 1511 con-

180 1547 271 1612 ritate
293 1554 325 1609 et
339 1545 402 1608 alia
419 1561 622 1627 quacumque
641 1543 767 1606 virtute.
784 1541 822 1604 Et
838 1541 928 1623 juxta
983 1545 1130 1626 ceptione
1145 1544 1217 1607 Silii
1232 1545 1300 1624 Dei,
1316 1555 1409 1610 aucta
1430 1555 1506 1609 sunt
1525 1546 1731 1610 vehementer

180 1647 294 1710 hortun
322 1643 510 1720 doctrinam,
540 1641 710 1705 dicendum
745 1639 829 1721 quod
859 1659 929 1702 sua·
984 1643 1016 1706 in
1031 1662 1069 1706 ea
1090 1641 1199 1706 omnia
1218 1643 1279 1706 ista
1299 1663 1438 1726 superna
1457 1643 1661 1722 charismata,
1676 1644 1731 1706 de-

180 1743 313 1806 vissima
327 1741 418 1823 virgo
436 1740 531 1803 Μανία
546 1738 608 1803 fuit
626 1739 721 1821 plena
738 1738 840 1821 gratia
859 1756 929 1819 gra·
984 1741 1058 1804 inde
1074 1741 1108 1802 in
1122 1748 1187 1803 tam
1208 1739 1359 1804 diuturna
1372 1741 1593 1824 deportatione
1612 1739 1731 1804 divinae

180 1839 326 1904 tificante
354 1837 519 1918 habituali,
544 1837 734 1920 perficiente
756 1835 928 1899 essentiam
946 1837 1216 1920 Badarandtequa
1230 1837 1330 1903 Prolis
1351 1839 1385 1902 in
1406 1847 1508 1916 utero,
1524 1847 1635 1922 postea
1654 1857 1733 1922 quc·

181 1939 295 2003 animae
319 1939 402 2020 ejus,
425 1945 518 2019 atque
543 1943 681 2019 ponente
706 1953 776 1998 eam
801 1933 833 1996 in
858 1952 928 1998 esse
985 1956 1047 2019 que
1078 1937 1343 2019 quotidianaque
1368 1938 1409 2002 ad
1432 1937 1544 2001 horam
1574 1956 1639 2001 suae
1662 1937 1734 2001 fali-

182 2035 430 2120 supernaturali,
452 2032 612 2113 deiformi,
628 2033 667 2096 ad
683 2032 928 2116 promerendum
985 2035 1123 2098 cissimaa
1151 2035 1391 2118 assumptionis,
1416 2035 1591 2118 presertim
1618 2035 1652 2097 in
1680 2034 1734 2098 die

183 2135 309 2200 idoneo.
985 2131 1195 2196 celeberrimo
1208 2131 1553 2216 Pentecostas,quando
1567 2152 1641 2198 curu
1656 2141 1735 2196 cate

223 2233 302 2296 Sunt
330 2239 437 2294 autem
465 2229 583 2294 diversi
612 2237 706 2311 atqua
736 2227 930 2310 multiplices
986 2233 1029 2296 ris
1048 2231 1081 2294 in
1100 2231 1266 2296 coenaculo
1284 2232 1570 2314 congregatis,prre
1584 2231 1735 2295 omnibus

183 2330 393 2416 plenitudinis
420 2330 546 2412 gradus.
576 2328 738 2412 Siquidem
766 2328 806 2392 de
838 2327 931 2392 beato
987 2329 1051 2392 illis
1087 2327 1359 2393 abundantissime
1396 2329 1548 2412 Spiritum
1583 2329 1734 2392 Sanctum

183 2439 215 2494 et
244 2447 361 2512 magno
389 2427 520 2508 loanne,
550 2435 585 2490 ut
612 2427 753 2491 noudum
786 2434 861 2490 nato
893 2445 931 2489 ex
987 2427 1121 2510 accepit,
1151 2435 1246 2508 prout
1272 2426 1340 2490 huc
1367 2427 1453 2490 infra
1479 2426 1608 2510 plenius
1640 2445 1735 2510 expo-

53 2549 116 2592 msa.
132 2551 169 2590 ια.
183 2538 284 2608 utam,
310 2526 437 2590 Gabriel
462 2533 590 2588 sanetus
615 2524 759 2606 praedixit
783 2547 789 2586 :
813 2523 932 2608 Spiritu
988 2534 1115 2589 nentur.

184 2627 300 2690 Sancto
325 2623 499 2706 replebitur
522 2623 625 2686 adbuc
649 2642 688 2686 ex
711 2631 801 2686 utero
823 2622 932 2685 matris
1028 2625 1071 2688 lle
1085 2624 1146 2688 bac
1161 2621 1360 2706 plenitudine
1374 2623 1484 2705 gratita
1498 2622 1601 2686 Μανία
1615 2622 1735 2706 diguis-

183 2745 260 2788 suae.
276 2725 319 2788 [le
334 2729 533 2804 quocertum
548 2721 694 2803 estquod
710 2728 819 2802 postea
833 2721 933 2784 multo
989 2723 1089 2801 simae,
1111 2721 1223 2785 scribit
1242 2720 1398 2784 ilenricus
1422 2722 1462 2785 de
1485 2721 1597 2785 Hassis
1622 2745 1630 2783 :
1656 2723 1733 2800 Ave,

184 2821 311 2906 plenior
326 2819 428 2883 factus
442 2827 491 2882 est
510 2819 621 2902 gratia,
638 2825 671 2880 et
691 2836 791 2899 usqua
807 2818 845 2880 ad
860 2818 935 2880 ulti·
988 2818 1095 2898 llario,
1111 2817 1211 2900 gratia
1224 2817 1320 2899 plena
1336 2841 1343 2878 :
1361 2817 1455 2900 plana
1475 2817 1625 2895 totaliter,
1641 2817 1736 2898 plena

185 2939 272 2984 mum
288 2919 361 2982 vitas
377 2937 440 2980 sum
462 2917 496 2979 in
516 2917 577 2980 boc
599 2916 715 2980 secuto
733 2916 818 2978 diem
834 2916 935 2980 crevit
990 2921 1226 3000 permananter,
1249 2913 1344 2996 plena
1364 2913 1653 2996 superaffluentem
1670 2913 1737 2996 ple-

186 3020 220 3081 in
240 3016 353 3100 gratia.
371 3014 525 3078 Similiter
542 3014 582 3076 de
600 3013 760 3096 apostolis
780 3013 934 3095 scriptum
954 3011 1043 3092 Gna,
1067 3013 1209 3095 inquam,
1235 3011 1336 3094 gratia
1360 3011 1568 3094 plenitudinis
1591 3012 1736 3078 omnium

46 3126 234 3195 renisu
259 3140 266 3178 ε
290 3114 411 3197 Repleti
432 3121 505 3175 sunt
528 3132 639 3176 omnes
663 3111 783 3195 Spiritu
806 3111 933 3176 Sancto.
991 3113 1156 3189 virtutum,
1186 3110 1378 3174 certitudine
1412 3109 1642 3173 credendarum
1670 3130 1738 3175 om·

186 3216 229 3278 De
243 3213 361 3295 quihus
378 3211 409 3274 id
425 3218 521 3293 patet,
532 3210 616 3292 quod
631 3228 670 3273 ex
684 3210 735 3273 die
751 3210 935 3292 repletionis
991 3212 1081 3273 nium
1104 3208 1284 3288 veritatum,
1300 3208 1403 3291 gratia
1423 3208 1644 3273 illustrationis
1664 3228 1737 3292 pro·

184 3312 272 3375 illius
295 3309 438 3393 quotidie
462 3308 668 3391 profecerunt
692 3308 726 3370 in
750 3307 880 3371 caritate
904 3315 936 3372 et
990 3309 1134 3392 phalica,
1151 3306 1429 3389 contemplationis
1449 3306 1735 3387 excellentissimae,

184 3410 296 3493 gratia,
322 3408 410 3471 etin
433 3406 526 3471 donis
550 3406 724 3488 calensque
753 3406 933 3469 virtutibus.
990 3406 1092 3490 gratia
1112 3404 1240 3486 optimae
1264 3404 1463 3487 compaginis
1486 3405 1651 3482 naturalis,
1672 3403 1737 3465 sin·

185 3510 238 3573 Sic
257 3509 364 3587 itaque
384 3504 577 3569 electissima
595 3504 685 3586 virgo
704 3504 798 3567 llaria
816 3503 849 3567 in
870 3523 936 3566 ma·
990 3504 1201 3589 gularissimae
1222 3504 1467 3585 pulchritudinis
1482 3503 1667 3585 corporalis,
1682 3503 1737 3566 da-

185 3608 244 3669 tris
260 3624 324 3669 suaa
339 3614 430 3667 utero
445 3603 545 3667 multo
560 3602 721 3685 copiosius
736 3601 797 3665 fuit
816 3602 935 3684 repleta
990 3602 1181 3666 cautissime
1198 3601 1395 3664 habitudinis
1414 3600 1543 3664 moralis
1560 3624 1567 3662 ε
1585 3600 1736 3682 qnoniam

186 3705 306 3787 Spiritu
323 3703 438 3766 Sancto
460 3710 491 3764 et
510 3701 622 3783 gratia,
638 3719 733 3782 quam
749 3700 780 3763 S.
798 3700 934 3764 loannes
990 3701 1134 3766 omniurn
1154 3698 1267 3763 artifex
1285 3700 1368 3762 Deus
1387 3700 1426 3763 ad
1452 3700 1552 3781 ipsius
1576 3699 1738 3763 formatio-

185 3802 444 3885 Baptista.Atqne
459 3818 497 3862 ex
512 3816 550 3863 eo
564 3817 626 3880 quo
642 3798 686 3860 uti
702 3797 800 3880 coepit
814 3797 935 3862 ratione
990 3818 1063 3863 nem
1079 3800 1113 3860 in
1128 3806 1218 3861 utero
1233 3796 1516 3880 supernaturaliter
1530 3815 1735 3876 concurrens,

185 3902 323 3977 assidue,
345 3898 445 3961 erevit
464 3916 590 3979 quoque
609 3896 750 3978 quotidie
770 3897 802 3959 in
821 3897 933 3978 gratia,
991 3898 1071 3960 Filio
1083 3895 1505 3977 snodignumhabitaculum
1517 3895 1737 3975 fabricaturus,

187 3996 343 4081 sapientia
358 4004 389 4058 et
411 3995 527 4058 virtute
545 4018 552 4057 ε
569 3994 680 4075 sicque
700 4014 739 4057 ex
758 3994 826 4077 jugi
849 4013 937 4057 exer·
991 4014 1061 4058 eam
1091 3994 1283 4057 intrinsecus
1311 3994 1454 4058 omnium
1487 3992 1738 4076 gratificantium

188 4096 339 4160 citatione
362 4095 498 4171 interna,
519 4092 603 4156 facta
623 4102 672 4157 cst
692 4092 813 4174 ingenti
834 4094 936 4174 gratia
992 4093 1220 4156 charismatum
1239 4101 1271 4155 et
1291 4092 1552 4175 dignificantium
1571 4092 1739 4157 habituum

38 4218 122 4265 sm.
135 4219 173 4259 sa.
188 4194 293 4276 plena,
310 4192 437 4274 quando
459 4191 497 4253 ad
513 4209 582 4253 earn
605 4192 721 4253 missus
736 4190 860 4255 Gabriel
882 4210 937 4253 an·
952 4194 977 4257 D
993 4191 1193 4273 plenitudine
1217 4191 1393 4270 adornavit,
1417 4201 1452 4254 ut
1475 4193 1570 4254 etiam
1596 4192 1628 4255 in
1656 4201 1742 4257 exte-

187 4292 277 4375 gelus
292 4290 372 4354 dixit
388 4312 396 4351 ε
412 4291 489 4369 Ave,
505 4290 605 4371 gratia
624 4290 729 4371 plena,
746 4288 809 4353 Nec
830 4298 936 4353 tamen
994 4290 1069 4354 riori
1099 4290 1171 4371 ejus
1196 4288 1307 4371 effigie
1336 4291 1436 4371 gratia
1459 4290 1569 4353 divina
1596 4300 1660 4355 tam
1689 4311 1742 4356 cc-

189 4400 263 4454 tuno
287 4388 391 4472 gratia
415 4386 476 4451 fuit
502 4388 544 4449 ita
566 4388 661 4469 plena
686 4388 765 4469 quin
789 4406 862 4451 mox
891 4408 939 4451 re-
994 4389 1083 4471 picse
1117 4387 1360 4469 efficaciterque
1389 4387 1521 4469 luceret,
1551 4390 1635 4470 quod
1671 4390 1742 4470 ejus

189 4489 305 4572 plenda
331 4487 392 4550 fuit
416 4486 518 4568 gratia
545 4483 753 4549 ineffabiliter
776 4487 935 4568 ampliori,
993 4487 1164 4568 adspectus
1190 4485 1365 4549 carnalium
1394 4496 1489 4549 aestus
1514 4487 1741 4569 exstingueret,

190 4586 318 4648 caritate
340 4582 468 4664 majori,
485 4583 635 4664 omnique
656 4582 774 4646 virtute
795 4602 832 4647 ac
854 4584 937 4648 donc
994 4592 1199 4667 peccatorum
1222 4584 1319 4646 corda
1344 4593 1584 4667 compungeret,
1609 4586 1743 4649 munda-

190 4680 437 4761 exuberantiori,
460 4700 518 4761 per
538 4680 746 4760 incrementa,
769 4691 939 4764 augmenta
994 4701 1109 4746 norum
1145 4682 1312 4745 hominum
1346 4682 1504 4745 desideria
1531 4684 1571 4746 ad
1600 4684 1743 4748 coelastia

191 4800 247 4845 seu
261 4780 425 4863 profectus
440 4786 470 4841 et
488 4778 717 4861 completiones
738 4779 877 4858 illorum,
894 4789 940 4842 at·
994 4781 1144 4860 elevaret,
1161 4780 1390 4862 speculumque
1405 4781 1568 4844 munditiae
1582 4782 1743 4846 universis

189 4897 252 4961 que
268 4898 326 4961 per
339 4877 555 4941 additamenta
575 4894 631 4939 sau
652 4877 848 4959 adjectiones
863 4897 940 4960 quo
995 4880 1184 4943 consisteret
1208 4886 1319 4941 contra
1342 4888 1483 4960 peccata.
1504 4880 1649 4961 Implevit
1670 4900 1741 4944 earn

190 4977 337 5040 rumdam
353 4973 642 5057 snpematuralinm
664 4975 846 5038 divinornm
868 4976 942 5039 cha·
995 4979 1077 5041 Deus
1093 4977 1125 5039 in
1141 4984 1263 5054 ventre,
1280 4977 1448 5058 praesentia
1470 4977 1678 5041 inhabitantis
1691 4980 1744 5042 bi-

191 5076 370 5139 rismatum.
397 5072 484 5136 Unde
509 5073 641 5154 angelus
669 5072 748 5135 dixit
771 5075 810 5137 ad
834 5094 903 5137 eam
931 5099 938 5138 :
995 5075 1161 5153 vinitatis;
1192 5075 1224 5136 in
1254 5076 1360 5152 corde,
1390 5076 1491 5157 gratia
1518 5076 1680 5155 caritmis3
1710 5077 1744 5139 in

65 5194 129 5239 rata.
144 5174 331 5256 suspiritus
366 5172 500 5235 Sanctus
535 5172 736 5253 superveniet
769 5170 802 5233 in
838 5180 879 5251 te,
910 5182 942 5236 ct
997 5193 1063 5251 ore,
1081 5173 1182 5255 gratia
1203 5172 1424 5252 affabilitatis,
1445 5174 1479 5235 in
1501 5174 1660 5253 manibus,
1676 5194 1746 5257 gra-

194 5272 295 5335 virtus
316 5267 472 5334 Altissimi
493 5266 696 5333 obumbrabit
717 5268 787 5333 tibi.
999 5272 1042 5335 tia
1068 5270 1293 5335 misericordias
1316 5280 1348 5334 et
1371 5271 1547 5354 largitatis3
1568 5273 1750 5354 gratissima
