4309 6250
456 490 517 554 372
787 505 906 554 oonrna
925 504 1095 554 rmrnrarr
1116 504 1287 564 nauorrarr,
1308 506 1397 554 nrnnn
1418 506 1462 554 ur.
1486 523 1527 536 -
1547 507 1619 553 ann.
1642 506 1673 552 rr

456 679 645 742 mittlstud
659 677 852 742 mendaciter
866 675 1103 741 recitatur.Non
1119 676 1205 739 enirn
1220 678 1246 739 Α
1261 685 1410 758 generata
1422 676 1486 739 tuit
1498 696 1536 740 ex
1551 695 1644 760 aqua,
1660 696 1724 759 qua
1741 684 1824 740 terra
1840 675 1901 738 init
1913 692 1992 758 oper·
2012 695 2097 750 eurr,

457 778 590 860 angelus
608 776 670 840 iuit
689 775 744 840 ille
763 777 803 839 ad
821 777 920 839 David
935 775 1064 854 missus,
1081 776 1136 838 sed
1151 775 1207 838 ho
1261 783 1293 837 ta
1315 794 1415 856 usquo
1440 776 1479 838 ad
1503 775 1631 838 tertium
1655 775 1753 854 diem,
1780 781 1872 858 prout
1895 793 1991 855 super-
2003 762 2029 806 ¹⁰·
2043 763 2067 803 ¹²·

458 895 523 956 mo,
540 875 690 939 videlicet
708 874 831 937 Nathan
846 875 1001 957 propheta
1018 897 1024 934 :
1042 872 1104 936 nisi
1124 873 1205 936 torte
1260 872 1351 936 ficies
1365 882 1469 936 textus
1484 873 1642 938 Geneseos
1657 873 1785 937 videtur
1798 872 1988 956 pretendere,

457 993 516 1056 per
534 975 683 1056 angelum
701 974 814 1037 ldnhon
833 973 1025 1036 intellexerit
1043 972 1202 1035 nuntium.
1261 990 1325 1035 non
1343 980 1392 1034 est
1413 981 1545 1035 certum.
1563 972 1623 1036 Sed
1642 972 1798 1055 quidquid
1816 971 1855 1033 sit
1873 971 1911 1034 de
1928 970 1989 1050 hoc,

457 1072 564 1135 Nihilo
582 1071 690 1134 minus
704 1073 802 1135 verba
822 1080 926 1135 cetera
941 1079 1017 1135 sunt
1031 1071 1203 1134 mendosa:
1260 1071 1397 1160 qualiter
1410 1090 1497 1134 mare
1512 1079 1580 1134 erat
1593 1071 1633 1134 de
1647 1070 1798 1148 tenebris,
1806 1088 1902 1152 quum
1916 1087 1990 1131 marc

457 1171 609 1254 qnoniam
634 1171 765 1233 nuntius
788 1171 843 1234 ille
862 1189 928 1234 non
950 1169 1030 1233 dixit
1050 1189 1084 1232 se
1109 1187 1204 1232 unam
1261 1169 1303 1230 sit
1317 1188 1415 1231 unum
1430 1171 1469 1231 de
1492 1177 1627 1251 quatuor
1646 1169 1812 1232 elementis
1829 1188 1847 1230 a
1866 1168 1926 1230 Deo
1943 1167 1991 1228 irn-

456 1269 574 1332 haberc
598 1287 703 1349 ovem,
726 1288 785 1332 nec
810 1288 899 1332 suam
924 1287 1016 1334 ovem
1041 1268 1102 1331 sibi
1126 1267 1206 1330 dixit
1261 1268 1397 1330 mediate
1425 1267 1563 1331 creatist
1588 1268 1718 1345 Rursus,
1744 1265 1880 1330 tenebre
1905 1283 1990 1347 munt

457 1366 594 1430 ablatam
608 1390 616 1446 ;
632 1366 709 1444 imo,
726 1374 760 1429 ut
778 1368 919 1430 secundo
939 1367 1060 1448 Regum
1075 1365 1202 1447 legitur,
1261 1364 1325 1427 sint
1339 1364 1475 1447 privatio
1490 1365 1583 1446 lucis,
1596 1383 1660 1430 non
1675 1373 1846 1448 potuerunt
1859 1383 1925 1426 esse
1939 1383 1991 1425 ma·

318 1483 441 1540 trusum.
457 1465 502 1529 ita
515 1465 593 1528 dixit
606 1466 646 1528 ad
666 1465 763 1528 David
780 1488 787 1528 :
805 1465 872 1529 Duo
886 1464 947 1528 viri
967 1472 1058 1527 erant
1072 1464 1105 1526 in
1127 1463 1205 1525 civi·
1261 1463 1338 1526 teria
1353 1464 1461 1543 maris,
1479 1464 1579 1527 antid
1599 1464 1684 1527 unde
1704 1463 1886 1526 factumest
1903 1481 1987 1524 marc.

310 1551 356 1591 ¹⁸¹
369 1561 415 1604 ¹⁶⁴·
457 1572 520 1628 tate
534 1584 609 1643 una,
627 1583 710 1626 unus
724 1563 861 1627 habebat
874 1582 951 1628 oves
969 1573 1002 1625 et
1017 1563 1115 1625 boves
1135 1563 1204 1643 plu·
1260 1561 1297 1624 Et
1325 1561 1470 1644 quamvis
1498 1563 1636 1626 tenebre
1662 1570 1771 1624 essent
1794 1561 1869 1643 quid
1896 1560 1991 1642 positi·

456 1662 564 1740 rimas,
578 1663 658 1727 alter
671 1662 751 1724 nihil
766 1661 903 1725 habebat
916 1669 1030 1742 preter
1043 1660 1203 1724 oviculam
1261 1680 1346 1738 vum,
1364 1670 1468 1724 tamen
1493 1661 1641 1723 accidens
1665 1669 1783 1741 essent,
1799 1679 1836 1723 ex
1856 1677 1917 1742 quo
1936 1677 1988 1722 non

455 1779 563 1839 unam,
586 1769 648 1824 etc.
673 1760 781 1842 Itaque
805 1759 936 1822 nuntius
960 1759 1014 1822 ille
1037 1777 1102 1822 non
1126 1757 1204 1821 dixit
1259 1768 1362 1842 potest
1385 1761 1518 1842 produci
1544 1759 1732 1823 substantia.
1750 1759 1855 1839 Porro,
1871 1759 1896 1821 si
1916 1777 1990 1820 marc

455 1879 489 1922 se
511 1878 582 1923 esse
607 1878 707 1922 unum
732 1856 859 1922 illorum
884 1857 1041 1934 dnornm;
1062 1876 1122 1920 nec
1146 1857 1204 1919 ali·
1219 1858 1243 1920 B
1259 1859 1383 1921 dicatur
1408 1859 1447 1921 de
1477 1858 1626 1939 tenebris,
1655 1858 1732 1939 quia
1765 1856 1915 1920 suecessit
1939 1857 1988 1933 eis,

454 1975 550 2038 quem
569 1956 811 2036 domonstravit,
826 1955 975 2033 dicendo,
991 1977 1008 2014 <r
1024 1955 1082 2018 Hic
1098 1955 1203 2018 socius
1259 1957 1526 2037 quemadmodum
1546 1958 1664 2020 dicitnr
1681 1956 1751 2019 dies
1772 1975 1841 2020 esse
1863 1975 1900 2018 ex
1913 1974 1990 2018 auro

454 2074 544 2118 meus
560 2078 588 2134 u,
612 2055 678 2118 imo
699 2054 785 2117 solus
805 2053 940 2117 accessit
960 2052 1059 2116 David
1083 2073 1201 2136 regern.
1259 2076 1303 2134 rar
1329 2056 1405 2137 quia
1432 2055 1574 2118 succedit
1601 2071 1743 2135 aurorae;
1769 2055 1871 2119 nihilo
1898 2054 1989 2118 minus

493 2157 629 2216 Centum
653 2174 728 2214 vero
750 2163 827 2214 sunt
848 2155 934 2213 ictus
951 2154 1070 2232 quibus
1091 2156 1203 2229 depre-
1259 2154 1375 2216 ialsum
1394 2163 1442 2217 est
1459 2177 1466 2216 :
1483 2153 1636 2237 quoniam
1655 2154 1689 2215 in
1710 2153 1871 2238 principio
1885 2151 1990 2215 crearit

452 2254 546 2313 tensi
564 2254 600 2312 in
619 2255 784 2314 adulterio
797 2254 1021 2329 flagellantur.
1038 2250 1124 2313 Istud
1149 2271 1204 2314 ne·
1257 2253 1341 2314 Deus
1366 2253 1482 2316 coelnm
1507 2260 1539 2314 ct
1561 2261 1688 2330 terram,
1715 2252 1912 2334 creandoque
1938 2260 1989 2312 ter-

453 2369 515 2433 que
537 2351 571 2412 in
589 2350 775 2432 evangelica
795 2369 900 2432 neque
922 2349 955 2411 in
975 2349 1111 2413 Mosaios
1133 2349 1202 2432 lege
1258 2371 1337 2430 ram,
1360 2351 1480 2415 creavit
1500 2351 1594 2414 simul
1614 2359 1647 2414 et
1667 2351 1730 2414 alia
1751 2351 1812 2414 tria
1834 2351 1987 2414 elementa.

452 2450 587 2512 habetur
603 2473 610 2512 ε
628 2449 693 2513 imo
708 2449 741 2511 in
757 2449 827 2530 lege
845 2447 960 2530 Moysis
973 2448 1056 2530 jussi
1072 2448 1203 2511 inerunt
1257 2449 1344 2512 Unde
1368 2449 1400 2511 in
1422 2449 1536 2513 Genesi
1561 2449 1607 2512 sic
1629 2449 1748 2532 legitur
1764 2473 1773 2512 ε
1789 2449 1823 2512 ln
1844 2447 1988 2532 principio
2000 2470 2078 2520 ruera.

299 2561 351 2608 ta.
359 2577 394 2616 ιι,
404 2566 436 2608 to.
451 2548 586 2610 adulteri
615 2547 760 2630 lapidari.
780 2547 866 2610 lstud
895 2556 1002 2610 tamen
1030 2555 1135 2629 potest
1163 2548 1201 2610 ad
1258 2548 1377 2611 creavit
1390 2548 1472 2610 Deus
1487 2547 1605 2611 coelum
1626 2555 1658 2610 et
1672 2555 1800 2626 terram,
1816 2557 1848 2610 et
1866 2547 1989 2610 tenebre

450 2645 503 2726 jus
519 2645 694 2726 positivum
712 2653 866 2727 spectare.
1257 2655 1347 2708 erant
1361 2665 1456 2729 super
1476 2646 1592 2710 taciem
1612 2645 1729 2728 abyssi,
1746 2655 1778 2709 et
1796 2645 1927 2727 Spiritus
1940 2646 1988 2708 De

490 2744 654 2824 Praeterca,
683 2744 723 2806 ad
752 2751 934 2824 praetactam
965 2744 1122 2808 Mahomct
1154 2763 1202 2807 re·
1257 2745 1336 2807 rnini
1350 2743 1512 2808 ferebatur
1532 2764 1628 2828 super
1647 2763 1757 2827 aquas.
1774 2743 1842 2809 Non
1862 2763 1932 2826 ergo
1952 2752 1989 2806 tc-

451 2842 657 2924 sponsionem
670 2842 789 2924 adjecit
801 2841 926 2904 tudens
940 2842 1049 2904 omnia
1062 2861 1138 2904 vera
1153 2862 1201 2906 es·
1256 2843 1361 2906 nebrae
1383 2852 1614 2925 precesserunt
1634 2863 1734 2906 mare.

451 2960 485 3004 se
511 2964 517 3001 :
542 2959 678 3022 quorum
702 2948 809 3002 tamen
835 2938 957 3002 ialsitas
982 2958 1040 3021 pro
1060 2939 1199 3003 maxima
1295 2942 1437 3024 Insuper,
1454 2943 1612 3025 quomodo
1632 2942 1772 3006 tenebre
1791 2950 1880 3005 crant
1897 2941 1933 3004 de
1948 2939 1988 3002 ln-

450 3047 540 3121 parte
561 3038 627 3120 jam
649 3039 761 3120 patuit.
1218 3041 1409 3121 Gce,quum
1424 3041 1561 3104 tenebre
1573 3039 1745 3123 positivum
1760 3040 1805 3104 nil
1820 3041 1987 3116 dicantnco
2099 3019 2100 3101 i

1256 3141 1320 3204 sint
1334 3139 1489 3203 terminus
1504 3140 1641 3221 alicujus
1656 3140 1752 3203 realis
1767 3140 1986 3223 productionist

1255 3239 1404 3303 Tenebrae
1431 3256 1568 3321 quoque,
1583 3238 1673 3319 juxta
1697 3239 1835 3303 litteram
1859 3238 1985 3317 Genesis,

659 3311 905 3376 ARTIGULUS
931 3311 990 3374 VI·
1255 3338 1360 3401 lucem
1383 3336 1583 3420 praecessisse
1608 3347 1800 3401 censentur:
1817 3356 1891 3420 ergo
1913 3346 2073 3401 tenerent.
2098 3406 2099 3409 Ἴ

449 3452 626 3529 Responsio
639 3452 762 3512 Mallon
780 3453 932 3510 mendosa
947 3452 991 3510 ad
1008 3450 1201 3528 quaesciones
1256 3436 1319 3499 brae
1337 3455 1402 3500 non
1422 3443 1513 3499 erant
1533 3435 1572 3499 de
1587 3435 1671 3516 luce,
1687 3436 1719 3499 id
1734 3446 1783 3499 est
1796 3445 1868 3520 pust
1881 3436 1984 3499 luceru.
2098 3442 2099 3508 i

644 3542 803 3620 quasdam
823 3549 999 3619 sequentes.
1255 3534 1318 3598 Nee
1334 3542 1438 3617 potest
1457 3533 1592 3617 intelligi
1607 3535 1646 3597 de
1666 3534 1737 3598 luce
1758 3535 1867 3599 divina
1880 3534 1987 3597 increa-

1255 3641 1298 3711 ta,
1318 3642 1447 3712 aeterna,
1468 3632 1543 3714 quia
1567 3633 1606 3695 de
1632 3632 1703 3695 luce
1728 3651 1803 3696 mox
1827 3633 1984 3697 subditur:

519 3729 646 3793 uoluti
670 3747 796 3811 quoque
819 3728 944 3792 ludaens
966 3752 973 3790 :
994 3732 1151 3800 Procede,
1171 3732 1201 3790 si
1256 3756 1273 3793 o
1288 3733 1386 3795 Luxu
1405 3740 1473 3794 erat
1491 3754 1508 3791 o
1524 3732 1564 3795 de
1584 3730 1683 3795 verbo
1698 3754 1727 3795 u.
1744 3730 1897 3806 Quocirca
1914 3748 1987 3814 qne·

526 3832 646 3907 placet,
668 3836 698 3887 et
723 3846 846 3904 expone
870 3831 1026 3908 quomodo
1044 3830 1135 3904 sacto
1154 3838 1200 3889 est
1257 3833 1401 3912 rendum,
1427 3850 1496 3913 queo
1524 3832 1587 3911 lux,
1618 3832 1656 3895 de
1684 3849 1747 3913 quo
1778 3832 1874 3895 verbo
1900 3831 1986 3893 iuissc
2097 3850 2098 3916 p

450 3939 543 3990 terra
564 3937 596 3988 et
619 3936 754 3997 ntentes,
779 3936 809 3987 et
834 3947 907 4005 quoe
931 3928 978 3986 eis
1000 3929 1148 3998 nomina,
1170 3937 1200 3988 et
1255 3929 1390 3991 dicatur.
1407 3929 1532 3992 Scimus
1553 3928 1702 4012 equidem
1726 3928 1803 4011 quia
1827 3929 1985 3993 secundum

449 4029 581 4107 quando
597 4027 935 4101 sueruntRespondit
946 4046 957 4083 :
969 4027 1100 4086 Creactt
1114 4029 1201 4087 Deus
1256 4026 1422 4089 veritatem
1436 4044 1494 4107 per
1508 4024 1645 4088 Verbum
1661 4025 1716 4088 Dei
1736 4023 1822 4089 iacta
1842 4033 1912 4089 sunt
1929 4042 1985 4088 orn

448 4129 559 4188 Adam
573 4126 613 4184 de
632 4126 833 4193 limo,lintus
851 4132 961 4183 autern
980 4132 1052 4183 erat
1071 4126 1112 4183 de
1126 4142 1201 4200 spu·
1256 4124 1320 4201 nia,
1337 4124 1421 4187 sieut
1436 4124 1467 4186 S.
1484 4124 1620 4187 loannes
1639 4123 1672 4186 in
1694 4124 1742 4186 sui
1764 4124 1891 4189 exordio
1904 4142 1985 4187 evan·

449 4244 516 4295 mo,
531 4241 647 4300 apum
661 4224 702 4281 de
712 4224 878 4297 procellis,
885 4225 1030 4297 procella
1044 4224 1085 4281 de
1100 4226 1199 4295 mari,
1215 4228 1241 4290 1)
1254 4221 1330 4304 gelii
1352 4222 1494 4304 loquitur
1511 4245 1518 4283 :
1534 4222 1569 4284 ln
1589 4222 1748 4304 principio
1768 4230 1837 4285 erat
1851 4223 1983 4298 Verbum,
2005 4240 2061 4282 rm.
2076 4244 2097 4283 ι,

449 4342 542 4382 mare
564 4324 605 4381 de
629 4320 782 4389 tenebris,
809 4321 948 4379 tenebrae
971 4322 1011 4379 de
1035 4324 1117 4391 luce,
1140 4324 1200 4381 lue
1255 4330 1287 4383 et
1300 4322 1438 4385 Verbum
1458 4329 1526 4384 erat
1545 4321 1630 4402 apud
1650 4320 1760 4400 Deum,
1779 4329 1810 4383 et
1832 4321 1911 4384 Deus
1929 4325 1985 4382 erat
1998 4305 2032 4353 ¹⁸³·
2096 4288 2097 4324 ¹

449 4422 490 4480 de
504 4420 611 4489 verbo,
627 4419 760 4477 verbum
776 4418 817 4476 de
830 4418 1036 4493 capitatione,
1046 4420 1200 4495 copitatio
1256 4420 1393 4483 Verbum
1406 4443 1414 4499 3
1427 4420 1534 4483 omnia
1549 4438 1607 4502 per
1621 4417 1727 4499 ipsum
1742 4417 1828 4481 iacta
1843 4428 1921 4481 sunt.
1934 4416 1984 4479 Sed

449 4520 490 4576 de
504 4517 693 4594 hyacintho,
708 4516 907 4593 hyacintbus
926 4518 967 4575 de
984 4527 1158 4593 praecepto.
1255 4519 1294 4581 de
1319 4517 1379 4581 isto
1404 4519 1507 4583 Verbo
1532 4536 1596 4581 non
1621 4518 1762 4599 loqnitnr
1785 4516 1905 4595 lishon,
1919 4532 1984 4597 qno

488 4612 571 4674 Ecce
595 4610 696 4693 qualis
722 4611 905 4692 responsio!
921 4611 1029 4694 ltaque
1048 4612 1196 4691 latemur,
1255 4616 1342 4679 niam
1371 4616 1470 4697 impie
1502 4625 1597 4698 negat
1629 4614 1719 4679 illud.
1750 4616 1815 4680 lloc
1846 4616 1983 4698 siqnidem
2095 4680 2096 4693 ,

449 4712 536 4793 quod
550 4710 719 4789 elementa,
731 4729 830 4792 quum
846 4710 910 4772 sint
923 4711 1112 4792 qualitatum
1129 4731 1200 4775 con·
1256 4713 1393 4776 Verbum
1419 4722 1467 4777 est
1491 4714 1673 4796 unigenitus
1698 4714 1796 4777 Vilius
1825 4714 1889 4795 hei,
1913 4713 1983 4775 sicut
2095 4695 2096 4731 ¹

450 4809 630 4887 tranianum,
651 4808 685 4871 in
711 4828 745 4871 se
769 4808 909 4872 invicem
932 4818 1041 4890 agunt,
1062 4830 1199 4893 parsque
1256 4812 1457 4875 beatissimus
1475 4812 1520 4875 ait
1534 4812 1729 4895 evangelista
1748 4813 1883 4877 loannes
1899 4837 1905 4875 :
1921 4812 2066 4873 Ver-unu

449 4909 546 4972 unius
567 4914 706 4970 mutatur
725 4907 759 4969 in
780 4905 922 4969 alteram.
938 4907 1047 4970 Limus
1073 4926 1198 4990 quoqne
1254 4910 1330 4974 burn
1353 4930 1426 4975 caro
1447 4910 1566 4975 iactum
1589 4920 1647 4989 est,
1664 4921 1695 4975 et
1714 4910 1870 4976 habitavit
1888 4912 1919 4974 in
1937 4926 1983 4973 no

449 5008 534 5071 unde
549 5006 720 5070 formatum
736 5014 785 5068 est
799 5005 894 5086 primi
913 5004 1053 5068 hominis
1069 5026 1196 5089 corpus,
1255 5009 1315 5087 bis,
1325 5018 1356 5073 et
1371 5010 1507 5073 vidimus
1521 5010 1655 5092 gloriam
1670 5010 1751 5091 ejus,
1759 5010 1892 5092 gloriam
1905 5006 1982 5091 qnasi

448 5127 513 5170 non
535 5104 597 5168 init
618 5113 700 5167 terra
722 5104 850 5185 penitus
872 5122 950 5184 pura
967 5127 974 5165 :
992 5104 1056 5167 imo
1082 5124 1198 5187 corpus
1254 5108 1414 5190 Unigeniti
1433 5129 1453 5171 a
1471 5108 1570 5189 Patre,
1588 5108 1717 5191 plenum
1737 5108 1846 5191 gratie
1866 5118 1895 5173 et
1915 5106 1983 5171 rcri-

447 5206 549 5289 ipsins
571 5202 692 5267 exstitit
710 5201 856 5264 mixtum.
874 5202 934 5264 Sed
954 5204 1039 5283 quod
1054 5203 1109 5266 illa
1124 5224 1198 5286 pars
1254 5206 1338 5270 tatis.
1365 5206 1408 5269 De
1434 5208 1532 5272 verbo
1554 5206 1683 5271 demum
1714 5206 1767 5271 hie
1792 5208 1907 5272 dicitnr
1926 5229 1933 5268 :
1952 5204 1982 5269 lit

448 5314 539 5369 terrae
560 5303 600 5365 de
622 5320 685 5383 qua
707 5318 823 5382 corpus
844 5300 918 5363 ddae
939 5300 1110 5383 formatum
1136 5311 1195 5384 est,
1255 5305 1419 5370 «verbum
1435 5307 1474 5370 de
1489 5306 1689 5389 cogitatione,
1705 5306 1855 5389 cogitatio
1873 5304 1983 5387 dchya-
2093 5342 2094 5393 3
