4309 6250
523 526 643 574 course
664 526 831 573 rnnrrnun
851 526 1022 585 unaarum,
1045 526 1135 574 arnan
1157 528 1201 575 ιιι.
1223 546 1265 557 -
1284 528 1354 575 aar.
1377 529 1411 575 xi
1678 510 1739 575 887

186 697 409 760 extenderetur
433 714 489 779 per
516 716 642 779 aquam,
669 716 787 777 aerem,
815 698 933 779 ignem,
949 699 976 761 Α
992 718 1103 770 neum,
1133 702 1228 777 infra
1262 702 1416 777 infernas
1449 702 1616 776 confusus,
1646 700 1741 775 infra

185 795 344 876 orbesque
369 795 463 875 lunas,
486 794 619 859 Veneris
642 804 736 877 atque
760 795 903 859 Mercurii
925 820 933 857 :
990 818 1082 858 mure
1097 800 1241 875 ipnenm,
1258 799 1352 874 infra
1372 816 1520 874 opaeum,
1537 798 1632 873 infra
1651 816 1742 857 more

184 893 271 973 quod
300 901 385 957 esset
412 892 605 957 inordinatio
632 894 780 971 maxima,
812 912 871 956 neo
899 912 935 959 os
986 899 1153 972 potentiae,
1177 898 1272 973 infra
1301 916 1393 956 mare
1421 897 1622 964 nebulosum,
1648 896 1743 971 infra

185 990 276 1053 bovis
301 990 461 1053 inveniret
483 1008 547 1071 quo
571 999 763 1054 vesceretur.
789 992 933 1074 Insuper,
990 996 1116 1062 laudes,
1141 995 1235 1070 infra
1257 993 1468 1070 plorificatio,
1493 994 1588 1069 infra
1612 994 1742 1062 solium,

184 1088 307 1151 dietum
337 1089 421 1151 istud
454 1097 504 1151 est
536 1089 637 1169 magis
672 1088 804 1151 stultum
839 1108 935 1172 quam
991 1092 1086 1167 infra
1101 1094 1225 1162 tabnto,
1242 1094 1336 1168 infra
1351 1094 1508 1159 calamna,
1525 1091 1620 1166 infra
1635 1092 1744 1167 majus

185 1186 295 1250 tabula
315 1187 506 1266 iudeorum,
527 1186 715 1269 ponentium
734 1187 936 1268 quod'Behe-
991 1208 1107 1249 nomen
1121 1191 1193 1252 Dei.
1209 1192 1269 1252 Ait
1285 1210 1296 1248 .·
1312 1192 1355 1251 Rt
1369 1190 1453 1268 qaid
1467 1190 1562 1264 infra
1574 1190 1590 1247 ι
1603 1191 1743 1265 Respon-

185 1286 275 1347 motb
289 1284 332 1347 sit
345 1282 403 1347 bos
418 1282 511 1365 cujus
526 1301 642 1366 eorpus
656 1292 705 1347 est
723 1293 845 1367 septem
865 1284 936 1347 mil·
989 1289 1041 1347 dit
1060 1308 1072 1347 .·
1087 1290 1228 1365 Infinita
1249 1290 1426 1367 qnoerendo
1442 1289 1663 1366 prosequeris,
1677 1289 1743 1349 Ab·

186 1381 327 1461 barium,
348 1391 381 1445 et
404 1390 499 1464 caput
522 1381 670 1445 milliaris
694 1382 801 1447 unius.
823 1382 933 1446 Adhuc
990 1386 1072 1453 dio:
1085 1388 1161 1465 quis
1175 1389 1267 1446 ultro
1278 1394 1394 1463 potest,
1400 1394 1524 1461 proeter
1538 1386 1625 1463 qnod
1639 1405 1745 1465 oepna·

185 1490 305 1561 autem,
322 1481 348 1544 si
364 1481 461 1564 pedes
476 1481 567 1546 bovis
583 1490 667 1545 stant
682 1500 779 1565 super
797 1482 934 1564 lapidem
991 1485 1033 1544 lis
1046 1494 1092 1544 est
1109 1486 1256 1563 undique
1270 1503 1399 1544 cererem
1414 1486 1649 1559 omnipotentia
1660 1486 1744 1546 Dei?

185 1580 307 1659 album,
327 1598 391 1644 non
413 1580 539 1644 videtur
560 1580 643 1643 ultra
662 1588 777 1643 terram
799 1581 935 1643 multum
1031 1580 1113 1645 Eece
1128 1582 1201 1663 quis
1222 1599 1364 1662 unquam
1384 1589 1447 1643 tarn
1468 1580 1697 1644 abominabilia
1711 1590 1743 1645 et

185 1678 346 1761 protendi,
364 1678 447 1741 sieut
471 1698 530 1741 nee
556 1678 637 1761 lapis
662 1678 716 1742 ille
733 1702 739 1739 :
757 1680 812 1742 sed
837 1697 935 1759 quum
991 1678 1303 1743 irrationabilissime
1330 1679 1455 1741 audivit
1487 1677 1676 1741 mendacial
1704 1680 1743 1742 Et

186 1776 268 1859 lapis
289 1786 460 1859 generetur
480 1797 518 1840 er
540 1785 634 1857 terra,
650 1779 810 1860 quomodo
826 1786 936 1841 tantus
991 1778 1120 1861 quidem
1135 1778 1174 1840 ad
1190 1778 1334 1841 omniurn
1355 1776 1470 1841 borum
1485 1778 1742 1860 reprobationem

187 1875 270 1957 lapis
291 1876 393 1958 potuit
417 1876 586 1958 generarit
611 1876 857 1940 Innumerabilia
883 1876 935 1941 bic
954 1878 1100 1942 Bvalent
1119 1895 1189 1959 quat
1211 1877 1277 1958 jam
1300 1875 1395 1957 paulo
1417 1884 1490 1938 anta
1511 1875 1653 1958 alibique
1673 1896 1743 1958 pas-
1769 1915 1847 1962 ffl„
1860 1922 1889 1963 ,,,

186 1982 318 2056 possent
333 1974 466 2052 moveri,
483 1975 538 2037 sad
554 1974 681 2038 taedium
698 1976 783 2058 parit
796 1976 936 2058 cogitare
992 1976 1053 2038 sim
1082 1983 1157 2037 sunt
1192 1974 1383 2037 introducta.
1413 1971 1533 2056 Nempe
1566 1974 1794 2037 secundumn·

185 2074 226 2136 de
248 2073 425 2136 mendaciis
447 2074 491 2136 ita
512 2074 709 2137 enormibus.
838 2075 842 2083 '
992 2074 1070 2151 bec,
1088 2072 1258 2154 dispositio
1277 2092 1383 2135 rerum
1403 2090 1533 2153 prorsus
1552 2072 1742 2136 innaturalis

226 2172 371 2254 Insuper,
386 2172 440 2235 ubi
456 2181 518 2235 stat
532 2192 624 2236 mons
640 2173 694 2235 ille
710 2172 834 2237 itineris
849 2174 937 2238 mille
992 2180 1077 2235 esset
1104 2180 1199 2253 atque
1227 2171 1371 2233 conlusa.
1401 2171 1505 2245 Quum
1539 2170 1625 2233 enim
1661 2180 1743 2234 tarra

186 2270 491 2334 annorumlllontes
506 2271 591 2335 enim
609 2280 834 2354 superterram
850 2282 935 2351 sunt,
992 2270 1120 2352 gravior
1141 2270 1184 2331 sit
1211 2288 1304 2351 aqua,
1330 2289 1394 2333 non
1419 2269 1572 2332 convenit
1596 2270 1689 2333 terris
1712 2280 1745 2334 et

109 2410 171 2439 ,m
187 2388 252 2432 non
268 2368 328 2431 sub
344 2376 437 2431 tarra.
454 2369 607 2452 Superius
630 2370 725 2433 etiam
746 2371 836 2451 dixit,
852 2372 937 2453 quod
994 2370 1135 2433 maribus
1161 2369 1207 2431 sie
1228 2368 1415 2450 interposite
1434 2367 1594 2432 collocari.
1613 2370 1745 2433 Verum-

186 2466 360 2549 spatiuma
375 2468 467 2531 nobis
482 2470 638 2551 usquead
654 2470 804 2532 infimum
820 2470 937 2533 coelum
994 2475 1100 2530 tamen
1114 2475 1164 2530 est
1177 2467 1382 2550 quarendum
1402 2486 1444 2529 an
1464 2467 1565 2529 maria
1583 2467 1644 2530 ista
1663 2468 1746 2531 divi-

186 2566 230 2628 sit
253 2565 501 2647 quingentorum
526 2586 684 2631 annorum
711 2592 718 2630 :
746 2587 821 2651 ergo
846 2587 937 2632 mons
992 2566 1073 2629 dunt
1096 2574 1195 2628 terras
1220 2565 1261 2628 ab
1290 2565 1442 2645 invicem,
1470 2564 1515 2627 ita
1542 2566 1628 2647 quod
1653 2574 1744 2630 terre

186 2664 243 2726 ille
258 2672 343 2727 esset
357 2664 390 2727 in
409 2664 507 2747 duplo
526 2665 630 2747 major
649 2686 705 2729 seu
723 2667 817 2730 altior
836 2667 937 2749 spatio
993 2664 1061 2727 istoe
1080 2664 1146 2727 sint
1168 2664 1300 2727 omnino
1322 2683 1342 2725 a
1365 2682 1399 2726 se
1420 2663 1560 2727 invicem
1579 2674 1743 2746 separatae,

185 2762 275 2844 quod
299 2771 348 2825 est
371 2771 493 2826 aterra
517 2783 617 2846 usque
641 2766 680 2827 ad
707 2764 856 2828 infimum
876 2784 939 2829 eoe·
993 2762 1040 2829 sic
1059 2763 1144 2843 quod
1160 2782 1224 2824 una
1245 2781 1310 2825 non
1332 2761 1374 2825 sit
1387 2781 1461 2844 pars
1479 2761 1624 2843 alterius,
1640 2781 1745 2844 neque

187 2861 267 2941 lum,
297 2880 398 2943 quum
427 2870 532 2925 umen
562 2864 650 2926 solus
679 2883 733 2927 aer
761 2864 802 2927 sit
838 2864 938 2927 multo
993 2860 1144 2941 contigua
1166 2860 1287 2923 alteri:
1314 2879 1378 2943 quo
1402 2860 1488 2938 dato,
1514 2867 1609 2922 erunt
1636 2862 1745 2923 multa

186 2958 294 3040 maior
320 2977 416 3039 quarn
444 2968 538 3022 terra.
568 2961 637 3023 Jam
665 2979 790 3043 quoque
819 2960 939 3042 praeha-
994 2958 1581 3039 terraeleruentares3etquaerendum
1596 2960 1744 3022 annnius

46 3082 172 3138 :apr-aa.
185 3057 292 3121 bitum
317 3065 376 3137 est,
392 3058 476 3141 quod
501 3059 623 3141 prolata
647 3060 766 3123 Judicis
790 3060 846 3123 illa
868 3057 975 3123 sen-(l
994 3058 1058 3120 sint
1085 3057 1214 3140 speciei.
1241 3056 1358 3120 Eadem
1387 3076 1513 3140 quoque
1536 3058 1576 3120 de
1601 3058 1744 3121 maribus

74 3180 158 3225 ιιιιιι.
187 3158 300 3235 tentia,
320 3158 376 3237 lte,
397 3157 569 3239 maledicti,
591 3159 624 3221 in
645 3159 751 3242 ignem
770 3168 935 3239 aternum,
993 3165 1067 3220 sunt
1090 3157 1239 3238 petenda.
1255 3155 1293 3218 Et
1317 3155 1344 3217 si
1369 3156 1465 3218 unius
1483 3165 1591 3218 essent
1609 3156 1742 3238 speciei,

46 3248 135 3294 ¹¹'’⁴¹·
188 3256 354 3338 aperiente
368 3265 451 3319 terra
465 3274 502 3319 os
517 3275 623 3336 suum,
640 3257 766 3340 reprobi
783 3277 855 3322 mox
871 3277 939 3322 cor·
994 3255 1079 3318 idem
1103 3255 1252 3318 omnibus
1278 3261 1474 3336 competeret
1498 3253 1597 3317 locus.
1624 3254 1661 3317 Et
1687 3274 1745 3317 cur

188 3362 284 3418 ruent
305 3354 338 3416 in
360 3354 535 3418 infernum.
994 3354 1125 3435 ponitur
1137 3353 1302 3435 pluralitas
1318 3353 1378 3416 ista
1388 3361 1544 3416 terrarum
1558 3373 1596 3416 ac
1607 3353 1744 3416 marium

228 3452 349 3515 Deinde
364 3460 541 3534 sequuntur
554 3451 652 3515 verba
672 3453 878 3536 praeinductis
897 3455 939 3517 ir·
994 3450 1063 3514 sine
1086 3451 1300 3514 necessitatel

187 3549 438 3628 rationabiliora,
455 3549 543 3614 omni
564 3551 704 3614 amentia
724 3570 854 3633 prorsus
873 3553 939 3635 ple·
1034 3549 1186 3632 Denique,
1223 3549 1384 3631 quomodo
1419 3549 1626 3632 congregabit
1661 3549 1744 3614 Deus

185 3647 334 3712 nissima.
344 3650 417 3719 Dio,
426 3650 508 3728 quid
522 3650 581 3710 snb
595 3651 723 3710 monte?
733 3653 911 3727 Respondit
927 3673 939 3712 .·
994 3667 1106 3712 omnes
1119 3647 1221 3729 justos
1236 3655 1462 3730 superterram
1476 3647 1564 3710 illam
1579 3648 1743 3731 prolatam

169 3731 304 3810 'Terra
321 3749 409 3810 Ait:
426 3749 518 3815 oooot
531 3749 563 3806 ei
577 3767 692 3808 nomen
705 3749 720 3806 i
733 3750 912 3824 Respondit
928 3771 940 3810 .·
994 3765 1064 3829 quae
1083 3754 1132 3809 est
1150 3747 1223 3809 alba
1242 3754 1278 3808 ut
1297 3746 1358 3825 lac,
1375 3746 1402 3808 si
1421 3754 1505 3809 terra
1519 3747 1576 3810 illa
1597 3756 1645 3810 est
1659 3746 1744 3810 inira

52 3861 171 3906 auaro·
188 3844 337 3909 Vuilea'.
358 3847 418 3908 Ait
433 3865 445 3904 .·
460 3846 548 3914 Quid
570 3847 629 3906 rub
651 3846 716 3906 ea?
733 3848 940 3922 Respondit:
995 3852 1041 3908 tot
1068 3852 1169 3907 terras
1196 3862 1235 3908 aa
1263 3843 1387 3906 marist
1411 3843 1450 3906 Et
1474 3863 1571 3926 quare
1596 3845 1651 3907 illa
1678 3853 1743 3908 tarn

46 3924 101 3966 “m
184 3947 293 4008 More.
310 3947 370 4008 Ait
391 3964 402 4004 .·
418 3947 510 4013 Quod
530 3947 564 4004 ei
580 3946 721 4006 nomem
734 3947 913 4021 Respondit
929 3967 941 4008 .·
994 3931 1112 4006 nobilis
1139 3961 1177 4005 ae
1206 3940 1358 4023 preclara
1386 3950 1470 4005 tarra
1498 3941 1671 4006 constituta
1695 3951 1744 4005 est

53 4059 118 4103 maa
132 4062 172 4104 sr-
185 4045 341 4106 Attiaeon
352 4045 374 4102 ¹.
391 4044 450 4104 Ait
466 4063 478 4102 :
493 4045 536 4105 Et
552 4043 635 4122 qaid
656 4044 761 4120 infra,
778 4051 816 4103 ut
829 4047 940 4105 omnio
995 4042 1054 4104 sub
1080 4040 1247 4103 vilioribus
1276 4040 1381 4121 terris,
1407 4059 1506 4124 quum
1535 4048 1641 4104 umen
1665 4060 1745 4124 prse-

46 4122 116 4166 ’Μ’
182 4161 249 4219 per
261 4142 412 4202 ordinem
426 4142 606 4201 edisseras?
619 4143 797 4216 Respondit
813 4161 825 4200 .·
837 4145 940 4203 Terra
995 4138 1202 4204 stantioribus
1224 4140 1314 4202 locus
1334 4139 1465 4221 dignior
1480 4139 1655 4202 debeaturl

51 4255 171 4300 masma
185 4241 354 4302 Atinatem
365 4243 390 4310 ²,
402 4241 495 4316 infra
510 4259 601 4300 mare
615 4241 695 4318 Zeyt
706 4241 832 4316 ',infra
849 4241 980 4306 terrai)
1035 4237 1192 4320 Amplius,
1212 4255 1283 4320 quae
1302 4245 1413 4301 eontra
1434 4238 1642 4302 assertionem
1667 4255 1747 4322 prat-

47 4317 107 4424 ἵζω
113 4381 172 4426 lm
186 4339 325 4402 Heribet
337 4343 361 4409 ¹,
378 4339 471 4416 infra
485 4340 554 4398 otia
570 4347 661 4399 terra
675 4341 806 4399 nomine
820 4340 938 4416 Apide,
995 4337 1052 4400 lati
1067 4338 1195 4419 objecta
1208 4347 1282 4401 sunt
1295 4337 1399 4416 bovis,
1410 4337 1632 4408 etiamcontra
1646 4337 1744 4421 hujus

54 4444 117 4514 (nu
127 4445 171 4489 Be·
185 4439 264 4498 alba
279 4445 316 4498 nt
331 4441 393 4508 tao,
409 4439 558 4498 redolens
573 4446 610 4498 nt
624 4457 766 4508 mamas,
781 4439 888 4498 moltis
903 4447 939 4498 at
994 4437 1202 4499 assertionem
1217 4436 1316 4519 piscis
1335 4435 1435 4517 objici
1456 4444 1601 4519 possunt.
1617 4435 1746 4500 Preter-

47 4505 79 4548 ’ὦ
185 4555 314 4602 erotus,
330 4537 442 4596 lucido
463 4543 500 4594 nt
524 4537 614 4596 lana.
631 4539 742 4612 Super
763 4537 847 4595 dano
867 4555 940 4596 con·
995 4555 1043 4612 ea,
1059 4535 1132 4616 quis
1152 4535 1229 4598 satis
1247 4535 1382 4597 miretur
1400 4535 1484 4616 quod
1504 4535 1564 4597 sub
1579 4535 1667 4617 pisce
1683 4535 1744 4601 boc

182 4635 337 4711 propedit
356 4637 445 4696 Deua
462 4653 571 4694 omnes
583 4635 705 4712 justos.
722 4636 822 4711 Infra
843 4635 938 4706 dune,
996 4634 1127 4716 ponitur
1140 4642 1254 4697 ventus
1274 4633 1435 4697 sustinens
1455 4635 1598 4715 piscemi
1613 4635 1652 4696 Et
1665 4651 1745 4716 quo·

52 4741 169 4811 'stim
185 4753 281 4793 mare
304 4733 545 4800 Albimtiam';
569 4733 662 4810 infra
683 4734 785 4810 piscis
809 4736 940 4794 nomine
996 4735 1090 4797 modo
1119 4741 1222 4814 potest
1250 4733 1358 4796 vivere
1387 4731 1486 4815 piscis
1516 4732 1581 4812 ille,
1611 4733 1673 4795 nisi
1710 4735 1743 4796 in

45 4803 171 4910 '5¹:5²2'st
185 4831 396 4902 dimittier,
409 4833 505 4909 cajus
518 4841 616 4909 eaput
631 4835 666 4893 in
682 4834 819 4904 oriente,
834 4835 940 4893 canda
996 4835 1099 4914 aquai
1115 4833 1176 4894 Cur
1190 4849 1266 4913 ergo
1281 4831 1394 4895 subeo
1409 4851 1473 4895 non
1488 4831 1620 4916 ponitur
1632 4837 1743 4896 marei

45 4927 119 4972 aian
185 4931 225 4990 in
250 4930 425 5000 occidente,
440 4949 541 5006 supra
564 4933 661 5009 cnjus
683 4935 817 4992 dorsum
843 4941 941 4991 terro
996 4938 1050 4992 aut
1076 4931 1236 5012 quomodo
1264 4929 1332 5012 ipse
1359 4930 1490 5012 ponitur
1517 4929 1575 4992 sub
1604 4930 1684 4993 mari
1713 4941 1745 4995 et

184 5037 216 5087 et
232 5029 357 5097 maria,
373 5030 591 5099 tenebraren-
604 5039 635 5090 et
650 5040 772 5091 montes
787 5050 888 5110 usqne
904 5032 939 5091 in
996 5047 1092 5110 supra
1120 5032 1273 5092 ventumt
1307 5028 1350 5091 De
1383 5026 1523 5091 tonitruo
1554 5046 1681 5110 quoque
1713 5036 1745 5092 et

182 5132 287 5204 fierem
312 5131 505 5188 soculorum
514 5149 529 5197 ,·
552 5129 647 5205 infra
666 5130 800 5206 piscem,
826 5139 941 5190 ventas
997 5125 1123 5208 fulgure
1151 5126 1324 5208 suppositis
1349 5133 1444 5189 vento
1472 5126 1677 5207 quaerendum
1702 5147 1743 5189 an

178 5227 308 5303 piscem
322 5226 486 5287 continens
493 5228 609 5304 ,infra
630 5249 732 5300 mona,
750 5231 844 5306 infra
860 5231 941 5290 toni·
997 5225 1195 5288 incessanter
1217 5224 1250 5286 in
1275 5232 1347 5288 actu
1371 5223 1436 5285 sint
1466 5223 1523 5304 ibi,
1550 5231 1582 5285 et
1608 5225 1743 5306 qualiter

183 5334 298 5395 trans,
309 5327 405 5402 infra
418 5327 549 5405 sulpur,
559 5329 618 5388 aab
632 5328 683 5388 his
698 5349 789 5388 mare
804 5331 939 5407 sonpui·
998 5328 1041 5391 ibi
1056 5333 1249 5410 generentur
1263 5343 1300 5386 aa
1322 5323 1397 5402 sint,
1413 5341 1513 5406 quum
1527 5322 1686 5387 tonitruus
1701 5325 1743 5388 sit
