4309 6250
417 532 456 579 DE
476 530 639 579 uramara
660 530 697 577 ΕΙ·
717 530 865 578 Mourena
885 530 913 577 B.
938 532 967 577 l'.
989 530 1106 588 utum,
1128 531 1218 578 LIBER
1237 531 1271 578 ll.
1293 550 1333 561 ·-
1353 530 1423 578 ΔΜ.
1446 532 1500 577 111
1693 512 1733 575 97

179 700 259 761 dum
283 700 360 781 quid
389 700 423 762 iu
448 700 556 763 arduis
583 708 677 782 atque
706 700 863 781 ambiguis
892 699 972 761 sith
1027 699 1102 773 Quis
1130 718 1206 781 ergo
1233 718 1319 763 nune
1347 699 1567 762 sacratissimae
1599 697 1735 779 virginis

180 798 340 879 agendum
365 805 421 860 aut
444 797 641 875 evitandum,
664 798 697 859 in
721 797 838 878 quibus
861 816 933 879 pro
987 796 1089 859 llariae
1108 798 1310 879 prudentiam
1332 796 1408 859 satis
1431 804 1527 879 queat
1550 795 1657 859 mirari
1682 802 1736 857 aut

181 892 325 956 videntia
353 893 493 955 humana
521 892 591 955 sine
618 892 795 955 directione
823 910 933 973 super·
986 894 1083 975 digne
1104 894 1243 974 laudare,
1265 914 1363 977 quum
1386 895 1455 978 ipsa
1476 892 1736 975 incomparabilis

181 990 320 1053 naturali
354 990 465 1052 divina
493 1009 556 1053 non
585 990 719 1053 suflicit.
751 990 815 1052 lloc
848 990 931 1053 douo
987 992 1120 1055 Domina
1147 992 1180 1054 in
1209 994 1297 1056 omni
1326 992 1568 1056 conversatione
1596 1010 1664 1069 sua,
1702 990 1736 1053 in

182 1086 309 1149 consilii
334 1086 525 1149 electissima
550 1088 640 1169 virgo
664 1086 759 1149 llaria
782 1084 843 1149 luit
866 1094 930 1149 tarn
986 1090 1073 1151 omni
1099 1090 1213 1153 domas
1238 1110 1303 1153 suae
1327 1090 1494 1173 regimine,
1515 1089 1657 1171 inomni
1678 1107 1736 1151 sua

181 1184 289 1267 plena,
297 1185 381 1266 quod
396 1185 430 1246 iu
445 1184 569 1248 cunctis
583 1184 765 1266 hujusmodi
782 1183 931 1266 aSpiritu
986 1186 1153 1263 electione,
1173 1206 1337 1269 nunquam
1362 1186 1534 1249 excesserit
1558 1204 1663 1267 neque
1687 1204 1736 1248 er·

181 1282 299 1345 Sancto
320 1280 556 1345 indeviabiliter
575 1281 781 1363 dirigebatur,
802 1281 930 1363 etquid
986 1284 1115 1362 raverit,
1136 1303 1245 1347 verum
1269 1284 1302 1345 in
1326 1283 1450 1346 cunctis
1473 1283 1620 1346 habuerit
1639 1302 1674 1345 se
1693 1282 1736 1345 ir·

181 1379 341 1461 agendum
364 1388 420 1442 aut
443 1378 653 1444 omittendum
677 1388 771 1459 esset,
792 1396 850 1461 per
873 1398 931 1441 uu·
987 1381 1289 1463 reprehensibiliter,
1315 1380 1471 1458 ordinate,
1499 1381 1588 1463 regia
1617 1380 1736 1463 jugiter

181 1478 322 1541 ctionem
356 1486 389 1541 et
422 1476 663 1559 inspirationem
703 1476 927 1540 instruebatur.
985 1480 1038 1541 via
1066 1477 1229 1557 incedens,
1253 1486 1285 1541 et
1312 1497 1475 1561 nunquam
1503 1480 1542 1541 ad
1571 1479 1733 1542 dexteram

181 1574 246 1639 Nec
266 1576 300 1638 in
318 1595 356 1639 ea
374 1575 486 1639 habuit
504 1576 609 1639 locum
632 1575 711 1637 illud
730 1574 899 1659 Sapientia
921 1598 928 1636 ε
986 1584 1040 1640 aut
1054 1576 1215 1639 sinistram
1230 1576 1540 1656 declinans,summe
1554 1576 1733 1657 adimplens

9 1694 66 1751 sap.
79 1698 164 1744 mu.
181 1674 313 1737 lucertae
332 1682 406 1736 sunt
426 1674 633 1755 providentie
648 1682 785 1751 nostrae3
803 1674 857 1736 sed
873 1672 932 1735 im·
985 1674 1064 1737 illud
1077 1675 1349 1757 Apostoli,0mnia
1363 1675 1496 1739 honeste
1510 1684 1542 1737 et
1555 1675 1732 1737 secundum
1759 1698 1878 1753 roman,

182 1772 285 1855 plevit
319 1771 504 1854 plenissime
538 1771 622 1853 quod
651 1772 695 1834 ait
728 1770 892 1853 Scriptura
921 1794 928 1833 ε
985 1773 1131 1837 ordinem
1154 1773 1236 1836 liant
1259 1774 1293 1835 in
1318 1773 1431 1837 vobist
1452 1774 1531 1836 Vere
1555 1773 1733 1854 prudentis·
1747 1766 1782 1808 ⁸⁰·

61 1893 150 1936 scau.
182 1872 264 1933 Ante
279 1888 406 1933 omnem
421 1878 527 1933 actum
542 1870 700 1953 praecedat
714 1877 744 1932 tc
760 1868 930 1933 consilium
948 1872 971 1933 B
987 1871 1068 1933 sima
1082 1890 1211 1952 pmrsus
1226 1871 1331 1950 blaria,
1347 1889 1417 1952 quat
1431 1871 1478 1932 sic
1498 1870 1734 1934 ferventissima

15 1970 107 2001 ¹¹¹'¹¹·
124 1959 165 1998 ²⁰·
182 1968 308 2031 stabile.
986 1969 1056 2046 luit,
1084 1978 1118 2031 ut
1145 1969 1247 2033 nihilo
1273 1970 1379 2031 minus
1404 1970 1437 2031 in
1463 1970 1588 2032 cunctis
1616 1970 1734 2033 discre-

223 2068 342 2148 ltaque,
359 2086 416 2149 per
436 2064 728 2149 splendidissimum
748 2066 868 2129 donum
884 2066 931 2127 in·
986 2066 1109 2129 tissima
1130 2066 1237 2145 luerit,
1257 2067 1574 2131 rationabilissimum
1595 2068 1658 2131 Deo
1679 2068 1735 2131 ob-

181 2165 340 2246 tellectns,
369 2164 536 2247 aptissima
562 2172 657 2245 atque
692 2163 931 2245 promptissima
987 2164 1134 2246 sequium
1157 2165 1391 2228 incessabiliter
1410 2166 1574 2245 oilereus;
1590 2184 1660 2247 que
1674 2183 1734 2229 nec

180 2262 244 2325 luit
259 2262 465 2327 serenissima
484 2261 574 2343 virgo
589 2262 684 2323 llaria
704 2279 742 2323 ea
763 2279 833 2342 quaa
852 2259 929 2323 lidei
987 2264 1020 2325 in
1036 2262 1120 2342 cibo,
1137 2272 1224 2345 potu,
1241 2282 1365 2343 somno,
1382 2263 1510 2343 vestitu,
1526 2262 1636 2341 verbo,
1648 2270 1733 2341 aeta,

180 2370 255 2423 sunt
284 2360 493 2424 subtilissime
521 2359 649 2437 intueri,
679 2377 795 2422 nerum
824 2366 855 2421 et
882 2377 932 2422 or·
986 2362 1205 2445 dispositione,
1220 2381 1280 2425 nec
1302 2361 1334 2423 in
1355 2361 1462 2443 aliquo
1483 2360 1557 2425 vita
1578 2380 1643 2424 sue
1664 2379 1737 2443 pro-

179 2458 300 2537 dincm‚
323 2458 564 2522 consonantiam
587 2475 625 2519 ac
651 2456 929 2519 rationabilitatem
987 2479 1080 2523 cessa
1095 2478 1236 2541 unquam
1257 2459 1423 2522 venialiter
1444 2459 1556 2522 saltem
1578 2458 1733 2540 peccavit.

180 2556 385 2619 credibilium
400 2557 475 2619 dum
490 2554 598 2619 omnia
612 2562 861 2637 comportantur,
877 2554 931 2617 de·
987 2558 1010 2621 Ο
1030 2577 1126 2639 quam
1146 2558 1435 2639 superhumanum,
1450 2576 1545 2639 quam
1566 2556 1737 2620 admirabi-

180 2654 373 2717 lectabiliter
395 2652 616 2735 contemplari,
642 2652 829 2734 dignitatem
854 2669 931 2733 quo-
988 2657 1029 2737 le,
1052 2675 1149 2737 quam
1170 2656 1438 2738 gratiosissimum
1459 2656 1521 2719 luit
1538 2655 1620 2719 hoel
1637 2656 1736 2729 Quam

179 2770 241 2833 que
254 2760 387 2815 suamet
400 2751 573 2833 gratiarum
586 2768 712 2813 suarum
724 2750 930 2812 eminentiam
988 2753 1295 2833 misericordissime,
1307 2753 1511 2836 paternaliter
1524 2762 1557 2816 et
1567 2753 1737 2816 incessabi-

180 2850 396 2929 considerare‚
423 2868 459 2912 ac
488 2856 617 2931 propter
645 2847 712 2911 haec
741 2847 805 2911 Deo
833 2848 930 2911 devo-
987 2852 1058 2914 liter
1072 2853 1155 2915 Deus
1174 2851 1375 2933 omnipotens
1390 2870 1480 2913 suam
1501 2850 1737 2933 praedilectissi-

180 2948 323 3011 tissimas
344 2948 518 3028 rependere
531 2954 648 3028 grates.
665 2946 724 3009 Per
743 2947 862 3009 donum
878 2964 931 3007 ve-
988 2969 1072 3012 mam
1100 2968 1262 3031 sponsam,
1289 2948 1418 3011 llatrem
1442 2967 1478 3011 ac
1503 2947 1606 3010 liliam
1632 2956 1739 3011 custo·

180 3065 215 3109 ro
241 3045 381 3124 consilii,
403 3045 466 3108 luit
487 3043 739 3107 familiarissime
764 3062 801 3105 ac
828 3043 931 3126 speci·
950 3046 972 3109 C
988 3048 1081 3126 divit,
1096 3047 1222 3126 direxit,
1238 3046 1377 3130 protexit
1398 3046 1432 3107 in
1454 3045 1624 3109 omnibust

179 3145 322 3208 alissime
342 3153 467 3208 assueta
486 3143 608 3208 moveri
628 3163 646 3206 a
671 3143 790 3224 Spiritu
815 3143 931 3206 Sancto
1027 3147 1098 3210 llaee
1113 3165 1238 3209 summe
1253 3145 1428 3208 benedictae
1442 3145 1545 3208 ldariae
1565 3145 1737 3227 prudentia

179 3243 317 3308 inomni
334 3241 493 3306 consiliari
510 3241 647 3323 negotio,
660 3239 693 3302 iu
709 3248 830 3303 tantum
846 3241 931 3321 quod
987 3245 1028 3307 ab
1046 3245 1135 3308 omui
1155 3243 1417 3326 precipitatione,
1434 3242 1735 3320 inconsideratione,

180 3342 251 3426 ipsa
266 3341 361 3404 unica
376 3341 471 3421 Virgo
486 3339 548 3402 luit
562 3357 685 3401 summe
700 3339 814 3402 idonea
835 3338 931 3400 etiam
987 3342 1211 3420 inconstantia,
1237 3341 1433 3423 negligentia
1454 3349 1486 3404 et
1510 3349 1636 3422 torpore
1659 3359 1738 3423 prar-

181 3440 255 3502 aliis
277 3437 487 3502 saluberrima
501 3436 649 3501 conferre
664 3436 809 3500 consilia.
988 3441 1127 3504 servavit
1153 3440 1311 3519 eamdem,
1340 3446 1373 3502 et
1400 3439 1502 3520 ipsam
1531 3437 1739 3501 incllabiliter

988 3538 1131 3621 quotidie
1158 3537 1235 3600 lecit
1258 3536 1427 3619 prolicere.
1453 3535 1584 3618 Nempe,
1609 3543 1645 3598 ut
1672 3555 1738 3598 ma·

987 3655 1070 3718 gnus
1093 3636 1137 3699 ait
1160 3635 1327 3712 Antonius,
1350 3633 1439 3698 nulla
1463 3634 1563 3698 virtus
1587 3641 1652 3696 tarn
1672 3633 1738 3697 cito

375 3697 620 3763 ARTICULUS
644 3697 737 3760 XXI·
989 3744 1021 3797 et
1035 3733 1181 3816 expedite
1195 3732 1359 3796 hominem
1373 3733 1414 3794 ad
1424 3731 1655 3814 perfectionem
1671 3750 1739 3813 per-

255 3853 360 3919 οιιανη
370 3850 544 3924 proeclaroe
554 3847 744 3922 prudentie
756 3846 862 3921 suerit
988 3833 1077 3898 ducit
1101 3832 1183 3896 sicut
1205 3831 1364 3910 discretio,
1378 3831 1455 3913 [quae
1479 3838 1528 3893 est
1549 3837 1640 3893 actus
1664 3849 1739 3912 pru·

196 3940 394 4000 suavissima
407 3955 445 3996 ac
458 3937 669 3996 divinissima
687 3936 781 4012 virgo
795 3937 918 3996 Maria.
987 3931 1115 3995 dentiae.
1138 3931 1212 3993 ldeo
1232 3928 1463 3992 discretissima
1483 3928 1579 4009 Virgo
1603 3927 1738 4009 proiecit

989 4029 1167 4093 celerrime.

256 4123 483 4200 ICsapienlr'oe
498 4125 627 4184 :Soror
646 4141 716 4182 mea
735 4142 791 4192 ear
805 4131 835 4182 et
851 4140 934 4199 pru·
1029 4127 1181 4209 lienique,
1199 4143 1256 4206 per
1276 4131 1530 4188 consummatam
1551 4121 1645 4186 istam
1664 4141 1739 4203 pru·

267 4224 416 4283 dentiam
432 4239 506 4282 voca
521 4221 660 4280 amicam
680 4229 781 4282 tuam.
798 4218 934 4284 Pruden-
948 4224 974 4287 l)
989 4224 1139 4301 dentiam,
1161 4223 1256 4286 llaria
1279 4220 1403 4284 Deiiera
1426 4220 1634 4284 sacerrimum
1658 4220 1738 4284 illud

185 4322 229 4385 tia
240 4319 420 4404 appellatur
441 4326 527 4381 recta
547 4317 712 4400 agibilium
728 4317 819 4398 ratio,
834 4319 866 4382 id
885 4327 934 4382 est
987 4323 1132 4388 felicium
1145 4320 1307 4404 virginum
1328 4327 1459 4383 centum
1479 4317 1593 4401 viginti
1606 4321 1657 4400 (ut
1674 4318 1738 4382 ler-

185 4421 285 4483 virtus
297 4417 524 4480 intellectualis
538 4417 657 4480 docens
671 4415 747 4498 quid
762 4418 932 4499 agendum,
989 4425 1052 4502 tur)
1080 4420 1250 4501 collegium
1278 4418 1349 4500 ejus
1376 4417 1530 4499 obsequio
1557 4416 1736 4481 deditarum

185 4519 261 4601 quid
286 4516 478 4593 cavendum,
502 4523 596 4597 atque
624 4516 664 4579 ad
692 4517 813 4596 agenda
842 4516 935 4580 incli·
988 4520 1108 4603 optime
1128 4516 1328 4600 gubernavit,
1350 4515 1588 4580 ordinatissime
1610 4533 1737 4598 semper

185 4637 275 4696 nans,
301 4623 335 4679 et
363 4615 506 4678 cavenda
530 4613 715 4676 abhorrens.
742 4613 935 4696 Frequenter
988 4617 1125 4695 direxit3
1150 4615 1326 4696 corporalia
1353 4615 1393 4676 ad
1421 4613 1598 4695 spiritualia
1627 4613 1737 4675 rectis-

185 4734 310 4800 quoque
332 4713 414 4777 solet
439 4711 607 4794 prudentia
628 4711 709 4774 sumi
736 4731 793 4794 pro
816 4713 935 4776 discre-
989 4717 1069 4779 sime
1093 4714 1275 4792 ordinavit3
1302 4711 1459 4775 custodita
1486 4718 1518 4774 et
1541 4711 1677 4793 diligens
1702 4711 1737 4773 in

186 4815 283 4878 tione.
298 4811 571 4887 Quemadmodum
593 4828 669 4891 ergo
689 4809 845 4890 sapientia
865 4829 934 4874 ver·
989 4813 1150 4877 universis
1173 4811 1310 4873 maxime
1334 4809 1406 4888 luit,
1429 4809 1661 4891 praeteritorum
1686 4808 1738 4871 ha·

187 4923 272 4976 satur
299 4911 388 4975 circa
415 4908 534 4986 divina,
565 4909 612 4970 sic
647 4908 816 4990 prudentia
849 4909 935 4976 circa
989 4912 1069 4975 bens
1099 4908 1384 4987 reminiscentiam,
1410 4907 1615 4989 praesentium
1644 4907 1738 4969 intel-

186 5013 346 5084 bumaua;
370 5013 481 5087 estque
501 5005 652 5068 directrix
673 5013 801 5069 actuum
825 5007 935 5070 huma·
989 5009 1168 5091 ligantiam,
1194 5008 1373 5069 iuturorum
1401 5005 1634 5088 providentiam
1663 5023 1739 5068 con·

187 5129 309 5187 norum,
336 5115 433 5187 atque
457 5105 497 5167 de
525 5104 638 5167 mediis
662 5105 701 5168 ad
729 5105 935 5170 obtinendum
991 5114 1192 5186 summatem,
1217 5104 1357 5186 undique
1385 5103 1520 5182 oculata,
1546 5103 1581 5164 in
1604 5101 1738 5183 singulis

185 5210 283 5272 linem
299 5208 464 5270 intentum
478 5201 692 5266 accommodis
713 5204 884 5284 providens
905 5214 937 5269 ct
992 5208 1235 5287 circumspecta,
1260 5210 1293 5266 ct
1316 5202 1350 5263 in
1374 5200 1499 5265 cunctis
1524 5219 1647 5262 summe
1670 5218 1738 5264 mo·

184 5308 371 5392 disponens·
993 5307 1093 5384 desta,
1119 5303 1219 5366 solers
1247 5321 1284 5365 ac
1312 5299 1436 5380 docilis,
1464 5307 1613 5380 tanquam
1641 5299 1738 5362 totius

311 5439 346 5492 Τ.
360 5438 403 5490 36.
1599 5432 1614 5486 7

13 4175 168 4226 mamb.
