4309 6250
451 514 491 561 DE
513 514 678 563 nlntttrm
698 512 737 561 11·
756 514 905 561 moninus
926 514 956 559 B.
978 513 1007 557 V.
1031 512 1150 575 latim,
1172 513 1263 559 aman
1281 513 1315 561 ll.
1338 532 1379 544 ·-
1399 516 1471 561 ann.
1494 516 1547 561 xtx
1736 496 1778 561 95

222 682 323 746 ritum
339 683 501 763 Sanctum,
517 684 609 747 valde
624 682 760 766 profecit
779 682 813 745 in
834 680 973 745 evidenti
990 683 1015 745 Α
1030 682 1069 745 ad
1098 682 1232 745 aliorum
1261 682 1441 766 proiectum
1471 706 1479 745 ε
1505 682 1591 765 quia,
1620 691 1657 746 ut
1682 702 1779 765 supra

222 782 460 863 scripturarum
484 781 648 845 intellectu
673 790 865 854 sanctarum,
893 780 975 843 reri-
1030 788 1193 843 ostensum
1218 789 1278 861 est,
1299 782 1399 845 Lucas
1423 781 1619 863 evangelista
1640 782 1779 844 creditur
1793 808 1834 847 aa.
1850 817 1871 847 v.

223 890 307 944 tates
333 881 366 943 in
390 881 438 943 eis
462 890 626 945 contentas
646 882 852 963 intelligendo
874 879 976 961 limpi-
1030 878 1070 940 ab
1085 896 1123 939 ea
1138 878 1170 939 in
1186 878 1295 941 multis
1311 879 1638 943 instructus.Sanctus
1652 897 1779 967 quoque

221 980 311 1058 dius,
336 998 471 1062 quarum
496 980 590 1062 plena
614 979 753 1060 cognitio
778 997 836 1061 pro
862 996 976 1059 magna
1030 974 1181 1056 ignatius,
1199 976 1355 1057 multique
1369 976 1521 1060 neophyti
1536 976 1603 1055 alii,
1619 977 1780 1060 petierunt

223 1086 316 1159 parte
339 1096 403 1142 non
428 1078 561 1141 hahetur
584 1076 647 1140 nisi
672 1077 704 1139 in
729 1077 831 1159 patria
855 1084 909 1139 aut
931 1076 976 1139 vi·
1030 1081 1062 1135 et
1089 1082 1282 1155 acceperunt
1310 1073 1567 1137 informationem
1598 1073 1639 1137 ab
1666 1094 1715 1151 ea,
1746 1082 1781 1136 ut

224 1175 317 1237 sione
342 1175 472 1238 Deitatis
498 1195 554 1257 per
578 1175 727 1257 speciem.
753 1174 875 1239 Genera
900 1192 976 1237 vero
1032 1188 1128 1252 supra
1149 1188 1187 1232 ex
1208 1169 1344 1251 epistola
1357 1170 1389 1232 S.
1405 1169 1518 1251 Ignatii
1533 1178 1580 1232 est
1603 1178 1778 1233 ostensum.
1803 1196 1870 1248 ma,
1886 1200 1928 1240 ut.

224 1272 407 1353 linguarum
433 1273 556 1356 accepit
584 1290 657 1335 eum
687 1272 788 1335 beatis
815 1272 976 1354 Apostolis
1031 1265 1093 1327 Sed
1107 1274 1140 1329 et
1153 1274 1334 1328 sanctarum
1349 1266 1522 1347 collegium
1537 1266 1700 1347 virginum
1714 1266 1781 1348 glo-
1794 1272 1850 1302 ¹¹¹¹

222 1370 256 1431 in
274 1378 422 1452 praetacta
437 1370 572 1451 Spiritus
587 1370 693 1433 Sancti
710 1370 926 1452 susceptione.
1031 1363 1216 1427 riesissimae
1245 1364 1386 1427 Dominae
1421 1364 1674 1428 cohabitantium
1709 1374 1781 1447 post

264 1468 403 1530 Gratiam
430 1486 506 1531 vero
526 1477 556 1531 et
576 1469 725 1531 virtutem
747 1468 884 1531 faciendi
905 1487 977 1551 pro
1032 1462 1147 1525 Christi
1176 1463 1408 1540 ascensionem,
1432 1462 1649 1526 instruebatur
1675 1464 1716 1526 ab
1743 1482 1781 1525 ea

220 1567 312 1647 digia
347 1568 487 1629 creditur
519 1567 683 1645 habuisse,
714 1568 826 1629 saltem
864 1568 904 1630 ab
938 1586 976 1630 eo
1032 1560 1170 1638 assidue,
1192 1562 1361 1641 multaeque
1382 1560 1452 1624 aliae
1472 1560 1621 1624 mulieres
1646 1562 1780 1641 devotae,

220 1672 367 1745 tempore
388 1683 452 1746 quo
470 1664 612 1727 omnium
630 1664 836 1741 mirabilium,
855 1663 977 1727 iucom-
1032 1658 1254 1741 confugientes
1269 1668 1301 1721 et
1314 1660 1504 1723 accedentes
1525 1661 1564 1722 ad
1587 1660 1689 1741 ipsam
1703 1660 1781 1723 assi-

222 1762 493 1843 prehonsibilium
517 1770 548 1824 et
573 1761 861 1843 supernaturalium
883 1762 977 1825 mira·
1031 1758 1105 1820 due.
1129 1758 1290 1835 Praeterea,
1316 1758 1583 1839 quemadmodum
1608 1758 1710 1839 (juxta
1734 1758 1781 1821 di-

221 1860 432 1939 hilissimum,
461 1860 916 1942 incomprehensibilissimum
946 1868 978 1923 ot
995 1856 1018 1918 B
1033 1855 1100 1916 vini
1125 1854 1266 1936 Dionysii
1295 1856 1499 1934 documenta)
1524 1855 1668 1918 universi
1693 1855 1781 1919 chori

223 1958 596 2039 supernaturalissimum
625 1977 717 2041 opus,
747 1958 898 2022 videlicet
931 1959 977 2021 in·
1032 1952 1838 2079 etordiuosangelorum,nonsolumallhristoho·
1856 1973 1914 2018 see.

1809 2050 1908 2080 lor-M.

220 2056 367 2119 carnatio
390 2056 484 2119 l'erhi
508 2057 629 2135 aeterni,
653 2057 685 2117 in
712 2076 749 2119 ea
772 2064 805 2119 et
829 2076 886 2138 per
906 2076 975 2119 eam
1032 2051 1208 2113 secundum
1223 2059 1368 2113 naturam
1383 2052 1653 2132 assumptam,sod
1668 2071 1687 2114 a
1702 2072 1780 2134 praa-

221 2162 389 2236 peractum
412 2162 461 2217 ost
478 2178 484 2215 :
501 2154 647 2237 quamvis
670 2154 897 2237 gloriosissima
919 2156 977 2218 [to-
1032 2148 1225 2211 stantissima
1251 2165 1380 2228 quoque
1408 2147 1516 2225 Maria,
1542 2148 1777 2232 purgationem,
1803 2162 1864 2217 cai.
1873 2161 1917 2213 xv.

221 2253 314 2315 mina
329 2272 392 2315 non
408 2251 532 2333 legatur
546 2252 671 2335 publice
688 2252 803 2315 iecisse
824 2252 976 2316 miracula
1032 2245 1298 2307 illuminationem
1312 2254 1344 2307 et
1358 2246 1589 2327 perlectionem
1599 2246 1780 2329 suscipiunt
1793 2228 1879 2332 {32¹²
1889 2226 1916 2275 ¹'

221 2369 359 2412 manens
385 2350 417 2411 in
445 2349 508 2411 vita
536 2351 605 2427 ista,
626 2350 894 2431 quemadmodum
916 2368 975 2412 neo
1032 2344 1065 2405 in
1090 2342 1298 2425 triumphanti
1322 2344 1484 2422 Ecclesia3
1506 2345 1549 2407 ita
1573 2345 1606 2407 iu
1630 2344 1777 2407 militanti

53 2482 69 2509 ο
116 2480 148 2507 ιι.
171 2478 200 2516 ι.
221 2448 257 2511 S.
275 2448 411 2512 loannes
433 2446 582 2530 Baptista.
1032 2440 1174 2505 Ecclesia
1201 2441 1297 2505 etiam
1322 2442 1440 2504 summi
1469 2442 1501 2505 in
1531 2442 1696 2524 primitiva
1722 2443 1781 2507 Ec-

266 2544 644 2610 Anverollaterlleifera
660 2544 692 2607 in
708 2546 847 2609 vitahao
864 2566 919 2609 usa
935 2548 976 2609 sit
1032 2539 1140 2612 elesii,
1167 2548 1242 2621 pute
1269 2539 1422 2623 Apostoli,
1448 2541 1683 2623 purgationem,
1709 2542 1781 2605 illu·
1868 2621 1871 2628 1

219 2645 311 2708 dono
335 2645 514 2725 linguarum
536 2654 567 2709 et
588 2644 743 2726 sapientia
764 2663 834 2725 quaa
854 2653 902 2707 est
921 2647 976 2708 do-
1032 2638 1239 2702 minationem
1263 2646 1296 2701 et
1316 2638 1546 2721 perlectionem
1565 2640 1781 2704 sortiebantur

218 2744 427 2824 numgratiae
446 2742 544 2823 gratis
563 2744 655 2819 datae,
672 2743 752 2805 alios
775 2743 972 2821 instruendo,
1031 2736 1071 2799 ob
1100 2736 1180 2817 ipso,
1210 2744 1304 2817 etone
1332 2736 1366 2797 in
1394 2737 1502 2800 dubiis
1530 2746 1562 2801 et
1593 2738 1702 2801 arduis
1731 2759 1780 2802 re

140 2874 195 2903 ,ι
218 2841 339 2922 partim
362 2839 571 2921 praehahitum
593 2848 652 2903 est.
1030 2853 1160 2897 cursum
1188 2834 1367 2897 habuerunt
1393 2837 1433 2897 ad
1462 2855 1532 2899 eam
1558 2847 1708 2919 tauquam
1739 2840 1778 2901 ad

264 2938 417 3019 Denique,
437 2938 477 3000 de
498 2938 556 2999 hac
580 2956 614 3000 re
636 2938 746 3001 scribit
770 2937 916 3001 hibertus
942 2940 974 3002 in
1029 2933 1174 2997 omnium
1203 2934 1484 3015 sapientissimam,
1513 2945 1546 2999 et
1576 2937 1780 3001 excellentis-

117 3060 123 3069 ·
154 3072 183 3107 ρ,
219 3034 307 3095 libro
325 3034 364 3096 de
384 3033 544 3096 Laudibus
564 3034 703 3115 Virginis
725 3033 871 3115 gloriosa
893 3037 975 3099 :llo-
990 3035 1012 3097 C
1030 3032 1142 3094 simam
1169 3032 1223 3094 bei
1252 3032 1393 3113 Matrem,
1419 3052 1573 3114 suamque
1596 3035 1776 3115 Dominam,

218 3152 339 3196 norum
362 3133 461 3214 gratis
486 3133 629 3196 datorum
650 3139 682 3194 et
702 3151 765 3195 non
785 3141 908 3214 gratum
930 3135 976 3197 la·
1030 3139 1175 3212 utsupra
1196 3149 1234 3193 ex
1254 3131 1361 3194 verbis
1382 3151 1509 3213 quoque
1523 3133 1705 3216 Hieronymi
1727 3144 1778 3198 est
1791 3163 1864 3205 w.

220 3230 389 3309 cientium,
405 3231 548 3312 quaedam
564 3231 679 3292 dantur
693 3231 726 3292 in
747 3231 973 3311 ministerium,
1029 3235 1205 3291 ostensum.

40 3360 198 3404 amnia.
219 3338 255 3392 et
282 3347 345 3391 non
371 3329 404 3390 in
430 3329 592 3410 proprium
623 3329 815 3410 proiectum,
841 3337 876 3392 ut
904 3349 975 3412 pro-
1068 3326 1225 3409 hmplius,
1240 3327 1325 3388 siout
1342 3333 1391 3390 est
1409 3328 1651 3410 preinductum,
1667 3331 1776 3394 multae

17 3435 138 3532 ξζζνῃ
163 3431 197 3510 ⁰]
219 3427 333 3509 phetia
347 3427 472 3489 Balaam
494 3435 525 3487 et
539 3425 685 3509 Caiphaa3
702 3427 845 3507 quedam
867 3437 971 3491 autem
1029 3443 1172 3507 persone
1187 3424 1341 3487 sublimes
1359 3445 1397 3488 er
1412 3427 1599 3509 paganismo
1614 3447 1777 3493 converse

38 3579 63 3590 ..
219 3527 256 3588 in
285 3525 447 3607 proprium
476 3523 652 3606 proiectum
677 3533 708 3588 et
731 3526 826 3588 etiam
853 3527 885 3588 in
914 3529 972 3590 mi-
1030 3523 1062 3585 in
1087 3522 1248 3603 primitiva
1271 3521 1424 3602 Ecclesia,
1440 3524 1579 3588 scientes
1601 3527 1778 3607 preclaris-

218 3624 391 3686 nisterium
407 3641 463 3684 sen
479 3623 680 3687 commodum
700 3623 846 3704 aliorum,
864 3633 897 3687 ut
917 3627 971 3690 do
1030 3621 1144 3682 simam
1179 3620 1526 3704 incomparabilemque
1560 3623 1686 3686 Mariam
1721 3626 1776 3689 Dei

218 3741 265 3785 na
295 3721 492 3784 discretionis
521 3721 688 3802 spirituum
718 3730 750 3784 et
777 3722 970 3804 linguarum,
1028 3717 1274 3781 ldatremadhuc
1291 3719 1434 3782 incarne
1455 3719 1580 3784 mortali
1602 3721 1774 3804 viventem,
1802 3713 1805 3717 ’

219 3829 319 3900 atque
347 3817 482 3881 seientia
512 3818 673 3900 Apostotis
706 3820 798 3897 data;
827 3821 971 3902 quedam
1028 3815 1129 3898 ipsius
1151 3817 1352 3880 sanctitatem
1380 3825 1412 3879 et
1434 3819 1656 3882 excellentiam
1681 3824 1777 3884 vehe-

218 3917 356 3980 veroin
382 3917 545 3998 proprium
574 3917 623 3978 sui
650 3917 751 3999 ipsius
780 3918 970 4000 proiectum,
1028 3915 1226 3978 mantissime
1254 3915 1462 3997 mirabantur,
1493 3925 1588 3999 atque
1616 3919 1775 3984 desiderio

219 4025 253 4080 et
268 4033 332 4078 non
347 4015 496 4093 aliorum,
512 4024 546 4078 ut
560 4016 644 4078 dona
666 4015 885 4080 instructionis
902 4019 972 4080 bea-
1027 4033 1096 4076 eam
1122 4013 1250 4076 videndi
1274 4033 1312 4076 ac
1337 4015 1498 4095 audiendi,
1521 4035 1559 4079 ex
1584 4019 1714 4081 remotis
1738 4039 1775 4083 ac

219 4114 351 4176 tissimae
371 4111 523 4175 Dominae.
540 4111 576 4174 Et
599 4112 707 4175 talium
730 4115 873 4193 quedam
895 4116 972 4178 dan·
1027 4112 1125 4174 variis
1140 4112 1220 4175 locis
1234 4122 1391 4175 venerunt
1405 4114 1445 4176 ad
1459 4113 1573 4196 ipsam,
1589 4126 1683 4197 prout
1701 4126 1774 4181 aute
1799 4132 1862 4184 tram.
1876 4139 1918 4180 aa.

220 4221 274 4274 tur
287 4211 326 4274 ad
342 4210 572 4293 perficiendam
589 4209 808 4292 indigentiam,
826 4214 969 4293 quedam
989 4211 1064 4274 Der
1079 4210 1221 4291 epistolis
1236 4211 1267 4273 S.
1284 4211 1397 4292 lgnatii
1419 4221 1467 4273 est
1486 4221 1661 4292 ostensum,
1678 4235 1715 4278 ac
1733 4217 1774 4279 de
1787 4209 1845 4241 ¹¹¹¹·

217 4311 259 4372 ad
280 4309 492 4372 decorandam
516 4307 700 4388 potentiam,
717 4317 748 4371 et
768 4310 911 4391 quaedam
931 4313 969 4375 ad
1027 4309 1138 4372 divino
1166 4309 1316 4391 Dionysio
1345 4311 1524 4374 recitatum.
1550 4311 1613 4375 Nec
1640 4315 1774 4379 dubium

216 4407 451 4472 nobilitandam
468 4414 611 4468 naturam
626 4415 658 4469 et
670 4407 884 4471 honorandam
901 4429 971 4492 per·
1027 4407 1105 4486 quin
1128 4406 1307 4484 mitissima,
1324 4407 1504 4471 humillima
1524 4417 1557 4472 et
1576 4409 1776 4476 affectuosis·

217 4525 330 4570 sonam
357 4529 365 4568 ε
393 4513 424 4568 et
454 4505 500 4567 sio
526 4504 634 4567 habuit
663 4505 846 4568 beatissima
874 4507 969 4590 Virgo
1027 4503 1108 4566 sima
1130 4504 1221 4586 virgo
1244 4504 1351 4584 Maria,
1376 4523 1414 4568 ex
1444 4505 1602 4570 ineflabili
1630 4509 1773 4589 caritate,

215 4603 404 4684 hujusmodi
420 4603 515 4679 dona,
534 4621 597 4664 non
612 4603 652 4664 ad
671 4601 897 4683 ministerium,
914 4608 968 4668 sed
1027 4602 1145 4684 pietate
1172 4610 1205 4664 et
1232 4603 1410 4665 humilitate
1442 4605 1613 4686 prebuerit
1639 4627 1673 4670 se
1708 4608 1773 4672 illis

216 4703 258 4764 ad
278 4699 493 4764 deaurationis
513 4699 688 4780 cumulum,
705 4701 745 4762 ad
764 4701 968 4783 perfectionis
1026 4701 1530 4784 conspiciendam,rohoravitque
1544 4704 1631 4786 ipsas
1646 4705 1678 4768 iu
1694 4706 1771 4786 lide,

216 4809 250 4862 et
263 4797 487 4862 delectationis
508 4806 726 4880 augmentum,
742 4799 781 4860 ad
803 4801 968 4863 materiam
1026 4817 1084 4861 suo
1107 4799 1270 4880 adspectu,
1292 4817 1448 4878 sermone,
1470 4803 1626 4884 exemplo,
1653 4803 1717 4868 imo
1740 4815 1773 4869 et

216 4897 321 4960 laudis
335 4905 368 4960 et
380 4896 612 4958 incrementum
625 4895 804 4973 honoris,et
818 4897 856 4958 ad
871 4899 971 4961 omni·
1026 4897 1276 4959 innumerabiles
1300 4917 1337 4960 ex
1360 4898 1520 4962 ludaismo
1548 4902 1587 4964 ad
1612 4902 1770 4967 Christum

216 5015 272 5058 um
288 4995 447 5058 bonorum
464 4993 674 5074 spiritualium
687 4995 967 5075 complementum.
1026 5013 1208 5072 conversos,
1244 5004 1280 5057 ut
1314 4996 1408 5057 etiam
1446 4997 1478 5059 in
1512 4999 1771 5065 Revelationihus

258 5093 327 5156 llaec
359 5092 459 5154 verba
487 5090 606 5154 olberti
644 5091 850 5174 probabiliter
884 5093 969 5157 diota
1024 5094 1056 5155 S.
1083 5093 1223 5174 brigittae
1246 5093 1429 5155 continetur
1449 5103 1481 5156 et
1504 5097 1589 5159 inira
1612 5106 1767 5180 tangetur.

215 5191 378 5269 videntur,
405 5189 536 5270 dempto
566 5189 649 5269 quod
678 5188 723 5251 ait
751 5189 968 5254 beatissimam
1024 5189 1103 5252 llinc
1131 5209 1214 5269 reor,
1239 5191 1323 5272 quod
1352 5201 1383 5253 et
1410 5192 1494 5256 dono
1521 5194 1701 5275 linguarum
1730 5199 1769 5260 ad

215 5289 380 5372 Virginem
396 5305 464 5350 non
475 5287 637 5369 accepisse
652 5287 736 5351 dona
750 5287 968 5352 instructionis
1027 5306 1198 5352 conversos
1211 5289 1348 5370 gentiles
1363 5290 1522 5358 interdum
1542 5292 1582 5353 sit
1602 5313 1660 5357 usa
1674 5295 1770 5378 Virgo
