4309 6250
464 494 525 560 308
788 510 909 558 doma
929 507 1097 557 rhemum!
1117 507 1288 566 athomi,
1311 508 1399 556 tthtttt
1420 511 1453 557 ll.
1476 528 1518 540 -
1536 510 1607 557 aar.
1630 510 1685 557 XIX

464 693 497 749 et
510 684 616 768 proles
631 681 801 761 robustior,
817 681 945 744 uberior
962 679 1128 762 modisque
1142 698 1211 743 om·
1223 681 1250 742 Α
1263 680 1421 744 tentivum
1445 699 1483 744 ac
1509 680 1693 746 collatinum
1718 699 1778 764 per
1800 699 1892 764 qrnnr
1914 684 2003 748 refre-

463 784 559 848 nihus
573 781 762 847 laudabilior
780 780 868 843 nasci
886 778 977 859 solet,
992 778 1069 841 dum
1094 797 1212 842 concu-
1264 787 1358 841 natur
1380 779 1490 843 libido.

462 881 617 964 piscantia
630 880 665 942 in
679 899 742 943 una
757 879 894 960 conjuge
909 877 1099 955 refrenatur,
1115 896 1210 958 mam
1303 875 1397 957 Eece,
1413 895 1432 940 o
1447 877 1626 956 Sarraceni,
1641 896 1738 961 quam
1759 877 1877 960 injusta
1895 889 1943 942 est
1959 880 2002 944 lex

462 981 539 1043 dum
567 999 625 1062 per
658 979 800 1043 diversas
832 984 964 1059 vagatur
993 999 1000 1037 :
1032 975 1210 1057 frequentia
1265 984 1380 1053 vostra,
1397 995 1494 1057 quam
1509 976 1624 1040 vitiosa
1638 984 1735 1058 atque
1754 976 1943 1041 damnabilis
1960 989 2002 1043 est

462 1078 611 1160 equidem
638 1077 735 1158 hujus
763 1074 983 1140 seminationis
1010 1093 1120 1136 semen
1149 1073 1209 1137 viri
1265 1073 1463 1137 conversatio
1498 1083 1613 1138 vestra.
1644 1075 1765 1139 Idcirco
1799 1075 1907 1139 relicta
1940 1077 2002 1160 lege

462 1175 614 1239 diminuit
635 1175 669 1237 in
690 1173 867 1237 suhstantia
887 1180 920 1236 et
941 1172 1060 1254 vigore.
1265 1170 1383 1233 carnali
1408 1191 1444 1234 ac
1470 1172 1608 1253 sordida,
1631 1173 1671 1236 ad
1696 1171 1871 1255 perfectam
1895 1193 1930 1238 ac
1952 1195 2002 1258 pu-

502 1272 767 1354 Praeterea‚qu0d
791 1271 893 1334 sancti
917 1271 995 1333 olim
1019 1269 1209 1332 innaturali
1265 1267 1421 1331 rissimam
1449 1269 1564 1332 Christi
1593 1270 1698 1352 legem
1728 1270 1902 1353 confugite,
1928 1272 2000 1337 hanc

462 1373 644 1455 scriptaque
665 1370 736 1453 lege
757 1369 864 1452 plures
883 1369 1064 1431 hahuerunt
1083 1386 1208 1446 uxores,
1265 1367 1418 1449 suscipite
1439 1377 1471 1430 et
1492 1377 1627 1432 servate.

461 1489 500 1534 ex
527 1469 636 1533 divina
664 1468 724 1530 fuit
751 1465 1001 1549 dispensatione,
1022 1464 1210 1548 occultaque
1304 1465 1437 1547 lnsuper
1450 1465 1483 1528 in
1503 1466 1564 1531 isto
1584 1467 1721 1530 habetur
1742 1467 1884 1550 capitulo
1900 1493 1908 1532 ε
1924 1473 2001 1532 Mete

461 1568 515 1632 Dei
542 1567 763 1650 inspiratione,
789 1573 821 1628 et
848 1583 887 1628 ex
909 1564 1002 1627 valde
1029 1563 1209 1627 rationabili
1263 1573 1517 1639 <spernentesne
1540 1575 1617 1626 ante
1639 1571 1860 1638 mortem,sed
1882 1571 1917 1628 in
1942 1571 2001 1645 ipse

460 1685 567 1744 causa,
582 1684 653 1747 quaa
672 1683 757 1726 nunc
780 1663 887 1727 locum
913 1681 976 1725 non
998 1661 1103 1724 hahet.
1121 1662 1209 1723 lunc
1265 1663 1380 1722 mortis
1399 1664 1543 1724 articulo
1557 1665 1692 1741 digredi
1712 1669 1863 1737 volentes,
1878 1676 1909 1727 et
1922 1668 2001 1727 simi-

462 1765 549 1828 enim
565 1763 715 1846 perpauci
732 1760 862 1824 fuerunt
875 1760 1013 1823 cultores
1028 1759 1083 1822 Dei
1096 1783 1103 1821 :
1118 1759 1211 1822 idcir·
1264 1761 1342 1819 liter
1365 1760 1551 1821 incredulos
1576 1761 1763 1833 morientes,
1788 1766 1885 1837 Deus¹
1897 1766 2001 1825 abder-

460 1883 498 1928 co
512 1871 642 1947 propter
659 1860 840 1943 augendum
860 1859 916 1921 Dei
935 1857 1057 1922 cultum
1077 1858 1110 1919 in
1130 1857 1209 1920 filiis
1224 1853 1247 1916 B
1265 1876 1351 1928 rena,
1373 1859 1479 1933 peanis
1506 1858 1643 1936 affligit.
1674 1859 1707 1922 Si
1735 1879 1794 1943 per
1822 1861 1917 1925 verba
1942 1861 2001 1924 uae

459 1961 602 2024 virorum
630 1957 777 2022 fidelium
805 1964 837 2019 et
861 1965 1054 2034 sanctorum,
1080 1955 1210 2018 admisit
1263 1953 1420 2018 llahomet
1434 1955 1541 2019 dicere
1556 1957 1668 2038 voluit,
1684 1959 1770 2039 quod
1791 1957 1879 2042 impii
1893 1959 1925 2022 in
1943 1959 2001 2022 fine

422 2115 427 2122 .
459 2058 542 2122 Deus
557 2057 759 2140 omnipotens
773 2063 805 2118 et
823 2054 968 2117 sublimis
988 2072 1120 2117 uxorum
1141 2053 1210 2137 plu·
1264 2052 1335 2115 vite
1358 2073 1421 2116 suae
1441 2072 1498 2116 seu
1519 2055 1630 2119 mortis
1649 2055 1785 2121 articulo
1804 2077 1867 2121 non
1888 2059 2002 2141 possint

459 2156 626 2222 ralitatem.
644 2156 705 2218 Sed
726 2163 798 2237 post
818 2153 934 2216 Christi
956 2154 1129 2216 adventum
1154 2173 1209 2216 au·
1264 2151 1420 2213 veraciter
1437 2151 1593 2234 poenitere
1612 2161 1707 2236 atque
1727 2155 1854 2234 salvari,
1871 2157 1925 2220 sed
1943 2175 2002 2239 pm

460 2265 531 2320 ctus
550 2264 598 2319 est
620 2253 725 2318 cultus
744 2251 799 2315 Dei
823 2253 857 2315 in
879 2250 1026 2334 gentibus
1048 2251 1207 2314 universis
1262 2248 1312 2309 nis
1330 2256 1455 2312 eternae
1474 2250 1687 2315 damnationis
1707 2252 1907 2335 addicantur,
1927 2273 2001 2318 erra-

459 2373 517 2437 per
531 2352 729 2437 spiritualem
744 2350 1016 2433 propagationem,
1033 2358 1110 2431 puta
1129 2348 1206 2412 fidei
1262 2346 1319 2426 vit,
1335 2355 1367 2409 et
1380 2355 1444 2410 tam
1461 2349 1577 2412 rationi
1590 2368 1688 2431 quam
1708 2371 1807 2416 sacras
1821 2353 2000 2416 contradixit

459 2473 496 2516 ac
524 2450 677 2534 Baptismi
708 2448 957 2531 susceptionem.
985 2441 1108 2511 Idcirco
1136 2456 1208 2531 post
1261 2444 1440 2527 Scriptura.
1453 2446 1543 2510 Ratio
1558 2449 1676 2511 etenim
1690 2449 1795 2532 docet,
1810 2452 1895 2532 quod
1909 2461 1999 2516 totum

457 2549 571 2615 Christi
599 2550 772 2612 adventum
803 2564 968 2627 nunquam
996 2546 1079 2608 Deus
1108 2545 1207 2609 licen·
1260 2551 1385 2625 tempus
1411 2545 1483 2608 vitae
1508 2547 1674 2627 presentis
1703 2548 1743 2610 sit
1767 2557 1893 2633 tempus
1919 2569 2000 2633 pere·

457 2649 548 2712 tiavit
563 2647 778 2731 pluralitatem
799 2663 943 2709 uxorum.
960 2645 1074 2726 Sicque
1094 2663 1206 2708 omnes
1260 2641 1449 2722 grinationis
1469 2644 1509 2706 ad
1530 2643 1628 2708 vitam
1649 2645 1804 2728 futuram,
1820 2657 1998 2733 tempusque

456 2747 611 2818 mulieres⁴
636 2764 714 2828 quas
742 2743 855 2807 llahon
882 2743 1007 2825 accepit
1041 2750 1113 2824 post
1141 2743 1205 2824 pri·
1259 2740 1464 2822 poenitentiae,
1482 2741 1525 2804 ita
1538 2744 1624 2825 quod
1644 2751 1709 2808 tota
1729 2744 1797 2809 vita
1811 2747 1879 2811 haec
1895 2748 1999 2811 viaest

455 2864 553 2925 mam,
569 2843 698 2908 fuerunt
719 2842 789 2924 ejus
811 2842 971 2922 adulterae,
988 2841 1043 2903 illa
1064 2842 1203 2906 vivente.
1259 2839 1299 2901 ad
1331 2839 1425 2903 aliam
1453 2840 1562 2905 vitam.
1592 2841 1657 2906 Nee
1690 2846 1821 2928 ponitur
1851 2847 1997 2910 homoin

458 2941 620 3020 Similiter,
656 2940 785 3004 feminae
818 2958 898 3020 quas
933 2939 1098 3002 Sarraceni
1133 2948 1206 3022 post
1260 2939 1396 3002 termino
1411 2938 1473 3000 nisi
1489 2939 1522 3003 iu
1539 2949 1640 3004 morte
1654 2940 1852 3007 formaliter:
1866 2945 1998 3028 itaqued
2106 3001 2107 3010 .

455 3042 593 3126 primam
607 3039 811 3122 superstitem
830 3045 971 3117 sumunt,
988 3057 1053 3102 non
1076 3057 1201 3118 uxores,
1222 3035 1328 3119 Cipsa
1347 3054 1432 3100 mors
1450 3044 1499 3100 est
1518 3039 1673 3102 terminus
1692 3041 1764 3105 vitae
1784 3045 1957 3126 praesentis,
1972 3050 1998 3104 at

455 3142 511 3205 sed
524 3140 676 3203 adulterae
690 3146 831 3216 exstant3
848 3137 1104 3220 adulteriumque
1118 3157 1205 3203 com·
1259 3153 1359 3216 usque
1384 3136 1422 3198 ad
1448 3145 1583 3199 mortem
1604 3146 1653 3201 est
1673 3138 1769 3203 homo
1792 3140 1895 3205 viator
1914 3150 1997 3224 atqrn

455 3239 586 3302 mittunt
600 3246 664 3303 tam
683 3237 744 3301 viri
765 3255 862 3319 quam
883 3235 1010 3299 femine
1035 3236 1110 3315 illae,
1127 3255 1205 3318 quo
1259 3232 1419 3313 flexibilis,
1438 3242 1549 3315 potens
1574 3237 1690 3301 mereri
1708 3257 1746 3301 ac
1768 3240 1934 3304 demereri.
1949 3241 1997 3304 Po

453 3336 653 3420 tiescumque
667 3336 861 3414 miscentur3
877 3353 938 3397 nec
954 3335 1134 3416 ignorantia
1149 3354 1203 3400 eos
1259 3340 1320 3419 test
1334 3351 1408 3414 ergo
1424 3332 1457 3395 in
1476 3334 1588 3397 mortis
1608 3335 1745 3400 articulo
1766 3338 1932 3420 poenitere.
1948 3340 1997 3403 tte

453 3442 594 3512 excusat,
616 3433 693 3516 quia
716 3432 756 3496 ad
781 3430 878 3494 fidem
903 3439 936 3494 et
959 3429 1062 3512 legem
1088 3430 1202 3495 Christi
1258 3429 1366 3511 nique,
1383 3450 1441 3513 per
1453 3430 1650 3497 Ezechielem
1664 3436 1853 3518 prophetam
1868 3438 1996 3522 loquitur

454 3539 613 3611 tenentur,
638 3548 756 3613 easque
781 3536 1002 3611 aspernantur.
1028 3527 1201 3610 Postremo,
1257 3530 1339 3593 Deus
1366 3552 1373 3591 :
1399 3530 1433 3593 ln
1458 3550 1659 3615 quacumque
1682 3535 1760 3598 hora
1785 3546 1933 3619 peccator
1954 3538 1996 3602 in·
2015 3566 2075 3611 aet.
2104 3580 2105 3624 p

454 3628 624 3711 privilegia
651 3644 827 3709 paucorum
854 3644 919 3689 non
947 3626 1070 3689 iaciunt
1098 3627 1202 3709 legem
1256 3629 1424 3710 gemuerit,
1450 3630 1593 3695 omnium
1617 3632 1821 3716 iniquitatum
1845 3636 1917 3718 eius
1939 3654 1995 3701 non

453 3745 668 3791 communem.
698 3724 846 3799 Quamvis
873 3742 950 3805 ergo
977 3725 1038 3788 viri
1070 3726 1202 3807 quidam
1258 3727 1456 3791 recordabor.
1474 3728 1560 3793 Unde
1581 3730 1621 3793 de
1641 3731 1732 3795 nullo
1753 3733 1873 3799 viatore
1893 3736 1995 3819 despe·

453 3825 569 3888 multas
584 3842 698 3887 uxores
712 3822 878 3902 hahentes,
894 3822 996 3884 sancti
1015 3823 1146 3887 fuerunt
1163 3844 1202 3889 ex
1257 3827 1391 3890 randum
1405 3837 1464 3908 est,
1480 3829 1613 3893 durante
1629 3830 1689 3895 hac
1704 3832 1782 3897 vita.
1799 3834 1905 3917 Porro,
1920 3836 1994 3917 quod

452 3922 508 3986 Dei
519 3923 621 4004 gratia
636 3919 803 4002 singulari,
819 3920 881 3983 hec
896 3928 1002 3983 tamen
1017 3940 1082 3985 non
1097 3924 1202 4005 arguit
1256 3944 1313 4008 per
1327 3926 1423 3989 verba
1444 3927 1574 3991 inducta
1597 3928 1708 3993 llahon
1732 3932 1816 3995 istud
1841 3933 1994 3997 affirmare

453 4021 531 4102 quin
557 4018 745 4101 regulariter
765 4017 935 4099 loquendo,
952 4019 1117 4101 pluralitas
1142 4022 1201 4085 ista
1256 4023 1403 4102 voluerit,
1420 4024 1547 4089 videtur
1570 4044 1608 4090 ex
1632 4047 1671 4092 eo
1694 4031 1779 4112 quod
1799 4055 1816 4091 a
1836 4030 1869 4094 in
1895 4032 1993 4096 mortis
2102 4050 2103 4077 l

452 4120 495 4182 sit
515 4117 727 4201 spiritualium
750 4115 842 4179 valde
863 4116 1058 4198 impeditiva.
1256 4122 1390 4187 articulo
1414 4123 1536 4205 digredi
1555 4148 1583 4203 u,
1601 4125 1631 4189 id
1654 4136 1703 4189 cst
1721 4148 1740 4191 a
1759 4132 1901 4212 peccatis
1918 4150 1993 4194 rece-

492 4215 539 4277 Ad
564 4214 691 4277 tertium
715 4220 822 4275 autem
846 4220 1067 4293 argumentum
1097 4214 1201 4278 facilis
1216 4220 1242 4284 D
1255 4221 1341 4297 dere,
1362 4242 1379 4280 «
1406 4222 1549 4285 volentes
1570 4244 1599 4304 a,
1620 4237 1810 4291 annumerat
1832 4229 1994 4293 incredulis

451 4312 590 4377 occurrit
615 4310 782 4393 responsio
800 4335 807 4372 :
825 4310 890 4373 ime
917 4311 1032 4393 partim
1058 4313 1124 4393 jam
1148 4314 1201 4376 da·
1256 4319 1476 4399 morientibus,
1506 4340 1652 4385 asserens
1680 4325 1720 4387 de
1749 4326 1892 4409 utrisque
1919 4328 1993 4391 idem
2101 4336 2102 4341 ’

451 4420 483 4473 ta
510 4410 629 4473 estlit
654 4410 739 4492 quod
766 4409 806 4471 de
833 4408 1032 4472 adulterandi
1057 4411 1202 4492 periculo
1256 4436 1326 4481 esse
1343 4418 1502 4499 judicium
1525 4430 1736 4505 :certumque
1758 4433 1806 4487 est
1824 4426 1994 4491 incredulos

451 4510 603 4591 tangitur,
619 4509 716 4571 etiam
730 4508 764 4569 in
786 4507 917 4570 feminis
940 4507 1041 4571 multo
1062 4509 1134 4591 plus
1157 4511 1202 4575 lo
1256 4516 1440 4596 morientes,
1463 4518 1496 4579 in
1521 4528 1675 4583 aeternum
1701 4522 1858 4588 damnari.
1877 4525 1996 4590 Verum·

452 4626 527 4671 cum
540 4607 688 4671 sortitur:
699 4606 831 4684 idcirco,
844 4606 872 4668 si
887 4606 967 4671 ratio
982 4606 1037 4670 illa
1052 4610 1203 4690 pmcede-
1257 4619 1362 4674 tamen
1388 4611 1525 4677 fatemur
1545 4616 1638 4680 valde
1663 4618 1881 4700 periculosum
1901 4621 1995 4685 consi·

453 4714 510 4784 ret,
538 4705 593 4769 uni
619 4704 710 4768 uxori
735 4704 775 4766 de
799 4703 943 4785 pluribus
967 4706 1201 4787 providendum
1256 4712 1582 4793 stere,poenitentiam
1598 4732 1699 4797 usque
1713 4718 1754 4780 ad
1768 4720 1993 4785 mortishoram

452 4813 536 4869 esset
560 4802 696 4867 maritis.
721 4801 852 4884 Oportet
874 4820 949 4884 ergo
974 4804 1202 4887 concupiscen-
1256 4807 1399 4889 differre,
1417 4817 1555 4893 tuncque
1570 4831 1674 4877 raram
1694 4833 1764 4878 esse
1784 4818 1993 4899 peonitentiam

451 4904 527 4966 tiam
558 4900 742 4977 refrenare3
772 4900 970 4983 gratiamque
996 4904 1112 4983 agendi
1141 4905 1200 4969 hoc
1256 4927 1363 4971 veram
1381 4932 1387 4970 :
1404 4909 1478 4990 quia
1499 4929 1563 4974 non
1586 4910 1710 4976 sufficit
1729 4916 1993 4998 qualitercumque

451 5002 595 5067 Christus
618 5000 685 5063 suis
709 5007 837 5082 prestat
859 4998 1010 5063 fidelihus
1031 5020 1102 5064 eam
1127 5022 1203 5066 con.
1256 5026 1383 5088 gemere
1399 5025 1454 5070 seu
1469 5009 1509 5071 de
1527 5010 1669 5091 means
1689 5013 1815 5092 (101θωὶ
1834 5014 1899 5080 imo
1912 5032 1994 5097 opor·

452 5097 744 5183 dignepetentihua
762 5098 851 5160 :imo
869 5105 902 5161 et
920 5098 1026 5179 ipsum
1043 5100 1201 5166 ldatrimo-
1256 5113 1301 5168 tet
1328 5114 1363 5168 ut
1384 5106 1425 5168 sit
1445 5125 1521 5170 vera
1542 5114 1572 5169 et
1592 5109 1742 5173 cordialis
1767 5114 1924 5192 contritio,
1947 5114 1992 5177 ad-

452 5200 543 5263 nium
556 5195 820 5273 Christianorum,
837 5193 1039 5277 inquantum
1058 5207 1107 5262 est
1122 5198 1200 5293 legis
1255 5211 1377 5285 aeqnata
1396 5204 1543 5286 gravitati
1564 5207 1741 5290 culparum.

451 5295 645 5379 evangelice
666 5301 910 5374 sacramentum,
926 5304 974 5370 est
993 5298 1103 5379 gratim
1124 5320 1200 5364 con·
1294 5302 1423 5384 pesum,
1443 5305 1576 5375 ,erbum
1601 5304 1768 5372 inductum
1791 5312 1992 5377 ,conmutat

2006 3628 2093 3676 trull&
