4309 6250
431 530 471 575 nn
492 527 656 576 osannam
676 528 713 575 ns
733 526 881 575 crunnus
901 526 929 573 a.
948 526 980 571 .v.
1004 526 1122 589 mnia,
1143 528 1232 575 amna
1252 528 1298 576 tn.
1320 548 1361 559 -
1381 530 1453 576 aar.
1475 530 1507 577 rv
1684 513 1741 577 lll

192 697 227 759 in
252 696 504 761 amantissimam
528 705 672 777 matrem,
689 698 722 761 in
747 696 941 781 singularem
957 694 982 759 h
998 706 1157 761 cresceret
1180 698 1214 761 in
1237 718 1356 776 amore,
1378 699 1550 783 proficeret
1574 697 1608 761 in
1629 699 1745 762 virtute

193 814 355 877 sponsam,
388 796 420 857 in
452 795 726 877 preclarissimam
762 796 875 873 liliam,
908 796 942 858 in
997 804 1028 859 et
1055 796 1267 859 delectaretur
1302 798 1335 860 in
1363 796 1509 877 Domino,
1538 797 1565 860 si
1599 798 1649 860 vel
1680 816 1745 861 nno

193 913 352 957 summam
367 894 516 971 amicam,
533 894 566 957 in
581 895 788 959 domesticam
804 904 836 959 et
851 894 943 957 fami·
996 894 1047 957 die
1069 896 1270 976 conspiceret
1283 896 1443 958 Christum
1465 904 1519 958 ant
1539 896 1688 978 angelum
1710 894 1745 958 in

194 991 400 1054 liarissimam
428 992 701 1071 cohabitatricem,
727 994 758 1055 in
787 991 943 1056 aflectuo-
996 991 1111 1055 Christi
1137 1010 1284 1073 persona,
1310 992 1345 1054 in
1373 1012 1410 1055 ea
1438 992 1548 1074 effigie
1576 1012 1613 1056 ac
1637 992 1745 1075 dispo-

194 1088 353 1151 sissimam
383 1089 551 1167 nutricem,
580 1091 613 1152 in
643 1089 864 1152 fidelissimam
894 1108 942 1151 se·
996 1088 1112 1152 sitione
1134 1095 1167 1151 et
1186 1107 1311 1153 morum
1330 1088 1487 1171 probitate
1502 1108 1609 1152 coram
1630 1108 1664 1152 se
1679 1108 1745 1152 arn-

194 1186 373 1263 cretariam,
397 1188 430 1249 in
456 1186 725 1268 sapientissimam
750 1188 941 1269 unicamque
995 1186 1106 1249 bulare
1129 1194 1162 1250 et
1185 1187 1379 1267 conversari,
1404 1186 1437 1249 in
1465 1186 1580 1269 quibus
1608 1196 1643 1250 tu
1670 1207 1744 1250 eum

193 1284 394 1367 discipulam.
410 1285 485 1359 Quis
499 1285 566 1367 jam
581 1286 632 1348 vel
647 1306 686 1349 es
701 1286 833 1348 minima
852 1294 941 1367 parte
994 1284 1137 1367 quotidie
1165 1303 1273 1348 coram
1300 1293 1330 1348 te
1359 1284 1576 1349 ambulantem
1609 1294 1641 1349 et
1669 1306 1746 1350 con·

192 1390 289 1464 queat
302 1383 471 1465 concipere
493 1392 646 1465 quantum
669 1402 707 1446 ex
726 1384 869 1447 omnium
886 1385 942 1447 ho-
994 1390 1175 1445 versantem
1210 1382 1341 1446 videbas
1375 1383 1408 1445 in
1444 1383 1578 1465 pueritia
1613 1388 1691 1447 suat
1719 1384 1744 1447 0

192 1500 264 1543 rum
285 1481 412 1544 assidua
431 1490 462 1544 et
483 1482 678 1561 incessabili,
694 1482 941 1565 diligentissima
995 1479 1248 1562 praeclarissima,
1274 1479 1482 1544 celeberrima
1509 1500 1547 1543 ac
1575 1482 1744 1564 speciosis-

190 1598 229 1641 ac
259 1578 505 1661 profundissima
533 1580 816 1661 contemplatione,
844 1590 891 1659 tu,
921 1600 940 1645 o
995 1578 1076 1641 sima
1099 1578 1207 1659 Virgo,
1233 1585 1388 1659 quantum
1412 1597 1488 1661 ergo
1515 1587 1562 1656 tu,
1588 1580 1743 1661 tranquil-

190 1676 288 1738 blater
307 1676 450 1757 virginea
473 1696 510 1739 ac
534 1677 653 1755 divina,
673 1696 694 1739 o
718 1678 857 1741 coelestis
883 1678 941 1741 lle-
994 1674 1129 1753 lissima,
1155 1674 1424 1739 affectuosissima
1447 1696 1485 1740 ac
1510 1677 1743 1742 virtuosissima

189 1775 278 1855 gina,
294 1792 313 1837 o
331 1774 666 1856 supergloriosissimae
681 1776 845 1839 Trinitatis
865 1795 940 1839 eon·
994 1772 1139 1852 Domina,
1155 1772 1320 1855 profecisti
1335 1774 1486 1837 continue
1500 1795 1538 1838 ex
1559 1776 1742 1859 quotidiana

189 1874 289 1952 socia,
304 1892 324 1937 o
338 1872 614 1937 venerabilissima
629 1883 722 1956 atque
738 1874 939 1938 sanctissima
952 1871 975 1934 B
995 1871 1205 1934 cohabitantis
1220 1880 1252 1933 et
1272 1871 1473 1935 conviventis
1494 1872 1551 1935 tibi
1572 1873 1743 1956 inspectio-

188 1970 282 2052 virgo
309 1969 415 2047 llaria,
440 1970 613 2053 purissimo
636 1991 674 2035 ac
703 1972 939 2035 lerventissimo
993 1988 1033 2031 ne
1052 1968 1124 2031 Filii
1140 1968 1206 2048 Dei,
1223 1990 1260 2031 en
1278 1978 1310 2032 te
1328 1970 1393 2032 nati
1413 1978 1445 2033 et
1464 1971 1555 2052 pueri
1574 1970 1620 2034 tui
1640 1971 1741 2035 factil

188 2068 416 2130 accendebaris
444 2087 563 2148 amore,
593 2069 731 2150 qualiter
758 2090 796 2132 ex
824 2070 874 2131 his
905 2070 937 2131 in
1033 2067 1149 2129 florum
1175 2068 1421 2131 considerationi
1446 2076 1477 2131 et
1501 2070 1742 2152 contemplatio-

187 2174 300 2227 saneta
327 2174 359 2227 et
387 2164 559 2229 coeliformi
596 2165 769 2231 dilectione
805 2167 936 2229 crevisti
993 2165 1147 2247 ni,magis
1162 2184 1256 2247 quam
1272 2166 1450 2229 recitationi
1466 2174 1498 2229 et
1511 2167 1738 2251 explanationi,

186 2272 284 2344 atque
312 2264 464 2327 continue
494 2264 680 2345 profecistil
709 2264 818 2327 Nonne
846 2266 936 2348 quasi
991 2272 1116 2345 oportet
1138 2282 1196 2327 nos
1225 2262 1388 2327 immorari
1412 2288 1419 2325 :
1443 2272 1475 2327 et
1499 2273 1606 2328 tamen
1630 2286 1739 2330 rursus

185 2362 328 2425 totaliter
342 2362 374 2423 in
390 2361 601 2424 divinissimae
623 2362 763 2424 caritatis
782 2360 936 2426 affectum
991 2363 1029 2424 ad
1058 2362 1253 2443 loquendum
1280 2363 1320 2425 de
1347 2363 1399 2425 bis
1428 2363 1566 2445 impellit
1593 2364 1736 2430 allectio.

184 2459 479 2537 transformabaris,
504 2468 535 2522 et
564 2459 595 2521 in
625 2460 748 2523 viscera
772 2462 871 2523 sancti
898 2480 935 2525 ac
990 2458 1112 2539 Nonne,
1136 2478 1156 2523 o
1185 2460 1292 2541 Virgo,
1318 2479 1336 2523 o
1364 2460 1471 2539 Mater,
1497 2480 1517 2525 o
1544 2462 1689 2543 Domina,
1718 2485 1738 2528 o

184 2558 257 2640 puri
287 2557 404 2621 arnonis
433 2558 692 2621 convertebarisl
717 2558 805 2621 Certe
833 2558 936 2622 excel·
990 2556 1157 2636 salvatrix,
1173 2558 1352 2622 miseratrix
1367 2566 1399 2621 et
1413 2559 1602 2624 consolatrix
1617 2572 1735 2643 nostra,

182 2654 362 2717 lentissime
382 2675 464 2718 unus
484 2675 556 2718 cum
576 2656 694 2719 dilecto
713 2656 855 2737 spiritus,
872 2676 935 2721 una
990 2676 1096 2720 nonne
1121 2655 1154 2718 in
1179 2674 1286 2719 amore
1311 2658 1451 2720 totaliter
1470 2658 1735 2743 inflammabaris,

181 2772 287 2831 mens,
310 2772 374 2816 una
399 2754 545 2816 voluntas
569 2772 625 2835 per
647 2754 765 2817 amoris
789 2754 936 2820 inhaesio-
989 2763 1020 2817 et
1036 2755 1109 2835 igne
1124 2754 1225 2816 divini
1240 2754 1358 2818 amoris
1372 2754 1463 2836 quasi
1485 2757 1734 2838 comburebaris,

183 2870 260 2913 nem
275 2859 306 2913 et
317 2870 375 2933 per
387 2851 580 2933 praecipuam
592 2853 666 2915 vitae
680 2851 933 2916 conformitatem
989 2855 1064 2917 dum
1093 2853 1192 2917 Mum
1222 2862 1311 2915 tuum
1340 2873 1378 2916 ex
1407 2862 1436 2917 te
1465 2864 1574 2918 natum
1607 2858 1736 2920 videbas

183 2948 299 3012 fiebas.
988 2960 1094 3015 tecum
1109 2951 1214 3014 taliter
1232 2960 1485 3030 conversantem,
1502 2962 1533 3016 te
1552 2954 1736 3019 dulcissime

225 3044 248 3107 0
280 3046 425 3108 omnium
459 3045 650 3109 electissima
678 3067 715 3110 ac
750 3048 933 3112 beatissima
952 3049 1277 3133 Calloquentem,tibi
1292 3048 1735 3116 humillimeministranteml

183 3154 415 3224 creaturarum,
444 3145 580 3228 qualiter
614 3165 651 3209 ex
686 3166 724 3210 oa
758 3146 834 3210 hora
869 3165 933 3228 qua
987 3150 1025 3212 Et
1050 3167 1136 3212 nunc
1158 3147 1256 3210 verba
1279 3148 1441 3231 abrumpit
1464 3149 1606 3230 allectio,
1632 3160 1663 3214 ct
1691 3152 1733 3214 si-

181 3243 300 3306 Filium
323 3243 422 3306 Patris
445 3244 554 3306 aeterni
578 3264 616 3308 es
638 3253 669 3308 te
690 3244 934 3310 inviolatissima
987 3247 1122 3311 lentium
1142 3233 1255 3307 indicit
1270 3245 1407 3309 miratio.

181 3360 220 3404 ac
249 3341 455 3422 integerrima
486 3351 585 3404 matre
613 3352 722 3405 natum
751 3343 871 3423 vidisti,
900 3351 932 3408 et

181 3439 289 3520 ipsum
318 3439 534 3502 matemaliter
562 3448 769 3519 contrectare,
801 3441 929 3522 lactare,

180 3538 345 3619 amplecti,
370 3537 560 3618 deosculari,
584 3537 709 3602 deleme
735 3537 870 3621 coepisti,
898 3540 930 3602 in
1195 3520 1440 3586 ARTICULUS
1464 3522 1521 3585 IV·

180 3635 282 3717 ipsius
296 3634 523 3698 accendebaris
542 3643 573 3698 0²
594 3635 786 3718 proficiebas
800 3641 930 3702 ³¹¹¹⁰r0l
984 3667 1032 3726 ne
1048 3669 1200 3727 naturali
1216 3670 1390 3728 dilectione
1407 3671 1528 3730 Marte
1547 3673 1734 3733 illustrissi-

179 3733 395 3812 Deinde,dum
407 3741 554 3797 fflfflfflle
569 3734 930 3816 coeplldefflbu'afflrli·
1025 3775 1086 3815 moe
1106 3757 1151 3816 ad
1170 3758 1298 3818 Filium
1323 3778 1420 3818 suum
1446 3761 1668 3838 unipena‘tum,
1687 3784 1732 3823 se·

178 3829 213 3892 bi
228 3829 380 3892 convesci
394 3848 431 3892 ac
447 3830 644 3908 ministrare;
661 3831 735 3893 dum
752 3832 822 3913 ejus
838 3833 930 3898 inno-
1022 3847 1169 3904 cundum
1183 3853 1340 3906 naturam
1354 3847 1426 3923 ejus
1440 3857 1647 3925 assumptam.

180 3928 399 3991 cautissimam
422 3937 516 4010 atque
541 3929 772 3992 sanctissimam
798 3949 930 3994 conver-

179 4027 337 4090 sationem
352 4027 547 4105 intuebaris3
563 4027 639 4090 dum
654 4027 725 4109 ejus
740 4031 927 4093 modestiam
1054 4031 1197 4092 RDINA
1211 4032 1283 4091 VIT
1294 4033 1331 4090 in
1352 4051 1402 4090 me
1419 4036 1602 4095 caritatem.
1618 4033 1732 4110 Quam·
1746 4064 1869 4118 cmm,

179 4133 211 4187 et
229 4125 390 4204 decorem,
408 4125 696 4206 mansuetudinem,
718 4125 927 4191 humilitatem
1069 4127 1118 4188 vis
1129 4126 1366 4190 ordinatissima
1381 4137 1411 4190 et
1423 4130 1657 4212 sapientissima
1671 4135 1732 4197 vir·

178 4231 211 4285 et
238 4221 442 4304 probitatem,
472 4222 559 4287 omni
596 4221 674 4286 hora
709 4225 1022 4306 corporalibusllgo
1056 4224 1153 4286 llaria
1188 4225 1392 4307 Unigenitum
1427 4247 1520 4291 suum
1554 4232 1730 4295 secundum

179 4330 273 4402 etque
295 4320 488 4383 mentalibus
510 4319 612 4384 oculis
633 4323 826 4404 adspexisti3
850 4324 926 4388 dum
982 4323 1065 4402 qnod
1091 4322 1172 4384 Deus
1196 4331 1255 4400 est,
1278 4323 1570 4408 incomparabiliter
1592 4329 1664 4410 plus
1685 4331 1731 4393 di·

177 4418 331 4500 deinceps
358 4417 466 4481 vidisti
498 4417 598 4500 ipsius
630 4420 785 4483 miracula
813 4429 844 4485 et
872 4424 927 4486 do-
982 4418 1058 4482 lexit
1078 4439 1174 4502 qnam
1198 4421 1374 4484 secundum
1398 4425 1483 4505 quod
1503 4424 1611 4506 homo,
1627 4427 1730 4492 nihilo

176 4517 311 4579 ctrinam
341 4515 457 4579 audisti
484 4541 491 4578 ι
521 4525 608 4579 certe
636 4516 669 4579 in
698 4519 847 4582 omnibus
876 4521 926 4583 his
981 4517 1086 4580 minus
1110 4518 1214 4599 ipsum
1240 4520 1415 4582 secundum
1439 4530 1584 4586 naturam
1607 4544 1730 4588 assum-

173 4613 440 4676 inaestimabiliter
461 4623 492 4676 et
516 4631 646 4695 prorsus
672 4615 926 4680 inenarrabiliter
980 4625 1077 4698 ptam,
1095 4616 1231 4679 naturali
1252 4635 1360 4680 amore
1381 4619 1661 4686 vehementissime
1681 4625 1728 4688 di-

174 4720 208 4774 tu
233 4711 405 4793 purissima
428 4719 460 4774 et
484 4712 522 4774 ad
547 4713 718 4775 amandum
747 4715 922 4796 aptissima,
979 4714 1108 4795 ligebat.
1134 4714 1249 4791 Primo,
1278 4714 1430 4795 quoniam
1459 4716 1548 4782 filins
1575 4739 1652 4784 suns
1681 4723 1728 4785 sic

173 4808 207 4871 in
239 4815 356 4872 sanctae
384 4807 523 4871 caritatis
552 4809 719 4874 ardoribus
747 4811 921 4892 prolecisti,
979 4819 1056 4875 erat.
1070 4812 1165 4876 Porro
1178 4831 1269 4875 amor
1282 4814 1416 4876 materni
1432 4816 1538 4879 cordis
1551 4819 1591 4880 ad
1607 4818 1724 4899 filium,

173 4907 207 4970 in
233 4925 324 4988 pura,
351 4905 500 4970 irreflexa
527 4906 697 4971 dilectione
725 4910 866 4988 crevisti,
893 4920 924 4974 et
978 4909 1153 4990 praesertim
1188 4910 1227 4971 ad
1257 4910 1469 4992 unigenitum,
1500 4914 1645 4979 intensus
1678 4927 1727 4980 est

173 5006 207 5068 in
237 5007 308 5088 ipsa
331 5004 529 5087 perfectione
554 5006 672 5069 amoris
696 5007 823 5070 assidue
851 5009 924 5072 elli·
978 5017 1009 5070 et
1034 5008 1206 5070 vehemens
1231 5008 1324 5071 valde
1356 5033 1363 5070 :
1390 5012 1474 5091 quod
1503 5020 1536 5074 et
1564 5013 1596 5074 in
1625 5024 1725 5080 matre

173 5104 309 5167 cieberis
324 5102 509 5186 perfectior.
526 5102 657 5185 Nempe,
674 5105 745 5185 quis
765 5113 920 5187 nostrum,
978 5106 1074 5168 vidua
1102 5104 1183 5168 solet
1210 5105 1374 5186 potissime
1407 5107 1451 5170 ita
1485 5128 1565 5172 esse.
1595 5112 1725 5194 Propter

171 5201 410 5284 quantumlibet
431 5200 540 5278 dums,
557 5201 771 5280 defectuosus,
794 5203 922 5269 irrefor-
977 5205 1060 5287 quod
1075 5203 1174 5267 David
1189 5203 1345 5266 Jonatban
1360 5205 1496 5286 deflens,
1512 5207 1636 5272 locutus
1650 5221 1698 5274 est
1714 5237 1722 5274 ι

172 5308 288 5382 matus,
318 5319 384 5364 non
420 5299 627 5362 vehementer
660 5301 856 5365 emolliretur
889 5311 921 5366 et
977 5302 1065 5366 Sicut
1093 5309 1195 5364 mater
1222 5300 1355 5364 unicum
1379 5313 1464 5366 amat
1485 5304 1591 5370 filium
1616 5328 1869 5399 snum,1ffl„‚,‚„‚
