4309 6250
452 472 511 538 lhd
690 496 730 544 nn
751 496 914 545 nrummm
934 496 973 543 nr
993 498 1141 545 muamus
1161 499 1189 544 s.
1212 499 1242 543 r.
1264 499 1380 557 usum,
1402 499 1491 546 cmm
1512 500 1553 545 iv.
1576 517 1618 527 -
1638 498 1708 545 sur.
1731 498 1764 546 vr

451 662 515 725 nisi
531 666 718 747 evangelica
732 666 799 731 lide
814 668 854 731 de
868 667 931 730 alia
944 667 1066 732 Deitate
1089 667 1203 731 luisset
1216 668 1242 730 Α
1256 687 1310 733 mo
1328 669 1380 732 die
1398 678 1472 753 post
1489 688 1580 733 suam
1599 668 1847 753 exspirationem
1863 686 1997 733 resurre-

452 760 660 825 certilicatus.
689 765 762 827 llaec
789 765 839 827 vir
870 766 1003 829 devotus
1032 773 1064 828 et
1091 766 1202 830 doctor
1255 766 1348 846 xerit,
1377 775 1409 830 et
1435 767 1616 849 glorificata
1643 776 1738 849 atque
1771 775 1933 851 assumpta
1958 766 1998 829 sit

453 858 613 923 facultatis
627 862 814 945 theologicae
828 863 1008 927 Ubertinus.
1025 863 1071 927 Ex
1089 863 1139 925 his
1153 863 1201 943 (ni
1256 882 1399 946 corpore.
1429 865 1491 928 Alii
1523 865 1706 948 opinantur,
1735 865 1997 947 quemadmodum

451 956 560 1037 fallor)
574 959 728 1041 suspicari
743 961 814 1043 quis
830 970 946 1043 posset,
963 963 1048 1043 quod
1069 962 1102 1023 in
1124 980 1203 1049 pree
1256 971 1287 1024 et
1301 963 1335 1025 in
1354 962 1526 1026 Passionali
1548 963 1736 1026 Sanctorum
1757 963 1901 1040 hahetur,
1917 962 1998 1043 quod

452 1056 595 1138 allegatis
628 1058 735 1121 verbis
768 1059 838 1141 ipse
870 1078 1005 1142 magnus
1034 1059 1201 1141 theologus
1255 1061 1423 1125 duodecim
1438 1061 1529 1123 annis
1544 1069 1616 1143 post
1626 1060 1739 1124 Christi
1755 1062 1834 1123 vixit
1846 1060 1999 1123 ascensio-

451 1152 618 1236 Dionysius
632 1156 672 1219 de
687 1156 746 1220 boe
762 1176 819 1220 suo
835 1157 973 1221 adventu
985 1158 1017 1219 in
1029 1158 1201 1221 Jerusalem
1256 1178 1341 1221 nem.
1358 1158 1452 1222 Porro
1476 1159 1673 1241 Epiphanius
1697 1166 1898 1241 protestatur,
1918 1158 1997 1239 qued

452 1250 495 1312 sit
509 1251 645 1332 locutuS,
661 1261 693 1316 et
707 1256 791 1335 quod
807 1254 847 1317 sit
861 1255 920 1318 hoc
941 1255 1060 1317 laetum
1081 1263 1202 1336 tempo
1255 1265 1327 1340 post
1345 1258 1566 1320 ascensionem
1592 1257 1764 1320 Salvatoris
1787 1257 1864 1320 vixit
1887 1254 1997 1338 viginti

453 1368 487 1411 re
509 1348 564 1413 illo
588 1351 628 1413 de
652 1370 715 1433 quo
739 1353 852 1416 scribit
874 1354 1036 1435 apostolus
1060 1353 1199 1415 Paulus:
1254 1364 1390 1437 quatuor
1412 1356 1516 1435 annis,
1542 1364 1636 1437 atque
1656 1356 1741 1438 quod
1765 1354 1997 1437 quintodecimo

325 1464 402 1509 caut.
424 1479 440 1518 ι,
452 1447 571 1510 Deinde
587 1457 659 1531 post
672 1467 773 1513 annos
793 1458 858 1513 tres
877 1451 951 1513 veni
973 1451 1201 1533 lerosolymam
1255 1472 1339 1517 anno
1363 1455 1435 1517 vitae
1459 1473 1523 1517 suas
1547 1454 1657 1536 genuit
1680 1453 1851 1517 Dominum
1867 1476 1874 1516 :
1891 1453 1996 1535 sicque

306 1529 340 1578 ¹⁸·
356 1530 389 1572 ¹⁹·
452 1544 560 1609 videre
576 1545 712 1627 Petrum,
728 1548 877 1611 etmansi
892 1549 975 1631 apud
995 1568 1068 1612 eum
1090 1550 1201 1613 diebus
1256 1551 1289 1614 in
1311 1559 1377 1615 toto
1402 1552 1514 1616 vixerit
1538 1552 1737 1635 septuaginta
1760 1551 1884 1615 duobus
1909 1551 1997 1614 annis

451 1643 637 1725 quindecim
650 1668 658 1724 3
675 1646 774 1709 alium
789 1654 895 1710 autem
911 1648 1134 1729 Apostolorum
1155 1649 1202 1710 vi·
1255 1650 1290 1711 in
1303 1649 1364 1714 isto
1378 1649 1502 1714 exsilio.
1519 1651 1558 1712 At
1573 1668 1649 1714 vero
1664 1650 1695 1713 S.
1710 1649 1842 1731 Brigitta
1855 1649 1889 1712 in
1904 1650 1997 1712 llere

451 1742 484 1805 di
509 1743 682 1822 neminem,
708 1744 772 1806 nisi
796 1745 949 1809 Jacobum
974 1753 1006 1808 et
1033 1746 1198 1809 loannem.
1256 1748 1428 1811 lationibus
1443 1746 1509 1810 suis
1527 1746 1681 1825 affirmat,
1697 1748 1783 1829 qnod
1802 1748 1898 1810 Mater
1917 1746 1999 1809 Chri-

304 1852 438 1905 aeuus.
451 1840 553 1905 Potuit
576 1843 722 1925 equidem
747 1862 817 1906 esse
840 1844 925 1925 quod
950 1845 1011 1906 Vas
1034 1844 1201 1908 electionis
1218 1846 1366 1909 Bstilera
1380 1846 1458 1908 vixit
1471 1854 1543 1929 post
1554 1844 1668 1908 Christi
1683 1844 1903 1909 ascensionem
1915 1843 1999 1926 quin·

450 1948 527 2003 tunc
553 1959 663 2003 seeum
687 1941 817 2003 adduxit
842 1942 1103 2023 praeclarissimos
1128 1961 1201 2006 suos
1255 1944 1360 2006 decim
1375 1943 1468 2006 annis
1483 1944 1518 2005 in
1533 1942 1650 2007 saeculo
1668 1944 1740 2007 isto.
1756 1943 1844 2006 Unde
1862 1942 1996 2019 elicitur,

450 2037 636 2119 discipulos,
652 2038 849 2121 Dionysium,
866 2039 1079 2119 Timotheum,
1092 2039 1200 2104 forsan
1255 2043 1340 2124 quod
1372 2042 1397 2104 si
1432 2041 1669 2123 quintodecimo
1698 2048 1755 2103 aut
1788 2040 1997 2105 sextodecimo

450 2142 482 2198 et
495 2136 711 2216 llierotheum,
721 2136 886 2219 cupientes
901 2137 1200 2201 excellentissimam
1254 2159 1339 2203 anno
1359 2140 1430 2203 vite
1450 2160 1514 2202 sues
1532 2138 1656 2221 peperit
1675 2140 1930 2221 Redemptorem,
1946 2138 1995 2220 qui

450 2234 538 2297 illam
561 2234 594 2297 in
617 2252 712 2297 carne
727 2235 924 2317 conspicere,
940 2255 1035 2316 quem
1058 2236 1201 2300 credide·
1255 2238 1385 2319 triginta
1399 2237 1501 2300 trihus
1515 2236 1608 2299 anuis
1627 2244 1660 2299 et
1679 2244 1767 2299 tanto
1788 2236 1859 2319 plus
1881 2236 1998 2298 sicula

450 2342 526 2397 runt
548 2353 659 2397 verum
679 2334 779 2397 Deum
799 2336 983 2415 concepisse
1002 2355 1039 2398 ac
1059 2336 1201 2418 peperis-
1254 2335 1421 2399 Nativitate
1435 2335 1506 2417 ejus
1521 2343 1684 2416 estusque
1698 2335 1737 2397 ad
1752 2334 1838 2397 diem
1857 2334 1997 2396 Parasce

450 2450 495 2494 se.
512 2430 592 2505 Quid
609 2439 714 2494 autem
736 2431 785 2494 his
806 2432 904 2514 objici
920 2442 1038 2514 posset,
1055 2434 1200 2515 sequenti
1254 2453 1321 2510 ves,
1337 2451 1400 2514 quo
1414 2432 1533 2495 exstitit
1547 2431 1731 2513 crucifixus,
1744 2432 1823 2495 vixit
1835 2432 1868 2494 in
1882 2432 1997 2495 mundo

450 2530 591 2593 solvetur
604 2530 749 2593 articulo.
767 2531 827 2593 Sed
849 2531 1003 2614 quidquid
1022 2533 1062 2595 de
1085 2552 1118 2595 re
1139 2533 1201 2595 ista
1254 2532 1326 2609 hoc,
1353 2538 1385 2593 et
1409 2531 1478 2611 ipsa
1506 2538 1578 2611 post
1603 2529 1676 2591 Filii
1704 2529 1754 2591 sui
1781 2529 1997 2593 escensionem

450 2627 585 2709 dicetur,
615 2628 753 2691 firmiter
779 2636 811 2692 et
839 2628 1127 2693 indubitantissime
1155 2638 1201 2693 te-
1254 2629 1438 2711 quindecim
1458 2628 1537 2692 vixit
1559 2627 1664 2708 annis,
1680 2628 1765 2709 quod
1785 2626 1819 2689 in
1837 2635 1903 2691 toto
1925 2627 1998 2689 vixit

450 2745 522 2806 neo,
548 2727 632 2809 quod
658 2727 778 2805 divina,
804 2726 970 2790 deiformis
994 2736 1026 2790 et
1049 2727 1200 2791 deificata
1254 2728 1288 2789 in
1304 2726 1397 2789 terris
1412 2726 1574 2808 sexaginta
1588 2726 1713 2789 duobus
1727 2725 1821 2788 annis
1834 2734 1891 2789 aut
1911 2724 1998 2788 circi-

449 2824 555 2903 hlaria,
572 2824 856 2907 superdignissima
872 2825 977 2906 Virgo,
1005 2826 1037 2887 in
1067 2845 1199 2909 corpore
1253 2833 1325 2887 ter:
1342 2825 1426 2905 quod
1447 2824 1555 2887 verius
1575 2824 1760 2887 estimatur.

449 2931 481 2986 ct
506 2923 612 2985 anime
641 2924 683 2986 sit
705 2931 867 3005 assumpta
891 2932 984 3005 atque
1012 2924 1198 3006 plenissime
1293 2924 1400 2999 Porro,
1417 2924 1501 3005 quod
1518 2922 1663 2985 recitatio
1678 2922 1733 2984 illa
1753 2922 1916 2985 Elisabeth
1938 2940 1996 2985 non

449 3020 641 3104 glorificata.
1216 3024 1325 3099 ostes,
1352 3021 1476 3084 videtur
1501 3041 1539 3083 ex
1566 3020 1688 3099 multis,
1714 3039 1785 3101 quae
1810 3020 1996 3103 precedenti

1253 3119 1388 3183 articulo
1417 3117 1531 3201 partim
1556 3126 1631 3182 sunt
1657 3127 1751 3182 taeta.
1777 3117 1901 3181 Etenim
1930 3124 1996 3181 ante

1253 3218 1495 3281 conversionem
1510 3218 1544 3279 B.
1561 3216 1701 3299 Dionysii
1723 3236 1742 3279 a
1760 3216 1857 3280 Paulo
1879 3225 1997 3299 aposto

659 3328 904 3394 ARTIGULUS
932 3329 989 3392 VI,
1253 3318 1295 3394 lo,
1318 3316 1409 3379 multi
1430 3316 1590 3379 fluxerunt
1608 3315 1685 3378 anni
1708 3335 1727 3377 a
1750 3314 1867 3378 Christi
1893 3335 1997 3378 ascen·

1253 3415 1355 3494 sione,
1372 3422 1406 3477 ut
1425 3433 1463 3476 ex
1486 3413 1636 3496 Epistolis
1658 3413 1744 3475 Pauli
1764 3413 1997 3494 Apostolomm-

451 3506 617 3574 Quamdiu
638 3505 856 3564 mundssst'ma
881 3505 973 3580 sirpo
994 3506 1107 3565 Μανία
1128 3514 1199 3579 l>⁰⁸⁸
1253 3533 1315 3596 que
1334 3513 1464 3575 Actibus
1484 3511 1591 3592 colligi
1615 3520 1728 3593 potest.
1744 3511 1888 3594 lnsuper,
1905 3512 1997 3574 intro

491 3596 617 3656 Christi
652 3595 867 3654 ascensionem
907 3595 1031 3652 vixerit
1067 3595 1104 3652 in
1142 3595 1199 3652 hoc
1253 3613 1384 3675 ductum
1412 3619 1461 3672 est
1491 3611 1593 3692 primo
1622 3609 1706 3674 libro
1733 3612 1995 3690 quemadmodum
2007 3642 2091 3681 m,

491 3687 624 3744 munda
1254 3717 1382 3772 sanctus
1403 3716 1522 3789 martyr
1545 3727 1582 3770 ac
1607 3708 1722 3790 praesul
1745 3707 1887 3790 Ignatius
1906 3709 1996 3771 inter·

1254 3808 1330 3870 dum
1344 3807 1384 3868 ad
1399 3805 1613 3868 beatissimam
1636 3804 1762 3887 scripsit
1776 3805 1916 3868 llariam.
1932 3806 1996 3887 lpse

522 3909 639 3969 ΜΝΙΑ,
671 3907 706 3964 tn
735 3925 901 3974 mensura,
931 3913 961 3962 et
993 3924 1141 3974 comere,
1169 3913 1200 3964 et
1254 3902 1997 3984 autemIgnatiusaloanneapostololuitcon·

531 4008 677 4081 pondere
695 4003 905 4062 constituisti.
922 4001 966 4063 De
986 4001 1199 4082 protractione
1254 4020 1364 4065 versus
1389 3999 1535 4082 pluribus
1559 4001 1652 4062 annis
1677 3997 1726 4079 (u't
1753 4001 1908 4081 creditur)
1931 4009 1998 4083 post

450 4102 603 4184 temporis
622 4118 818 4179 numeroque
840 4118 994 4161 annorum
1020 4117 1083 4179 quo
1103 4099 1199 4181 Virgo
1254 4099 1474 4162 ascensionem
1494 4097 1621 4160 Domini
1643 4098 1821 4161 salvatoris.
1837 4099 1926 4173 Quod
1946 4118 1997 4161 au-

451 4201 631 4278 mitissima,
647 4197 740 4260 llaria
755 4196 954 4274 dulcissima,
971 4205 1042 4278 post
1056 4198 1105 4260 sui
1127 4198 1199 4259 Filii
1215 4197 1239 4258 l)
1254 4207 1318 4260 tem
1332 4198 1366 4259 B.
1383 4196 1522 4278 Ignatius
1537 4196 1709 4274 interdum,
1725 4197 1790 4259 imo
1804 4204 1836 4259 et
1854 4196 1998 4278 frequen-

450 4297 672 4362 ascensionem
697 4294 776 4358 vixit
799 4294 831 4354 in
857 4313 952 4356 carne
977 4295 1112 4374 mortali,
1135 4314 1199 4358 non
1255 4304 1312 4373 ter,
1329 4293 1566 4376 gloriosissimae
1591 4294 1721 4375 scripsit
1743 4293 1856 4374 Marius,
1874 4304 1997 4358 sanctus

451 4397 587 4460 habetur
601 4393 755 4466 certitudo
771 4392 923 4473 plenaria,
934 4411 971 4454 eo
986 4394 1070 4472 quod
1086 4394 1200 4456 lideles
1254 4401 1387 4455 testatur
1400 4392 1577 4454 Bemerdus
1593 4410 1740 4455 sermone
1755 4392 1892 4474 septimo
1907 4413 1998 4474 super

450 4504 482 4559 et
506 4493 655 4556 virtuosae
679 4491 844 4570 utriusque
870 4508 961 4552 sexus
985 4508 1139 4571 personae,
1160 4493 1199 4554 de
1255 4491 1426 4574 psalmum,
1447 4490 1503 4563 Qui
1529 4489 1661 4569 habitat,
1682 4489 1816 4570 loquens
1842 4515 1849 4551 :
1871 4491 2068 4572 ldagnusrse

450 4594 512 4657 hoc
537 4588 750 4653 diversimode
775 4588 922 4668 legentur
945 4588 1081 4651 sensisse
1104 4598 1199 4671 atque
1255 4589 1309 4652 ille
1331 4589 1482 4670 lgnatius,
1498 4587 1648 4670 discipuli
1667 4583 1763 4668 quem
1782 4588 1937 4670 diligebat
1953 4590 1998 4652 le
2013 4608 2102 4650 raum

303 3945 394 4001 Septi,
404 3947 438 3989 st.

451 4688 630 4771 scripsisse.
1255 4707 1308 4750 sus
1341 4686 1477 4766 auditor,
1507 4694 1626 4767 martyr
1653 4695 1771 4764 noster,
1801 4685 1896 4767 cujus
1931 4671 2063 4751 reli-⁷¹²⁶·

491 4787 611 4869 Nempe
632 4785 665 4847 in
683 4783 941 4847 Revelationibus
956 4783 1116 4847 Elisabeth
1138 4785 1201 4847 fer·
1254 4785 1340 4866 quiis
1361 4791 1469 4846 nostra
1491 4792 1540 4846 est
1560 4783 1656 4846 ditata
1678 4793 1860 4866 paupertas,
1876 4785 1998 4848 hiarium

451 4893 503 4949 tur
531 4884 626 4966 Virgo
660 4881 826 4946 benedicta
859 4882 986 4956 dixisse,
1016 4883 1101 4962 quod
1130 4890 1201 4963 post
1255 4882 1490 4945 sanctissimam
1519 4882 1553 4944 in
1581 4881 1728 4963 pluribus
1755 4901 1834 4963 quas
1862 4884 1904 4946 ad
1933 4904 1998 4948 eam

450 4983 672 5048 ascensionem
687 4980 758 5044 Filii
774 4979 824 5043 sui
843 4979 957 5042 vixerit
973 4980 1004 5041 in
1026 4979 1087 5043 hoc
1109 5000 1202 5042 mun·
1256 4981 1388 5062 scripsit
1406 4979 1552 5061 epistolis
1573 4980 1793 5043 Christileram
1812 4983 1996 5046 consalutat.

451 5086 567 5148 donno
582 5098 677 5158 cuno,
695 5087 726 5142 et
740 5078 914 5142 totdiebus
928 5085 1007 5159 quot
1021 5086 1096 5139 sunt
1116 5077 1201 5140 adie
1256 5079 1408 5160 Egregius
1436 5079 1530 5160 plane
1557 5079 1669 5141 titulus
1704 5087 1736 5142 et
1769 5083 1999 5146 commendatio

450 5179 656 5246 Ascensionis
681 5196 782 5258 usque
806 5177 845 5238 ad
869 5176 986 5238 festum
1006 5177 1203 5256 Assumptio
1258 5176 1387 5239 honoris
1412 5177 1560 5240 immensi
1578 5200 1585 5238 :
1603 5196 1718 5258 nempe
1738 5178 1790 5240 cui
1810 5179 1934 5245 servire
1958 5201 2001 5244 re

452 5280 515 5360 nis,
531 5286 564 5342 et
577 5276 662 5359 quod
681 5273 865 5339 beatissima
881 5273 976 5355 Virgo
998 5272 1203 5355 quadragesi·
1257 5293 1356 5357 gnare
1380 5282 1441 5354 est,
1461 5276 1547 5338 hunc
1565 5284 1701 5358 gestare,
1718 5294 1783 5340 non
1801 5279 1929 5342 onerari
1946 5288 1999 5359 est,
