4309 6250
535 521 654 571 corma
674 522 843 571 rmrnurr
862 520 1034 584 ιιιιοιιιτι,
1057 522 1147 569 nram
1165 522 1210 569 ιιι.
1232 538 1274 551 -
1294 520 1367 567 ιιι.
1387 521 1442 568 xvr
1515 550 1519 556 .
1706 501 1765 565 397

210 711 252 755 an
276 710 352 755 non.
370 691 443 771 Sed,
460 692 543 755 sieut
567 692 733 775 probatum
757 700 815 769 est,
833 708 960 775 poenam
975 690 1101 773 Aquod
1121 690 1236 753 anime
1253 689 1504 753 Patriarchsrum
1522 688 1655 752 istorum
1674 697 1764 751 eter-

210 789 299 851 illam
324 808 388 853 non
410 798 606 853 meruemnt.
627 789 693 853 lmo
712 790 817 871 angeli
837 809 855 852 a
875 789 962 871 prin·
1016 789 1132 852 naliter
1146 788 1442 870 incessabiliterque
1456 786 1632 850 manebunt
1647 810 1655 848 ε
1671 786 1765 850 aliter

211 886 297 969 cipio
326 888 464 951 Creatori
492 906 550 951 suo
577 886 764 951 fidelissime
788 907 826 950 ac
850 889 961 950 arden·
1015 888 1099 951 Deus
1122 895 1261 950 cessaret
1288 886 1352 949 dici
1378 905 1416 949 ac
1439 904 1510 949 esse
1532 886 1616 947 Deus
1639 903 1761 948 eorum.

211 985 333 1047 tissime
347 986 547 1049 adheserunt
561 992 593 1047 et
606 986 786 1049 servierunt
802 1009 809 1047 :
826 1002 884 1067 pro
897 1002 962 1065 quo
1015 985 1147 1062 Rursus,
1168 984 1202 1047 in
1223 983 1304 1047 libro
1325 983 1493 1064 Sapientiae
1513 983 1667 1065 scriptum
1688 992 1737 1045 est
1754 1006 1761 1043 :

211 1083 259 1146 eis
283 1102 484 1166 nequaquam
512 1082 585 1146 talis
611 1102 734 1147 merces
759 1082 902 1146 debetur.
930 1083 961 1145 Si
1016 1084 1175 1147 iustorum
1190 1081 1305 1146 anime
1319 1082 1353 1144 in
1368 1101 1465 1144 manu
1480 1082 1534 1145 Dei
1550 1091 1636 1161 suut,
1652 1090 1684 1144 et
1698 1100 1763 1145 non
1778 1109 1833 1165 s«,
1843 1113 1899 1159 ...4

211 1190 318 1245 autem
340 1200 404 1245 non
428 1182 568 1245 sentient
592 1199 731 1263 poenam,
748 1200 811 1244 non
834 1182 961 1263 proprie
1017 1189 1125 1264 tanget
1145 1182 1219 1245 illos
1237 1188 1430 1245 termentum
1449 1179 1570 1243 mortis.
1586 1180 1714 1258 lterum,
1731 1179 1764 1241 in

210 1279 378 1342 occidendi
400 1278 560 1356 dicuntur,
582 1297 680 1359 quum
700 1297 785 1341 mors
806 1278 846 1339 sit
867 1296 961 1360 poena
1017 1280 1137 1343 loanne
1165 1279 1210 1342 ait
1233 1279 1378 1342 Salvator
1402 1302 1410 1340 ι
1437 1278 1517 1341 Oves
1545 1296 1624 1341 meae
1653 1297 1765 1342 vocem
1792 1305 1875 1349 rm.
1891 1319 1912 1357 ι,

211 1378 369 1458 quedam.
1017 1398 1121 1441 meam
1140 1379 1285 1458 audiunt,
1305 1386 1337 1441 et
1358 1395 1418 1459 ego
1437 1376 1535 1440 vitam
1554 1386 1705 1440 eternam
1724 1378 1765 1440 do
1780 1369 1814 1417 ²⁷·
1829 1370 1864 1410 ²⁸·

42 1496 82 1537 m.
97 1495 126 1545 ιι,
144 1500 196 1538 ιη.
253 1475 385 1553 Rursus,
411 1474 579 1558 probatum
608 1482 656 1537 est
682 1475 768 1556 quod
797 1473 902 1555 angeli
930 1481 962 1536 et
1017 1478 1075 1555 eis,
1092 1486 1124 1541 et
1144 1496 1208 1541 non
1229 1477 1329 1560 rapiet
1347 1496 1401 1539 eas
1419 1476 1588 1558 quisquam
1610 1476 1650 1539 de
1669 1495 1766 1539 manu

212 1574 328 1637 animae
352 1582 427 1637 sunt
450 1573 613 1656 simplices
641 1573 773 1655 spiritus
801 1580 832 1635 et
857 1572 963 1635 incor-
1018 1596 1099 1638 mea.
1116 1576 1284 1658 Apostolus
1302 1594 1428 1657 quoque
1446 1574 1561 1637 Paulus
1583 1575 1766 1638 :Statutum
1794 1594 1864 1640 ueta.
1883 1607 1912 1645 a.

213 1672 339 1753 porales
353 1672 536 1735 substantia
553 1695 560 1733 ε
577 1670 695 1734 idcirco
716 1670 819 1735 occidi
835 1671 881 1733 eis
897 1688 961 1733 non
1017 1682 1066 1737 est
1087 1674 1218 1756 (inquit)
1241 1674 1427 1737 bominibus
1452 1674 1550 1736 semel
1574 1673 1667 1751 mori,
1694 1683 1767 1755 post
1780 1658 1814 1701 ²⁷·

213 1770 377 1852 competit,
393 1770 540 1851 quamvis
555 1789 612 1852 per
625 1769 891 1852 omnipotentiam
906 1768 961 1832 bei
1017 1774 1077 1837 boo
1101 1784 1207 1836 autem
1231 1772 1407 1854 judicium3
1429 1772 1568 1854 itemque
1592 1795 1599 1831 z
1624 1772 1766 1836 Christus
1781 1789 1911 1841 nometi.

212 1868 338 1951 possint
351 1868 499 1932 desinere
519 1887 591 1931 esse
611 1887 668 1931 seu
690 1867 872 1945 annihilari,
888 1866 1003 1949 sulse
1018 1890 1187 1952 resurgens
1210 1890 1249 1934 ex
1272 1870 1417 1951 mortuis,
1437 1870 1504 1951 jam
1529 1887 1593 1932 uon
1618 1871 1763 1948 moritur,

212 1976 313 2031 tracta
333 1968 380 2029 eis
402 1966 644 2031 conservatione
665 1966 782 2030 divinae
801 1967 961 2048 potentie.
1017 1988 1104 2033 mors
1123 1969 1169 2031 illi
1190 1970 1272 2032 ultra
1290 1988 1355 2032 nou
1377 1967 1604 2032 dominabitur.
1621 1968 1766 2031 Falsissi-

252 2066 365 2128 Adhuc
389 2074 506 2145 autem,
529 2065 613 2147 quod
638 2064 757 2128 dictum
782 2073 841 2144 est,
863 2064 960 2128 Deum
1017 2086 1106 2130 mum
1130 2086 1206 2149 ergo
1233 2077 1282 2130 est
1304 2076 1336 2130 et
1363 2086 1493 2149 pmrsus
1518 2067 1701 2130 baereticum
1725 2088 1763 2131 ac

212 2164 327 2246 angelo
351 2164 462 2227 mortis
485 2182 554 2227 esse
578 2163 749 2241 dicturum,
771 2162 961 2237 «Quoniam
1018 2165 1251 2247 blasphemum,
1276 2184 1417 2229 asserere
1443 2167 1529 2247 quod
1552 2164 1694 2227 Christus
1723 2166 1764 2228 ab

213 2281 342 2326 omnem
362 2270 539 2325 creaturam
562 2280 665 2325 meam
686 2261 843 2341 occidisti,
859 2261 910 2325 abi
931 2269 963 2323 et
1018 2264 1131 2347 angelo
1146 2265 1255 2327 mortis
1270 2265 1311 2326 sit
1323 2264 1678 2329 occidendusllhristus
1692 2283 1767 2345 quo

212 2362 324 2426 occide
348 2370 378 2424 te
403 2361 509 2443 ipsum
531 2384 559 2441 a,
575 2360 835 2426 irrationabiliter
858 2367 959 2423 sonat.
1017 2381 1079 2444 que
1109 2364 1142 2425 in
1165 2364 1338 2446 Evangelio
1362 2362 1508 2446 promisit
1530 2363 1691 2445 Apostolis
1715 2384 1767 2427 ce-

212 2460 278 2524 lloc
293 2460 379 2524 enim
394 2479 433 2523 en
447 2460 626 2524 obedientia
641 2468 726 2523 esset
740 2459 901 2523 lecturus:
915 2479 963 2521 er-
1017 2460 1158 2543 terisque
1186 2461 1297 2524 electis
1325 2460 1475 2524 fidelibus
1502 2484 1509 2524 :
1534 2459 1604 2523 Non
1632 2479 1690 2524 vos
1719 2481 1767 2524 re-
1786 2486 1913 2536 amm.

214 2578 254 2641 go
268 2558 454 2640 hujusmodi
474 2577 607 2639 merces,
625 2559 775 2622 videlicet
794 2558 842 2621 sui
862 2558 963 2641 ipsius
1019 2558 1162 2640 linquam
1189 2561 1362 2641 orphanos,
1392 2561 1484 2637 vado,
1510 2566 1543 2623 et
1571 2560 1698 2623 veniam
1725 2562 1766 2624 ad
1782 2552 1913 2603 ¹⁸³¹''·²¹·

214 2657 347 2735 occisio,
362 2657 423 2719 sibi
438 2675 497 2739 pro
510 2656 571 2721 boc
587 2656 768 2720 nullatenus
783 2657 961 2721 deberetur.
1019 2676 1087 2738 vos,
1113 2665 1145 2721 et
1168 2658 1318 2739 gaudium
1342 2666 1484 2722 vestrum
1507 2676 1602 2722 nemo
1630 2659 1719 2722 tollet
1747 2679 1767 2722 a

117 2819 123 2827 ,
141 2800 157 2829 ,
214 2756 384 2819 Probatum
399 2764 448 2819 est
462 2774 588 2837 quoque
601 2756 686 2837 quod
705 2756 810 2838 angeli
830 2774 894 2819 non
910 2756 965 2817 ba·
1020 2756 1122 2819 vobis.

214 2856 292 2918 bent
313 2854 531 2938 corruptibilia
550 2873 683 2938 corpora
701 2878 708 2917 ι
726 2855 809 2917 unde
824 2874 883 2917 nec
899 2853 964 2918 sul·

214 2953 323 3017 locare
338 2972 372 3017 se
387 2953 492 3035 ipsum
514 2962 618 3035 potest
632 2963 815 3036 competere
836 2953 961 3036 angelo.

255 3052 419 3134 Preterea,
436 3052 462 3115 si
489 3052 621 3136 angelus
643 3052 755 3116 mortis
781 3072 853 3115 cum
878 3055 999 3117 tentet]
1211 3028 1456 3094 ARTICULUS
1476 3028 1567 3094 XVI·

214 3151 340 3234 mugitu
355 3149 527 3215 Sllff⁰⁰⁸bil
540 3171 574 3214 ⁸0
589 3151 706 3235 ipsum,
719 3151 804 3234 (Ιῦοἀ
820 3152 965 3216 ⁰oe¹⁰⁸t⁰⁸
1021 3171 1209 3232 Prosecutio
1220 3171 1455 3246 disputationis
1469 3180 1584 3230 contra
1595 3179 1768 3247 proetcctos

215 3251 349 3332 spiritus
372 3250 588 3331 animaliaque
612 3259 738 3314 terrena
763 3269 821 3314 suo
845 3258 965 3314 terrore
1089 3262 1233 3336 perfidos
1247 3261 1536 3338 insanissimosque
1554 3280 1690 3322 errores.

215 3349 413 3412 exanimaret
434 3349 461 3410 si
483 3349 637 3427 viverent,
653 3349 781 3412 videtur
802 3349 887 3431 quod
911 3369 966 3412 an·
1775 3411 1780 3420 ,

215 3446 281 3529 geli
301 3445 357 3508 alii
378 3465 529 3530 magnum
548 3447 697 3509 emittent
714 3447 869 3528 mugitum
888 3449 963 3510 dum
1094 3445 1172 3510 UUbl
1193 3447 1276 3509 Deus
1300 3445 1342 3509 sit
1364 3446 1693 3526 immaterialissimus,
1720 3448 1769 3511 in-

216 3545 425 3624 occidentur;
441 3545 565 3626 eritque
583 3545 793 3608 intolerabilis
811 3545 962 3626 ululatus,
1025 3443 1090 3656 Q
1107 3545 1415 3636 circumscriptibilis
1442 3565 1481 3608 ac
1508 3546 1766 3629 simplicissimus

215 3644 393 3726 presertim
408 3643 484 3706 dum
499 3643 604 3726 angeli
625 3643 671 3707 illi
692 3644 798 3725 magni
814 3645 964 3708 thronum
1023 3644 1165 3726 spiritus,
1195 3644 1355 3726 quomodo
1389 3645 1501 3708 asserit
1535 3645 1646 3708 llabon
1681 3646 1767 3727 quod

216 3742 273 3804 llei
288 3741 469 3808 deferentes
483 3742 731 3822 interficientur,
746 3761 883 3824 quorum
897 3751 966 3806 taa-
1023 3744 1105 3805 Deus
1119 3743 1236 3806 coelum
1251 3744 1283 3805 et
1298 3752 1413 3806 terram
1427 3761 1535 3825 pugno
1548 3743 1691 3807 tenebitl
1706 3745 1769 3806 nisi

217 3849 249 3902 ta
263 3848 310 3902 est
332 3841 529 3922 magnitudo,
545 3841 721 3904 secuudum
743 3841 866 3922 llabon,
882 3842 965 3922 quod
1022 3840 1156 3903 tortasse
1181 3840 1390 3923 spiritualiter
1413 3840 1570 3922 intelligat
1592 3840 1665 3923 boc,
1680 3842 1769 3924 juxta

217 3939 245 4000 si
270 3939 340 4001 avis
368 3957 438 4021 per·
454 3939 540 4002 mille
568 3939 689 4002 volaret
712 3959 825 4018 annos,
851 3941 903 4002 vix
928 3941 968 4003 ab
1023 3956 1230 4019 sensumque
1252 3939 1284 4000 in
1299 3939 1381 4002 issia
1394 3938 1511 4002 dicitur
1526 3964 1534 4002 z
1551 3939 1627 4015 Quis
1641 3959 1771 4003 mensus
1785 3957 1904 4012 remla.

217 4057 295 4100 aure
316 4056 427 4101 eorum
449 4057 513 4100 uua
535 4038 715 4119 perveniret
735 4038 775 4100 ad
796 4038 902 4102 aliam.
919 4038 967 4101 llli
1023 4046 1072 4100 est
1095 4036 1216 4118 pugillo
1239 4055 1349 4120 aquas,
1374 4045 1407 4099 et
1434 4037 1532 4100 coelos
1556 4039 1662 4120 palmo
1692 4057 1772 4122 pon·

217 4141 267 4217 (ut
291 4136 380 4218 sequi
410 4137 547 4216 videtur)
572 4135 853 4199 horribilissimam
878 4139 969 4200 emit·
1024 4135 1167 4198 deravitt

218 4243 287 4298 tent
311 4234 481 4316 mugitum,
504 4244 535 4298 et
558 4242 663 4298 cetera
687 4243 804 4299 cuncta
826 4254 884 4298 suo
909 4236 1008 4298 ter-l)
1063 4233 1226 4312 Praeterea,
1243 4234 1355 4296 ldalron
1370 4233 1430 4297 iste
1444 4235 1483 4297 de
1499 4235 1703 4299 suscitatione
1718 4237 1772 4300 Se-

218 4353 290 4398 rore
312 4334 482 4396 necabunt.
1025 4332 1186 4414 raphuelis
1201 4333 1347 4413 loquens,
1362 4333 1402 4396 de
1417 4332 1551 4397 aliorum
1566 4334 1771 4399 suscitatione

259 4433 403 4514 Insuper,
432 4431 549 4494 labulee
578 4431 646 4495 iste
676 4431 868 4512 vanissime,
898 4453 968 4516 qum
1024 4431 1210 4513 angelorum
1234 4432 1279 4494 ull
1303 4431 1462 4513 exprimit.
1478 4433 1609 4511 Deinde,
1626 4435 1711 4515 quod
1731 4435 1771 4498 de

216 4550 284 4606 non
309 4539 383 4594 sunt
403 4531 465 4592 nisi
487 4529 682 4612 pravissime
704 4531 806 4612 truie,
830 4533 969 4596 totaliter
1025 4531 1182 4613 corporali
1211 4530 1431 4613 magnitudine
1458 4533 1542 4595 tubae
1567 4532 1654 4595 illius
1681 4532 1772 4597 allir-

217 4629 337 4694 divinis
354 4637 531 4712 repugnant
542 4628 872 4711 ScripturisAlhristus
884 4651 969 4694 nam·
1025 4638 1101 4708 mat,
1126 4637 1174 4692 est
1201 4628 1330 4706 lalsum,
1360 4647 1459 4710 quum
1490 4650 1549 4693 nec
1577 4631 1710 4714 augelus
1737 4633 1771 4696 in

68 4758 183 4808 naar.
217 4748 281 4810 que
296 4729 329 4790 in
351 4727 525 4809 Evangelio
545 4727 709 4808 loquitur:
726 4727 794 4791 Non
817 4737 865 4791 est
885 4729 967 4792 Deus
1025 4727 1153 4811 propria
1167 4735 1280 4790 natura
1294 4726 1336 4788 sit
1349 4729 1532 4810 corporalis.
1545 4727 1650 4792 Nihilo
1664 4729 1771 4791 minus

28 4844 91 4880 ¹¹³2
112 4829 157 4870 2²·
217 4838 429 4906 mortuorum,
446 4827 501 4889 sed
521 4826 680 4905 vivorum,
698 4827 730 4888 id
750 4836 799 4890 est
819 4847 883 4891 non
903 4848 967 4892 non
1025 4835 1100 4888 tune
1136 4824 1244 4887 tubam
1279 4843 1349 4887 esse
1385 4833 1581 4886 cantaturam
1621 4823 1769 4905 fatemur,

218 4925 450 5004 exsistentium,
464 4926 519 4988 sed
534 4924 876 5000 exsistentium.0uum
892 4945 968 5008 ergo
1023 4943 1122 5006 qurum
1146 4923 1288 4986 Christus
1309 4942 1367 5006 per
1387 4923 1564 4986 llattbarum
1585 4923 1625 4986 de
1647 4943 1681 4986 se
1702 4925 1772 5007 ipso

218 5026 301 5088 Deus
321 5025 492 5107 gloriosus,
509 5033 637 5087 sanctus
660 5031 692 5086 et
713 5023 913 5104 immortalis,
934 5026 967 5087 iu
1024 5031 1156 5086 testetur
1183 5045 1190 5084 :
1216 5022 1312 5084 lditlet
1336 5022 1465 5104 angelos
1488 5040 1562 5085 suos
1585 5042 1658 5085 cum
1682 5023 1768 5087 tuba.
1798 5047 1887 5093 nnis,

42 5147 142 5198 eme.
162 5159 202 5196 ιιι,
218 5125 324 5188 Exodo
353 5124 439 5188 dicat
465 5123 505 5188 ad
533 5123 670 5206 lloysen,
696 5121 762 5205 ligo
790 5143 861 5186 sum
886 5125 967 5188 Deus
1023 5121 1193 5204 Apostolus
1215 5139 1342 5203 quoque
1367 5119 1481 5184 Paulus
1503 5121 1647 5184 allirmat
1667 5145 1674 5183 ε
1691 5121 1772 5197 Quo·
1785 5113 1910 5217 ime

26 5221 51 5269 ⁶·
74 5217 118 5258 ¹⁵·
217 5223 489 5306 Abrabam,llcus
509 5223 608 5302 lsaac,
629 5230 661 5286 et
679 5223 762 5286 Deus
782 5222 890 5302 Jacob,
907 5223 967 5286 boc
1024 5221 1112 5283 niam
1133 5220 1203 5301 ipse
1227 5218 1379 5282 Dominus
1403 5218 1437 5279 in
1460 5217 1564 5299 jussu,
1580 5227 1612 5282 et
1636 5218 1670 5280 in
1692 5238 1770 5283 voce
1785 5236 1819 5280 re.
1910 5207 1917 5228 '

217 5335 266 5390 est
292 5343 412 5390 nomen
442 5341 548 5386 meum
578 5321 611 5385 in
639 5329 814 5402 eternum;
845 5329 968 5386 constat
1026 5318 1228 5402 Archangeli,
1248 5326 1280 5380 et
1300 5319 1333 5381 in
1355 5317 1431 5380 tuba
1452 5317 1519 5396 Del,
1539 5314 1711 5380 desce'ndet
1730 5319 1771 5384 de
