4309 6250
497 506 615 554 nonnu
636 506 804 555 ιιιιιιιιιιιιιι
825 507 995 569 ιιιιιοιιιιι,
1019 508 1108 555 ιιιιι
1129 509 1174 557 ιιι.
1198 526 1239 539 -
1258 510 1328 557 mr.
1351 511 1395 557 xx
1659 493 1720 558 too

171 672 281 737 fuisso.
298 674 403 738 Nihilo
418 674 524 738 minus
543 677 646 739 adhuc
668 677 830 741 modicum
852 685 920 739 ian·
933 679 957 741 Α
972 686 1090 756 queret
1105 680 1267 739 terminus
1280 681 1373 741 Adoe.
1390 681 1499 741 Adam
1514 698 1588 739 uero
1609 680 1723 739 videns

170 792 242 853 gem
258 782 369 837 conus
382 776 526 855 quaedem
542 776 659 858 scripta
673 776 918 839 sarracenorum
972 777 1037 835 sibi
1050 778 1224 837 imminere
1239 779 1430 846 terminum,
1445 786 1610 854 acceptum
1629 796 1724 837 mane

171 867 450 950 magnificantium
484 890 578 933 suum
606 870 830 953 legislatorem.
861 870 919 934 ita-
971 875 1080 949 fitium
1105 876 1185 937 Setb
1208 878 1300 935 ducit
1324 878 1369 936 ad
1393 879 1497 937 locum
1525 878 1723 947 oratorium,

171 986 233 1048 que
252 967 407 1050 scriptum
432 969 591 1050 quoddam
616 989 727 1033 corum
753 972 818 1033 haec
844 988 920 1035 con·
972 972 1081 1049 sicque
1101 976 1228 1050 affatur
1241 993 1316 1033 eum
1331 994 1343 1031 .·
1358 976 1437 1042 Qua
1457 976 1619 1035 servanda
1642 993 1724 1033 com-

172 1064 277 1128 linel:
973 1070 1101 1140 mendo,
1127 1071 1193 1147 fiii,
1222 1090 1297 1130 cum
1330 1071 1509 1146 cipilantia
1537 1080 1569 1131 et
1596 1074 1725 1131 cautela

210 1165 347 1224 Creator
368 1167 456 1225 Deus
478 1165 679 1242 omnipotens
708 1174 744 1225 ut
769 1166 919 1242 primum
972 1166 1143 1229 custodies.
1158 1170 1221 1229 Dei
1240 1186 1380 1247 namque
1398 1170 1592 1229 mandatum
1616 1178 1664 1229 est
1688 1179 1725 1229 ut

170 1264 280 1323 Adam
308 1272 487 1333 creaverat,
510 1266 736 1341 eonsurpentis
758 1266 841 1327 Adae
870 1284 920 1325 re-
973 1271 1050 1323 anle
1069 1266 1191 1325 obitum
1214 1284 1321 1325 meum
1344 1274 1572 1327 testamentum
1595 1268 1657 1326 tibi
1674 1269 1725 1344 fa-

170 1380 243 1420 cens
271 1362 440 1421 aerebmtm
463 1363 568 1422 subito
591 1365 850 1433 contremiscens,
874 1382 919 1424 so·
972 1362 1055 1421 aiam
1073 1363 1157 1421 lucis
1170 1382 1267 1441 quam
1280 1365 1479 1440 praeferens
1492 1384 1563 1424 eam
1578 1384 1725 1444 unquam

171 1460 246 1519 nuit
261 1478 327 1519 non
342 1461 442 1519 aliter
455 1480 553 1539 quam
568 1461 704 1535 frondes
725 1470 817 1520 vento
837 1480 919 1521 com·
974 1462 1042 1520 nisi
1068 1470 1178 1521 sancto
1201 1462 1364 1541 dipnoque
1392 1470 1485 1523 utero
1512 1465 1721 1526 commendes.

172 1566 275 1619 motae.
293 1561 385 1627 Quod
405 1560 551 1635 stupenti
563 1561 645 1622 Adae
663 1561 824 1621 Dominus
844 1562 892 1621 ait
908 1580 920 1620 .·
974 1560 1194 1639 Conversoque
1214 1562 1259 1621 ad
1276 1562 1381 1621 Deum
1402 1580 1559 1632 sermone,
1574 1562 1624 1621 ait
1638 1582 1650 1621 .·
1663 1564 1725 1623 Do·

171 1659 321 1727 Sonitus,
336 1678 353 1717 o
367 1659 488 1727 Adam,
504 1678 599 1737 quem
620 1660 769 1729 miraris,
788 1660 919 1735 siqnum
974 1658 1062 1717 mine
1076 1660 1164 1718 Deus
1177 1678 1278 1728 meus,
1293 1677 1362 1718 ecce
1384 1677 1452 1735 epo,
1467 1660 1552 1719 sicut
1569 1661 1724 1736 praecepi·

172 1764 216 1817 est
240 1757 478 1832 prophetarum
497 1764 529 1816 et
551 1758 746 1817 nuntiorum
770 1759 921 1817 mandati
974 1756 1018 1815 sti
1033 1756 1127 1825 mibi,
1141 1776 1247 1816 semen
1263 1759 1346 1816 lucis
1362 1760 1447 1836 quod
1457 1759 1635 1835 priuileqio
1650 1778 1725 1837 quo·

171 1857 247 1917 mei.
264 1857 333 1917 Hae
353 1874 428 1933 erpa
451 1856 533 1915 lucis
553 1874 672 1925 semen,
688 1857 824 1915 virtutis
842 1874 920 1915 meae
938 1856 1051 1921 Bdam
1070 1856 1263 1915 commisisti
1283 1857 1379 1926 mibi,
1394 1858 1456 1915 uni
1478 1858 1519 1915 de
1539 1856 1623 1932 filiis
1645 1858 1725 1917 meis

171 1956 255 2013 dono
274 1962 473 2030 conceptum,
489 1972 554 2013 non
577 1954 645 2013 nisi
667 1954 779 2030 alianis
802 1954 921 2013 lumbis
974 1955 1207 2013 commendaui.
1224 1955 1412 2031 Mitteerpo
1427 1972 1532 2013 unum
1545 1956 1586 2013 de
1600 1957 1726 2032 anqetis

171 2054 368 2131 mundaeque
382 2055 486 2112 vulvae
500 2052 743 2113 commendabis.
757 2055 815 2113 Est
831 2072 921 2112 nam·
976 2053 1042 2111 tuis
1057 2052 1093 2110 in
1109 2052 1327 2111 testimonium
1350 2053 1440 2111 inter
1453 2071 1504 2110 me
1522 2058 1553 2110 el
1567 2070 1654 2121 mm,
1669 2072 1726 2112 an·

172 2170 234 2230 que
248 2151 438 2211 nasciturus
458 2170 499 2209 ιιι
520 2170 555 2210 eo
570 2151 730 2226 propbeta
746 2152 920 2222 Mabomet,
976 2158 1105 2227 tequam
1136 2149 1212 2207 vitoe
1235 2158 1355 2208 noslroe
1377 2150 1542 2224 separatio
1563 2153 1636 2226 fiat.
1666 2152 1726 2212 l'iu

171 2252 218 2308 sic
245 2250 452 2324 resplendens
473 2249 622 2308 omnibus
645 2248 759 2309 diebus
777 2268 818 2307 ea·
835 2250 922 2325 facie
977 2248 1048 2307 istis
1083 2247 1192 2315 dictis,
1221 2249 1311 2313 adest
1345 2248 1563 2324 erchanpelus
1592 2248 1726 2309 Gabriel

172 2350 294 2417 Adam,
310 2356 467 2425 tanquam
489 2350 537 2407 sol
560 2348 596 2406 in
618 2356 690 2406 rota
713 2348 834 2406 circuli
855 2348 921 2417 sui,
975 2366 1048 2406 cum
1064 2346 1271 2421 septuapinln
1286 2346 1433 2405 millibus
1446 2348 1727 2422 anpelorum,sin·

172 2456 231 2507 aut
247 2450 328 2507 luna
345 2448 381 2505 in
396 2454 486 2505 nocte
496 2447 691 2523 plenilunii.
972 2446 1048 2521 puli
1061 2464 1134 2503 eum
1145 2445 1281 2521 papinis
1295 2444 1379 2503 albis
1391 2447 1578 2521 calamoque
1592 2446 1632 2504 de
1645 2448 1728 2504 cala·

212 2547 343 2615 Quoties
367 2546 470 2607 Euam
491 2564 706 2623 appressurus
728 2555 812 2614 erat,
828 2565 923 2605 mun·
977 2546 1038 2603 mis
1057 2544 1225 2619 paradisi,
1240 2546 1420 2603 salutantes
1434 2544 1555 2611 Adam,
1571 2551 1601 2602 et
1622 2544 1727 2603 dicen·

172 2646 253 2705 dari
265 2652 295 2703 et
311 2643 422 2703 lavari
434 2644 583 2713 curabat,
597 2644 770 2720 ambipuus
784 2664 848 2722 qua
868 2646 921 2704 ba·
977 2652 1023 2703 tes
1038 2664 1049 2702 :
1074 2644 1140 2703 Voa·
1155 2651 1224 2711 tua,
1240 2643 1362 2711 Adam,
1377 2642 1495 2701 audita
1509 2643 1726 2710 est,·decreail

173 2764 212 2803 ra
233 2744 395 2805 Dominus
415 2761 519 2801 semen
542 2743 626 2801 lucis
643 2762 684 2801 ea
705 2762 742 2801 ea
758 2760 922 2817 promoue-
975 2744 1062 2800 enim
1078 2742 1238 2802 Dominus
1257 2749 1294 2799 ιιι
1315 2743 1395 2800 ordo
1412 2741 1636 2817 penerationis
1656 2742 1726 2801 Ma·

173 2850 234 2901 ret.
244 2840 437 2903 obseruabat
452 2858 527 2915 erpo
536 2849 700 2915 praecepta
716 2840 844 2910 mariti,
850 2858 923 2918 quo
976 2842 1081 2900 lomet
1092 2840 1258 2914 procedat.
1270 2840 1441 2914 Scriptum
1457 2839 1568 2917 itaque
1582 2840 1724 2898 edictum

171 2958 275 3019 usque
288 2940 431 3014 concepit
445 2938 668 3014 Setb,patrem
684 2939 922 3015 prophetarum
976 2940 1085 3001 Adam
1100 2938 1214 2997 beredi
1226 2956 1285 2997 suo
1297 2938 1378 2997 Setb
1392 2937 1451 2996 sub
1466 2937 1649 2995 testimonio
1668 2956 1727 2996 an·

172 3048 201 3097 et
225 3046 324 3113 eaput
349 3038 543 3096 nuntiorum
566 3038 639 3098 Dei.
656 3039 727 3105 Qua
749 3038 830 3097 bora
852 3038 921 3113 ipsa
935 3044 958 3107 C
973 3040 1120 3113 pelorum
1138 3035 1287 3113 reliquit,
1301 3035 1473 3113 siqilloqne
1493 3034 1655 3095 Gabrielis
1675 3054 1727 3093 ea·

172 3138 234 3194 lua
258 3135 440 3209 splendens,
460 3151 481 3191 a
500 3133 587 3208 facie
605 3134 687 3194 Adae
708 3135 865 3210 mipravit
887 3137 922 3194 in
976 3139 1048 3196 dem
1077 3136 1158 3194 bora
1186 3123 1353 3209 sipnataim
1381 3142 1438 3192 est.
1468 3134 1586 3194 Induit
1615 3135 1727 3212 itaque

170 3233 292 3308 faciem
326 3233 415 3291 an.
446 3231 525 3290 Fuit
559 3231 670 3309 itaque
702 3233 822 3290 scinde
852 3234 922 3294 Eva
976 3234 1137 3296 Dominus
1165 3233 1246 3293 Selb
1278 3234 1391 3291 tunica
1419 3232 1548 3306 duplici
1569 3233 1725 3306 punicea,

171 3331 301 3390 cunctis
314 3329 428 3388 diebus
443 3329 628 3404 informare
638 3331 923 3408 decoroquesplen-
976 3333 1163 3408 splendente
1178 3338 1214 3390 ιιι
1230 3333 1289 3399 sol,
1306 3331 1399 3390 tenui
1412 3337 1450 3388 ut
1462 3331 1522 3404 llos
1542 3330 1645 3390 uiola.
1662 3331 1726 3391 Ea·

171 3431 253 3488 dare
267 3427 405 3496 lucana
416 3435 544 3486 tantum
559 3429 646 3505 quod
660 3428 748 3486 aeris
762 3437 923 3508 terraque
976 3434 1112 3509 demque
1126 3430 1219 3499 bora,
1231 3429 1267 3487 in
1279 3429 1457 3504 prasentia
1471 3436 1571 3488 caetus
1584 3428 1727 3503 anpelici

171 3527 360 3586 animantia
375 3528 486 3585 vultus
498 3526 569 3602 ejus
583 3526 722 3586 nitorem
742 3535 920 3604 stuperent.
976 3537 1006 3589 et
1021 3529 1081 3589 sub
1094 3527 1241 3587 omnium
1256 3527 1451 3595 testimonio,
1466 3527 1682 3601 desponsatur
1696 3526 1728 3585 ei

171 3627 317 3701 Stupens
331 3631 362 3682 ιι
377 3625 445 3700 ipse
458 3625 580 3693 Adam,
590 3643 621 3682 ιι
636 3643 656 3682 α
672 3631 761 3684 tactu
771 3628 922 3702 praaidae
976 3646 1069 3687 soror
1082 3625 1295 3688 Maebmeliclt
1309 3625 1452 3684 candida
1466 3631 1497 3682 et
1513 3632 1660 3684 venusta.
1669 3623 1734 3684 Sic·

171 3723 328 3782 cohibuit.
353 3721 506 3798 Sinqulis
534 3723 644 3801 itaque
672 3723 785 3781 diebus
812 3725 923 3800 anpeli
975 3727 1074 3802 sacto,
1089 3733 1241 3784 mortuus
1255 3731 1301 3782 est
1315 3724 1435 3785 Adam.

170 3823 354 3879 salutantes
369 3820 563 3889 adveniunt,
578 3821 690 3879 odores
704 3821 858 3895 paradisi
876 3822 922 3897 fe·
1016 3823 1096 3886 Selb
1129 3822 1276 3898 capnomt
1305 3839 1453 3890 umorem,
1483 3838 1556 3898 quse
1582 3819 1727 3895 concepit

172 3927 292 3988 rentes,
312 3937 478 3997 quousque
494 3918 627 3995 penitus
647 3927 692 3978 ιιι
711 3919 790 3980 Setb
809 3923 895 3980 solus
910 3941 922 3979 :
977 3925 1074 3983 Enos.
1101 3921 1244 3982 Audiuit
1266 3936 1343 3995 erpo
1364 3919 1508 3995 provida
1532 3918 1659 3977 cunctis
1686 3937 1727 3976 ea

169 4036 249 4076 nam
265 4025 391 4092 praeter
409 4035 482 4076 eum
501 4034 610 4076 omnes
625 4025 746 4092 partus
770 4019 848 4078 Doce
868 4037 920 4094 pe·
977 4021 1055 4080 locis
1067 4020 1243 4078 continuas
1256 4019 1448 4094 aupelorum
1462 4017 1675 4076 salutationes
1690 4019 1727 4075 in

168 4117 264 4175 melli
280 4115 433 4191 suerunt,
449 4116 575 4192 sinquli
596 4133 637 4174 eu
659 4119 800 4176 mascado
823 4125 854 4176 et
876 4119 922 4194 fe·
973 4119 1118 4196 pluriam
1137 4125 1168 4175 ιι
1187 4115 1439 4175 benedictionem
1460 4115 1544 4174 lucis
1559 4114 1727 4190 proptera

167 4214 429 4276 mina.Nascens
443 4214 554 4292 itaque
568 4214 825 4284 summeurae
840 4216 923 4275 lucis
937 4219 961 4284 [l
976 4218 1152 4285 Mabomet,
1177 4215 1383 4292 servavitque
1405 4232 1475 4273 eam
1499 4213 1605 4272 omnis
1627 4221 1727 4274 caetus

168 4315 375 4388 splendorem
386 4311 526 4388 propria
545 4311 632 4388 socie
647 4313 801 4388 praefert,
816 4323 922 4374 matre
976 4316 1143 4392 anpelicus
1158 4322 1224 4373 tam
1239 4313 1279 4371 ab
1292 4313 1422 4371 bomine
1436 4313 1521 4371 malo
1542 4330 1640 4390 quam
1660 4313 1725 4388 spi-

167 4421 285 4472 scuta.
300 4410 480 4489 Posuitque
495 4412 581 4472 Deus
603 4411 692 4470 inter
706 4411 869 4488 insontem
890 4422 921 4474 ιι
978 4415 1048 4475 ritu
1062 4413 1217 4489 malipno.
1238 4411 1347 4473 Natus
1361 4417 1470 4470 autent
1486 4411 1575 4472 linos
1589 4418 1620 4469 et
1634 4411 1727 4471 adul·

167 4513 331 4572 Seianam
348 4511 526 4570 terminum
546 4529 646 4589 usque
664 4511 709 4570 ad
726 4520 845 4587 septem
863 4532 921 4572 an·
977 4523 1041 4582 tus,
1066 4513 1261 4572 mandatum
1290 4511 1459 4569 seruandae
1490 4509 1574 4568 lucis
1597 4518 1627 4568 ιι
1653 4527 1727 4586 pro-

168 4630 239 4671 nos.
258 4610 421 4688 Stetitque
442 4612 503 4668 lue
522 4618 628 4669 erecta
649 4611 737 4669 inter
755 4613 870 4670 eaelum
891 4620 921 4672 et
972 4613 1136 4689 papandoe
1169 4629 1244 4669 cum
1278 4608 1442 4684 dipnitate
1477 4616 1507 4667 ιι
1541 4609 1726 4668 reuerentia

169 4719 312 4778 terram,
324 4725 385 4784 per
405 4727 502 4787 quam
524 4709 636 4786 anpeli
653 4725 752 4784 super
771 4711 851 4771 Setb
870 4713 922 4771 de·
972 4711 1148 4789 praedicat,
1171 4709 1437 4785 commendatque
1461 4695 1548 4766 illud
1575 4707 1646 4784 filio
1669 4725 1726 4768 suo

168 4808 375 4868 scendebanl.
401 4810 515 4868 Proeco
543 4809 642 4868 etiam
669 4825 768 4884 super
793 4810 923 4869 tbronas
978 4811 1118 4879 Cainan,
1137 4815 1168 4866 el
1191 4807 1329 4868 Cainam
1352 4807 1518 4874 Malaleel,
1537 4807 1647 4883 sicque
1664 4823 1727 4881 per

168 4907 383 4976 audiebatur,
401 4921 465 4980 per
487 4907 632 4982 siupulos
655 4907 726 4966 dies
747 4910 892 4966 clamans
911 4925 923 4966 .·
977 4909 1128 4970 ordinem
1143 4923 1245 4985 usque
1258 4905 1303 4963 ad
1316 4903 1496 4965 Abrabam.
1514 4906 1582 4972 Qua
1597 4922 1727 4962 nascen-

172 5005 302 5073 Gaude,
319 5013 422 5073 terra,
437 5012 467 5064 et
483 5007 624 5073 ιιιιιιιια,
640 5006 743 5082 dipna
763 5008 834 5064 luce
854 5008 924 5066 Ma·
979 5018 1021 5080 te,
1037 5010 1103 5067 duo
1117 5005 1247 5065 lumina
1260 5004 1468 5078 erumpentia
1488 5021 1530 5060 eu
1550 5003 1676 5062 oriente
1696 5008 1727 5060 et

169 5103 280 5164 bonnet
288 5123 304 5171 ,·
318 5120 416 5178 super
429 5121 502 5162 eum
517 5105 623 5163 oratio
636 5105 700 5164 Dei
712 5111 743 5164 ιι
758 5107 857 5166 salus.
979 5109 1153 5174 occidente,
1169 5105 1206 5162 in
1219 5102 1325 5162 medio
1338 5102 1458 5161 mundi
1474 5108 1726 5170 concurrerunt,

212 5203 296 5264 Fuit
313 5202 424 5280 itaque
439 5203 499 5261 lua
515 5203 578 5260 ista
594 5205 801 5278 resplendens
814 5223 856 5262 ear
873 5203 924 5279 sa·
978 5207 1131 5283 sectaque
1154 5210 1201 5262 est
1229 5204 1291 5260 lua
1318 5219 1386 5261 una
1413 5217 1539 5259 ornnem
1566 5199 1727 5258 mundum

171 5303 221 5363 cie
236 5302 319 5364 sert
332 5302 459 5362 cunctis
471 5302 597 5373 diebus,
612 5321 777 5382 quousque
790 5303 926 5379 propin·
981 5300 1381 5379 illuminans;y'aclusqaee
1395 5306 1441 5358 est
1454 5298 1581 5357 sonitus
1599 5297 1726 5374 anacle-
