4309 6250
445 470 506 541 472
600 466 749 543 hittoetts
770 494 1000 542 ntsrmtrtents
1022 494 1113 543 lll'l'ssli
1132 491 1339 540 Cfllils'l'ldNUl
1360 492 1398 538 ΕΤ
1417 491 1632 539 sanaturum.
1654 510 1695 523 ··-
1715 492 1785 540 altr.
1806 492 1837 540 Xl

446 682 511 727 suae
526 663 614 743 fidei,
631 674 662 729 et
676 684 730 730 eos
749 668 788 730 ad
811 686 900 731 snam
922 665 1021 731 fidem
1043 664 1195 729 inducere
1209 664 1234 726 A
1250 663 1392 745 ptionem
1406 682 1503 745 qnam
1517 663 1671 727 miracula
1687 688 1695 727 ε
1713 663 1779 728 imo
1790 672 1822 728 et
1834 663 1892 746 ipsi
1910 663 1974 728 fide·

446 770 521 825 sunt
543 764 671 826 cenatif
1250 760 1296 823 les
1315 780 1373 843 per
1397 761 1552 824 miracula
1576 762 1737 844 precipue
1760 762 1925 826 excitantur
1942 764 1973 825 ad

487 859 751 926 Cnnrsrrmvus.—
764 863 825 926 Eos
839 862 893 945 qui
908 882 928 925 a
941 862 1007 927 lide
1021 861 1196 925 christiana
1250 859 1489 922 reformandum
1524 878 1570 938 se,
1605 861 1646 924 ad
1681 860 1860 924 faciendum
1895 880 1973 943 opera

446 967 714 1040 apostataverunt,
731 961 869 1024 fatemur
893 961 1130 1043 compellendos
1155 960 1194 1021 ad
1249 958 1350 1021 multa
1369 958 1465 1021 bona.
1486 957 1629 1040 Denique
1648 958 1883 1040 quintodecimo
1900 960 1974 1022 Alco

447 1055 558 1120 fidem.
579 1058 761 1123 incredulos
786 1078 862 1122 vero
885 1059 938 1140 qui
964 1077 1127 1141 nunquam
1151 1058 1195 1120 le·
1250 1056 1318 1118 rani
1343 1056 1483 1137 capitulo
1508 1056 1669 1134 recitatur,
1692 1058 1780 1137 qued
1803 1057 1974 1121 incredulis

446 1173 519 1236 geru
544 1155 659 1220 Christi
688 1157 825 1239 amplexi
854 1166 938 1238 sunt,
964 1156 1102 1220 fatemur
1129 1175 1192 1219 nen
1248 1154 1425 1217 ldahometo
1449 1153 1605 1217 miracula
1627 1154 1841 1236 requirebant.
1864 1156 1897 1218 ln
1920 1155 1973 1217 linc

447 1250 691 1333 impugnandos,
726 1254 788 1316 nisi
823 1252 885 1336 ipsi
918 1253 1108 1335 impugnent
1139 1260 1195 1313 aut
1249 1270 1375 1334 quoque
1390 1252 1612 1332 quartidecimi
1627 1253 1775 1316 alcorani
1790 1252 1911 1335 capituli
1923 1252 1973 1315 ico

446 1349 615 1413 molestent
629 1350 754 1432 fideles,
762 1360 813 1415 aut
826 1352 904 1415 fidei
919 1350 1125 1414 diffusionem
1140 1351 1195 1412 im·
1248 1357 1301 1412 tur
1318 1350 1408 1431 quasi
1428 1370 1467 1413 ex
1486 1359 1575 1432 parte
1593 1350 1648 1413 Uei
1669 1351 1709 1413 ad
1729 1349 1839 1413 llahon
1855 1350 1907 1413 :Si
1926 1351 1971 1413 tibi

446 1448 587 1530 pediant,
604 1458 657 1512 aut
671 1470 709 1514 ex
725 1450 787 1513 alia
800 1451 887 1533 Justa
901 1469 996 1514 causa
1011 1450 1075 1512 sint
1090 1449 1194 1529 impu·
1248 1450 1419 1513 molestum
1434 1459 1482 1512 est
1499 1451 1585 1531 qued
1606 1450 1664 1513 tibi
1685 1469 1751 1513 non
1773 1451 1910 1529 credunt,
1922 1468 1973 1512 ec·

445 1546 564 1627 gnandi
584 1570 590 1608 :
607 1548 704 1629 quisi
724 1548 801 1612 victi
820 1548 950 1627 luerint,
966 1567 1031 1611 nen
1053 1547 1193 1628 compel-
1249 1546 1327 1625 lum,
1343 1548 1370 1608 si
1386 1553 1488 1628 potes,
1503 1566 1561 1628 per
1582 1548 1684 1609 scalas
1704 1548 1851 1623 ascende,
1865 1555 1897 1609 ut
1913 1565 1972 1609 curn

446 1644 555 1706 luntur
582 1646 621 1707 ad
653 1645 763 1725 iidem,
794 1647 850 1709 sed
878 1646 963 1709 allici
993 1652 1126 1727 possunt
1152 1645 1192 1706 ad
1249 1644 1417 1707 virtutibus
1432 1652 1464 1705 et
1477 1643 1640 1707 miraculis
1654 1645 1817 1707 advenias.
1833 1646 1971 1726 Tanquam

446 1760 536 1819 eam3
562 1742 645 1805 etsi
671 1743 772 1805 velint
799 1743 953 1821 converti,
980 1742 1090 1804 mitius
1118 1761 1192 1804 curn
1247 1742 1331 1805 dicat
1348 1765 1355 1805 ε
1372 1742 1405 1805 Si
1430 1762 1504 1805 cum
1526 1742 1687 1806 miraculis
1711 1751 1806 1824 atque
1828 1742 1972 1805 virtutibus

445 1839 525 1921 ipsis
539 1841 697 1921 agendum
712 1849 762 1903 est
773 1860 869 1923 quam
885 1842 910 1903 si
926 1840 959 1902 in
975 1860 1032 1903 sua
1054 1838 1193 1903 infideli·
1208 1843 1233 1905 B
1248 1840 1426 1917 advenires,
1436 1840 1493 1903 tibi
1508 1840 1646 1922 amplius
1660 1841 1973 1905 crederetur.Vidcsnc

445 1945 510 2000 tate
531 1939 775 2019 permanserint.
1247 1938 1385 2019 qualiter
1398 1939 1466 2001 heac
1480 1939 1580 2001 verba
1600 1938 1662 2001 sibi
1683 1939 1822 2002 invicem
1836 1939 1973 2003 contradi-

486 2036 698 2101 Snnrm'cnnus.
719 2038 898 2101 -Suntne
922 2045 954 2099 et
977 2037 1040 2100 alia
1063 2056 1134 2117 quae
1160 2037 1193 2098 in
1248 2045 1332 2113 cant,
1350 2036 1595 2116 contrariantur,
1611 2040 1814 2120 repugnentf

445 2132 527 2197 libro
547 2134 625 2216 legis
644 2144 760 2199 nostra
780 2136 928 2199 videntur
948 2135 1005 2198 tibi
1028 2135 1090 2197 sibi
1112 2135 1193 2197 invi·
1288 2136 1503 2199 Sanancsnus.
1519 2172 1560 2181 -
1573 2136 1702 2199 Diversa
1722 2145 1798 2199 sunt
1811 2156 1919 2219 genera
1934 2136 1973 2197 in·

445 2252 515 2296 cern
538 2233 718 2296 contrarial
1247 2232 1460 2295 credulorum.
1475 2234 1590 2315 Sicque
1604 2253 1662 2316 per
1674 2234 1905 2299 distinctionem
1918 2234 1973 2295 hac

485 2330 702 2395 Cnn1sr1a1vus.
723 2366 763 2377 —
783 2332 1024 2406 Quartodecimo
1046 2331 1192 2395 Alcorani
1248 2333 1491 2395 concordantur.
1508 2331 1640 2406 Quidam
1658 2333 1746 2396 enim
1765 2333 1906 2397 obstinati
1925 2350 1973 2394 nec

445 2428 585 2511 capitulo
599 2430 689 2511 quasi
705 2449 743 2492 ex
760 2430 817 2493 Dei
840 2448 975 2512 persona
996 2430 1113 2493 dicitur
1132 2431 1193 2493 llla-
1248 2428 1412 2491 miraculis
1434 2430 1580 2492 credunt.

444 2526 640 2590 hometo:Tu
656 2547 854 2611 nequaquam
870 2529 908 2590 ad
923 2528 1104 2591 incredulos
1120 2548 1191 2591 cum
1287 2527 1558 2591 eutramnus-
1578 2528 1708 2610 Propter
1731 2528 1900 2593 obstinatos
1920 2545 1974 2589 nen
2013 2517 2018 2529 '

444 2624 621 2688 manifestis
640 2625 695 2687 Uei
715 2626 878 2689 miraculis
900 2626 1018 2703 venies,
1040 2626 1192 2707 quoniam
1247 2634 1338 2687 erant
1365 2624 1437 2687 aliis
1470 2626 1644 2689 incredulis
1672 2635 1704 2688 et
1732 2626 1973 2691 convertibilibus

444 2742 482 2786 ca
497 2723 583 2785 velut
597 2724 698 2785 otiosa
712 2732 806 2804 atque
822 2724 979 2787 centraria
995 2732 1189 2806 reputarent.
1247 2724 1461 2786 subtrahenda
1485 2724 1649 2787 miracula.
1673 2725 1741 2789 lrno
1765 2734 1797 2789 ct
1820 2724 1973 2789 obstinatos

442 2821 488 2883 Ex
512 2820 572 2883 hoc
597 2822 686 2902 sequi
711 2821 847 2901 videtur,
864 2822 948 2902 qued
975 2822 1128 2885 miracula
1151 2824 1190 2885 ad
1246 2821 1329 2883 Deus
1351 2820 1535 2903 frequenter
1549 2840 1606 2902 per
1618 2822 1774 2885 miracula
1788 2842 1825 2885 ac
1839 2822 1905 2885 aliis
1920 2840 1975 2884 mo

442 2918 678 2982 incredulorum
694 2920 935 2983 conversionem
951 2920 995 2983 nil
1011 2922 1189 2985 conferant.
1246 2920 1294 2982 dis
1308 2920 1347 2981 ad
1363 2920 1606 2983 conversionem
1626 2920 1782 2999 hortatur,
1799 2930 1833 2984 ut
1849 2920 1975 2984 ostendat

443 3018 529 3080 Unde
549 3025 580 3080 et
599 3018 808 3081 nonodecimo
823 3018 969 3080 Alcorani
986 3017 1126 3099 capitulo
1147 3019 1191 3081 le·
1208 3016 1231 3079 C
1246 3016 1406 3079 delectum
1419 3017 1633 3081 conversionis
1647 3018 1776 3081 illorum
1790 3038 1828 3082 ex
1841 3026 1922 3102 parte
1934 3017 1974 3077 sui

442 3115 528 3198 gitur
550 3114 706 3179 :Constat
730 3116 775 3178 nil
800 3116 977 3180 coelestium
1003 3116 1070 3180 sive
1096 3127 1191 3182 terrc-
1247 3135 1310 3178 non
1325 3123 1445 3193 essc,et
1458 3135 1499 3177 ne
1512 3115 1559 3178 illi
1573 3124 1732 3199 queantsc
1746 3116 1973 3180 excusarellinc

443 3213 567 3291 strium,
583 3234 644 3277 nec
668 3213 822 3276 miracula
846 3234 902 3277 seu
927 3215 1070 3293 virtutes,
1089 3216 1192 3279 incre
1246 3213 1389 3275 Christus
1412 3221 1444 3276 ct
1466 3214 1598 3295 Moyses,
1615 3216 1757 3295 Apostoli
1781 3224 1812 3278 ct
1832 3217 1974 3296 Propheta

442 3311 528 3374 dnlis
546 3311 720 3392 quidquam
743 3311 909 3394 proficere.
927 3313 987 3376 Sed
1011 3313 1062 3375 his
1084 3313 1191 3376 verbis
1209 3321 1213 3331 '
1247 3330 1353 3373 coram
1369 3310 1544 3374 incredulis
1558 3313 1725 3376 obstinatis
1736 3313 1835 3376 multa
1848 3314 1974 3376 fecerunt

443 3429 508 3474 non
532 3411 635 3472 solum
661 3411 893 3474 contrariantur
918 3411 1009 3491 ratio,
1027 3413 1191 3494 experien-
1247 3409 1410 3472 miracula.
1428 3410 1487 3472 Sed
1508 3411 1637 3474 adverte
1655 3420 1782 3492 quanta
1801 3411 1832 3475 id
1850 3412 1909 3475 fuit
1924 3411 1975 3474 cal·

443 3507 487 3570 tia
506 3515 538 3569 et
556 3508 729 3588 Scriptura,
747 3507 812 3570 imo
832 3517 864 3570 et
883 3508 914 3570 id
936 3510 1021 3590 quod
1036 3509 1190 3573 vicesimo
1247 3506 1391 3585 liditatis‚
1405 3509 1490 3589 quod
1512 3527 1611 3589 quum
1625 3509 1739 3573 llahon
1760 3510 1855 3573 sciret
1874 3529 1905 3572 se
1922 3527 1973 3571 non

384 3595 386 3600 ’
443 3605 583 3685 capitulo
607 3604 752 3668 alcorani
777 3614 922 3668 narratur
938 3630 945 3668 :
961 3607 1118 3670 Increduli
1136 3608 1191 3670 ‘di-
1247 3623 1340 3686 posse
1365 3605 1520 3668 miracula
1543 3607 1668 3687 operari
1688 3609 1787 3689 (quod
1809 3616 1911 3671 tamen
1931 3607 1975 3668 de

442 3711 555 3765 xerunt
578 3703 616 3764 ad
641 3703 711 3765 llud
739 3726 745 3766 :
773 3701 836 3766 Nes
861 3713 990 3786 propter
1014 3703 1112 3766 verba
1137 3712 1190 3766 tua
1246 3710 1343 3780 cerct,
1361 3721 1459 3783 quum
1476 3721 1509 3766 se
1531 3703 1652 3766 diecret
1671 3705 1727 3768 Dei
1749 3706 1928 3788 prophetam
1946 3722 1976 3765 ac

442 3819 642 3882 nequaquam
667 3800 876 3863 refutabimus
899 3802 983 3882 quod
1009 3803 1188 3880 aderamus,
1246 3800 1438 3882 novaelegis
1462 3801 1580 3864 divinae
1604 3802 1762 3881 laterem),
1778 3803 1871 3867 linxit
1891 3805 1975 3865 Deum

442 3918 540 3981 quum
557 3906 591 3962 tu
605 3898 737 3961 minime
753 3918 825 3962 cum
846 3899 1007 3962 miraculis
1023 3908 1054 3962 et
1068 3899 1191 3963 virtuti·
1246 3897 1307 3960 sibi
1336 3897 1451 3961 dixisse
1477 3922 1484 3962 :
1510 3899 1633 3963 ldcirce
1661 3919 1735 3963 cum
1764 3901 1920 3965 miraculis
1943 3899 1975 3962 ad

443 3997 502 4060 bus
527 4015 585 4059 nos
610 3997 753 4060 accedas.
771 3997 857 4060 Unde
881 3997 1082 4061 concluditur
1105 4000 1190 4080 quod
1247 3996 1427 4060 incredulos
1453 4017 1516 4059 non
1541 3998 1660 4079 venies,
1687 4001 1837 4081 quoniam
1864 4021 1899 4064 ea
1918 4008 1977 4061 tan-

443 4094 598 4158 miracula
612 4103 643 4157 et
658 4093 792 4157 virtutes
807 4096 846 4158 ad
861 4094 1042 4158 infidelium
1059 4115 1190 4160 conver·
1245 4114 1340 4176 quam
1365 4095 1467 4159 otiosa
1489 4105 1584 4177 atque
1612 4098 1771 4160 contraria
1798 4105 1974 4181 reputarent.

443 4195 565 4255 sionem
590 4191 749 4274 praecipue
774 4194 924 4274 prosint:
946 4195 1030 4274 quod
1055 4203 1087 4258 et
1110 4197 1190 4260 ratio
1206 4196 1230 4259 D
1244 4194 1309 4257 lmo
1322 4202 1447 4276 quantae
1459 4194 1664 4276 impudentia
1678 4195 1893 4276 fuit,assercre
1905 4196 1975 4279 quod

443 4299 617 4371 attestatur,
633 4292 786 4372 quoniam
808 4293 1054 4373 supernaturalis
1076 4295 1191 4357 doctri·
1246 4312 1306 4355 nec
1320 4312 1378 4374 per
1390 4293 1545 4355 miracula
1565 4294 1774 4359 credidissent
1791 4298 1874 4378 qnod
1894 4297 1976 4360 etiam

443 4409 573 4470 na,quae
587 4409 626 4452 ex
640 4389 774 4451 naturali
791 4391 910 4454 ratione
927 4392 1036 4472 nequit
1050 4393 1188 4474 probari,
1246 4389 1315 4453 sine
1335 4390 1499 4452 miraculis
1520 4391 1745 4455 credideruntt

441 4508 500 4571 per
514 4488 603 4570 signa
618 4495 649 4550 et
663 4487 815 4550 miracula
831 4488 889 4550 soli
906 4490 1116 4571 omnipotenti
1128 4492 1191 4556 Deo
1286 4488 1449 4568 Praetarea,
1460 4490 1601 4552 secundo
1615 4490 1762 4554 Alcorani
1779 4493 1914 4574 capitulo
1925 4492 1977 4555 lla-

441 4585 608 4670 possibilia
633 4594 680 4648 est
704 4586 877 4667 probanda,
905 4596 1060 4668 quatenus
1086 4591 1190 4652 media
1246 4587 1309 4650 hon
1325 4587 1415 4666 quasi
1436 4587 1601 4669 judaizans
1619 4611 1626 4649 :
1643 4588 1709 4651 Viri
1725 4590 1856 4672 (inquit)
1870 4590 1977 4670 boni,a

441 4684 502 4748 fini
524 4692 556 4747 et
575 4685 745 4765 premisse
769 4685 1036 4766 correspondeant
1062 4687 1190 4748 conclu·
1245 4685 1423 4748 morticinis
1450 4694 1482 4748 ct
1506 4700 1606 4767 porco
1633 4707 1670 4750 ac
1698 4688 1863 4770 sanguine,
1890 4697 1921 4752 ct
1942 4687 1975 4750 ab

442 4783 535 4846 sioni.
552 4782 668 4862 Sicque
682 4781 802 4862 Moyses
817 4790 849 4844 ct
861 4782 1033 4864 Propheta,
1046 4783 1189 4846 Christus
1245 4783 1374 4846 animali
1389 4783 1532 4864 quelibet
1552 4794 1716 4866 perempto
1737 4805 1801 4850 non
1820 4788 1852 4849 in
1867 4788 1976 4851 Cranto

441 4889 535 4962 etque
546 4880 686 4962 Apostoli
703 4899 775 4942 suas
790 4880 1004 4962 probaverunt
1017 4881 1185 4944 doctrinas.
1246 4882 1289 4943 ris
1309 4881 1449 4960 nomine,
1465 4882 1631 4945 abstinete.
1648 4883 1864 4950 Sextodecimo
1882 4894 1975 4949 auem

359 5017 381 5046 a.
441 4980 527 5044 Unde
549 4988 581 5042 et
599 4978 739 5042 Christus
759 4978 910 5041 disseruit
927 5003 934 5042 :
951 4979 1017 5042 Nisi
1043 4980 1133 5061 signa
1158 4989 1190 5043 et
1245 4980 1383 5062 capitulo
1412 4979 1501 5061 quasi
1532 4981 1772 5046 christianizans
1798 5008 1806 5046 :
1831 4984 1866 5049 ln
1888 4985 1974 5046 Deum

320 5097 326 5108 ·
439 5078 584 5161 prodigia
609 5076 761 5155 videritis,
787 5095 851 5138 non
877 5077 1017 5140 creditis.
1045 5076 1132 5150 Ouod
1157 5087 1189 5140 et
1244 5079 1314 5157 (ait)
1330 5080 1495 5141 credentes
1509 5085 1541 5142 et
1562 5078 1632 5160 ejus
1653 5083 1821 5163 praeceptis
1840 5082 1976 5147 obedien-

439 5174 633 5257 experientia
661 5193 773 5236 verum
801 5193 871 5236 esse
899 5182 1041 5238 testatur.
1069 5173 1118 5236 Nil
1143 5184 1188 5237 et·
1244 5185 1303 5253 tes,
1326 5176 1412 5239 licite
1436 5178 1475 5239 de
1503 5177 1597 5241 rebus
1621 5178 1770 5242 omnibus
1793 5200 1886 5263 super
1906 5197 1975 5261 quas

437 5274 522 5339 enim
538 5274 609 5356 plus
624 5279 731 5336 movet
745 5271 925 5337 incredulos
941 5274 979 5337 ad
994 5271 1071 5336 fidei
1086 5292 1188 5337 susce·
1244 5293 1361 5338 nomen
1380 5275 1436 5338 Uei
1460 5275 1640 5340 invocatum
1662 5285 1711 5340 est
1729 5279 1894 5344 comedere
1910 5296 1976 5342 con-
