4309 6250
463 450 524 515 49ss
608 466 760 516 aruceus
780 466 1011 514 bmrurartottts
1034 464 1124 511 rursu
1145 463 1351 513 cnulsrtartuu
1371 467 1409 514 El*
1430 468 1646 518 tamennon.
1668 489 1710 500 ·-
1730 472 1800 520 aar.
1822 474 1875 522 m

464 638 646 703 retrocessit
664 637 767 720 spatio
786 638 897 701 decem
915 638 1077 716 horarum,
1094 644 1125 698 et
1143 654 1215 717 pro·
1229 636 1255 699 Α
1270 638 1355 717 quod
1377 637 1459 701 Deus
1483 639 1557 703 olim
1583 642 1706 705 locutus
1731 652 1779 706 est
1803 645 1916 708 sanctis
1937 647 1993 711 Pro

465 737 593 819 longata
617 735 679 800 fuit
702 737 771 800 dies
800 736 856 798 illa
880 754 938 818 per
965 735 1060 797 horas
1088 734 1212 815 viginti,
1270 734 1375 816 phetis
1390 737 1680 822 etPetriarchis,et
1694 760 1751 823 per
1766 746 1991 825 eos,praesertin

465 843 501 899 ut
523 834 724 899 communior
747 833 903 916 expositio
930 841 1027 896 tenet.
1058 832 1213 914 Denique,
1271 849 1327 913 per
1351 832 1488 916 Moysen,
1514 837 1613 900 multa
1638 836 1717 901 fecit
1739 840 1907 921 miracula;
1925 844 1992 924 quod

465 952 562 1015 quam
578 940 722 1016 potentes
736 940 768 995 et
781 931 912 1015 gloriosi
929 930 1050 995 fuerint
1067 932 1101 993 in
1123 931 1216 993 mira-
1271 931 1346 995 item
1377 931 1519 997 Christus
1543 936 1668 1017 atejus
1692 939 1835 1019 Apostoli
1864 940 1992 1004 miracula

466 1032 548 1095 culis
572 1031 656 1093 Elias
684 1039 716 1094 et
742 1030 878 1108 Eliseus,
903 1029 985 1093 liber
1011 1030 1132 1111 llegum
1161 1029 1215 1091 de
1270 1039 1472 1111 peregemnt,
1498 1039 1529 1094 et
1553 1034 1639 1113 quod
1667 1034 1764 1098 Judaei
1792 1036 1902 1119 abjecti
1924 1048 1992 1120 sunt,

320 1123 364 1152 ”¹¹
445 1130 589 1195 'scribit
1270 1127 1421 1207 quoniam
1450 1128 1607 1193 Christum
1637 1142 1812 1196 renuerunt
1843 1136 1991 1218 suscipere.

506 1228 546 1292 Et
559 1228 706 1307 breviter,
722 1246 824 1309 usque
845 1227 884 1291 ad
906 1225 1020 1290 Christi
1042 1227 1214 1290 adventum
1270 1223 1331 1287 Sed
1346 1233 1480 1307 putasne
1494 1225 1627 1291 aliarum
1642 1248 1769 1312 queque
1783 1231 1899 1313 legum,
1914 1242 1994 1297 secta·
2110 1282 2111 1287 η

465 1327 578 1391 habuit
599 1327 737 1411 populus
761 1327 951 1406 ludaeorum,
977 1327 1037 1389 suh
1061 1326 1130 1407 lege
1154 1326 1216 1389 llo-
1271 1342 1341 1385 rum
1361 1332 1393 1386 et
1412 1323 1601 1407 religionum
1621 1327 1759 1392 cultores
1784 1328 1896 1395 fecisse
1918 1333 1994 1395 mira·

466 1427 553 1490 saica
566 1435 642 1490 tuuc
657 1434 816 1504 currente,
824 1424 919 1488 certis
934 1424 1130 1507 temporibus
1145 1444 1216 1487 san·
1271 1421 1367 1483 culaf

467 1533 535 1589 ctos
559 1524 730 1608 Prophetas
757 1543 794 1587 ac
822 1522 877 1586 Dei
906 1522 1038 1603 amicos,
1065 1532 1097 1585 et
1125 1522 1216 1604 signa
1311 1520 1598 1587 duramnus-
1631 1523 1711 1604 Non,
1747 1525 1995 1612 loquendepra·
2110 1578 2111 1581 ,

466 1631 560 1706 atque
594 1623 758 1701 miracula.
788 1622 875 1686 Unde
907 1620 1080 1704 gloriantes
1109 1629 1216 1685 canta-
1271 1619 1380 1681 sertim
1404 1620 1444 1683 de
1469 1621 1552 1685 veris
1577 1631 1609 1685 et
1633 1623 1692 1687 soli
1722 1624 1786 1689 Deo
1815 1628 1995 1709 possibilibus
2110 1686 2111 1695 ,

351 1750 370 1781 ι.
416 1750 451 1788 m.
466 1723 543 1787 hant
569 1746 576 1785 ε
601 1721 723 1797 Quanta
748 1720 927 1783 audivimus
951 1729 983 1782 et
1006 1720 1215 1800 cognovimus
1272 1717 1433 1781 miraculis
1451 1742 1457 1781 :
1475 1721 1621 1801 quamvis
1635 1722 1732 1805 aliqui
1747 1724 1908 1789 Sarmceni
1922 1728 1996 1789 labu-
2110 1730 2111 1775 ἶ

466 1842 516 1902 ea,
531 1831 563 1885 et
577 1830 683 1903 patres
697 1819 797 1883 nostri
817 1819 1089 1881 annuntiaverunt
1111 1817 1212 1881 nohis.
1233 1812 1377 1879 Blentur
1401 1815 1510 1879 lunam
1529 1838 1547 1881 a
1565 1818 1676 1885 ldahon
1702 1820 1802 1885 fuisse
1824 1823 1959 1903 divisam,
1972 1834 1996 1887 et
2110 1826 2111 1829 ’

466 1922 505 1985 Er
518 1920 580 1983 fuit
602 1918 739 2002 populus
753 1918 809 1981 ille
823 1917 932 1980 multis
951 1917 1044 1981 donis
1061 1936 1098 1980 ac
1119 1916 1217 2000 privi-
1271 1916 1376 1978 denno
1399 1916 1598 1998 integratam,
1615 1920 1700 2000 quod
1725 1921 1856 1984 stultum
1879 1930 1924 1986 est
1942 1942 1997 1986 ere

467 2019 561 2101 legiis
579 2018 733 2109 divinitps
754 2018 936 2097 adornatus,
953 2023 985 2079 et
1006 2035 1070 2098 prae
1092 2015 1216 2078 cunctis
1270 2012 1357 2076 dere.
1374 2012 1438 2076 Nec
1456 2014 1564 2077 dicere
1586 2024 1675 2097 potes
1696 2017 1779 2099 legis
1800 2027 1860 2083 tuae
1880 2022 1997 2085 cultores
2110 2090 2111 2107 2

468 2117 652 2182 hominibus
666 2113 887 2198 multipliciter
904 2114 1104 2177 sublimatus.
1121 2114 1216 2177 Porro
1272 2111 1375 2191 egisse
1391 2113 1516 2195 proprie
1531 2113 1616 2177 dicta
1633 2115 1796 2181 miracula.
1806 2119 1998 2182 Antichristus

467 2214 651 2299 'atempore
670 2214 727 2277 illo
746 2232 810 2296 quo
828 2213 971 2276 Christus
994 2213 1097 2275 crevit
1116 2220 1149 2274 et
1169 2209 1216 2274 illi
1272 2228 1398 2291 quoque
1426 2210 1459 2274 in
1487 2212 1621 2276 veritate
1650 2233 1714 2279 non
1743 2215 1840 2279 faciet
1866 2218 1999 2281 miracula
2110 2288 2111 2295 ἵ

366 2354 369 2359 -
468 2314 588 2398 populo
611 2312 807 2396 predicavit,
823 2310 948 2375 nullum
973 2311 1153 2373 hahuerunt
1177 2309 1216 2372 de
1273 2308 1399 2391 proprie
1427 2318 1564 2393 sumpta,
1594 2311 1746 2376 videlicet
1773 2307 1869 2378 totam
1896 2326 1998 2379 nature
2110 2324 2111 2393 ᾗ

468 2413 562 2497 plebe
577 2431 635 2476 sua
648 2410 820 2475 facientem
834 2410 1000 2488 miracula,
1017 2410 1081 2473 nisi
1097 2410 1218 2492 ipsum·
1273 2416 1385 2471 creatae
1409 2410 1666 2475 transcendentia
1687 2411 1881 2477 facultatem.
2110 2424 2111 2443 ¹

468 2521 534 2575 met
548 2511 717 2575 Dominum
731 2510 838 2573 lesum
853 2508 1013 2572 Christum
1034 2517 1066 2571 et
1084 2508 1155 2590 ejus
1174 2507 1217 2570 di·
1313 2507 1574 2571 Sarnacauus.-
1584 2508 1836 2592 Disputationem
1849 2520 1931 2576 tuam
1945 2530 1999 2595 pro
2110 2572 2111 2591 ,

468 2609 725 2692 scipulos.0uem
739 2628 838 2692 quum
850 2608 1095 2686 crucifixissent,
1103 2615 1135 2671 et
1149 2607 1217 2687 ejus
1273 2623 1417 2685 sequere.

468 2709 636 2791 Apostolos
650 2714 745 2789 atque
759 2706 935 2790 discipulos
949 2716 1071 2770 ceteros
1087 2705 1219 2787 abjeeis
1312 2704 1529 2769 Curtsrrauus.
1546 2742 1587 2753 -
1599 2706 1750 2781 Quamvis
1765 2728 1803 2773 aa
1817 2729 1885 2792 quc
1905 2730 1955 2793 per
1973 2728 1999 2771 se

470 2816 551 2886 sent,
568 2808 673 2870 ablata
687 2806 819 2869 sunteis
834 2806 984 2868 universa
998 2813 1218 2887 supernatura·
1273 2801 1378 2883 ipsum
1403 2811 1551 2884 operatus
1576 2812 1624 2868 est
1648 2805 1802 2886 Christus,
1829 2828 1900 2871 rere
1922 2808 2000 2871 salli·

470 2907 514 2969 lia
538 2904 698 2969 beneficia
721 2905 777 2968 Dei
801 2913 833 2967 et
857 2903 1024 2987 privilegia
1052 2911 1215 2981 consueta,
1273 2902 1359 2964 ciant
1377 2902 1416 2965 ad
1438 2902 1632 2984 evangeliea
1647 2904 1727 2987 legis
1745 2925 1784 2970 ac
1804 2906 1881 2971 fidei
1902 2916 2001 2971 sancta

469 3006 571 3089 gratia
593 3004 777 3087 prophetie,
793 3002 943 3067 efficacia
963 3002 1214 3066 miraculorum:
1237 3001 1504 3083 Cprohationem,
1520 3008 1627 3066 tamen
1650 3022 1688 3067 ex
1711 3004 1784 3085 ejus
1807 3004 1960 3069 miraculis
1977 3014 2002 3068 et

469 3104 534 3168 imo
556 3112 587 3168 et
607 3112 682 3167 tunc
705 3101 822 3187 privati
846 3110 922 3165 sunt
944 3100 1063 3185 templo
1085 3109 1117 3165 et
1140 3100 1217 3164 urhe
1273 3099 1426 3164 doctrinis
1437 3100 1531 3183 pauci
1546 3100 1725 3166 Judaeorum
1740 3102 1869 3168 fuerunt
1887 3122 2002 3169 conrar-

469 3204 574 3268 cultus
588 3201 701 3281 divini,
717 3211 749 3265 et
763 3220 864 3284 usque
877 3201 910 3262 in
925 3200 1116 3264 hodiernum
1131 3200 1216 3263 diem
1274 3199 1320 3278 si;
1346 3206 1378 3262 et
1400 3199 1455 3281 qui
1480 3219 1518 3263 ex
1541 3200 1604 3264 illis
1629 3210 1720 3264 erant
1745 3203 1900 3282 conversi,
1921 3203 2001 3286 paulu

469 3321 527 3384 per
541 3300 696 3363 mundum
715 3297 852 3381 dispersi
874 3307 958 3378 sunt,
975 3298 1072 3379 capti,
1089 3316 1219 3379 oppres·
1273 3304 1344 3380 post
1358 3296 1481 3362 Christo
1495 3306 1588 3380 capto
1602 3306 1634 3361 et
1647 3299 1814 3382 crucifixe,
1830 3301 1872 3365 ita
1890 3301 2002 3364 fuerunt

470 3400 509 3480 si,
538 3407 570 3462 et
597 3398 723 3462 cunetis
749 3396 935 3461 hominihus
970 3395 1218 3460 miserabiliores
1273 3395 1401 3475 turbati,
1418 3395 1520 3458 territi
1535 3403 1568 3459 et
1586 3396 1716 3478 dejecti,
1734 3401 1821 3480 quod
1840 3419 1858 3463 a
1876 3419 1932 3463 sua
1948 3399 2002 3462 fide

470 3497 592 3562 effecti.
609 3497 718 3560 Omnis
732 3515 859 3578 quoque
879 3495 1066 3559 excellentia
1088 3494 1146 3557 illa
1166 3513 1219 3556 va·
1273 3493 1391 3576 pariter
1404 3502 1671 3573 corruerunt,nec
1686 3496 1844 3560 Christum
1858 3497 2000 3574 confiteri,

470 3597 665 3674 ticiniorum,
678 3594 918 3672 miraculorum,
931 3593 1173 3677 privilegiorum
1187 3600 1219 3655 et
1274 3611 1333 3655 nec
1348 3611 1454 3656 coram
1469 3593 1584 3656 ludaeis
1599 3613 1752 3677 apparere
1766 3597 2004 3678 audebantque

469 3696 651 3760 divinorum
665 3695 904 3773 charismatum,
920 3693 1087 3776 discipulis
1102 3692 1218 3756 Christi
1274 3693 1376 3772 usque‘
1392 3690 1533 3755 Christus
1556 3700 1627 3775 post
1646 3712 1735 3757 suam
1756 3697 2003 3760 resurrectionen
2020 3708 2110 3758 term

470 3792 689 3877 copiosissime
713 3801 762 3856 est
785 3791 910 3871 collata,
931 3799 964 3855 et
985 3811 1043 3874 per
1068 3791 1154 3874 ipsos
1178 3791 1217 3853 ad
1274 3789 1352 3872 ipsis
1368 3787 1552 3870 frequenter
1573 3799 1605 3853 et
1624 3791 1790 3856 evidenter
1804 3795 1953 3877 apparuit,
1967 3787 2047 3856 at-'l
2109 3795 2110 3834 l

470 3892 625 3976 populum
654 3891 688 3954 in
716 3890 877 3955 Christum
906 3890 1089 3953 credentem
1118 3897 1219 3952 trans-
1274 3906 1336 3970 que
1369 3887 1403 3950 in
1437 3905 1547 3951 eorum
1574 3891 1743 3972 presentia
1775 3893 2004 3956 conscenditin

471 3991 545 4054 lata.
1274 3985 1403 4066 coelum,
1419 3985 1582 4068 sanctique
1596 3988 1701 4070 angeli
1720 3990 1766 4052 eis
1781 3990 1944 4054 visibiliter
1959 4009 2006 4072 ap

510 4090 596 4153 lstud
611 4106 699 4171 ergo,
716 4088 875 4169 loquendo
890 4087 924 4149 in
945 4105 1073 4168 genere,
1091 4095 1139 4150 est
1156 4087 1220 4170 pri·
1274 4084 1427 4168 parebant
1441 4103 1478 4148 ac
1495 4084 1717 4166 loquebantur.
1733 4088 1848 4171 Sicque
1864 4089 2006 4173 quinqua·

471 4207 560 4252 mum
574 4195 796 4268 argumentum
810 4185 888 4248 fidei
902 4185 1094 4266 christianae,
1107 4205 1220 4249 secun·
1235 4180 1259 4243 D
1274 4183 1397 4266 gesimo
1435 4183 1486 4246 die
1524 4193 1595 4266 post
1632 4205 1722 4249 suam
1757 4189 2005 4252 resurrectionem

470 4289 546 4352 dum
560 4287 645 4368 quod
659 4294 707 4348 est
721 4285 879 4349 attestatio
889 4285 1113 4348 miraculorum
1124 4286 1219 4350 etiam
1275 4283 1416 4348 Christus
1436 4283 1468 4346 in
1487 4284 1580 4366 signo
1600 4284 1720 4348 visibili
1740 4287 1827 4350 misit
1849 4296 1880 4351 et
1903 4287 2007 4351 infudit

470 4387 530 4450 soli
553 4386 616 4448 Deo
640 4384 852 4468 possibilium.
878 4383 957 4447 Nam
982 4393 1013 4447 et
1037 4383 1160 4447 Christo
1185 4385 1218 4446 in
1274 4382 1422 4465 gloriosis
1436 4381 1948 4468 apostolis,afiisquequihusdam
1962 4385 2007 4468 qui

471 4504 567 4548 cruce
582 4485 751 4566 pendente,
770 4480 854 4546 facta
873 4490 921 4546 est
939 4482 1219 4546 miraculosissime
1274 4488 1364 4546 erant
1388 4501 1460 4544 cum
1490 4481 1548 4562 eis,
1575 4481 1728 4566 Spiritum
1757 4485 1905 4549 Sanctum
1931 4508 1938 4550 :
1962 4483 2008 4567 qui

472 4581 866 4665 supernaturalissimaque
876 4581 1002 4664 eclipsis
1013 4589 1155 4664 tempore
1166 4600 1219 4664 op
1275 4586 1405 4662 repente
1419 4579 1515 4642 corda
1529 4579 1670 4662 ipsorum
1685 4580 1787 4644 divini
1802 4584 1916 4646 amoris
1929 4584 2008 4647 ardo-

470 4681 651 4764 positionis,
676 4680 754 4743 luna
776 4689 852 4744 tunc
874 4679 970 4764 plena
996 4702 1003 4742 :
1029 4698 1100 4761 quaa
1124 4698 1219 4762 supra
1275 4696 1309 4740 re
1332 4675 1611 4740 vehementissime
1635 4677 1847 4744 inflammavit
1868 4681 2008 4762 omnique

471 4787 617 4842 naturam
642 4779 770 4842 varians
793 4799 887 4842 suum
911 4797 1051 4856 cursum,
1068 4778 1156 4841 venit
1179 4778 1219 4841 ab
1275 4777 1391 4840 virtute
1406 4775 1561 4859 implevit,
1575 4777 1671 4841 totius
1686 4798 1813 4862 quoque
1827 4801 1921 4846 sacrae
1935 4781 2008 4846 Scri·

470 4879 603 4959 oriente,
619 4887 699 4942 etse
718 4878 778 4942 soli
798 4877 959 4961 opposuit,
976 4876 1218 4956 eodemquedie
1274 4883 1373 4957 pturae
1392 4875 1535 4939 notitiam
1560 4875 1866 4943 abundantissimam
1885 4880 2008 4964 inspira-

471 4980 511 5042 de
535 4996 668 5059 vespere
688 4997 796 5041 mrsus
815 4996 854 5040 ea
871 4975 1017 5059 opposite
1037 4975 1124 5038 stetit
1143 4975 1218 5038 selis
1274 4974 1320 5036 vit
1342 4974 1474 5054 eisdem,
1491 4982 1524 5038 et
1546 4975 1689 5038 omnium
1713 4976 1894 5060 linguarum
1917 4979 2008 5043 seien-

472 5077 506 5139 in
528 5075 662 5139 oriente.
1273 5074 1350 5136 tiam
1365 5072 1501 5137 contulit
1514 5073 1571 5151 eis,
1587 5073 1722 5156 gratiam
1736 5077 1832 5140 etiarn
1847 5077 2008 5162 prophetie

511 5175 724 5239 Sannacauus.
740 5209 782 5221 -
800 5175 863 5237 lsta
887 5191 945 5255 pro
969 5172 1106 5235 maxima
1130 5181 1217 5254 parta
1274 5171 1518 5254 efficaciamque
1535 5172 1700 5254 signorum
1717 5197 1724 5235 :
1742 5174 1787 5239 ita
1800 5179 1883 5260 quod
1905 5177 2008 5242 beatis

470 5273 550 5340 mihi
564 5274 660 5338 etiam
674 5294 712 5338 ex
726 5274 882 5339 alcorano
901 5279 1079 5356 patescunt,
1096 5277 1215 5354 utpote,
1274 5270 1347 5334 simi
1370 5270 1416 5333 illi
1435 5269 1578 5354 Apostoli
1600 5273 1738 5358 desuper
1755 5275 1944 5358 confirmati,
1960 5295 2010 5338 un·
