4309 6250
523 497 668 545 bristou
689 500 732 544 ab
753 496 910 545 eumeleus
931 496 1126 547 euphonicos.
1149 516 1190 529 -
1210 498 1280 546 Alth.
1303 500 1348 545 x11

1652 483 1712 547 tlt

160 664 216 728 lati
236 685 274 729 ac
299 666 473 751 principes,
497 668 673 751 praesertim
695 668 728 729 in
748 668 909 751 primitiva
923 669 949 731 Α
965 669 1027 732 mis
1051 667 1131 732 locis
1154 670 1187 731 in
1214 669 1329 751 quihus
1352 688 1422 732 sum
1448 669 1642 750 incarnatus,
1658 690 1713 731 na·

158 763 304 827 Ecclesia
317 764 436 847 diuque
457 773 578 848 postea,
594 765 766 847 diligenter
777 784 815 827 ac
830 764 910 827 lide-

158 861 233 924 liter
254 862 478 944 impleverunt.

200 958 291 1022 Nunc
313 979 388 1023 vero
405 978 489 1041 pene
512 960 621 1022 omnia
644 967 719 1021 sunt
743 959 906 1023 subversa.

158 1056 303 1122 Pastores
317 1057 351 1119 in
370 1057 463 1140 lupos
484 1066 558 1119 sunt
578 1058 674 1136 versi,
698 1058 817 1139 praelati
833 1057 908 1121 iacti

158 1163 235 1217 sunt
249 1156 335 1234 elati,
352 1155 514 1238 principes
534 1154 793 1237 praecipitatores,
809 1156 909 1237 impe·

158 1262 245 1317 rator
259 1252 405 1334 violator,
421 1274 513 1335 roges
533 1254 671 1335 exleges,
687 1253 808 1317 domini
831 1254 907 1317 iacti

159 1360 235 1415 sunt
249 1352 385 1434 tyranni.
401 1352 440 1414 Et
453 1352 508 1433 qui
523 1351 661 1433 majores
680 1360 755 1414 sunt
772 1352 909 1415 auctori-

159 1458 236 1529 tate,
252 1450 354 1532 magis
368 1449 531 1513 abundant
544 1450 632 1514 omni
648 1449 815 1530 iniquitate
828 1474 836 1529 3
852 1451 907 1531 qui

158 1549 338 1611 Ecclesiam
352 1548 513 1632 copiosius
527 1556 559 1611 et
573 1548 674 1629 magis
689 1548 850 1611 aediiioare
864 1558 909 1612 tc·

158 1656 288 1729 nentur,
305 1666 375 1711 earn
398 1646 617 1709 detestabilius
642 1647 857 1710 scandalizant
877 1657 909 1711 et

158 1747 298 1824 foedant,
314 1746 368 1828 qui
382 1764 452 1808 eam
467 1746 507 1808 ab
521 1744 737 1808 invisibilibus
752 1766 789 1808 ac
804 1746 909 1810 visibi-

963 775 1025 846 tus,
1036 775 1252 847 conversatuS,
1266 767 1402 846 locutus,
1416 786 1538 850 passus,
1555 767 1710 851 sepultus,

963 865 1051 927 nulla
1076 874 1130 927 aut
1154 866 1280 929 modica
1304 866 1350 928 cis
1376 874 1424 928 est
1449 885 1535 928 cura.
1561 866 1600 928 Et
1626 885 1712 929 nunc

963 982 1050 1025 meas
1075 963 1221 1044 injurias,
1242 964 1393 1027 Ecclesiae
1418 974 1496 1027 meae
1521 964 1639 1043 ruinas,
1661 983 1712 1026 ex-

964 1062 1122 1139 terminia,
1155 1061 1380 1144 oppressiones
1414 1061 1629 1140 dissimulant,
1658 1070 1713 1125 aut

963 1159 1120 1222 nonsatis
1139 1159 1316 1237 attendunt,
1335 1178 1395 1222 nec
1417 1159 1493 1222 satis
1515 1160 1661 1223 celeriter
1681 1168 1713 1223 et

963 1264 1145 1321 constanter
1171 1266 1370 1321 succurrunt.
1399 1258 1622 1321 Verumtamen
1647 1277 1712 1321 non

963 1356 1002 1419 de
1013 1356 1173 1419 universis
1185 1356 1323 1439 praelatis
1335 1364 1429 1438 atque
1443 1355 1640 1439 principibus
1652 1356 1713 1421 ista

962 1455 1046 1518 dico.
1068 1456 1149 1518 Sunt
1167 1454 1285 1538 quippe
1306 1455 1451 1519 nonnulli
1472 1455 1526 1537 qui
1546 1474 1641 1538 super
1662 1456 1712 1518 his

963 1554 1201 1633 contristantur,
1217 1554 1271 1635 qui
1288 1573 1345 1636 pro
1362 1572 1433 1617 meo
1452 1553 1593 1616 celantur
1613 1554 1713 1618 hono-

964 1671 1009 1728 re,
1025 1660 1057 1713 et
1071 1652 1155 1733 quod
1170 1652 1203 1713 in
1218 1652 1297 1734 ipsis
1312 1660 1360 1713 est
1375 1651 1480 1713 lacere
1502 1659 1577 1714 sunt
1598 1652 1709 1733 parati.

964 1749 1080 1811 Verum
1110 1749 1142 1810 hi
1171 1749 1249 1812 adeo
1279 1749 1371 1831 pauci
1402 1757 1486 1826 sunt,
1513 1757 1548 1811 ut
1575 1749 1711 1812 aliorum

158 1846 244 1908 libus
265 1844 411 1907 hostibus
433 1853 607 1923 tuerentur,
624 1843 839 1907 invisibilibus
853 1846 946 1909 holt
963 1846 1198 1927 comparatione
1219 1846 1309 1926 quasi
1332 1844 1412 1907 nulli
1436 1855 1619 1927 appareant.

158 1943 263 2005 stibus
296 1961 367 2005 earn
395 1941 600 2023 polluendam
628 1962 666 2004 ac
693 1942 907 2006 devorandam

158 2048 376 2123 prosternunt,
392 2060 452 2102 nec
467 2060 486 2103 a
504 2040 685 2102 visibilibus
705 2039 838 2121 perlidis
853 2042 908 2105 ho

157 2140 262 2202 stibus
289 2158 360 2201 earn
391 2146 520 2201 tuentur
549 2162 557 2200 :
588 2138 663 2216 imo,
695 2140 778 2220 quod
807 2140 908 2220 magis

158 2239 391 2319 deplorandum
411 2244 470 2317 est,
487 2236 617 2319 ipsimet
636 2236 780 2299 visibiles
800 2238 907 2301 hostes

157 2336 310 2400 Ecclesia
338 2346 412 2398 sunt
444 2335 566 2413 effoeti,
596 2353 730 2416 eamque
762 2337 794 2397 in
828 2337 907 2399 locis

68 2498 73 2503 .
156 2436 403 2518 quampluribus
436 2435 664 2515 demoliuntur,
699 2434 907 2499 christianum

156 2534 349 2615 sanguinem
363 2532 512 2611 fundunt,
519 2551 596 2595 oves
610 2531 725 2594 Christi
740 2533 906 2612 dilaniant,

155 2632 265 2711 urbes,
282 2650 391 2714 pagos,
408 2630 558 2694 fortalitia
581 2630 830 2693 Christianorum
854 2632 909 2694 de

154 2731 288 2813 jiciunt,
304 2739 337 2793 et
351 2739 461 2793 contra
475 2750 526 2793 me
546 2730 732 2811 conjurasse
747 2730 905 2793 videntur,

155 2830 241 2892 Ecce
259 2830 419 2910 quomodo
444 2830 482 2892 ad
508 2830 686 2912 perdendas
709 2830 832 2891 animas
857 2848 909 2891 co

156 2936 342 3010 operatores
356 2927 717 3009 demonum,adjutores
732 2928 909 2990 incredulo

1001 1944 1081 2019 Quid
1097 1964 1172 2026 ergo
1187 1944 1328 2006 facturus
1344 1963 1413 2006 sum
1430 1944 1494 2006 illis
1509 1944 1563 2025 qui
1578 1965 1597 2008 a
1612 1946 1712 2009 norni-

964 2062 1003 2105 ne
1024 2061 1095 2104 meo
1120 2041 1290 2105 Christiani
1312 2050 1477 2121 vocantur,
1495 2052 1526 2105 et
1547 2043 1625 2105 mihi
1647 2051 1711 2107 tarn

961 2142 1101 2223 graviter
1124 2142 1351 2204 adversanturl
1368 2140 1525 2223 Numquid
1550 2151 1713 2205 merentur

962 2247 998 2300 ut
1012 2258 1062 2301 me
1076 2239 1248 2302 auxiliante
1264 2240 1303 2301 de
1319 2239 1508 2305 adversariis
1524 2240 1589 2302 suis
1605 2240 1713 2302 trium-

963 2337 1084 2417 phentl
1108 2336 1264 2419 Numquid
1280 2356 1335 2401 ero
1355 2356 1428 2399 curn
1450 2336 1508 2417 eis,
1526 2337 1589 2399 nisi
1612 2338 1713 2419 poeni·

963 2443 1060 2513 teant,
1077 2436 1139 2497 nisi
1156 2455 1189 2498 se
1204 2437 1374 2517 corrigant,
1391 2434 1453 2497 nisi
1475 2436 1553 2497 mihi
1577 2436 1713 2498 subdan-

963 2536 1030 2595 turl
1040 2534 1105 2597 Hoc
1121 2533 1218 2615 igitur
1232 2534 1278 2596 eis
1294 2534 1459 2612 denuntio,
1467 2535 1528 2597 hoo
1543 2542 1710 2616 protestor,

962 2632 1114 2712 quoniam
1139 2632 1200 2694 nisi
1226 2634 1272 2695 sic
1297 2632 1430 2714 egerint,
1448 2633 1656 2696 durissimum
1681 2633 1713 2695 in
1728 2654 1818 2710 εφη
1834 2657 1854 2698 a.

963 2730 1010 2792 eis
1034 2729 1188 2793 exercebo
1212 2730 1381 2811 judicium,
1409 2730 1473 2794 cito
1500 2738 1533 2792 et
1557 2731 1714 2794 horrende

963 2829 1010 2891 eis
1024 2830 1235 2910 apparebo,et
1250 2838 1351 2891 morte
1368 2819 1507 2910 pe'ssima
1522 2828 1712 2907 interibunt;

963 2944 1129 2988 occurram
1154 2926 1201 2988 eis
1226 2934 1261 2987 ut
1284 2946 1368 3003 ursa,
1386 2926 1535 3008 diripiam
1561 2926 1860 3003 interiora0,001...‚s,

156 3047 230 3090 rum
246 3036 279 3089 et
292 3027 388 3089 amici
411 3027 614 3094 inimicorum
636 3046 781 3090 meorum
799 3025 908 3088 elieoti
926 3030 948 3094 c
964 3032 1127 3102 eorum,et
1141 3044 1326 3088 consumam
1341 3044 1395 3087 eos
1410 3032 1446 3086 ut
1459 3024 1520 3087 leo.
1538 3024 1618 3086 Ecce
1634 3044 1715 3087 com·
1741 3050 1828 3096 Erech.

156 3135 245 3188 sunt.
262 3124 418 3208 Quidquid
440 3127 547 3205 docui,
563 3135 737 3208 spernunt,
753 3124 908 3207 quidquid

155 3225 309 3307 praecepi,
335 3225 631 3307 transgrediuntur;
654 3225 808 3306 quidquid
832 3225 907 3304 leci,

156 3325 258 3406 hujus
283 3324 478 3386 contrarium
502 3332 696 3405 operantur3
716 3333 809 3405 atque
834 3342 908 3385 curn

156 3422 414 3486 sceleratissimis
448 3422 758 3504 induratissimisque
793 3423 909 3486 Judaeis

42 3541 257 3605 e.1uv‚opere
281 3523 417 3585 dicunt:
440 3522 578 3584 Verbum
604 3523 688 3603 quod
713 3522 836 3584 locutus
861 3530 908 3584 est

43 3611 93 3656 ⁹¹⁷·
154 3620 196 3680 ad
217 3637 278 3682 nos
298 3617 451 3680 Dominus
475 3617 557 3680 Deus
583 3625 777 3681 nosternon
801 3619 909 3680 audie-

152 3737 243 3795 mus,
255 3718 311 3779 sed
326 3703 480 3779 iacientes
495 3715 650 3780 iaciemus
664 3736 759 3781 omne
774 3717 908 3780 verbum

151 3815 242 3895 quod
257 3813 438 3894 egredietur
458 3812 497 3876 de
519 3832 573 3877 ore
594 3821 714 3877 nostro.
732 3814 908 3897 Voluptati-

151 3913 216 3976 bus
232 3911 341 3974 carnis
356 3912 569 3990 resolvuntur,
586 3911 681 3974 rebus
702 3914 838 3975 terrenis
859 3914 908 3975 in-

152 4009 346 4073 satiabiliter
369 4009 505 4088 inhiant,
523 4009 697 4073 ambitione
721 4010 820 4072 instar
843 4010 908 4074 ior-

151 4109 249 4200 nacis
283 4109 429 4171 succensi
458 4116 543 4188 sunt,
572 4109 728 4191 superbiae
756 4108 906 4173 cornibus

151 4208 337 4290 eriguntur,
365 4207 554 4271 obedientia
584 4207 698 4289 jugum
726 4207 948 4290 abjiciunt31l

151 4315 310 4388 tunquam
324 4305 436 4388 onagri
457 4305 491 4367 in
513 4307 638 4370 deserto
659 4314 792 4369 ventum
814 4314 908 4369 attra-

150 4406 238 4469 hunt
252 4404 403 4468 vanitatis
416 4428 424 4484 ;
440 4403 574 4467 saeviunt
588 4412 622 4466 ut
643 4404 763 4485 leones,
780 4405 908 4488 rapiunt

151 4514 188 4568 ut
203 4505 361 4585 falcones,
369 4503 553 4586 opprimunt
566 4502 710 4568 subditos
725 4504 812 4566 velut
827 4504 903 4568 ursi.

150 4605 213 4667 Pro
229 4622 328 4666 causa
342 4602 514 4683 levissima,
531 4621 588 4684 pro
602 4603 775 4667 hereditate
790 4606 909 4685 parvis·

151 4703 250 4778 sima,
268 4719 326 4783 pro
340 4701 458 4782 injuria
471 4702 610 4783 propria,
623 4703 768 4783 quamvis
783 4723 908 4784 permo-

150 4801 240 4879 dica,
257 4808 368 4863 contra
390 4820 423 4862 se
446 4800 584 4863 invicem
606 4800 859 4881 inflammantur,
876 4813 907 4866 et

151 4898 321 4962 concitant
335 4917 458 4979 pugnas
472 4898 824 4981 acerrimas,multaque
839 4900 908 4964 mil·

149 4996 196 5059 lia
211 4995 415 5058 subditorum
431 4995 586 5077 corporali
600 5016 638 5058 ac
654 4997 811 5078 spirituali
827 5018 907 5061 mor-

149 5095 174 5158 ti
190 5102 370 5176 exponunt.
391 5094 485 5158 Porro
508 5111 565 5175 pro
587 5096 803 5178 recuperanda
817 5097 907 5160 bere-

149 5193 254 5256 ditate
279 5210 350 5254 mea
372 5199 466 5274 atque
489 5191 650 5275 Ecclesia,
666 5192 826 5276 precipue
848 5215 906 5277 pro

150 5298 268 5354 sancta
292 5291 388 5353 Terra
409 5291 629 5371 reobtinenda,
648 5312 706 5376 pro
731 5295 906 5358 sacratissi-

964 3123 1045 3204 plosi
1079 3143 1193 3186 manus
1221 3142 1308 3186 meas
1339 3143 1432 3207 super
1460 3124 1632 3207 pravitates
1661 3127 1778 3187 eo-¹¹¹'·
1796 3118 1827 3158 ¹³·

964 3241 1046 3284 rurn.
1064 3221 1146 3284 Ecce
1159 3221 1265 3303 juravi
1281 3223 1315 3284 in
1331 3231 1440 3285 saneto
1462 3241 1544 3300 meo,
1561 3223 1713 3304 quoniam
1729 3249 1859 3301 ΔΝΜ,

963 3320 1032 3383 dies
1053 3320 1183 3382 venient
1208 3339 1304 3402 super
1327 3339 1392 3397 eos,
1410 3329 1443 3382 et
1465 3320 1655 3384 lavabuntur
1680 3321 1714 3382 in

964 3419 1079 3498 contis,
1096 3418 1347 3500 comprimentur
1360 3419 1393 3480 in
1408 3419 1482 3482 ollis
1501 3418 1711 3497 ferventibus,

963 3518 1188 3598 demergentur
1216 3517 1248 3578 in
1274 3516 1484 3580 infernalibus
1508 3517 1614 3599 puteis
1639 3517 1713 3599 igne

964 3615 1148 3695 sullureque
1165 3615 1359 3677 ardentibus
1378 3614 1467 3678 Nunc
1489 3615 1584 3697 igitur
1606 3616 1714 3696 ingru-

963 3713 1092 3775 entibus
1107 3712 1341 3775 calamitatibus
1355 3713 1464 3792 tantis,
1481 3733 1519 3776 ex
1534 3714 1629 3778 corde
1648 3731 1713 3795 poe-

963 3811 1097 3889 niteant,
1121 3819 1153 3873 et
1175 3813 1250 3876 totis
1276 3811 1397 3874 viribus
1421 3820 1657 3892 convertantur,
1679 3820 1713 3874 ut

963 3910 997 3974 in
1012 3911 1159 3992 praesenti
1176 3929 1247 3974 meo
1262 3909 1436 3972 fulciantur
1450 3910 1580 3990 auxilio,
1591 3920 1623 3974 et
1636 3929 1713 3994 pau-

962 4009 993 4073 lo
1015 4017 1087 4092 post
1109 4017 1300 4072 coronentur
1322 4007 1355 4071 in
1379 4008 1471 4073 coelo.

1164 4282 1408 4348 ARTICULUS
1428 4281 1505 4348 XII.
1538 4341 1541 4347 .

1043 4423 1182 4492 Querela
1206 4425 1358 4484 Ecclesiae
1386 4425 1426 4482 de
1453 4421 1536 4500 filiis
1563 4422 1632 4484 satis

1172 4521 1202 4572 ct
1213 4516 1367 4588 plauctus
1385 4514 1499 4588 ipsius.

1026 4699 1076 4764 GO
1096 4707 1196 4762 mater
1214 4699 1355 4781 pulchre
1374 4697 1564 4780 dilectionis,
1582 4716 1641 4782 ego
1659 4716 1711 4763 ca·
1735 4721 1807 4766 naar.

1041 4799 1143 4862 ritatis
1167 4798 1346 4861 visceribus
1371 4797 1521 4878 effluens,
1544 4799 1709 4863 universos
1724 4788 1828 4836 ΜΝ·

960 4899 1047 4962 lilios
1071 4917 1160 4961 meos
1185 4896 1401 4960 sincerissima
1425 4896 1596 4961 allectione
1626 4916 1711 4962 com·

960 4998 1092 5081 plector.
1115 4997 1186 5075 Sed,
1209 4997 1291 5059 heul
1314 4994 1375 5058 lilii
1401 4995 1464 5058 mei
1490 4996 1567 5058 mihi
1592 4995 1708 5077 ingrati

961 5105 1045 5175 sunt,
1061 5095 1141 5158 mihi
1157 5095 1290 5158 rebelles
1305 5093 1382 5157 laeti
1399 5101 1482 5171 sunt,
1501 5113 1614 5175 meque
1635 5113 1710 5157 con-

960 5203 1093 5279 tempta,
1110 5201 1219 5258 eontra
1234 5192 1422 5256 seinvicem
1437 5192 1710 5256 altercanturba

962 5295 1068 5359 siones
1093 5313 1190 5372 meas,
1208 5292 1351 5374 vulnera,
1368 5291 1483 5354 damna
1507 5298 1537 5353 et
1564 5290 1708 5354 extermi-
