4309 6250
442 493 503 559 dli
535 510 575 559 ns
595 512 803 561 sucrommrn
824 510 918 559 som
939 510 1108 571 somniem
1131 512 1168 558 cr
1189 510 1358 559 assumus
1379 510 1519 569 conano,
1542 510 1630 559 aman
1651 512 1672 558 1.
1696 530 1734 542 —
1756 511 1829 558 aar.
1851 512 1931 557 xxxo

444 681 664 763 siderationes,
680 690 813 747 vocatur
830 690 862 745 et
881 691 930 745 est
949 689 1039 763 pater
1057 690 1089 744 et
1108 680 1195 764 prin·
1209 682 1235 744 ll
1250 680 1405 745 dicandus
1436 692 1490 745 aut
1518 701 1575 764 per
1603 681 1835 763 depositionem
1863 682 1978 763 punien-

446 799 522 863 ceps
541 781 703 859 Ecclesiae,
720 781 860 863 itemque
885 779 973 843 lilius
992 788 1024 843 et
1047 780 1195 843 minister
1251 781 1310 843 dus
1324 804 1331 844 ι
1344 780 1418 862 quia
1434 789 1468 842 ut
1482 780 1565 861 talis,
1582 787 1630 843 est
1645 764 1792 861 superior
1805 788 1836 842 et
1850 779 1976 861 prelatus

446 879 607 944 Ecclesiae.
634 880 765 958 Rursus,
792 880 825 943 in
853 888 1008 962 quantum
1036 888 1086 943 est
1111 898 1194 943 unus
1250 897 1287 942 ac
1309 878 1405 961 judex
1419 878 1581 943 Ecclesiae.
1600 879 1661 941 Sed
1682 877 1716 941 in
1738 886 1889 959 quantum
1908 886 1975 940 esset

446 979 542 1041 homo
565 987 597 1041 et
621 998 703 1041 unns
726 978 924 1041 Christianus
949 976 1063 1039 similis
1088 977 1192 1056 nobis,
1251 978 1493 1041 intolerabiliter
1505 978 1640 1040 vitiosus
1655 996 1711 1039 seu
1734 976 1926 1055 criminosus,
1940 977 1974 1039 sic

446 1077 571 1159 fragilis
599 1086 694 1158 atque
723 1076 865 1139 mortalis
888 1084 920 1138 et
946 1075 1130 1157 peccabilis,
1156 1093 1193 1137 ae
1250 1084 1334 1140 esset
1349 1076 1493 1157 interior,
1509 1084 1542 1139 et
1560 1074 1733 1140 concilium
1753 1075 1880 1138 haberet
1898 1094 1976 1156 super

446 1174 570 1255 legibus
597 1173 712 1236 Christi
740 1172 916 1254 subjectus,
946 1173 992 1235 sic
1020 1180 1068 1235 est
1096 1171 1195 1235 lrater
1250 1194 1322 1237 aum
1337 1182 1525 1257 potestatem
1544 1194 1581 1253 ac
1600 1173 1857 1255 jurisdictionem
1876 1172 1976 1236 adbri-

444 1281 553 1336 noster
580 1279 613 1335 et
645 1272 825 1334 membrum
853 1271 1015 1351 Ecclesie,
1044 1271 1193 1334 fraterne
1250 1281 1345 1352 sto,a
1367 1292 1430 1355 quo
1455 1272 1638 1335 immediate
1660 1272 1768 1335 claves
1793 1272 1911 1354 accepit
1931 1270 1976 1333 Ec·

444 1389 571 1453 quoque
595 1369 806 1452 correptionis
829 1378 987 1452 precepto
1013 1368 1191 1452 subjicitur.
1250 1370 1358 1450 clesia,
1382 1390 1477 1453 quarn
1502 1378 1705 1454 representat
1730 1370 1897 1434 concilium
1912 1394 1918 1431 :
1932 1370 1974 1452 qui

444 1469 539 1534 Porro
568 1469 691 1531 ratione
718 1468 840 1550 peccati
873 1467 1015 1530 ellicitur
1047 1468 1191 1546 inferior,
1250 1469 1346 1533 etiam
1365 1470 1509 1533 Christus
1530 1468 1617 1533 dedit
1637 1476 1827 1552 potestatem
1847 1468 1975 1531 Ecclesia

444 1568 509 1633 imo
523 1578 556 1631 et
573 1567 670 1631 vilior
683 1576 716 1629 et
735 1566 958 1647 damnabilior,
975 1566 1072 1629 etiam
1089 1566 1194 1629 infimi
1250 1567 1424 1649 abjiciendi
1453 1568 1632 1631 membrum
1661 1567 1887 1646 scandalizans,
1909 1567 1976 1629 inle

444 1676 545 1729 status
568 1665 747 1730 Christiano
772 1666 856 1729 bono
880 1684 936 1727 sen
956 1665 1043 1747 justo
1059 1688 1067 1727 ι
1085 1665 1194 1747 sicque
1250 1667 1371 1729 clivum
1399 1687 1436 1730 ac
1466 1667 1639 1749 putridum.
1667 1666 1719 1729 Sic
1748 1686 1824 1748 ergo
1849 1666 1976 1748 generale

445 1765 587 1848 quotidie
607 1764 749 1846 judicem
769 1764 865 1827 babet
885 1764 1049 1845 pmprium
1070 1763 1195 1826 conles·
1250 1764 1423 1828 eonsilium
1452 1772 1641 1846 potestatem
1677 1772 1709 1827 et
1740 1763 1976 1845 jurisdictionem

446 1882 562 1943 sorem,
575 1863 669 1945 eujus
683 1871 731 1926 est
745 1864 850 1944 ipsum
865 1871 901 1925 ut
914 1871 1114 1944 peccatorem
1129 1880 1195 1925 cor·
1211 1867 1235 1930 B
1250 1862 1344 1926 hebet
1358 1862 1391 1925 in
1406 1862 1533 1944 Papam,
1551 1863 1583 1925 in
1605 1871 1759 1944 quantum
1775 1862 1858 1944 Papa
1875 1863 1977 1925 ratione

447 1963 561 2043 ripere,
575 1962 730 2043 judicare,
746 1962 1030 2044 poenitentiamque
1045 1961 1075 2024 ei
1094 1961 1195 2042 impe
1250 1962 1351 2044 culpe
1366 1960 1500 2026 inlerior
1518 1961 1661 2025 redditur
1680 1960 1750 2044 ipso
1770 1961 1911 2041 coneilio,
1925 1960 1977 2024 ino

446 2080 535 2123 nere.
1251 2060 1382 2142 insuper
1401 2069 1433 2124 et
1451 2061 1485 2121 in
1503 2068 1659 2141 quantum
1678 2059 1761 2142 Papa
1782 2060 1978 2123 consideratur

488 2160 649 2238 Preterea,
664 2158 809 2240 quedam
832 2158 938 2240 glossa
957 2157 1080 2220 Decreti
1104 2156 1192 2235 dicit,
1250 2166 1285 2220 ut
1309 2159 1487 2221 membrum
1514 2158 1666 2239 liliusque
1690 2157 1851 2239 Ecclesie,
1867 2168 1933 2240 puta
1950 2168 1978 2221 ut

447 2259 531 2340 quod
556 2257 708 2319 minimus
728 2254 835 2318 fidelis
855 2256 958 2338 major
976 2264 1025 2318 est
1042 2256 1125 2338 Papa
1149 2255 1196 2317 in·
1249 2256 1461 2320 determinata
1476 2275 1613 2340 persona
1628 2255 1735 2320 tidelis
1751 2275 1809 2319 seu
1823 2256 1978 2319 unusl'bri·

333 2380 420 2425 nera.
448 2356 560 2435 lideli3
582 2364 615 2418 et
638 2355 681 2417 ita
705 2354 800 2416 babet
825 2362 928 2417 textus
952 2354 1087 2432 Decreti,
1110 2354 1194 2435 quod
1252 2355 1372 2418 stianus
1395 2354 1508 2435 viator,
1524 2353 1717 2436 peccabilis3
1734 2362 1767 2417 et
1790 2354 1978 2436 inquantum

299 2445 434 2552 {'¹·¹{³·‘·⁴⁰·
448 2456 503 2537 qui
532 2454 648 2537 justior
676 2453 784 2531 luerit,
809 2453 863 2517 ille
887 2453 991 2534 maior
1017 2476 1024 2515 ε
1051 2472 1121 2534 que
1149 2453 1197 2515 in·
1252 2453 1322 2515 talis
1338 2461 1396 2532 est,
1413 2453 1532 2516 dicitur
1551 2452 1580 2515 ei
1599 2472 1618 2515 a
1636 2451 1774 2515 concilio
1797 2452 1977 2535 lexpreligi,

316 2540 322 2553 ’
363 2538 370 2608 '-
449 2553 620 2634 telligenda
648 2559 723 2614 sunt
746 2552 786 2614 de
809 2550 989 2633 majoritate
1015 2550 1139 2613 virtutis
1165 2558 1197 2613 et
1251 2572 1291 2614 ne
1316 2570 1373 2613 sna
1397 2558 1551 2634 potestate
1575 2550 1732 2631 abutmur,
1751 2551 1806 2614 sed
1827 2550 1926 2614 debite
1942 2549 1980 2612 di-

449 2650 666 2736 perleetionis,
690 2668 755 2714 non
783 2650 1026 2731 jurisdictionis.
1049 2649 1136 2712 Unde
1165 2658 1197 2711 et
1252 2651 1382 2733 rigatur.

449 2751 585 2813 Thomas
612 2749 647 2811 in
676 2750 816 2813 secunda
840 2749 997 2828 secunde,
1020 2747 1196 2830 questione
1291 2749 1336 2811 Ex
1363 2748 1411 2810 his
1440 2756 1526 2832 patet
1552 2749 1592 2811 ad
1627 2748 1754 2829 objecta
1782 2748 1907 2811 solutio.
1933 2748 1980 2809 Par

317 2866 358 2906 ιιι-
375 2865 387 2903 2
407 2861 435 2903 td
449 2849 612 2912 tricesima
636 2850 738 2927 tertia,
763 2848 809 2911 ait
831 2847 969 2911 :Omnis
992 2847 1194 2927 deliuquens,
1251 2847 1337 2911 enim
1362 2854 1550 2929 potestatem
1575 2866 1640 2910 non
1664 2848 1759 2910 habet
1780 2848 1814 2909 in
1836 2865 1935 2929 parem
1952 2847 1978 2909 in

302 2926 427 2967 ΜΨ·
449 2948 482 3012 in
506 2956 660 3028 quantum
684 2946 884 3028 delinquenS,
902 2955 950 3009 est
973 2945 1107 3008 inlerior
1129 2963 1196 3009 cor·
1251 2955 1403 3029 quantum
1429 2954 1477 3008 est
1499 2945 1583 3025 telis,
1601 2946 1632 3008 id
1654 2954 1702 3007 est
1726 2945 1868 3028 equalis,
1883 2946 1932 3007 sed
1951 2952 1978 3007 ut

449 3046 584 3128 ripiente
612 3070 619 3108 ε
642 3045 698 3128 qui
723 3046 826 3127 quoad
851 3045 911 3107 boo
937 3044 1020 3126 quod
1046 3044 1104 3106 rite
1128 3062 1197 3106 eor·
1215 3045 1236 3107 C
1251 3044 1466 3126 aliquomodo
1486 3050 1586 3106 exstat
1605 3041 1747 3106 inlerior.
1764 3042 1913 3105 Similiter
1931 3041 1979 3103 mi-

448 3145 535 3228 ripit,
561 3163 673 3207 sanum
701 3144 796 3207 habet
822 3143 994 3225 judicium3
1018 3143 1128 3224 sicque
1153 3142 1197 3205 al·
1251 3162 1311 3208 nor
1334 3161 1398 3207 non
1423 3142 1500 3225 ligat
1523 3161 1583 3204 nec
1606 3141 1742 3205 absolvit
1767 3143 1915 3225 majorem
1940 3159 1978 3202 se

448 3244 519 3324 teri,
535 3243 682 3325 quamvis
706 3241 897 3324 simpliciter
921 3241 1089 3322 superiori,
1113 3242 1195 3303 hanc
1250 3240 1390 3304 eundum
1405 3241 1490 3321 quod
1512 3240 1614 3322 major
1634 3247 1693 3320 est,
1711 3240 1766 3302 sed
1788 3240 1977 3321 inquantum

448 3341 646 3425 spiritualem
674 3341 922 3422 eleemosynam,
949 3339 980 3403 id
1008 3347 1057 3402 est
1085 3338 1197 3402 irater·
1250 3347 1298 3403 est
1325 3339 1559 3421 quodammodo
1587 3338 1701 3402 minor.
1732 3338 1785 3401 Sic
1814 3357 1871 3401 nec
1896 3337 1979 3419 judex

447 3459 522 3503 narn
540 3441 786 3521 correptionem,
804 3439 988 3520 impendere
1007 3445 1121 3520 potest.
1138 3439 1196 3501 De-
1249 3438 1411 3520 judicatur
1434 3445 1468 3499 ut
1491 3437 1598 3518 judex,
1616 3437 1671 3500 sed
1697 3445 1731 3498 ut
1756 3437 1884 3518 publice
1907 3455 1976 3498 reus.

447 3539 544 3621 nique
558 3546 815 3621 superquartam
831 3536 1196 3615 Sententiarum,distin·
1290 3537 1395 3616 Perre,
1412 3545 1445 3598 ut
1468 3536 1501 3596 in
1523 3535 1653 3598 Summa
1674 3555 1730 3597 sna
1749 3535 1859 3598 scribit
1877 3536 1979 3598 Duran-

446 3637 552 3700 ctione
576 3635 796 3713 nonadecima,
820 3635 864 3697 ait
886 3658 893 3696 ε
917 3633 1048 3708 Quidam
1070 3635 1192 3715 dicunt,
1250 3635 1320 3715 dus,
1336 3634 1445 3715 regula
1469 3634 1523 3696 illa
1544 3653 1607 3715 qua
1629 3632 1758 3711 dicitur,
1774 3633 1873 3697 ldinor
1894 3632 1980 3713 majo·

445 3735 530 3817 quod
556 3733 714 3817 correptio
740 3733 880 3795 lraterna
906 3751 969 3796 non
995 3751 1029 3796 se
1053 3733 1195 3796 extendit
1251 3752 1317 3796 rem
1347 3733 1470 3797 solvere
1503 3733 1553 3795 vel
1583 3731 1682 3814 ligere
1714 3751 1779 3796 non
1817 3741 1925 3815 potest,
1950 3731 1979 3792 in

443 3835 483 3897 sd
499 3834 655 3917 prelatos,
671 3833 747 3914 quia
766 3850 831 3895 non
852 3832 946 3894 debet
964 3831 1059 3895 bomo
1074 3849 1193 3912 ponere
1250 3830 1409 3912 aliquibus
1434 3831 1560 3894 casibus
1586 3828 1680 3911 lallit,
1697 3829 1870 3894 videlicet:
1887 3831 1917 3892 in
1938 3829 1981 3910 ju·

444 3949 480 3994 os
495 3931 528 3993 in
543 3931 674 3994 eoelnm.
691 3930 752 3992 Sed
767 3929 827 3992 hoc
846 3928 928 3990 nihil
947 3937 1007 4009 est,
1024 3928 1101 4010 quia
1116 3947 1195 4011 pre-
1249 3930 1334 3994 dicio
1358 3928 1567 4007 Poenitentie,
1591 3929 1666 4010 quia
1689 3929 1826 4012 simplex
1850 3929 1980 3992 sacerdos

444 4029 499 4092 lati
514 4029 547 4091 in
562 4037 717 4110 quantum
733 4035 877 4110 peccant,
887 4046 951 4090 non
967 4035 1042 4089 sunt
1056 4026 1190 4091 eoelum:
1248 4027 1387 4090 absolvit
1410 4026 1546 4109 Papam3
1562 4025 1650 4104 item,
1670 4044 1769 4108 quum
1794 4027 1932 4108 superior
1952 4043 1981 4086 se

445 4130 516 4193 ideo
532 4128 654 4192 ratione
669 4125 792 4208 peccati
814 4126 972 4208 correptio
987 4127 1032 4188 eis
1047 4125 1190 4188 debetur.
1249 4124 1407 4189 submittit
1427 4124 1547 4206 judicio
1571 4123 1732 4187 inlerioris
1754 4147 1762 4200 3
1785 4125 1870 4202 item,
1894 4141 1980 4205 quum

444 4227 592 4289 Prelatns
616 4225 701 4289 enim
726 4243 764 4287 ex
788 4224 849 4288 hoc
873 4226 956 4306 qnod
986 4233 1036 4287 est
1064 4223 1194 4305 publica
1210 4222 1234 4284 D
1250 4223 1406 4305 delinquit
1422 4223 1567 4304 superior
1581 4223 1613 4285 in
1629 4222 1797 4305 provincia
1812 4222 1978 4286 interioris:

443 4343 580 4409 persona
600 4325 768 4405 vicemque
788 4323 844 4386 Dei
865 4342 960 4407 super
981 4323 1126 4386 subditos
1141 4341 1194 4403 ge-
1249 4331 1323 4385 tunc
1343 4321 1428 4384 enim
1454 4320 1558 4383 minor
1579 4328 1683 4403 potest
1704 4320 1796 4383 illum
1818 4339 1983 4385 excommu-

445 4445 529 4505 rens,
559 4443 623 4487 non
652 4423 770 4486 amittit
797 4441 835 4485 ee
861 4440 931 4503 que
964 4429 1038 4483 snut
1065 4421 1194 4502 propria
1249 4421 1357 4484 nicare
1372 4429 1426 4483 aut
1441 4419 1549 4501 aliquo
1568 4420 1663 4483 modo
1678 4419 1803 4502 punire,
1821 4419 1981 4502 presertim

445 4523 533 4586 illius
558 4522 729 4606 singularis
754 4539 898 4603 persone
916 4543 922 4581 :
940 4527 973 4582 et
993 4520 1064 4583 ideo
1086 4520 1194 4583 omnia
1249 4520 1276 4583 si
1302 4519 1357 4583 ille
1381 4539 1445 4583 non
1470 4519 1510 4580 sit
1534 4517 1604 4600 ejus
1633 4518 1794 4600 prelatus,
1820 4519 1981 4582 secundnm

445 4622 502 4686 illa
525 4641 595 4703 qne
618 4622 777 4684 debentur
801 4617 895 4681 alicui
918 4638 956 4680 ex
977 4617 1120 4681 fraterno
1143 4638 1194 4682 ca·
1248 4619 1332 4700 quod
1344 4617 1569 4681 Gollredus*et
1579 4616 1731 4680 Ostiensis
1747 4624 1901 4680 testantur.
1911 4615 1980 4678 llinr
1994 4623 2080 4672 eutu-

446 4721 550 4786 ritatis
565 4719 696 4797 ellectu,
713 4719 766 4799 qui
787 4719 826 4781 ad
846 4737 958 4781 omnes
977 4716 1124 4780 homines
1146 4727 1194 4781 est
1249 4717 1384 4780 Thomas
1419 4715 1452 4778 in
1488 4716 1628 4778 secunda
1661 4716 1820 4796 secunde,
1849 4714 1982 4796 questio

445 4819 622 4896 habendus,
649 4818 745 4880 etiam
775 4816 905 4900 prelato
929 4817 1095 4879 debentur.
1122 4817 1193 4880 llec
1248 4835 1290 4877 ne
1318 4813 1514 4895 sexagesima
1539 4813 1685 4896 septime,
1707 4813 1787 4876 dicit
1814 4815 1895 4896 quod
1920 4811 1982 4894 qui·
2002 4818 2078 4868 aare

446 4920 592 4982 Thomas.
1248 4913 1326 4976 libet
1354 4911 1482 4976 sortitur
1510 4911 1615 4975 lomm
1640 4913 1815 4974 secundum
1840 4912 1981 4975 rationem
1993 4891 2027 4930 ³⁸¹·

486 5017 541 5079 llis
556 5015 738 5098 premissis,
768 5014 938 5076 dicendum
952 5013 1038 5093 quod
1053 5012 1135 5093 Papa
1150 5031 1195 5075 se·
1248 5011 1368 5092 delicti,
1389 5011 1434 5074 ita
1457 5013 1540 5092 quod
1566 5011 1621 5094 qui
1650 5011 1683 5074 in
1709 5011 1868 5075 territorio
1894 5010 1983 5073 alicu-

447 5117 588 5180 cnndum
617 5115 701 5196 quod
731 5113 813 5192 talis,
837 5119 949 5194 utputa
977 5111 1011 5173 in
1039 5119 1193 5192 quantum
1246 5111 1299 5194 jus
1331 5109 1451 5193 prelati
1480 5119 1535 5172 eut
1564 5110 1720 5193 principis
1748 5119 1871 5192 peccat,
1901 5109 1983 5172 ratie

447 5234 592 5280 summus
610 5212 760 5276 Ecclesie
779 5219 888 5294 pastor
905 5219 937 5272 et
956 5208 1111 5291 pontifex,
1127 5228 1192 5273 non
1248 5229 1288 5272 ne
1311 5208 1413 5291 culpe
1444 5207 1614 5290 subjicitur
1640 5207 1680 5271 ei.
1701 5207 1735 5270 ln
1761 5208 1889 5271 Summa
1916 5225 1984 5290 quo

446 5323 496 5381 cst
518 5335 538 5378 a
560 5312 700 5378 coneilio
723 5309 865 5395 generali
891 5307 1121 5373 sententialiter
1142 5308 1192 5391 ju·
1247 5327 1309 5394 que
1333 5306 1552 5372 confessorum
1575 5307 1737 5390 asseritur,
1753 5307 1839 5392 quod
1863 5305 1983 5391 quilibet
