4309 6250
169 528 212 573 na
232 526 443 573 aocroarrara
463 528 557 573 suut
578 526 746 574 rosrnrcrs
766 527 805 573 ar
824 527 995 574 emmaus
1017 526 1158 586 corrouu,
1171 529 1259 576 traca
1280 530 1429 576 1.-rar.
1444 530 1642 588 xxxrr,xxxv
1663 512 1722 576 577

332 752 575 817 renconis
595 752 755 815 xxuv·
933 695 1309 859 *tttttttlttt
1331 699 1731 881 tttttttltltltt

213 901 389 975 Responsio
417 902 636 977 quorumdam
664 902 708 959 ad
736 901 873 959 recitata
959 893 1169 956 ¹conveniunt
1193 895 1389 975 generalium
1411 896 1626 979 praerogativae
1648 915 1724 959 eon-

330 988 365 1047 in
384 990 585 1063 procedenti
602 989 754 1049 articulo.
973 989 1119 1053 ciliorum
1135 991 1166 1053 in
1190 992 1364 1055 directione
1387 994 1563 1057 certissima
1584 994 1721 1077 Spiritus

974 1088 1091 1152 Sancti.

207 1184 234 1247 N
262 1183 454 1266 procedenti
489 1183 624 1246 articulo
659 1191 808 1246 contenta
843 1190 918 1245 sunt
1012 1187 1051 1248 At
1074 1204 1161 1265 vero,
1189 1188 1271 1251 sicut
1295 1197 1479 1269 praetactum
1504 1198 1562 1267 est,
1585 1189 1835 1255 conciliantur.

221 1282 321 1345 multa
335 1290 445 1346 contra
464 1300 535 1364 quaa
556 1282 669 1364 aliqua
691 1281 917 1345 Universitatcs
972 1285 1133 1365 generalia
1157 1285 1274 1349 babere
1299 1287 1518 1350 auctoritatem
1538 1296 1570 1351 et
1589 1288 1722 1352 robure

168 1388 202 1445 et
214 1381 360 1444 litteratae
379 1399 523 1462 personae
541 1380 749 1462 scripserunt,
766 1380 914 1444 scilicet:
973 1381 1066 1465 Papa,
1088 1402 1152 1445 uno
1176 1384 1270 1446 modo
1294 1383 1428 1467 intelligi
1455 1394 1558 1469 potest
1582 1386 1722 1451 declara·

168 1480 253 1561 quod
268 1479 429 1561 generalia
443 1479 580 1542 concilia
602 1479 725 1561 possint
739 1499 855 1560 errare,
871 1487 917 1543 at
973 1479 1049 1555 tiva,
1066 1480 1109 1542 ita
1123 1480 1207 1562 quod
1224 1481 1305 1565 Papa
1321 1491 1470 1565 tanquam
1490 1504 1526 1548 os
1543 1504 1598 1547 seu
1613 1484 1722 1567 lingua

167 1598 231 1661 que
252 1579 412 1641 interdum
433 1578 610 1642 erraverint
633 1582 710 1660 (quo
731 1578 815 1655 dato,
839 1578 918 1641 late·
972 1576 1134 1658 Ecclesiae,
1157 1580 1261 1643 verbis
1286 1590 1340 1643 aut
1364 1582 1492 1665 scriptis
1516 1582 1644 1663 latetur,
1669 1584 1723 1647 de-

167 1678 193 1739 ri
214 1684 339 1759 oportet
356 1679 442 1759 quod
463 1697 528 1741 non
543 1675 726 1741 immediate
747 1697 784 1740 ac
800 1677 918 1739 infalli-
973 1676 1072 1739 clarat
1099 1686 1131 1740 et
1154 1679 1278 1742 cunctis
1303 1680 1454 1759 insinuat,
1482 1682 1586 1763 ipsum
1616 1684 1723 1746 conci·

166 1776 278 1838 biliter
298 1784 448 1857 regantur
470 1795 488 1838 a
512 1774 632 1859 Spiritu
658 1777 774 1839 Sancto
799 1799 807 1838 z
833 1777 917 1858 quod
973 1774 1053 1838 lium
1081 1795 1150 1839 essa
1178 1784 1232 1839 aut
1259 1777 1359 1842 luisse
1384 1779 1526 1862 legitime
1551 1799 1724 1863 congrega-

63 1910 149 1947 .m·‚
165 1873 372 1955 praeinductis
387 1892 451 1937 non
466 1876 654 1953 consonat);
671 1874 814 1955 insuper,
830 1874 916 1956 quod
934 1876 1053 1952 Btum‚
1085 1876 1304 1939 continuatum
1333 1886 1364 1940 et
1391 1876 1530 1943 finitum.
1562 1880 1647 1943 Unde
1683 1880 1722 1943 ad

26 1972 72 2001 ³¹¹·
164 1979 270 2035 totum
298 1973 396 2036 robur
422 1972 700 2035 etauctoritatem
733 1972 917 2035 immediate
973 1971 1068 2033 totius
1090 1972 1192 2055 plebis
1215 1974 1493 2057 certificationem,
1517 1985 1549 2039 et
1569 1977 1610 2040 ob
1633 1998 1723 2041 scan-

164 2070 341 2133 sortiantur
368 2090 388 2133 a
414 2071 518 2155 Papa,
543 2071 627 2152 quod
656 2070 733 2133 item
756 2071 847 2153 Papae
876 2070 919 2133 sit
972 2070 1043 2132 dala
1072 2070 1230 2150 evitanda,
1261 2081 1354 2155 atque
1391 2094 1448 2157 pro
1483 2094 1562 2157 pace
1596 2076 1722 2158 plenius

164 2170 340 2252 presidere
363 2170 503 2234 concilio
526 2169 747 2233 auctoritative
770 2176 803 2233 et
830 2189 918 2233 coer·
974 2171 1200 2249 conservanda,
1218 2180 1281 2233 tam
1304 2173 1372 2253 ipsa
1394 2174 1531 2237 concilia
1552 2192 1647 2255 quarn
1662 2174 1723 2238 lm-

164 2270 253 2347 cive,
270 2268 462 2332 confirmare
483 2288 610 2351 quoque
624 2278 657 2330 ot
671 2269 847 2350 approbare
861 2288 917 2339 seu
973 2276 1134 2349 peratores
1149 2270 1338 2353 quandoque
1354 2272 1594 2354 postulaverunt
1607 2291 1626 2334 a
1641 2272 1722 2355 Papa

165 2368 339 2449 reprobare
362 2367 536 2429 sententias
561 2386 599 2429 ac
623 2368 751 2429 decreta
776 2366 916 2445 concilii,
974 2365 1159 2428 confirmari
1174 2368 1382 2431 conciliorum
1404 2370 1541 2447 decreta,
1560 2370 1721 2452 potissime

164 2473 199 2528 ct
227 2465 440 2547 interpretari,
470 2464 633 2527 declarare
670 2464 918 2547 dispensareque
973 2482 1014 2525 ne
1042 2472 1207 2545 putaretur
1236 2465 1318 2528 inter
1346 2466 1460 2549 Papam
1490 2476 1521 2530 et
1549 2467 1722 2531 concilium

164 2583 216 2627 ca.
233 2564 351 2639 Quibus
366 2563 539 2642 concessis,
557 2562 700 2643 sequitur
713 2564 798 2644 quod
813 2565 919 2627 conci·
973 2582 1044 2625 esse
1064 2563 1232 2627 dissensio.

165 2662 247 2724 lium
270 2662 418 2743 generale
442 2662 475 2723 in
500 2661 589 2723 nullo
614 2661 655 2723 sit
675 2681 771 2744 super
789 2661 917 2744 Papam,
1013 2661 1186 2740 Postremo,
1212 2664 1296 2744 quod
1324 2663 1495 2745 allegatum
1521 2672 1579 2742 est,
1606 2664 1722 2748 Papam

164 2780 228 2823 nec
243 2760 416 2825 concilium
437 2759 472 2822 in
494 2760 598 2842 aliquo
613 2779 689 2823 casu
703 2761 803 2843 possit
824 2762 920 2844 depo-
972 2759 1122 2823 babuisse
1138 2762 1371 2843 presidentiam
1387 2762 1419 2824 in
1431 2763 1634 2843 generalibus
1651 2783 1724 2827 con·

165 2878 244 2922 nere
269 2858 373 2936 illum,
389 2878 448 2921 nec
472 2858 610 2940 aliquam
634 2858 663 2920 ei
690 2857 793 2941 legem
814 2860 920 2941 praeli-
973 2857 1067 2936 ciliis,
1094 2860 1279 2921 conceditur
1303 2860 1461 2940 loquendo
1486 2861 1525 2922 de
1554 2861 1723 2943 presiden-

58 2981 148 3025 tem.
163 2978 243 3041 gere
259 2981 267 3019 ε
284 2976 355 3039 qua
369 2976 388 3018 a
403 2956 687 3038 praedeterminatis
702 2957 896 3021 discordant.
973 2954 1017 3016 tia
1041 2954 1210 3019 honoraria
1231 2976 1251 3019 a
1269 2957 1416 3019 conciliis
1443 2965 1555 3040 sponte
1581 2978 1618 3021 ac
1644 2958 1722 3021 libe-

206 3055 351 3119 Breviter
363 3074 440 3138 ergo
461 3055 636 3119 solutiones
657 3054 954 3138 argumentorumC
974 3072 1006 3115 re
1022 3052 1231 3117 Pontificibus
1252 3055 1441 3137 quibusdam
1460 3074 1622 3134 concessa,
1639 3055 1721 3119 forte
1762 3095 1766 3117 r

165 3155 377 3237 precedentis
404 3154 531 3217 articuli
566 3155 737 3236 tangendo,
767 3155 829 3216 boc
865 3157 918 3217 ad·
974 3161 1102 3235 propter
1122 3171 1231 3217 eorum
1251 3156 1447 3218 sanctitatem
1468 3154 1722 3238 sapientiamque

38 3283 145 3321 uam.
164 3254 355 3318 vertendum
386 3262 446 3332 est,
475 3254 560 3334 quod
592 3253 677 3315 sicut
707 3253 916 3335 praehabitum
972 3251 1174 3333 praecipuam.
1206 3252 1429 3316 Verumtamen
1461 3254 1649 3334 regulariter
1676 3253 1722 3317 lo-

164 3361 227 3430 cst,
242 3371 386 3434 personae
401 3352 434 3413 in
449 3351 588 3414 concilio
609 3359 809 3432 congregatae
823 3359 917 3433 atque
972 3349 1110 3430 quondo,
1126 3369 1186 3413 nec
1211 3351 1302 3432 Papae
1325 3369 1384 3414 nec
1410 3351 1480 3432 ejus
1501 3351 1612 3432 legatis
1634 3371 1721 3416 com-

163 3451 306 3514 concilio
330 3449 549 3532 incorporata,
566 3467 630 3512 uno
654 3449 749 3512 modo
774 3449 918 3512 conside·
972 3447 1051 3527 petit
1074 3449 1113 3510 de
1137 3449 1220 3530 jure,
1242 3469 1344 3532 neque
1368 3450 1408 3512 de
1433 3449 1520 3512 facili
1546 3450 1649 3512 danda
1673 3457 1721 3514 est

164 3556 277 3612 rantur
298 3556 333 3611 ut
353 3547 521 3631 mysticum
542 3566 670 3628 corpus,
692 3547 775 3629 quod
796 3547 916 3629 Spiritu
972 3543 1041 3606 sine
1066 3544 1182 3609 idonea
1202 3548 1335 3627 ratione,
1358 3547 1390 3610 in
1416 3547 1553 3612 concilio
1578 3548 1719 3629 generali

162 3649 283 3711 Sancto
296 3647 457 3728 dirigitur,
464 3665 520 3710 seu
534 3646 644 3727 gratiae
658 3645 729 3725 ojus
743 3645 917 3708 charisma·
970 3641 1174 3723 presidentia
1195 3645 1416 3708 auctoritativa
1431 3653 1462 3707 et
1483 3645 1641 3723 coercita,
1659 3645 1719 3707 nisi

162 3747 251 3809 tibus
265 3746 461 3827 gnbematur
472 3767 480 3807 ε
492 3753 525 3808 et
538 3745 583 3808 sic
599 3743 816 3822 consideratae,
833 3764 917 3807 erra·
971 3749 1125 3820 quantum
1139 3742 1179 3804 ad
1198 3742 1383 3826 impeditiva
1405 3743 1561 3806 bonorum
1578 3743 1718 3822 concilii,

161 3865 199 3908 re
214 3864 281 3908 non
295 3852 416 3926 queunt
430 3844 517 3906 circa
536 3843 635 3906 iidem
650 3849 682 3906 et
695 3843 796 3906 bonos
811 3862 916 3906 mores
970 3857 1010 3901 ne
1035 3837 1197 3904 auferatur
1220 3841 1358 3904 concilio
1384 3861 1441 3904 sua
1465 3841 1606 3922 libertas,
1624 3850 1656 3904 et
1679 3861 1720 3905 no

160 3944 197 4007 in
218 3943 270 4005 bis
293 3961 364 4024 quae
385 3941 603 4006 conciliariter
625 3949 772 4019 tractant,
788 3949 822 4004 et
839 3942 915 4004 dum
970 3936 1010 3999 ab
1028 3937 1159 4002 bomine
1183 3940 1288 4021 potius
1312 3959 1407 4021 quam
1426 3959 1445 4002 a
1464 3939 1583 4021 Spiritu
1605 3941 1720 4004 Sancto

160 4043 225 4106 rite
260 4042 438 4122 procedunt
471 4041 506 4102 in
541 4039 743 4102 invocatione
779 4040 915 4122 Spiritus
971 4035 1037 4116 regi
1058 4044 1199 4117 putetur.

160 4131 272 4204 Sancti
288 4140 464 4203 secundum
486 4138 623 4201 formam
645 4138 829 4202 conciliario
844 4157 917 4221 pro-
1010 4134 1139 4197 Sullicit
1153 4135 1232 4198 mibi
1247 4136 1314 4198 baec
1331 4135 1472 4218 tetigisse
1490 4158 1497 4197 ε
1514 4135 1717 4218 nequeenim

159 4239 271 4303 cessui
299 4246 527 4320 congruentem
552 4257 589 4300 ac
617 4237 836 4319 praestitutam.
861 4238 916 4300 Se·
929 4236 955 4299 D
969 4234 1008 4295 ad
1023 4233 1227 4315 particularia
1241 4253 1372 4316 quaeque
1388 4234 1471 4297 inter
1484 4235 1649 4298 dominum
1662 4234 1720 4298 Eu·

160 4338 270 4402 cundo
285 4337 527 4401 considerantur
541 4343 576 4398 ut
590 4355 707 4418 corpus
720 4335 887 4418 politicum
904 4359 911 4399 :
969 4331 1100 4413 genium
1115 4341 1147 4394 et
1167 4332 1345 4396 Basilcense
1366 4333 1540 4397 concilium
1562 4343 1649 4414 gesta
1663 4335 1718 4396 de-

159 4445 194 4501 et
210 4437 256 4498 ita
270 4435 304 4498 in
319 4437 370 4499 bis
384 4455 455 4518 quat
470 4435 546 4518 ipsae
568 4454 624 4498 seu
645 4435 790 4517 quadam
805 4454 913 4498 earum
969 4433 1121 4496 scandere
1143 4451 1250 4496 meum
1271 4441 1329 4495 est.

158 4535 376 4600 determinant
389 4543 420 4597 et
435 4541 631 4618 pertractant
652 4533 828 4596 secundum
843 4553 914 4597 sen-

159 4654 236 4698 sum
257 4635 445 4714 humanum,
469 4653 525 4696 seu
547 4642 582 4696 ut
602 4633 716 4696 melius
738 4633 845 4696 valent
866 4653 914 4696 se-

159 4734 306 4797 cundum
330 4733 414 4815 quod
437 4731 584 4796 bomines
609 4739 693 4812 sunt,
717 4731 807 4812 juxta
829 4731 914 4794 dona
1137 4695 1382 4764 ARTIGULUS
1403 4695 1545 4764 XXXV·

158 4833 210 4896 eis
236 4850 400 4911 concessa,
415 4832 535 4912 absque
560 4830 713 4912 singulari
738 4829 913 4893 directione
1007 4841 1055 4902 De
1069 4841 1216 4899 utilitate
1226 4841 1434 4916 generalium
1448 4841 1673 4901 conciliorum.

159 4930 302 5012 Spiritus
327 4930 444 5008 Sancti,
461 4937 593 5012 possunt
617 4948 733 4992 errare.
756 4928 816 4991 Sed
838 4927 913 4990 talia

158 5048 274 5094 earum
293 5037 381 5110 gesta
399 5013 562 5092 non‘snnt
582 5027 798 5091 conciliariter
816 5027 911 5106 lacta,
1040 5026 1193 5105 UONldltl,
1203 5026 1291 5107 juxta
1307 5025 1491 5108 praehabita,
1501 5023 1717 5087 indubitanter
1745 5047 1786 5087 or.
1814 5054 1858 5092 ιιιι,

159 5148 225 5192 nec
239 5127 369 5209 Spiritui
386 5128 501 5190 Sancto
516 5126 728 5190 attribuenda.
971 5027 1036 5226 Ο
1055 5125 1248 5189 credendum
1276 5134 1325 5187 est
1357 5124 1568 5187 universalem
1601 5121 1716 5184 Christi
1730 5119 1788 5158 ¹¹⁹¹·
1804 5117 1862 5149 ¹¹¹¹·

204 5226 369 5306 Praterea,
385 5226 531 5306 quedam
545 5225 683 5288 concilia
697 5222 827 5288 inerunt
842 5243 914 5307 pro-
966 5225 1142 5289 Ecclesiam
1171 5242 1235 5288 non
1264 5241 1358 5304 posse
1389 5241 1493 5286 errare
1524 5221 1558 5283 in
1585 5219 1649 5282 srde
1686 5227 1718 5282 et

160 5326 328 5404 vincialia,
345 5343 409 5389 non
424 5323 584 5406 generalia
597 5347 604 5386 :
617 5333 652 5386 ut
666 5324 721 5386 illa
735 5344 805 5407 qnae
819 5345 914 5407 quos·
968 5325 1122 5402 moribus,
1140 5332 1170 5385 et
1191 5341 1248 5405 per
1269 5339 1467 5402 consequens
1489 5339 1549 5382 neo
1570 5318 1718 5402 generale

289 5460 323 5514 Τ.
340 5461 381 5511 36.
1563 5455 1592 5506 37
