4309 6250
474 521 593 569 acarna
614 521 782 569 rrnnnrau
802 522 974 581 unnousrr,
996 522 1085 571 anan
1104 524 1146 571 rr.
1170 543 1210 557 -
1230 525 1300 571 snr.
1322 524 1400 574 mn
1655 507 1717 574 tat

208 692 367 777 Septimus
391 692 650 777 praedominantis
675 693 811 757 carnalis
831 696 955 758 amo-A
972 695 1192 777 uipotentiam,
1209 715 1401 781 omnemque
1424 697 1526 782 ipsius
1549 697 1717 781 perlectio-

168 793 211 855 ris
240 792 388 872 effectus,
417 800 466 855 est
498 794 584 874 qued
613 794 719 856 taliter
752 811 915 856 amorosus
971 814 1042 857 nem
1060 814 1188 877 prorsus
1204 796 1399 860 immensam.
1413 797 1473 861 Sed
1489 817 1586 879 quum
1601 798 1718 880 duplex

167 893 244 954 dum
272 890 360 956 videt
387 908 454 954 rem
481 890 526 954 rei
551 891 674 954 dilectae
700 890 912 969 consimilem,
971 894 1012 957 sit
1031 894 1125 971 velle,
1143 895 1294 957 videlicet
1313 896 1474 975 desiderii,
1490 898 1575 979 quod
1596 905 1644 959 est
1663 915 1719 978 ap

167 988 271 1053 valide
306 988 536 1066 inflammatur,
565 990 726 1067 alteratur,
758 997 789 1052 ει
824 990 914 1070 quasi
971 992 1089 1075 petitus
1116 992 1192 1056 boui
1223 992 1335 1072 luturi,
1359 996 1500 1058 nondum
1529 995 1628 1057 habiti
1657 1014 1717 1059 nec

167 1088 309 1150 insanire
338 1088 472 1150 videtur.
504 1087 556 1149 Sic
584 1087 680 1150 homo
712 1087 915 1170 spiritualiter
971 1092 1088 1173 adepti,
1106 1092 1361 1175 sedconcupiti;
1379 1101 1411 1156 et
1429 1092 1505 1157 item
1528 1094 1611 1157 velle
1632 1112 1718 1157 corn·

166 1205 343 1267 amorosus,
372 1186 428 1268 qui
456 1186 554 1248 Deum
584 1185 617 1248 in
645 1186 704 1249 hac
732 1186 798 1249 vita
830 1186 913 1249 clare
971 1190 1146 1271 placentiae,
1163 1191 1445 1271 congratulationis
1469 1201 1564 1273 atque
1586 1191 1716 1274 laveris,

166 1286 252 1348 sicut
271 1286 307 1347 in
325 1305 359 1348 εε
377 1286 448 1367 ipso
468 1284 613 1347 subsistit
632 1284 749 1348 intueri
772 1304 836 1349 nou
857 1304 913 1367 po-
970 1290 1055 1370 quod
1070 1297 1119 1352 εει
1136 1291 1177 1352 dc
1196 1291 1280 1354 bono
1299 1290 1445 1371 praesenti
1462 1315 1469 1353 ι
1486 1290 1549 1354 [leo
1571 1290 1718 1354 volumus

165 1390 237 1461 test,
268 1383 344 1446 dum
376 1402 450 1447 cum
481 1383 514 1445 in
545 1382 612 1445 suis
639 1382 810 1446 ellectibus
839 1401 913 1446 con·
971 1385 1144 1448 bonitatem
1159 1404 1249 1449 suum
1264 1387 1451 1449 immensam
1466 1388 1628 1450 voluntate
1643 1406 1719 1451 con·

167 1482 349 1563 templatur,
372 1480 505 1563 ejusque
531 1481 702 1545 bonitatem
726 1488 820 1563 atque
844 1480 914 1543 dul·
971 1484 1192 1565 gratulationis
1206 1504 1264 1547 seu
1278 1485 1517 1567 complacentia
1531 1493 1564 1549 et
1585 1485 1713 1549 laveris.

165 1580 313 1643 ccdinem
341 1580 373 1641 ln
403 1580 470 1642 suis
493 1578 639 1661 gratiosis
666 1578 851 1641 muneribus
880 1578 912 1640 in
1011 1583 1099 1645 Tunc
1114 1583 1220 1665 itaque
1241 1584 1602 1665 supergloriosissimum
1616 1584 1717 1647 Deum

165 1679 229 1742 vita
251 1679 311 1741 bac
332 1678 502 1760 experitur,
518 1696 582 1759 prae
606 1677 764 1741 desiderio
784 1678 839 1741 Dei
862 1698 914 1741 vc-
970 1700 1045 1743 vere
1074 1688 1105 1743 et
1132 1680 1281 1743 irrellexe
1308 1680 1484 1763 diligimus,
1512 1702 1610 1765 quum
1646 1682 1717 1764 ejus

164 1778 332 1840 humantur
359 1776 554 1853 accenditur,
580 1794 716 1856 eumque
746 1776 829 1839 clare
858 1795 915 1859 per
970 1778 1204 1861 superinlinitae
1224 1778 1368 1857 bonitati,
1384 1780 1573 1862 perfectioni
1595 1791 1627 1844 et
1645 1782 1718 1845 bea·

165 1874 306 1957 speciem
321 1875 529 1957 contemplari
551 1874 642 1938 etad
664 1874 826 1967 caelestem
843 1876 915 1938 bea·
933 1876 1098 1941 Btitudini
1127 1877 1308 1940 cordialiter
1331 1879 1597 1959 congratulamur,
1623 1879 1717 1960 elque

163 1972 335 2038 titudinem
366 1972 523 2041 introduci
548 1972 769 2035 ardentissime
798 1990 914 2035 ccucu-
970 1976 1083 2039 intime
1098 1994 1225 2040 omnem
1240 1996 1329 2039 suam
1345 1977 1565 2041 excellentiam
1585 1978 1717 2060 opulen-

46 2095 150 2145 naaa,
166 2072 396 2155 piscit‚dicens
411 2090 484 2135 curn
499 2071 913 2146 SanctoiQuemadmodum
970 2076 1111 2156 tiamque
1136 2075 1291 2153 lavemus,
1306 2083 1339 2138 et
1361 2076 1401 2138 dc
1425 2076 1496 2157 ejus
1520 2074 1648 2139 inlinita
1670 2076 1719 2138 dl·

38 2160 53 2199 l.

164 2171 324 2233 desiderat
353 2189 465 2233 cervus
488 2171 528 2233 ad
552 2168 655 2234 lentes
680 2188 843 2251 aquarum,
871 2170 914 2233 ita
969 2174 1089 2256 gnitate
1111 2173 1468 2254 et-cminentiapuram
1490 2173 1613 2257 inipso
1634 2192 1718 2237 com·

164 2270 326 2333 desiderat
351 2268 457 2331 anima
481 2288 552 2331 mea
576 2268 616 2331 ad
638 2276 679 2345 te,
697 2268 790 2331 Deus.
808 2268 915 2331 Sitivit
970 2271 1160 2355 placentiam
1183 2279 1315 2353 propter
1342 2272 1448 2353 ipsum
1473 2272 1637 2335 babemus.
1664 2272 1718 2337 Sic

163 2370 272 2431 anima
287 2387 358 2432 mea
373 2369 411 2431 ad
426 2367 525 2431 Deum
541 2367 667 2448 fortem,
681 2367 915 2442 vivumlluan-
969 2388 1045 2452 ergo
1073 2368 1203 2432 dilectio
1231 2368 1292 2431 ista
1319 2388 1399 2451 pura
1424 2379 1457 2433 et
1485 2370 1643 2450 irrellexa,
1669 2380 1719 2435 est

163 2468 203 2531 do
218 2468 349 2530 veniam
364 2475 396 2530 ct
410 2466 569 2549 apparebo
584 2474 657 2529 ante
672 2464 788 2529 facicm
803 2465 879 2527 Deil
970 2467 1237 2551 congratulatoria
1259 2473 1291 2529 et
1314 2469 1585 2550 complacentialis
1606 2470 1717 2534 volitio

202 2568 251 2629 Ad
266 2567 349 2629 banc
365 2564 589 2647 superoptima
604 2563 734 2625 Deitatis
756 2565 913 2627 sinceram
969 2586 1031 2649 qua
1056 2565 1303 2647 precordialiter
1325 2585 1363 2628 ac
1387 2566 1605 2630 favorabiliter
1629 2568 1719 2633 volu·

163 2672 260 2747 atque
280 2663 464 2727 ecstaticam
490 2662 693 2725 dilectionem
716 2662 914 2745 impossibile
969 2685 1039 2727 mus
1064 2665 1127 2729 [leo
1152 2663 1419 2727 interminabilem
1446 2665 1629 2743 bonitatem,
1646 2665 1716 2729 leli-

162 2772 212 2825 cst
239 2780 350 2825 eorum
375 2762 513 2841 aliquem
543 2760 720 2842 pervenire,
748 2760 802 2840 qui
826 2760 912 2823 illam
969 2764 1097 2827 citatem
1113 2771 1146 2826 et
1159 2763 1292 2845 gloriam
1311 2781 1413 2840 suam,
1429 2763 1549 2845 absque
1569 2773 1717 2845 respectu

163 2868 326 2941 exspectat
354 2867 386 2923 ct
413 2858 532 2941 appetit
559 2858 788 2921 beatitudinem
817 2876 912 2938 quam
968 2864 1006 2925 ad
1023 2863 1225 2924 commodum
1240 2860 1442 2924 nostrumllt
1457 2880 1531 2925 vcro
1546 2862 1718 2945 dupliciter

163 2980 226 3023 snm
247 2958 329 3041 legis
352 2956 607 3021 observatoribus
628 2956 822 3019 llahometus
842 2974 914 3039 spo·
967 2958 1131 3040 diligimus
1151 2958 1271 3040 aliquid
1291 2966 1422 3040 propter
1440 2958 1559 3021 bonum
1581 2960 1682 3041 ipsius
1706 2982 1714 3019 ε

162 3058 285 3141 pondit,
309 3064 421 3140 utputa
439 3056 663 3138 voluptuosum
689 3074 726 3118 ac
751 3054 913 3118 abundan-
931 3061 952 3123 G
968 3058 1083 3142 primo,
1113 3064 1242 3141 propter
1269 3058 1389 3120 bonum
1416 3058 1500 3137 quod
1535 3056 1641 3136 babet,
1671 3056 1716 3119 ita

162 3157 323 3220 tissimum
358 3155 499 3219 ciborum
536 3153 769 3237 muliemmquc
805 3174 909 3216 usum.
966 3158 1051 3239 quod
1074 3156 1286 3220 consideratio
1306 3155 1457 3219 bonitatis
1478 3175 1542 3218 suec
1561 3165 1668 3220 movet
1685 3167 1717 3222 et

162 3253 434 3319 Talesctenimin
457 3252 672 3334 cunctisque
694 3253 857 3335 agunt,ad
878 3272 911 3315 se
968 3255 1080 3318 incitat
1114 3273 1172 3317 nos
1199 3254 1239 3316 ad
1271 3253 1343 3335 ejus
1371 3273 1533 3333 amorcm3
1562 3256 1715 3336 secundo,

161 3356 250 3438 ipsos
266 3353 401 3436 turpiter
422 3351 641 3430 reflectuntur,
658 3371 718 3414 nec
740 3370 818 3434 pure
839 3350 913 3414 alli·
966 3362 1097 3437 propter
1111 3355 1229 3417 bonurn
1249 3353 1342 3434 cujus
1356 3371 1455 3434 capax
1474 3361 1531 3430 est,
1548 3361 1583 3415 ut
1601 3354 1716 3418 babeat

162 3453 293 3516 ciuntur
313 3453 353 3514 ad
375 3450 485 3514 Deum
967 3452 1056 3515 illud.
1073 3452 1178 3515 Primo
1192 3451 1287 3515 modo
1308 3451 1471 3532 diligimus
1486 3452 1584 3514 [ιειιιῃ
1599 3462 1630 3514 ει
1644 3473 1715 3536 per-

968 3549 1049 3613 lecte
1065 3549 1173 3612 beatos
1187 3572 1195 3628 ;
1211 3550 1351 3612 mcundo
1365 3549 1460 3612 modo
1474 3548 1638 3631 diligimus
1653 3550 1717 3614 via·

641 3725 642 3728 Ἴ
967 3655 1062 3728 tores,
1084 3656 1242 3730 quatenus
1264 3646 1344 3710 liant
1366 3648 1451 3711 boni.

340 3723 584 3788 ARTICULUS
607 3722 732 3786 XVIII·
1006 3747 1149 3829 Insuper,
1167 3767 1204 3809 ex
1228 3747 1287 3810 lrac
1312 3765 1391 3827 pura
1415 3755 1447 3809 ct
1465 3765 1528 3810 non
1551 3747 1714 3830 reciproca

199 3869 248 3928 De
255 3883 343 3941 puro
358 3873 387 3923 ει
404 3863 632 3938 irrefleoecDet'
644 3872 871 3940 amoremque
965 3847 1019 3910 Dei
1036 3845 1207 3908 dilectione
1224 3844 1313 3908 multi
1329 3845 1474 3908 oriuntur
1488 3844 1634 3910 ellectus.
1651 3847 1714 3910 Pri-

160 3960 200 4016 de
217 3957 382 4033 gradibus
405 3961 436 4012 et
455 3953 619 4030 effectibus
642 3953 753 4010 divini
775 3954 907 4012 cruoris.
967 3966 1037 4008 mus
1065 3953 1115 4008 est
1140 3944 1334 4007 desiderium
1363 3945 1534 4007 exsistendi
1564 3965 1636 4008 cum
1661 3965 1710 4026 co,

966 4045 1027 4107 boc
1041 4051 1090 4106 est
1104 4063 1177 4106 eum
1199 4043 1284 4105 clare
1305 4042 1433 4105 videndi
1456 4051 1488 4105 et
1503 4042 1652 4106 beatilicc
1673 4062 1712 4107 co

231 4143 312 4208 llllll
341 4141 608 4224 concupiscentie
632 4141 821 4224 appellatur,
848 4161 910 4223 quo
966 4142 1103 4205 lrucndi.
1133 4143 1179 4203 Ad
1210 4142 1295 4222 quod
1321 4141 1462 4220 quotidie
1490 4141 1711 4206 ardentissime

245 4243 320 4325 quis
335 4241 454 4323 aliquid
478 4241 593 4304 intuitu
615 4241 733 4323 proprii
750 4241 909 4304 commodi
926 4242 951 4304 D
966 4242 1126 4324 suspirare
1140 4241 1304 4318 debemus,
1317 4240 1462 4321 exemplo
1476 4241 1609 4322 apostoli
1625 4241 1710 4304 Pauli

160 4344 289 4426 diligit3
317 4360 407 4405 amor
430 4349 535 4403 autem
564 4341 721 4420 amicitiae,
749 4360 811 4422 quo
839 4342 909 4422 quis
966 4340 1102 4404 dicentis
1119 4364 1126 4402 ι
1143 4340 1242 4421 Cupio
1255 4338 1387 4400 dissolvi
1403 4346 1434 4400 et
1448 4358 1517 4401 csse
1537 4359 1610 4402 cum
1624 4339 1712 4403 curi-
1738 4363 1856 4420 rarum.

160 4442 284 4525 aliquid
305 4439 410 4522 diligit
433 4459 497 4504 neu
522 4441 563 4503 ob
587 4439 749 4522 proprium
771 4459 911 4504 commo·
966 4449 1025 4504 sto.
1056 4440 1221 4502 Secundus
1249 4447 1297 4500 εει
1324 4436 1411 4500 zelus
1439 4437 1539 4500 divini
1568 4439 1709 4520 honoris,
1726 4431 1759 4470 ²³·

160 4544 248 4620 dum,
268 4541 323 4604 sed
347 4547 475 4622 pmpter
499 4539 586 4600 illius
607 4539 737 4601 bonum.
754 4538 858 4616 Porro,
876 4547 910 4600 ut
966 4558 1028 4619 quo
1052 4537 1194 4618 nosipsi
1218 4537 1316 4599 Deum
1339 4537 1410 4599 totis
1435 4536 1557 4599 viribus
1582 4557 1711 4601 venora-

159 4640 346 4704 Aristoteles
379 4637 528 4720 loquitur,
558 4637 701 4718 diligere,
732 4644 780 4700 est
815 4637 909 4699 alicui
967 4656 1047 4714 mur,
1078 4644 1172 4715 atque
1201 4635 1241 4696 ab
1268 4634 1418 4696 omnibus
1453 4654 1526 4696 eum
1562 4634 1710 4698 honorari

160 4741 282 4803 bonurn
307 4738 400 4802 velle.
417 4737 583 4818 Quumque
607 4735 689 4798 Deus
715 4735 783 4816 ipse
809 4737 911 4799 omni·
965 4742 1122 4815 optamus,
1135 4733 1254 4796 orando
1268 4733 1582 4812 quoque,bortando,
1595 4742 1626 4796 ει
1640 4733 1711 4796 aliis

160 4848 276 4920 petens
291 4845 321 4900 et
336 4835 480 4900 excelsus
495 4834 535 4896 sit
551 4853 639 4915 pura,
653 4833 910 4916 incomparabilis
966 4834 1082 4915 quibus
1096 4851 1266 4915 possumus
1287 4830 1402 4907 modis,
1420 4831 1499 4892 alios
1521 4832 1559 4893 ad
1582 4832 1637 4894 [lei
1661 4850 1712 4894 vc·

161 4935 465 5019 superperfectaquc
488 4931 624 5008 bonitas,
652 4949 715 4995 non
742 4950 910 5013 possumus
966 4932 1164 4994 necationem
1192 4929 1385 4992 inducimus.
1412 4929 1533 4992 Tertius
1562 4929 1710 5008 allectus,

161 5037 260 5100 Deum
286 5032 389 5114 magis
412 5031 545 5113 diligere
570 5029 630 5092 nisi
652 5030 787 5094 volendo
809 5031 837 5093 ci
857 5030 912 5093 bo-
966 5037 1014 5092 cst
1029 5027 1196 5091 detestatio
1211 5027 1361 5089 vitiorum
1382 5026 1415 5088 in
1434 5035 1588 5106 quantum
1603 5026 1713 5108 displi-

162 5155 238 5197 uum
261 5133 347 5215 quod
364 5131 470 5208 babet,
487 5130 552 5192 iuro
567 5129 673 5211 potius
687 5127 806 5192 bouum
826 5130 910 5209 quod
967 5136 1039 5191 cent
1054 5125 1194 5200 Deooui
1209 5133 1314 5189 autent
1331 5125 1479 5187 abhorret
1493 5135 1634 5206 peccata,
1648 5143 1711 5187 non

161 5233 228 5316 ipse
254 5240 315 5312 est,
335 5238 446 5312 utputa
470 5246 560 5290 suam
584 5227 822 5308 beatitudinem,
842 5229 912 5311 pul·
966 5226 1186 5310 principaliter
1211 5225 1362 5306 quoniam
1390 5223 1562 5304 displicent
1590 5225 1653 5286 lleo
1682 5232 1714 5286 et

162 5325 616 5408 chritudinem,dulcedinem,
631 5325 829 5407 sapientiam,
846 5345 912 5390 om·
967 5324 1126 5389 ollensiva
1149 5343 1186 5386 ac
1211 5321 1434 5385 inhonoretiva
1458 5329 1532 5383 sunt
1556 5322 1636 5403 ejus,
1658 5323 1713 5385 sed
