4309 6250
431 473 492 537 432
757 488 874 537 aomar
896 488 1065 535 asarinus
1086 487 1257 546 amoueri,
1279 489 1367 535 arana
1388 491 1429 537 ιν.
1452 508 1493 521 -
1512 494 1581 540 aar.
1604 494 1657 540 xm

434 657 590 721 versionis
622 676 686 721 sua
717 656 844 720 exordia
874 658 1033 721 daemones
1067 657 1184 720 acerri-
1197 657 1222 719 Α
1236 657 1361 723 dicibus
1379 659 1560 741 desertique
1579 660 1749 726 fructibus.
1765 665 1887 740 Quibus
1901 666 1987 729 altis

434 774 485 819 me
517 763 730 833 tentaverunt,
765 762 861 836 atque
896 754 1054 817 interdum
1091 754 1182 837 quasi
1237 755 1333 817 simas
1362 756 1623 838 illuminationes,
1650 769 1758 842 raptus
1786 772 1818 826 ct
1847 773 1986 827 ecstases

434 873 534 936 usque
554 854 592 917 ad
613 862 747 917 mortem
762 854 1010 916 vulneraverunt
1028 852 1180 935 flagellis.
1236 853 1382 934 prestitit
1409 854 1546 937 Spiritus
1572 858 1708 921 Sanctus
1734 884 1742 920 :
1766 860 1811 923 ita
1834 864 1923 944 quod
1948 862 1986 924 ab

433 952 503 1035 lpse
525 971 600 1015 vero
625 952 738 1035 diebus
761 970 798 1014 ac
825 951 970 1014 noctibus
994 949 1183 1014 constantis·
1236 952 1384 1014 omnibus
1398 954 1605 1017 exterioribus
1620 956 1767 1020 sensibus
1782 958 1916 1023 luerunt
1934 980 1988 1023 sa·

434 1050 515 1112 sime
536 1050 652 1113 restitit
672 1049 748 1129 illis,
769 1049 901 1127 orando,
917 1047 1119 1126 abstinendo,
1135 1047 1184 1110 vi·
1237 1049 1369 1130 pissimo
1392 1051 1524 1115 omnino
1549 1053 1712 1133 abstracti,
1737 1066 1771 1119 et
1796 1057 1831 1119 in
1859 1057 1986 1121 divitias

432 1148 571 1231 gilando,
600 1166 697 1229 seque
721 1148 755 1209 in
780 1146 867 1211 omni
892 1145 1042 1209 exercitio
1072 1154 1183 1211 sancto
1236 1146 1344 1227 gloriae
1363 1148 1418 1211 [lei
1442 1149 1596 1231 absorpti,
1611 1152 1700 1214 omni
1724 1152 1919 1234 humilitate,
1934 1176 1987 1238 pa-

433 1246 596 1310 eremitico
621 1246 818 1328 occupando.
845 1244 901 1307 llic
931 1244 1022 1307 Pater
1050 1244 1183 1307 sanctis-
1236 1244 1356 1324 tientia,
1382 1248 1637 1327 mansuetudine,
1662 1250 1830 1332 supientia,
1855 1254 1985 1317 caritate

434 1345 533 1409 simus
558 1344 707 1408 Arianam
735 1344 880 1407 haeresim
910 1344 1009 1407 Deum
1035 1362 1106 1406 esse
1128 1343 1183 1405 tri·
1236 1341 1426 1425 plenissimi,
1455 1353 1550 1428 atque
1577 1366 1596 1409 a
1630 1348 1693 1412 Deo
1725 1358 1771 1414 tot
1798 1350 1902 1433 signis
1929 1352 1985 1414 mi·

433 1464 510 1507 num
535 1451 715 1525 negantem,
738 1461 794 1524 per
814 1442 893 1505 duos
916 1459 1017 1504 annos
1039 1441 1183 1523 predixit
1235 1439 1366 1505 riiicati.

433 1541 586 1606 futuram.
1275 1539 1365 1603 Nunc
1387 1560 1511 1622 ergo,o
1532 1542 1710 1626 Samaceni,
1732 1546 1819 1629 justo
1839 1548 1984 1612 examine

471 1640 605 1721 Insuper
633 1637 694 1701 luit
722 1646 753 1702 et
781 1639 892 1701 beatus
922 1646 1011 1721 pater
1039 1638 1181 1701 Hilarion
1236 1638 1421 1719 ponderate,
1437 1640 1563 1719 discite,
1574 1641 1716 1723 judicate
1730 1646 1824 1727 cujus
1838 1647 1907 1710 vita
1920 1668 1986 1710 cre

432 1738 576 1815 eremita,
594 1737 645 1801 vir
666 1735 843 1800 ineliabilis
865 1736 1055 1817 sanctitatis,
1071 1736 1125 1817 qui
1150 1744 1183 1798 et
1235 1737 1339 1799 denda
1363 1737 1405 1801 sit
1429 1739 1492 1802 Deo
1516 1738 1617 1803 luisse
1641 1742 1829 1825 placentior,
1851 1747 1986 1827 prophe

432 1836 611 1900 innumeris
626 1834 717 1898 iulsit
739 1834 912 1897 miraculis.
929 1834 1006 1897 Nam
1022 1844 1054 1897 et
1075 1834 1183 1915 cujus-
1198 1831 1222 1893 B
1238 1835 1353 1916 talique
1374 1836 1475 1917 gratia
1494 1837 1643 1920 dignior:
1661 1841 1777 1904 horum
1792 1844 1930 1924 Petrum,
1945 1865 1984 1907 an

433 1937 505 1999 dam
528 1936 649 2000 devotae
668 1954 705 1997 ac
727 1933 845 1998 nobilis
865 1932 994 1996 leminea
1008 1940 1072 1995 tres
1094 1932 1182 1996 lilios
1234 1932 1401 1996 hlahometi
1423 1943 1469 1997 tot
1491 1935 1642 1998 uxoribus
1661 1937 1829 2019 implicati,
1844 1948 1892 2004 tot
1911 1959 1987 2023 pra-

433 2033 640 2117 pestilcntiali
662 2040 858 2115 apostemate
881 2031 1099 2095 incurabiliter
1116 2031 1185 2093 lan·
1235 2030 1287 2093 liis
1308 2033 1467 2114 occupati,
1483 2042 1515 2095 et
1536 2052 1757 2099 successorum
1780 2037 1986 2121 ipsiusque

433 2134 558 2215 guidus,
592 2131 665 2195 lusa
696 2131 736 2194 ad
770 2132 871 2194 Deum
904 2130 1056 2207 oratione,
1088 2129 1183 2192 simul
1236 2148 1307 2191 rum
1321 2149 1381 2193 nec
1396 2130 1461 2193 vita
1475 2151 1536 2194 nec
1551 2134 1820 2218 morsalleoper
1833 2137 1985 2200 miracula

433 2239 465 2294 et
489 2230 594 2295 subito
621 2248 658 2293 ao
688 2227 829 2311 perfecte
857 2227 991 2291 curavit.
1018 2228 1183 2311 Quumque
1236 2227 1364 2309 proprie
1378 2229 1463 2291 dicta
1482 2238 1531 2292 est
1549 2230 1733 2313 approbata.
1750 2233 1790 2296 lit
1807 2236 1984 2299 certissime

433 2338 575 2412 tempore
600 2329 737 2410 quodam
766 2346 853 2391 mare
884 2326 968 2409 ripas
998 2346 1070 2389 suas
1099 2336 1184 2389 tran·
1235 2345 1347 2390 omnes
1371 2327 1476 2390 Patres
1501 2328 1549 2390 illi
1574 2331 1769 2394 sanctissimi
1792 2333 1895 2397 lleum
1915 2354 1983 2397 csse

434 2429 611 2509 scanderet,
635 2426 745 2510 populi
772 2427 811 2489 ad
838 2425 1074 2489 sanctissimum
1100 2425 1184 2487 llila·
1235 2444 1336 2487 unum
1359 2445 1397 2487 ac
1423 2426 1554 2505 trinum,
1578 2428 1738 2493 Christum
1762 2448 1891 2513 quoque
1916 2452 1984 2496 esse

434 2526 556 2589 riunem
583 2524 816 2606 confugientes,
835 2524 994 2606 petierunt
1015 2523 1180 2585 auxilium.
1234 2523 1334 2585 Deum
1357 2532 1389 2586 et
1413 2524 1587 2607 hominem,
1605 2529 1862 2593 constantissime
1884 2531 1984 2594 credi·

432 2625 503 2707 lpse
518 2643 593 2707 ergo
608 2624 792 2707 properavit
805 2624 845 2686 ad
860 2642 959 2701 marc,
967 2641 1064 2703 seque
1080 2642 1184 2684 erum-
1235 2623 1360 2685 derunt.
1376 2624 1517 2706 Denique
1532 2644 1632 2707 usque
1647 2625 1681 2688 in
1695 2626 1780 2689 diem
1795 2638 1982 2710 praesentem

433 2722 584 2803 pentibus
605 2722 756 2803 opposuit
777 2721 893 2803 aquis:
912 2740 981 2802 que
1003 2720 1094 2802 quasi
1116 2721 1182 2784 vim
1236 2730 1310 2783 sunt
1323 2721 1415 2783 multi
1430 2721 1580 2805 religiosi,
1592 2723 1738 2804 solitarii,
1750 2727 1984 2808 eremitae,illo

434 2840 545 2903 passae,
569 2820 602 2883 in
628 2820 742 2883 miram
767 2840 800 2882 se
828 2820 1029 2883 altitudinem
1058 2820 1183 2882 levave
1235 2839 1306 2883 rum
1321 2830 1503 2884 sanctorum
1517 2821 1643 2884 Patrum
1659 2824 1794 2905 vestigia
1807 2825 1981 2905 imitantes,

433 2927 528 2997 runt3
545 2920 599 2983 scd
616 2918 731 2983 Sancto
752 2926 874 2998 orante,
891 2918 924 2980 in
940 2938 1032 2981 suum
1054 2918 1182 2981 alveum
1235 2927 1268 2981 et
1282 2919 1315 2981 in
1331 2918 1460 2982 nomine
1473 2919 1589 2981 Christi
1605 2940 1689 3003 saepe
1703 2922 1786 2985 mira
1799 2932 1944 3005 agentes.

433 3026 508 3080 sunt
536 3017 679 3099 relapsae.
708 3016 778 3079 Alia
806 3017 876 3080 vice
904 3017 1034 3080 draconi
1063 3014 1219 3082 multost}

432 3115 592 3180 inficienti
608 3117 760 3200 pracepit
774 3116 896 3198 ingredi
917 3116 1023 3199 ignem
1040 3135 1136 3198 quem
1151 3116 1181 3179 ei

432 3216 566 3298 paravit,
584 3224 616 3279 et
636 3216 744 3298 paruit
764 3216 871 3278 draco.
1425 3191 1672 3260 ARTICULUS
1696 3196 1789 3260 XVI·

472 3313 543 3376 Fuit
565 3332 690 3396 quoque
719 3312 938 3376 sanctissimus
967 3322 1057 3395 pater
1082 3315 1183 3377 llaoa-
1261 3331 1308 3388 De
1320 3329 1520 3405 perfeccione
1533 3342 1564 3393 et
1578 3338 1773 3395 excellencia
1786 3339 1959 3413 sapientie

432 3413 508 3493 rius,
525 3412 778 3495 preclarissimis
794 3411 907 3494 plenus
927 3411 1101 3493 miraculis,
1117 3413 1182 3475 exi·
1348 3427 1379 3479 et
1392 3421 1552 3482 doctrinar
1569 3427 1763 3501 eeawelicoe
1779 3429 1870 3503 lepis.

432 3512 515 3575 mius
530 3511 585 3574 Dei
600 3510 732 3574 amicus.
748 3511 815 3575 lmo
837 3510 1087 3574 innumerabiles
1102 3511 1181 3574 tales

432 3609 562 3672 luerunt
586 3609 620 3673 in
644 3628 750 3672 eremo
776 3609 836 3672 viri
861 3608 997 3690 angelici
1024 3627 1060 3671 ac
1087 3609 1182 3672 coele
1295 3603 1461 3668 lLlUSDei
1480 3615 1578 3670 totam
1597 3609 1737 3673 hominis
1756 3611 1983 3676 beatitudinem

433 3717 508 3789 stes,
534 3708 744 3772 amantissimi
768 3709 843 3788 Deo,
869 3708 986 3788 quibus
1009 3707 1056 3770 nil
1085 3727 1181 3789 nega·
1310 3702 1343 3763 in
1366 3723 1498 3768 summae
1519 3706 1659 3769 veritatis
1683 3717 1872 3791 eternaeque
1893 3712 1984 3776 boni·

432 3807 525 3869 batur
552 3808 591 3869 ab
620 3826 667 3870 eo.
694 3806 882 3887 intorques
907 3805 1038 3869 luerunt
1066 3806 1181 3869 lllutius
1236 3801 1307 3862 tatis
1326 3801 1412 3864 clara
1432 3821 1469 3866 ac
1491 3802 1620 3866 fruitiva
1641 3808 1913 3889 contemplatione
1930 3811 1984 3873 do

432 3913 527 3986 atque
541 3905 718 3986 bessarion,
734 3924 870 3988 quorum
891 3913 1024 3985 uterque
1039 3903 1118 3967 lecit
1132 3923 1182 3967 so·
1235 3899 1302 3962 cuit
1316 3919 1386 3962 esse
1401 3902 1592 3981 ponendam.
1608 3903 1731 3968 idcirco
1751 3907 1918 3988 aptissima
1931 3909 1983 3971 de·

432 4003 496 4067 lem
521 4005 560 4067 ad
588 4013 713 4086 tempus
739 4012 821 4066 stare
846 4003 879 4065 iu
904 4003 1004 4082 coelo;
1031 4004 1108 4067 item
1133 4025 1181 4066 sa-
1235 3997 1283 4059 dit
1304 3998 1409 4061 modia
1437 4001 1641 4080 perveniendi
1666 4003 1706 4064 ad
1729 4021 1812 4066 eam
1835 4005 1982 4078 Quaedam

432 4102 629 4165 cratissimus
653 4102 751 4166 abbas
776 4101 951 4182 Pacomius,
972 4101 1023 4164 cui
1048 4102 1180 4183 angelus
1235 4096 1323 4158 enim
1337 4097 1457 4160 directe
1472 4106 1504 4160 et
1522 4117 1579 4179 per
1597 4119 1632 4162 se
1652 4101 1694 4163 ab
1714 4101 1802 4165 illius
1816 4103 1983 4167 beatitudi-

432 4200 616 4283 lrcquenter
630 4199 788 4282 apparuit,
805 4208 837 4262 et
852 4200 993 4282 regulam
1009 4201 1181 4264 monacho
1195 4199 1220 4262 D
1235 4194 1285 4257 nis
1300 4195 1468 4276 adeptione
1487 4197 1666 4280 impediunt
1679 4200 1856 4281 hominem,
1872 4221 1982 4285 quem·

431 4319 503 4362 rum
531 4301 571 4362 de
599 4298 681 4362 coelo
709 4297 781 4361 tulit
793 4321 801 4376 3
827 4298 1029 4362 beatissimus
1054 4317 1181 4380 quoque
1235 4294 1404 4357 admodum
1420 4304 1549 4376 peccata
1563 4297 1709 4360 mortalia
1722 4323 1728 4360 :
1740 4310 1774 4362 et
1787 4300 1842 4363 illa
1856 4301 1982 4366 absolu·

433 4398 622 4461 anachoreta
637 4397 784 4476 loannes,
797 4397 852 4478 qui
868 4398 906 4459 de
922 4396 1002 4460 cella
1017 4416 1180 4478 nunquam
1235 4400 1265 4455 te
1280 4394 1444 4475 prohibuit
1457 4394 1609 4458 Christus.
1622 4396 1770 4471 Quadam
1785 4419 1861 4464 vero
1875 4401 1983 4483 aliquo

432 4495 528 4559 exivit
557 4519 564 4557 ε
592 4495 645 4558 cui
673 4515 755 4577 pene
784 4494 891 4558 omnia
919 4496 1030 4558 mundi
1060 4506 1181 4559 secreta
1235 4492 1298 4555 alio
1312 4493 1407 4556 modo
1421 4493 1584 4557 hominem
1598 4495 1640 4558 ab
1654 4497 1710 4559 illa
1728 4496 1881 4562 felicitate
1896 4501 1983 4564 elon-

431 4594 585 4658 revelavit
598 4595 735 4676 Spiritus
749 4595 903 4673 Sanctus3
919 4595 974 4676 qui
990 4604 1022 4657 et
1036 4596 1181 4677 prodigia
1233 4599 1320 4673 gant,
1338 4600 1373 4653 ut
1387 4593 1526 4656 venialia
1547 4604 1677 4677 peccata
1693 4619 1700 4656 :
1718 4597 1790 4661 ideo
1804 4617 1842 4661 ea
1860 4599 1984 4662 dissua-

432 4695 569 4758 maxima
588 4692 676 4757 iecit.
1235 4691 1287 4752 sit.
1316 4689 1464 4764 Quadam
1492 4713 1511 4755 a
1545 4692 1697 4758 lelicitate
1731 4694 1787 4760 illa
1820 4697 1981 4762 hominem

470 4792 556 4855 luter
584 4793 642 4856 hos
670 4793 888 4856 divinissimos
917 4791 1023 4856 Patres
1051 4791 1182 4856 luerunt
1234 4789 1420 4870 dispositive
1435 4791 1982 4876 occasionaliterqueavertunt,non

431 4892 592 4970 Arsenius,
608 4892 739 4974 Moyses,
757 4892 874 4971 Pastor,
897 4891 1007 4971 Sisois,
1028 4891 1177 4971 isidorus,
1234 4887 1308 4968 quia
1336 4887 1419 4952 mala
1447 4889 1481 4951 in
1510 4909 1554 4967 se,
1582 4891 1813 4973 sedquoniam
1841 4895 1983 4975 praebent

431 4990 628 5073 Apollonius,
644 4990 771 5068 Pambo,
789 4997 820 5052 et
834 4989 885 5052 alii
900 4990 989 5071 quasi
1004 4991 1178 5070 innumeri,
1233 4987 1356 5050 homiui
1371 4987 1582 5069 multiplicem
1597 4990 1799 5054 occasionem
1813 4995 1980 5074 peccandi,

431 5107 566 5170 quorum
592 5089 734 5154 omnium
759 5089 958 5152 conversatio
978 5089 1181 5151 abstinentis-
1234 5086 1318 5149 sicut
1332 5087 1522 5168 temporales
1536 5086 1665 5168 divitiae,
1682 5089 1827 5153 carnales
1847 5091 1981 5172 delicie,

431 5191 512 5254 sima
531 5188 592 5252 luit
613 5213 620 5252 :
642 5209 716 5253 nam
736 5189 803 5252 solo
827 5209 864 5252 ac
889 5188 1016 5252 modico
1042 5207 1124 5270 pane
1149 5196 1181 5252 et
1234 5185 1386 5247 mundani
1408 5185 1618 5249 honorasset
1637 5186 1697 5249 ista
1718 5188 1883 5252 consuluit
1897 5191 1983 5255 Chri·

430 5309 512 5394 aqua
531 5290 661 5354 luerunt
684 5289 837 5371 conteuti,
859 5296 915 5351 aut
938 5286 1107 5350 herbarum
1129 5307 1178 5351 ra·
1234 5294 1301 5349 stus
1322 5303 1392 5347 esse
1414 5283 1553 5365 vitanda,
1568 5293 1726 5367 quatenus
1745 5286 1842 5354 homo
1855 5289 1982 5374 expedi
