4309 6250
431 491 492 558 266
769 511 888 560 conraa
907 513 1076 560 rnnrronrr
1095 513 1265 570 ιιιιιοιιιιιι,
1288 515 1376 561 ιιειιιι
1397 515 1417 561 ι.
1440 533 1480 544 -
1500 515 1572 562 aar.
1594 515 1648 562 xvr

433 681 579 745 omnium
598 682 776 764 hominum,
793 691 947 766 quantum
972 683 1006 746 in
1031 683 1102 765 ipso
1121 691 1179 763 est,
1195 685 1221 747 Α
1236 684 1335 762 strati,
1352 685 1531 748 habuerunt
1546 686 1586 748 de
1600 685 1723 750 Christo
1738 685 1838 748 fidem
1852 684 1983 768 explici·

433 788 536 843 exstat
556 781 705 844 salvator.
723 782 896 845 Salvaudos
920 791 1025 844 autem
1050 801 1181 845 necesse
1236 791 1311 860 tam,
1328 785 1425 846 ceteri
1441 801 1516 847 vero
1531 783 1730 866 implicitam,
1747 786 1908 848 credendo
1923 786 1983 848 sic-

433 886 483 942 est
497 896 554 942 suo
569 879 717 942 salvatori
731 879 839 962 aliquo
858 880 952 944 modo
973 880 1070 943 uniri.
1087 880 1183 943 ldcir-
1236 888 1271 944 ιιι
1294 881 1344 944 sui
1368 881 1514 962 majores.
1532 882 1802 956 Quemadmodum
1826 901 1904 965 ergo
1925 902 1983 946 nos

434 995 484 1053 co,
501 978 540 1040 ad
559 977 620 1040 hoc
644 979 729 1059 quod
748 979 842 1042 homo
862 987 1075 1061 consequatur
1099 978 1182 1040 salu·
1235 979 1403 1041 Christiani
1429 980 1589 1042 salvamur
1608 981 1640 1042 iu
1661 981 1725 1043 fide
1744 999 1806 1062 qua
1824 981 1982 1044 Christum

433 1083 510 1154 tem,
536 1082 661 1158 oportet
685 1084 719 1138 ut
741 1076 864 1140 Christo
888 1095 946 1157 per
968 1075 1067 1139 fidem
1095 1095 1181 1139 nunc
1236 1077 1395 1139 credimus
1410 1077 1588 1157 advenisse,
1606 1077 1651 1141 sic
1667 1079 1779 1142 salvati
1796 1087 1871 1142 sunt
1886 1079 1934 1141 illi
1951 1078 1982 1141 in

434 1172 574 1253 uniatur,
591 1174 636 1235 ita
655 1182 691 1236 ut
708 1175 749 1236 de
773 1175 843 1256 ipso
866 1175 948 1238 bene
972 1181 1003 1236 ει
1026 1173 1181 1238 catholice
1236 1174 1301 1237 fide
1322 1193 1384 1256 qua
1403 1175 1606 1238 crediderunt
1629 1176 1788 1240 Christum
1812 1185 1982 1240 venturum

434 1271 551 1333 sentiat
567 1272 657 1352 juxta
675 1272 853 1335 doctrinam
876 1291 973 1335 sacrae
998 1272 1179 1353 Scriptura,
1236 1291 1317 1336 esse.
1334 1273 1449 1354 Sicquo
1464 1275 1607 1336 omnium
1622 1274 1795 1338 electorum
1814 1275 1983 1338 hominurn

435 1370 613 1432 secundum
628 1370 858 1451 expositionem
874 1378 905 1432 et
919 1389 1049 1432 sensum
1064 1378 1181 1433 sanctas
1236 1390 1300 1433 una
1314 1378 1362 1434 εει
1376 1370 1469 1434 fides.
1485 1371 1614 1453 Propter
1632 1373 1716 1453 quod
1730 1372 1774 1435 ait
1787 1374 1958 1455 Apostolus
1974 1397 1981 1434 :

435 1467 546 1529 matris
568 1467 730 1545 Ecclesiae,
756 1486 852 1549 quam
878 1467 912 1530 in
937 1468 1082 1549 hisquae
1108 1476 1183 1530 sunt
1236 1468 1393 1531 Habentes
1417 1469 1564 1531 eumdem
1589 1469 1736 1550 spiritum
1763 1470 1853 1548 fidei,
1869 1479 1902 1534 et
1926 1489 1983 1534 nos
2007 1495 2022 1538 ιι
2034 1495 2101 1540 cm.

436 1563 512 1627 fidei
528 1583 565 1627 ac
580 1564 692 1627 salutis
706 1565 788 1628 Deus
802 1584 966 1646 nunquam
986 1585 1092 1628 errare
1113 1585 1183 1648 per·
1237 1566 1407 1628 credimus.
1420 1567 1552 1647 Interea,
1561 1567 1636 1648 quia
1649 1567 1682 1629 in
1697 1567 1763 1630 fide
1777 1568 1894 1631 Christi
1911 1587 1984 1632 ven·
1998 1562 2026 1600 ¹³·

323 1678 411 1724 natm.
437 1661 544 1742 mittit,
561 1662 644 1724 sicut
666 1672 698 1725 et
722 1662 863 1725 Christus
887 1663 917 1726 ei
944 1664 1110 1744 promisit;
1126 1683 1183 1745 per
1237 1663 1300 1725 turi
1315 1663 1471 1726 Abraham
1486 1664 1665 1745 patriarcha
1684 1665 1868 1747 specialiter
1887 1667 1985 1729 abuu-

287 1741 423 1855 ζζζῇξξκ
437 1761 600 1822 εειιιειειιι
614 1778 741 1841 quoquc
755 1760 879 1825 Christo
892 1761 1054 1843 jungatur,
1071 1781 1112 1824 ne
1127 1782 1184 1845 per
1237 1761 1334 1838 davit,
1348 1761 1465 1825 idcirco
1479 1771 1570 1843 pater
1584 1770 1770 1827 cunctorum
1786 1764 1984 1826 credentium
2001 1787 2103 1830 namu

434 1858 574 1939 aliquam
603 1858 731 1940 culpam
759 1859 924 1922 mortalem
952 1868 1116 1941 separetur
1143 1861 1182 1922 ab
1201 1855 1424 1940 Bappellatur.
1441 1859 1528 1922 Unde
1542 1868 1574 1923 et
1588 1861 1654 1923 veri
1671 1860 1854 1939 Christiani,
1870 1869 1904 1924 et
1925 1859 1986 1943 ipsi

434 1956 624 2038 eolnsuper
638 1965 687 2019 est
700 1975 832 2019 necesse
847 1965 882 2018 ut
895 1958 1071 2019 secuudum
1088 1977 1183 2021 evan·
1238 1957 1410 2034 dumtaxat,
1427 1958 1540 2020 merito
1561 1957 1622 2019 frlii
1643 1959 1775 2022 Abrahae
1797 1977 1987 2041 nuncupau-

433 2053 545 2134 gelicaa
560 2053 640 2135 legis
654 2054 742 2116 vivat
756 2063 914 2136 praecepta
926 2078 932 2116 ι
946 2055 1031 2136 quia,
1047 2064 1082 2118 ut
1096 2057 1184 2118 laco
1238 2064 1299 2132 tur,
1316 2074 1380 2119 non
1401 2056 1547 2118 excecati
1563 2056 1661 2118 ludaei
1681 2075 1741 2119 nec
1760 2057 1927 2120 Sarraceni
1949 2058 1987 2120 de

397 2183 420 2219 l,
433 2151 494 2213 hus
515 2151 609 2215 docet
633 2152 806 2234 apostolus,
834 2151 916 2215 fides
940 2153 1010 2215 sine
1032 2153 1183 2235 operibus
1238 2152 1360 2216 Christo
1376 2153 1550 2216 infideliter
1569 2154 1754 2218 sentientes.
1770 2154 1851 2217 hinc
1870 2156 1912 2218 ad
1931 2155 1988 2218 Ga·

434 2257 559 2312 mortua
573 2258 622 2312 est
635 2250 669 2311 iu
685 2269 720 2312 se
735 2249 815 2332 ipsa.
833 2251 911 2331 lmo,
928 2259 964 2312 ut
985 2251 1127 2316 Christus
1150 2252 1183 2314 in
1239 2251 1317 2313 latas
1331 2251 1461 2314 divinus
1476 2251 1586 2314 scribit
1600 2253 1768 2334 Apostolus
1777 2252 1852 2334 :Qui
1867 2271 1907 2316 ex
1921 2253 1987 2316 fida
2001 2277 2103 2320 comm.

349 2395 355 2407 .
383 2345 606 2428 :qllvaugelio
631 2354 836 2424 contestatur,
863 2367 974 2411 servus
999 2349 1104 2411 sciens
1130 2369 1184 2413 vo·
1239 2357 1323 2430 sunt,
1340 2349 1372 2412 hi
1394 2357 1468 2412 suut
1489 2349 1551 2412 filii
1573 2350 1717 2413 Abrahae.

317 2457 323 2468 ·
434 2443 589 2506 luntatem
613 2444 734 2507 domini
759 2444 808 2507 sui
830 2452 863 2507 et
879 2463 944 2508 non
966 2445 1100 2524 faciens,
1117 2446 1183 2528 pla·
1278 2449 1449 2526 Postremo,
1465 2467 1560 2529 quam
1576 2447 1726 2511 vitiosum
1741 2457 1836 2530 atque
1855 2449 1989 2512 damna·

432 2541 482 2623 gis
504 2541 668 2624 vapulabit
688 2542 806 2604 multis.
1238 2547 1300 2610 bile
1329 2545 1370 2607 sit
1394 2564 1458 2608 uon
1482 2546 1611 2608 credere
1640 2545 1673 2608 in
1703 2545 1905 2628 unigenitum
1934 2547 1988 2608 Dei

474 2640 638 2717 Praeterea,
668 2640 809 2702 Christus
840 2648 936 2722 caput
963 2649 1012 2703 est
1039 2642 1181 2704 omnium
1237 2643 1365 2720 Filium,
1395 2643 1501 2704 Jesum
1534 2642 1706 2721 Christum,
1735 2644 1828 2707 docet
1857 2651 1988 2707 sanctus

433 2738 671 2816 salvandorum,
687 2738 762 2818 quia
777 2757 834 2821 per
849 2739 954 2820 ipsum
969 2739 1052 2801 Deus
1071 2757 1182 2802 omnes
1237 2741 1433 2822 evangelista
1447 2742 1594 2820 loannes,
1610 2741 1719 2804 dicens
1737 2765 1744 2804 :
1761 2741 1819 2816 Qui
1834 2761 1901 2804 non
1922 2761 1989 2805 cro
2006 2768 2097 2808 rme

433 2834 580 2899 homiues
601 2835 719 2898 electos
741 2836 864 2898 salvare
885 2835 1037 2898 decrevit.
1053 2837 1183 2918 Propter
1236 2840 1293 2917 dit,
1310 2839 1375 2920 jam
1397 2839 1555 2920 judicatus
1576 2847 1634 2916 est,
1650 2839 1724 2920 quia
1744 2859 1808 2902 non
1829 2841 1934 2902 credit
1955 2841 1988 2903 in
2002 2835 2030 2874 ¹⁸·
2124 2875 2125 2896 r

291 2950 420 3006 moesus·
434 2935 570 3014 quodad
585 2933 739 3014 Ephesios
753 2934 798 2996 ait
811 2934 1090 3016 Apostoluszlleus
1106 2955 1182 3016 prae-
1237 2937 1365 3000 nomine
1390 2935 1546 3016 unigeniti
1572 2935 1643 2998 Filii
1669 2935 1736 3000 Dei.
1757 2936 1795 2999 Et
1818 2956 1931 2999 rursus
1955 2937 1988 2999 iu

434 3032 606 3096 destinavit
619 3051 678 3095 uos
693 3032 727 3093 iu
742 3033 945 3115 adoptionem
960 3032 1103 3095 filiorum
1126 3030 1218 3114 perC
1237 3034 1340 3115 prima
1354 3052 1412 3095 sua
1425 3035 1470 3096 ait
1488 3032 1622 3114 epistola
1639 3057 1646 3096 :
1663 3033 1719 3108 Qui
1742 3051 1807 3096 nou
1829 3035 1935 3097 credit
1956 3035 1988 3097 iu
2011 3053 2104 3094 ιιωω.

434 3132 540 3194 Jesum
569 3131 740 3209 Christum,
772 3132 948 3194 secundum
984 3133 1181 3214 propositum
1236 3133 1352 3194 Filium
1368 3132 1628 3211 Dei,mendacem
1645 3132 1723 3195 facit
1736 3133 1835 3195 Deum
1849 3133 1987 3211 Patrem,
2004 3121 2032 3159 '⁰'

434 3229 606 3293 voluntatis
630 3248 706 3309 suae,
730 3230 763 3291 iu
788 3230 914 3292 laudem
939 3230 1048 3311 gloriae
1073 3231 1182 3311 gratiae
1237 3230 1394 3312 quianon
1415 3229 1568 3293 creditin
1589 3230 1806 3293 testimonium
1830 3231 1920 3311 qnod
1946 3240 1990 3293 te-

434 3329 551 3406 sua,in
566 3347 628 3409 qua
642 3327 834 3409 gratificavit
848 3346 906 3389 uos
922 3328 955 3389 in
969 3328 1085 3392 dilecto
1103 3328 1182 3392 Filio
1238 3337 1337 3390 status
1352 3336 1400 3389 est
1413 3328 1495 3389 Deus
1511 3327 1550 3389 de
1565 3327 1645 3391 Filio
1661 3347 1729 3392 suo.
1742 3328 1780 3390 Et
1794 3328 1902 3392 denuo
1918 3348 1991 3412 pro-

435 3446 504 3503 ειιο,
532 3427 564 3488 iu
588 3444 653 3506 quo
678 3426 832 3488 habemus
857 3427 1119 3507 redemptionem.
1146 3427 1183 3489 Et
1237 3433 1369 3489 testatur
1386 3450 1392 3487 :
1409 3425 1465 3500 Qui
1481 3443 1546 3487 non
1561 3426 1663 3489 credit
1677 3425 1710 3487 in
1726 3426 1852 3506 Filium,
1867 3426 1920 3489 ira
1934 3428 1989 3489 Dei
2015 3444 2104 3486 ressa

312 3537 371 3583 ιιιιι.
387 3542 419 3582 ιι.
434 3544 544 3586 rursus
559 3524 604 3585 ait
618 3523 736 3587 ibidem
755 3524 857 3587 :Deus
872 3524 1058 3586 instauravit
1074 3526 1182 3588 omnia
1237 3534 1346 3586 manet
1366 3543 1462 3605 snper
1483 3542 1568 3586 eum.
2003 3512 2033 3551 ³⁶·

434 3622 466 3683 in
491 3621 626 3701 Christo,
647 3622 716 3684 sive
740 3638 811 3703 quae
835 3622 868 3683 iu
894 3622 983 3685 coelis
1007 3631 1092 3703 sunt,
1114 3622 1182 3685 sive
1277 3622 1434 3703 Amplius,
1451 3622 1552 3684 sancti
1567 3622 1729 3703 Prophetae
1744 3622 1860 3685 veteris
1878 3624 1990 3686 Τεειιι-

433 3739 504 3801 ιριεε
519 3720 552 3780 in
567 3719 783 3781 terra.0mnes
799 3737 875 3800 ergo
889 3719 983 3782 electi
999 3728 1073 3781 sunt
1088 3740 1199 3782 mem--
1237 3722 1336 3784 menti
1356 3721 1568 3802 praedixerunt
1592 3721 1631 3783 de
1655 3720 1769 3783 Christi
1788 3722 1943 3801 adventu,
1959 3730 1991 3785 et

433 3818 491 3880 bra
505 3816 780 3879 Christi.lllembra
795 3826 900 3879 autem
916 3836 1046 3880 necasse
1062 3826 1110 3881 εει
1125 3837 1182 3880 ειιο
1237 3821 1276 3883 de
1292 3822 1361 3901 lege
1381 3818 1566 3900 evangelica
1587 3819 1690 3881 danda
1710 3838 1768 3902 per
1785 3820 1904 3900 ipsum,
1921 3830 1990 3883 tan-

433 3915 530 3997 capiti
552 3914 695 3995 copulari
720 3915 759 3976 ad
783 3914 844 3976 hoc
868 3914 953 3997 quod
978 3915 1183 3978 vivificentur
1237 3936 1333 3999 quam
1348 3918 1388 3979 de
1407 3917 1476 3998 lege
1498 3916 1639 3997 perfecta
1660 3924 1693 3980 et
1713 3916 1867 3993 ultimate,
1882 3919 1991 3980 omni-

433 4015 550 4076 abeo:
568 4031 587 4074 a
607 4030 670 4093 quo
692 4012 718 4073 si
741 4013 1004 4094 praescindantur,
1022 4033 1096 4077 mox
1117 4034 1183 4078 mo·
1237 4017 1297 4079 hus
1318 4017 1357 4079 ad
1380 4016 1513 4077 salutem
1535 4015 1724 4092 necessaria,
1743 4016 1795 4077 cui
1813 4015 1876 4077 alia
1899 4016 1954 4079 fex
1972 4036 1989 4077 a

433 4112 570 4172 riuutur.
588 4110 646 4185 Qui
668 4129 744 4191 ergo
769 4130 787 4171 a
812 4112 914 4192 capite
937 4111 1060 4175 Christo
1086 4113 1182 4174 vitam
1238 4115 1301 4176 Deo
1328 4132 1529 4194 nequaquam
1565 4113 1760 4175 succederet.
1790 4112 1868 4175 Hine
1899 4114 1989 4176 enirn

433 4208 541 4291 gratiae
557 4210 589 4271 in
606 4209 754 4291 praesenti
777 4209 938 4289 vitamque
959 4210 1068 4291 gloriae
1089 4211 1183 4274 debet
1197 4214 1222 4275 l)
1237 4213 1320 4294 apud
1344 4210 1457 4273 lsaiam
1478 4211 1560 4273 Deus
1582 4210 1721 4291 loquitur
1742 4210 1888 4273 Christo:
1909 4212 1987 4274 Dedi
2004 4234 2079 4273 vanu
2094 4230 2107 4266 ι.

433 4307 551 4384 sortiri,
569 4326 701 4369 necesse
721 4307 816 4369 habet
841 4308 916 4369 huic
942 4308 1038 4391 capiti
1063 4328 1120 4391 per
1144 4308 1183 4371 fi·
1237 4319 1268 4373 te
1292 4311 1326 4372 in
1351 4310 1456 4371 lucem
1484 4308 1641 4389 gentium,
1667 4315 1701 4370 ut
1730 4308 1774 4370 sis
1801 4308 1884 4371 salus
1918 4329 1990 4372 mea

433 4406 506 4468 dem
529 4425 636 4468 veram
659 4406 880 4487 integramque
902 4407 1066 4488 conjungi.
1238 4408 1393 4489 usquead
1409 4415 1584 4469 extremum
1599 4415 1700 4469 terrae.
1714 4406 1752 4468 Et
1765 4407 1869 4469 denuc
1882 4407 1991 4489 loqui·
2122 4482 2123 4487 γ

474 4504 618 4585 Ιιιειιρει,
634 4503 776 4565 Christus
792 4504 993 4584 inquantum
1011 4507 1117 4586 homo,
1135 4515 1183 4569 est
1239 4515 1289 4568 tur
1303 4506 1385 4568 Deus
1400 4513 1537 4567 aeternus
1551 4504 1591 4566 de
1604 4503 1728 4567 Christo
1745 4528 1752 4565 ι
1768 4504 1849 4567 Ecce
1871 4512 1989 4569 testem
2004 4524 2103 4570 ιιιιιιι
2122 4514 2123 4581 3

434 4602 485 4665 via
510 4601 549 4663 ad
575 4601 815 4683 beatitudinem,
838 4611 933 4683 atque
957 4611 992 4666 ut
1015 4604 1108 4680 Deus,
1135 4613 1183 4667 est
1238 4604 1364 4686 populis
1379 4604 1452 4666 dedi
1474 4622 1560 4682 eum,
1576 4603 1691 4664 ducem
1706 4622 1743 4665 ac
1757 4611 1989 4684 preceptorem

433 4699 513 4761 finis
532 4700 566 4761 in
585 4718 648 4780 quo
667 4708 774 4763 nostra
793 4701 940 4762 consistit
958 4700 1106 4764 felicitas.
1122 4703 1183 4765 lle-
1237 4701 1395 4783 gentibus.
1416 4701 1459 4763 De
1484 4700 1580 4781 hujus
1605 4718 1731 4781 quoqne
1755 4700 1834 4781 legis
1856 4701 1990 4765 datione

433 4798 486 4859 dia
500 4807 606 4860 autem
622 4817 752 4860 necesse
766 4807 815 4860 est
829 4798 887 4859 fini
905 4798 1069 4880 conjungi,
1084 4800 1183 4862 viam·
1237 4800 1321 4881 apud
1346 4799 1513 4861 Jeremiam
1539 4796 1708 4860 manifeste
1732 4797 1876 4860 habetur.
1893 4798 1990 4861 Nem·
2015 4824 2056 4866 rer,
2068 4832 2109 4861 m.

433 4914 496 4976 que
520 4914 713 4976 cognoscere
738 4897 875 4959 viatores
899 4903 1033 4977 oportet.
1059 4898 1139 4960 llinc
1164 4917 1182 4959 a
1239 4916 1394 4980 pe,quum
1406 4895 1547 4958 Christus
1562 4896 1604 4958 sit
1619 4896 1725 4958 mundi
1739 4896 1878 4959 salvator
1891 4904 1989 4978 atque
2004 4890 2025 4929 ⁸¹
2039 4890 2102 4936 Μ

433 4992 592 5075 principio
617 4994 728 5056 muudi
754 4994 970 5056 necessarium
1000 4995 1119 5057 exstitit
1142 4996 1181 5057 ad
1237 4996 1334 5059 totius
1355 4994 1486 5055 humani
1509 4994 1635 5075 generis
1658 5002 1829 5074 reparator,
1846 4994 1991 5057 certissi-

432 5091 567 5153 salutem
583 5092 701 5153 habere
715 5090 815 5153 fidem
835 5092 874 5154 dc
896 5092 1021 5155 Christo
1034 5100 1180 5173 venturo,
1238 5113 1324 5156 mum
1341 5099 1389 5155 est
1403 5091 1491 5153 omni
1508 5090 1696 5172 intelligenti
1711 5090 1890 5172 Scripturas
1904 5092 1991 5154 divi-

432 5188 544 5251 saltem
569 5188 734 5269 implicite.
762 5188 947 5252 Patriarchae
975 5191 1122 5272 equidem
1151 5198 1183 5253 et
1237 5210 1306 5268 nas,
1318 5189 1402 5271 quod
1419 5190 1458 5251 ad
1473 5190 1544 5270 ejus
1559 5190 1661 5269 legem
1677 5208 1713 5252 ac
1728 5188 1827 5251 fidem
1842 5189 1988 5253 universi

431 5287 606 5369 Propheta,
624 5286 787 5369 ceterique
800 5287 939 5370 majores
952 5288 1089 5371 desuper
1110 5288 1182 5353 illu·
1239 5289 1303 5353 sint
1329 5288 1473 5369 obligati.
1500 5287 1680 5351 Certissima
1708 5306 1784 5369 ergo
1811 5298 1991 5371 agnoscant
