4309 6250
244 528 285 576 DE
305 528 513 577 suetonum
535 528 628 575 sunl
649 526 817 574 roxrlrtcls
838 526 874 572 ΕΤ
896 525 1065 573 cessastis
1086 524 1227 583 (wlfelm,
1249 527 1339 572 traso
1359 527 1403 573 ΙΙΙ.
1426 546 1465 558 -
1486 527 1558 574 ΛΒΤ.
1580 528 1635 574 m
1661 507 1722 572 649

168 700 274 764 stione
292 700 544 783 quadragesima,
560 699 690 781 inquirit
708 719 749 762 an
770 717 917 782 suprema
932 697 957 760 ll
973 705 1034 778 cte,
1048 717 1119 781 que
1137 717 1233 780 super
1252 697 1380 761 tertium
1395 699 1572 762 Alexander
1585 697 1718 761 inducit.

167 807 311 880 potestas
326 799 509 882 spiritualis,
527 817 596 880 quae
612 806 660 860 est
680 798 794 860 summi
814 796 918 859 Ponti·
1013 795 1176 877 Siquidem
1191 797 1365 876 questione
1379 817 1443 880 qua
1457 798 1624 879 queritari
1640 796 1722 858 infe·

166 896 257 974 ficis,
274 896 374 977 possit
388 897 503 959 hebere
518 897 657 977 aliquam
673 897 844 958 humanam
865 913 919 976 po·
974 895 1037 957 rior
1052 895 1151 976 possit
1164 895 1306 977 judicare
1321 896 1529 977 superiorem,
1537 897 1584 960 sic
1599 896 1718 978 arguit:

167 1003 317 1058 testatem
342 1015 411 1076 que
436 996 537 1078 ipsam
561 994 727 1076 dijudicet.
746 981 796 1056 'ad
821 993 918 1075 hujus
973 993 1074 1073 Super
1097 992 1174 1054 illud
1194 993 1229 1080 in
1247 993 1382 1073 Psalmo,
1405 995 1475 1058 Tibi
1496 995 1555 1059 soli
1574 995 1719 1077 peccavi,
1743 1021 1837 1073 mr,

167 1094 354 1176 questionis
384 1102 550 1175 utramque
580 1102 700 1174 purtem
729 1093 780 1155 hic
809 1093 919 1156 doctor
975 1090 1115 1172 loquitur
1136 1090 1247 1154 Glossa
1272 1116 1280 1154 ε
1306 1093 1370 1155 llex
1398 1094 1547 1156 omnibus
1576 1092 1722 1177 superior

168 1194 278 1256 varios
306 1201 451 1257 auctores
479 1192 607 1255 adducit
638 1216 644 1254 :
675 1210 755 1272 quos
783 1191 856 1272 qnia
885 1191 918 1252 in
974 1198 1032 1266 est,
1050 1188 1122 1252 ideo
1147 1210 1166 1252 a
1190 1191 1257 1254 solo
1281 1191 1345 1254 heo
1370 1200 1419 1254 est
1440 1192 1643 1273 judicandus,
1661 1211 1721 1254 nec

61 1341 66 1350 .
169 1291 278 1374 primo
298 1293 407 1354 induxi
427 1292 592 1373 opusculo,
613 1310 699 1353 nunc
718 1289 841 1353 omitto.
863 1291 920 1352 De·
974 1287 1070 1350 habet
1093 1288 1255 1350 hominem
1275 1289 1329 1370 qui
1353 1290 1436 1352 lacta
1459 1290 1529 1372 ejus
1553 1291 1719 1372 dijudicet,

169 1391 248 1454 inde
273 1390 479 1472 responsione
498 1390 661 1454 concludit
678 1412 685 1452 :
702 1387 809 1470 ltaque
834 1407 919 1450 sum-
975 1406 1034 1449 nec
1050 1393 1099 1448 est
1112 1386 1152 1448 ab
1167 1386 1297 1450 homine
1313 1388 1493 1469 puniendus
1507 1413 1514 1467 3
1531 1390 1557 1452 si
1574 1389 1647 1470 quis
1669 1408 1723 1452 au·

167 1509 244 1551 rnus
265 1487 408 1550 Pontifex
427 1507 491 1552 non
511 1487 607 1550 hebet
630 1486 670 1549 ab
694 1486 757 1550 alio
782 1505 876 1568 quum
902 1506 920 1549 a
975 1492 1038 1548 tem
1057 1484 1098 1546 de
1117 1484 1236 1566 populo
1251 1485 1441 1566 peccaverit,
1458 1487 1521 1549 lleo
1541 1487 1723 1570 peccaverit

167 1587 237 1650 Deo
260 1585 408 1668 judicari,
433 1585 563 1666 ipseque
588 1583 729 1647 Pontifex
754 1584 851 1665 judex
872 1593 920 1646 est
976 1591 1007 1644 et
1027 1583 1105 1663 regi.
1121 1618 1162 1627 —
1180 1582 1323 1664 insuper,
1344 1603 1440 1666 super
1460 1584 1538 1647 illud
1558 1586 1598 1647 ad
1618 1586 1723 1649 Pimo-

168 1683 353 1746 0rdinarius
378 1683 587 1764 singulorum,
610 1690 640 1745 et
664 1682 771 1744 nullus
795 1680 919 1762 estqui
976 1681 1270 1761 theum‚Seniorem
1285 1701 1325 1743 ne
1340 1683 1565 1764 increpaveris,
1577 1683 1622 1747 eit
1635 1683 1723 1747 Glos-
1738 1705 1871 1754 rreum.

167 1782 295 1864 judicet
315 1801 388 1844 eum
412 1781 473 1843 nisi
497 1781 591 1843 Deus.
608 1782 653 1843 Ad
676 1781 761 1861 quod
785 1781 920 1862 proban·
976 1799 1010 1842 sa
1027 1803 1034 1842 :
1051 1779 1215 1843 Seniorem
1231 1788 1322 1843 etate
1336 1781 1387 1844 vel
1407 1781 1571 1864 dignitate.
1589 1819 1630 1830 -
1644 1784 1724 1846 llor-

168 1883 249 1944 dum
265 1881 441 1942 Alexander
454 1880 569 1962 allegat
590 1880 753 1960 Hugonem
777 1880 858 1942 libro
879 1880 1041 1951 dellens,
1068 1897 1166 1960 super
1189 1877 1268 1941 illud
1294 1879 1388 1961 primi
1410 1881 1543 1962 Regum,
1563 1881 1725 1945 Prescidit
1744 1904 1871 1962 income,

169 1979 397 2058 Sacramentis,
427 1979 566 2042 secunda
594 1987 694 2059 parte,
725 1979 883 2040 dicentem
910 1999 917 2038 t
976 1976 1074 2038 David
1089 1995 1178 2039 oram
1193 1976 1369 2059 chlamydis
1385 1978 1470 2056 Saul,
1484 1979 1595 2042 scribit
1608 1979 1725 2062 Grego-
1738 1971 1758 2011 ⁵·

169 2078 313 2141 Potestas
338 2077 453 2139 summi
474 2075 638 2140 Pontificis
658 2096 676 2138 a
696 2077 759 2140 Deo
781 2076 920 2158 primum
977 2075 1041 2138 rius
1069 2099 1075 2136 :
1103 2075 1195 2138 Facta
1224 2077 1383 2158 prepositi
1410 2097 1429 2139 e
1452 2077 1589 2140 subditis
1617 2079 1724 2160 gladio

170 2185 222 2238 est
243 2175 397 2254 instituta,
413 2183 445 2238 et
468 2194 566 2256 quum
591 2175 743 2254 deviat,a
770 2175 837 2238 solo
858 2174 921 2238 Deo
976 2173 1041 2237 oris
1067 2172 1209 2237 ferienda
1233 2193 1297 2236 nou
1322 2182 1409 2253 sunt,
1432 2184 1724 2259 quantumcumque

169 2274 310 2356 judicari
326 2283 440 2355 potest,
457 2275 539 2337 sicut
553 2275 592 2336 ad
613 2274 790 2337 Corinthios
811 2273 922 2336 scribi·
978 2272 1241 2354 reprehensibilia
1261 2273 1440 2336 videantur.

31 2393 153 2442 iternis.
171 2384 227 2436 tur
248 2397 255 2435 ε
277 2372 457 2454 Spiritualis
482 2373 577 2436 homo
601 2373 706 2436 omnia
732 2371 864 2453 judicat,
891 2381 923 2435 et
1016 2370 1063 2432 Ad
1082 2371 1165 2432 hanc
1185 2371 1391 2452 questionem
1407 2373 1450 2434 ite
1464 2375 1634 2454 respondet
1649 2398 1657 2436 ε
1672 2375 1726 2437 Ju-

171 2471 245 2554 ipse
260 2492 277 2534 a
293 2471 419 2534 nemine
429 2471 601 2552 judicatur.
618 2507 657 2516 -
671 2472 765 2534 Porro
777 2472 816 2533 ad
831 2489 923 2552 argu·
977 2468 1084 2530 dicare
1108 2469 1265 2550 accipitur
1287 2471 1427 2551 proprie,
1453 2479 1484 2533 et
1507 2471 1582 2534 itern
1608 2471 1726 2554 impro-

172 2578 284 2632 mente
302 2569 417 2650 quibus
437 2570 589 2652 probatur
608 2588 768 2631 summum
793 2569 924 2632 Pontifi-
979 2566 1192 2649 prieProprie
1206 2567 1293 2629 enim
1307 2568 1463 2649 accipitur
1478 2579 1570 2651 prout
1585 2570 1728 2652 procedit

173 2687 246 2730 cem
271 2686 363 2748 posse
386 2667 426 2729 ab
449 2667 580 2730 homine
602 2667 751 2748 judicari,
776 2685 814 2729 eo
839 2668 923 2748 quod
979 2685 1016 2727 ex
1044 2665 1230 2728 auctoritate
1259 2666 1417 2748 superiori
1446 2667 1478 2729 in
1507 2670 1726 2733 examinandis
1824 2691 1831 2702 ·

107 2802 156 2838 .ιι,
173 2767 285 2828 Petrus
305 2764 466 2846 apostolus
485 2785 503 2826 a
522 2765 617 2828 Paulo
639 2766 680 2826 sit
700 2765 922 2847 reprehensus,
979 2763 1084 2843 factiS,
1100 2771 1132 2824 et
1152 2765 1324 2845 arguendis
1348 2783 1385 2826 ac
1410 2765 1600 2845 puniendis3
1617 2768 1727 2850 sicque

55 2879 60 2891 ·
173 2871 206 2926 et
227 2862 357 2946 quidam
383 2863 499 2925 summi
520 2863 692 2926 Pontifices
711 2871 925 2945 exposuerunt
978 2861 1122 2942 judicare
1143 2862 1344 2943 superiorum
1364 2870 1411 2924 est
1431 2874 1578 2945 respectu
1598 2865 1728 2930 inferio

173 2982 210 3026 se
224 2962 345 3042 judicio
360 2962 654 3040 hominum,doctor
668 2961 727 3025 iste
743 2962 922 3044 respondet,
981 2979 1062 3036 rum,
1079 2967 1111 3021 et
1129 2978 1193 3022 non
1212 2968 1352 3023 econtra.
1375 2962 1447 3024 Alio
1465 2963 1560 3026 modo
1584 2964 1728 3046 judicare

172 3062 262 3143 quod
277 3060 332 3122 illa
346 3061 497 3124 dicuntur
513 3060 596 3122 facta
610 3060 649 3123 ad
664 3059 853 3124 humilitatis
873 3080 924 3122 ex·
940 3059 961 3122 G
981 3056 1137 3138 accipitur
1164 3059 1387 3137 communiter,
1414 3068 1544 3123 extenso
1573 3063 1728 3128 vocabulo

173 3159 330 3242 emplum,
357 3178 420 3221 non
449 3179 487 3223 ex
514 3160 595 3240 juris
624 3160 824 3221 necessitate.
852 3160 924 3222 ldeo
980 3156 1018 3218 ad
1034 3174 1167 3235 arguere
1186 3164 1218 3217 et
1236 3156 1397 3237 corripere
1416 3167 1511 3240 atque
1525 3178 1655 3223 monere
1673 3185 1680 3224 ε
1698 3170 1729 3224 et

173 3258 286 3321 Glossa
302 3257 429 3337 fatetur,
442 3259 526 3338 quod
543 3258 651 3320 Petrus
666 3257 782 3338 pietate
798 3258 926 3319 humili·
981 3272 1123 3334 arguere,
1140 3254 1267 3336 proprie
1292 3262 1341 3316 est
1359 3256 1559 3335 superiorum
1581 3267 1727 3341 respectu

174 3358 250 3419 tatis
266 3356 389 3436 accepit
403 3357 487 3435 quod
504 3355 630 3418 aPaulo
646 3355 765 3417 utiliter
780 3356 924 3418 libertate
980 3352 1168 3415 inferiorum
1182 3375 1190 3431 3
1220 3352 1391 3434 corripere,
1422 3361 1471 3415 est
1499 3364 1646 3438 respectu
1673 3378 1728 3438 pa-

176 3454 319 3517 caritatis
334 3454 445 3531 fiebat,
460 3462 554 3535 atque
570 3454 612 3516 ita
626 3453 805 3535 exemplum
823 3463 925 3534 poste·
982 3452 1084 3527 rium;
1114 3469 1254 3529 monere,
1284 3457 1333 3512 est
1364 3450 1552 3515 inferiorum
1581 3465 1728 3537 respectu

175 3554 221 3615 ris
247 3553 370 3630 tribuit,
395 3560 430 3614 ut
454 3571 517 3614 non
538 3551 750 3633 dedignentur
773 3552 921 3632 maj0res,
981 3549 1192 3629 superiorum.
1218 3547 1326 3629 ltaque
1354 3547 1499 3629 judicare
1522 3570 1560 3613 ex
1584 3552 1727 3632 ceritete,

174 3652 230 3715 ubi
246 3652 328 3715 forte
343 3650 501 3713 tramitem
523 3650 599 3712 recti
619 3650 815 3731 reliquerint,
833 3670 851 3711 a
870 3669 926 3731 po·
982 3656 1112 3709 extenso
1135 3646 1290 3709 vocabulo
1315 3646 1348 3708 in
1374 3650 1544 3726 monendo,
1571 3651 1728 3714 bonorum

175 3742 363 3813 sterionhus
385 3747 514 3829 corrigi.
981 3754 1029 3808 est
1051 3744 1250 3807 subditorum
1271 3753 1418 3827 respectu
1441 3747 1642 3827 prelatorum
1664 3770 1731 3811 ma-

217 3848 279 3910 lsta
298 3866 336 3909 ex
358 3844 489 3928 prefato
509 3843 679 3907 scribimus
702 3846 842 3922 doctore,
861 3864 924 3908 non
981 3843 1096 3905 lorum.
1115 3842 1268 3905 Similiter
1291 3842 1511 3925 increpatione
1531 3864 1602 3927 quae
1623 3856 1672 3910 est
1692 3868 1730 3911 ex

174 3946 252 4027 quia
268 3963 352 4005 nunc
367 3943 414 4007 sic
429 3962 558 4025 prorsus
578 3944 750 4005 tenendum
771 3951 829 4019 est,
847 3963 926 4025 prae·
980 3942 1122 4017 caritate,
1149 3940 1282 4003 inferior
1306 3950 1411 4022 potest
1436 3943 1601 4026 increpare
1627 3946 1731 4009 senio-

175 4044 287 4107 sertim
302 4050 432 4124 propter
445 4040 602 4122 generalis
624 4040 753 4103 concilii
774 4041 926 4104 Constan·
981 4060 1058 4104 rem.
1074 4077 1114 4086 -
1128 4041 1278 4115 Quamvis
1293 4049 1398 4104 autem
1414 4062 1468 4105 rex
1489 4044 1540 4106 vel
1556 4044 1730 4127 imperator

177 4140 290 4203 tiensis
323 4140 363 4202 ad
396 4139 578 4221 oppositum
611 4138 922 4217 determinationem,
981 4140 1013 4200 in
1030 4139 1213 4201 suoordine
1229 4158 1292 4202 non
1308 4139 1729 4226 habetsuperiorem,spiri-

176 4240 272 4320 cujus
297 4238 466 4301 auctoritas
497 4237 598 4318 major
622 4245 670 4299 est
697 4255 793 4317 quem
818 4237 924 4319 cujus·
940 4240 965 4301 D
982 4237 1058 4299 tuali
1084 4245 1188 4299 tamen
1213 4238 1360 4317 potestati
1386 4239 1562 4320 subjicitur.
1579 4244 1729 4307 -Porro

176 4354 316 4417 cumque
334 4334 472 4398 doctoris
492 4334 640 4397 catholici
662 4357 669 4395 :
692 4335 747 4396 sed
768 4342 802 4396 ut
820 4342 925 4418 pateat
981 4336 1020 4398 ad
1037 4336 1067 4397 id
1084 4336 1167 4416 quod
1183 4336 1222 4397 de
1237 4335 1414 4418 chlamydis
1429 4338 1616 4419 praecisione
1631 4342 1729 4405 addu-

176 4456 253 4499 cum
277 4454 371 4515 quam
400 4432 557 4501 ineffabili
590 4434 777 4511 reverentia,
806 4434 924 4515 pietate
981 4441 1067 4496 ctum
1094 4442 1152 4509 est,
1169 4434 1427 4514 respondendum
1454 4438 1538 4517 quod
1562 4458 1620 4518 per
1644 4440 1730 4503 chla-

176 4544 209 4597 et
231 4533 471 4614 longanimitate
487 4533 720 4595 occurrendum
736 4533 777 4595 sit
800 4552 923 4596 summo
981 4532 1107 4613 mydem
1134 4531 1228 4613 regis,
1254 4540 1392 4614 potestas
1422 4535 1511 4616 regni
1541 4535 1731 4619 intelligitur

174 4632 324 4695 Pontifici
350 4638 500 4711 tanquam
522 4630 650 4712 ipsimet
673 4631 809 4709 Christo,
831 4640 863 4695 et
885 4652 924 4693 ue
982 4650 1037 4693 seu
1061 4631 1157 4711 regie,
1175 4650 1270 4712 quarn
1291 4630 1473 4711 praescindit
1490 4634 1543 4713 qui
1564 4636 1729 4716 praelatum

175 4731 232 4813 qui
247 4730 312 4793 sint
331 4728 425 4791 nimis
445 4729 604 4811 proclives
625 4730 665 4792 ad
685 4730 924 4811 practicendum
982 4748 1074 4791 suum
1097 4728 1254 4791 sententia
1279 4728 1493 4793 damnationis
1518 4730 1592 4795 ferit
1614 4758 1621 4795 ε
1643 4738 1729 4816 quod

176 4832 217 4892 de
239 4829 310 4910 ejus
335 4827 550 4911 depositione;
568 4828 705 4909 itemque
729 4847 802 4890 cum
828 4848 926 4910 quen·
981 4827 1061 4889 nulli
1087 4827 1286 4889 subditorum
1312 4827 1397 4890 licet.
1423 4828 1553 4911 Propter
1576 4834 1660 4914 quod
1685 4835 1730 4897 uit

177 4938 210 4992 to
237 4936 352 4991 conatu
373 4927 528 5008 captanda
548 4926 589 4989 sit
610 4926 829 4989 benevolentia
855 4928 925 5009 ejus
980 4926 1162 5007 Gregorius,
1178 4926 1272 4988 Facta
1292 4927 1451 5007 praepositi
1470 4948 1488 4989 a
1508 4930 1642 4993 subditis
1663 4931 1730 5014 gla-

178 5029 211 5091 in
240 5026 452 5089 celebratione
476 5026 615 5102 concilii,
640 5026 771 5106 etquid
797 5026 829 5087 in
856 5027 925 5108 ipso
981 5025 1034 5088 dio
1059 5024 1125 5089 oris
1146 5024 1289 5087 ferienda
1313 5044 1377 5087 non
1398 5034 1471 5087 sunt
1488 5050 1494 5088 :
1513 5028 1566 5089 ubi
1587 5048 1645 5110 per
1662 5031 1730 5113 gla-

178 5124 414 5189 emendandum
442 5132 599 5187 occurrat.
625 5125 712 5198 Quod
743 5134 778 5187 ut
808 5125 924 5187 clarius
981 5124 1068 5186 dium
1099 5123 1164 5185 oris
1197 5122 1386 5204 intelligitur
1413 5126 1570 5188 sententie
1596 5128 1727 5192 damne-

178 5225 369 5300 innotescat,
396 5223 540 5303 quaedam
569 5223 685 5303 adjicio
715 5242 785 5303 que
814 5223 924 5303 primis
982 5222 1112 5299 tionis.¹
1755 5274 1825 5317 &m
1850 5286 1865 5316 n

177 5323 211 5385 in
239 5320 403 5403 opusculis
427 5325 477 5399 (ut
505 5321 652 5400 arbitror)
679 5339 744 5384 non
774 5330 849 5383 sunt
876 5321 923 5384 di·
1021 5323 1183 5398 Praeterea,
1199 5321 1284 5403 quod
1308 5322 1422 5384 Paulus
1446 5324 1649 5405 reprehendit
1672 5328 1726 5393 Pe
1741 5304 1873 5393 helaei-⁸
