4309 6250
409 480 469 545 106
653 502 693 548 or
714 502 877 549 memsam
899 502 935 547 nr
955 504 1105 550 ctuoraus
1125 503 1153 548 n.
1177 503 1205 547 v.
1229 503 1345 560 uuam,
1368 502 1457 549 traca
1477 504 1520 549 m.
1543 521 1584 532 —
1604 502 1674 549 aar.
1697 502 1709 547 1

450 670 489 733 At
503 690 579 735 vero
593 691 650 754 per
663 672 926 753 adolescentulas,
944 672 1058 735 animae
1076 670 1156 733 inci·
1171 671 1197 733 Α
1211 670 1325 733 Christi
1345 691 1363 734 a
1383 691 1447 735 sure
1466 670 1636 734 creationis
1655 672 1784 735 exordio
1804 671 1964 735 Deitatem

410 769 567 851 pientiam
594 770 801 853 designantur
828 795 834 834 :
861 790 931 853 qua
959 771 1060 833 instar
1082 770 1156 833 ado·
1210 770 1402 833 adorandam
1418 769 1497 831 vidit
1512 770 1596 832 clare
1612 770 1966 852 perspeciem.0sten-

410 866 656 930 lescentularum
687 869 790 932 adhuc
824 869 962 932 lasciviae
997 868 1156 932 sustinent
1211 888 1281 930 sum
1296 875 1463 930 astantem
1480 867 1513 928 in
1529 867 1718 949 praecedenti
1734 867 1856 945 libello,
1872 868 1962 948 quod
1977 890 2072 931 unm

409 974 526 1042 motus,
547 974 578 1028 et
593 966 680 1029 leves
695 976 779 1044 sunt,
796 968 937 1031 nondum
954 968 1154 1050 spirituales,
1209 965 1395 1047 dignissima
1422 966 1511 1046 virgo
1537 964 1634 1027 Μανία
1657 984 1722 1028 non
1750 965 1853 1029 solum
1878 964 1965 1027 vidit

408 1071 547 1126 attamen
573 1083 689 1146 sponso
714 1084 851 1146 superno
874 1086 931 1149 per
959 1066 1058 1129 fidem
1086 1085 1156 1147 gra·
1209 1065 1307 1127 Deum
1327 1084 1385 1146 per
1403 1064 1543 1146 speciem
1563 1063 1597 1125 in
1617 1063 1677 1125 bac
1696 1063 1761 1126 vita
1784 1074 1819 1125 ut
1843 1064 1964 1126 Paulus
1986 1079 2105 1129 uem,

408 1161 546 1243 tiamque
564 1163 716 1246 Baptismi
735 1172 767 1227 et
785 1164 1039 1227 observationem
1060 1165 1157 1226 Deca-
1211 1182 1248 1225 ac
1273 1163 1403 1243 Moyses,
1421 1164 1476 1225 sed
1496 1163 1590 1225 etiam
1610 1163 1740 1243 clarius,
1757 1171 1788 1226 et
1806 1167 1857 1244 (ut
1875 1162 1963 1225 veri·
1979 1141 2106 1253 {gfff

408 1259 472 1341 logi
501 1268 575 1322 sunt
603 1262 794 1343 conjunctae.
821 1263 958 1337 Quarum
984 1263 1085 1343 major
1107 1268 1156 1324 est
1210 1260 1347 1323 similius
1362 1263 1423 1340 est)
1439 1260 1515 1322 item
1531 1260 1739 1343 frequentius.
1754 1261 1837 1324 Talis
1851 1269 1963 1323 autem
1981 1272 2093 1321 resq.

409 1377 571 1440 numerus,
587 1360 856 1441 quemadmodum
871 1368 903 1423 et
917 1360 1154 1443 proficientium
1211 1359 1293 1421 visio
1309 1358 1589 1422 vehementissime
1604 1361 1732 1423 roborat
1746 1358 1856 1422 fidem.
1879 1358 1962 1421 Nam

407 1455 511 1537 major
542 1466 589 1520 est
622 1478 775 1521 numerus
804 1478 899 1540 quam
927 1458 1152 1541 perfectorum.
1209 1464 1241 1519 et
1255 1455 1288 1517 in
1303 1456 1479 1520 viatoribus
1493 1457 1539 1519 sie
1554 1457 1654 1520 Deum
1668 1458 1873 1520 comentibus
1892 1476 1965 1519 ma-

406 1552 543 1635 Etenim,
574 1574 637 1637 quo
664 1556 772 1637 aliqua
800 1565 873 1619 sunt
900 1556 1091 1639 perfectiora
1118 1576 1155 1619 ac
1208 1562 1264 1617 net
1284 1554 1367 1617 fides
1386 1563 1539 1635 quantum
1565 1556 1604 1617 ad
1629 1555 1773 1618 habitum
1791 1580 1798 1617 :
1814 1575 1896 1637 quae,
1913 1556 1963 1617 vi-

408 1652 629 1733 eminentiora‚
647 1661 734 1717 tanto
759 1663 833 1717 sunt
852 1654 884 1716 in
907 1655 973 1717 vita
995 1655 1054 1717 bac
1080 1674 1157 1737 pau·
1210 1652 1300 1715 sione
1324 1652 1378 1714 tali
1403 1662 1558 1732 cessante,
1584 1672 1623 1715 er
1645 1653 1756 1716 eadem
1786 1653 1899 1715 miram
1928 1660 1964 1715 et

408 1749 495 1813 ciora
512 1774 519 1813 :
536 1758 567 1813 et
588 1750 671 1813 sicut
692 1752 725 1813 iu
751 1760 815 1816 tota
840 1752 988 1815 militanti
1013 1751 1156 1815 Ecclesia
1211 1749 1410 1813 ineffabilem
1431 1750 1693 1814 clarificationem
1708 1750 1962 1814 etcertificatio-

408 1868 491 1910 unus
511 1856 559 1911 est
576 1848 720 1911 Pontifex
740 1870 895 1931 summus,
913 1851 964 1913 cui
989 1830 1046 1913 soii
1072 1849 1192 1913 inestB
1211 1867 1285 1910 uem
1304 1855 1454 1925 reservat,
1473 1848 1516 1910 ita
1539 1856 1574 1910 ut
1598 1849 1693 1911 bomo
1718 1848 1880 1929 ambigere
1905 1868 1962 1910 ue-

409 1946 576 2027 plenitudo
603 1947 827 2011 ecclesiastica
856 1949 1032 2031 potestatiS,
1062 1948 1155 2030 cujus
1211 1955 1306 2028 queat
1319 1946 1397 2026 quin
1417 1946 1498 2009 fides
1513 1955 1545 2009 et
1558 1947 1620 2024 lex,
1636 1966 1695 2029 per
1715 1965 1849 2027 quarum
1871 1946 1962 2009 tenb-

409 2052 555 2125 respeatu
579 2044 634 2106 alii
654 2046 787 2127 praelati,
802 2047 1036 2127 quantumlibet
1054 2048 1157 2110 excel·
1212 2064 1278 2107 rem
1298 2063 1335 2107 ac
1359 2044 1508 2107 meritum
1532 2044 1570 2106 ad
1596 2052 1660 2107 tam
1685 2045 1960 2127 supernaturalem

409 2142 523 2221 lentes,
540 2151 614 2206 sunt
638 2143 756 2206 subditi
780 2165 817 2208 ac
837 2145 969 2208 modicae
991 2145 1155 2228 potestatis
1212 2144 1353 2205 elevatus
1368 2150 1415 2205 est
1429 2141 1598 2222 visionem,
1615 2144 1680 2205 sint
1695 2162 1768 2206 vere
1784 2143 1900 2206 divinae
1922 2161 1960 2206 ac

410 2240 476 2302 sive
500 2240 718 2319 auctoritatis,
749 2242 791 2305 ita
816 2242 848 2305 in
873 2244 1022 2306 universa
1045 2244 1156 2305 trium·
1212 2240 1425 2322 Omnipotenti
1448 2249 1597 2323 acceptat.

409 2338 519 2418 phanti
547 2336 701 2417 Ecclesia,
732 2340 796 2404 imo
828 2340 861 2402 in
891 2348 954 2403 tota
982 2342 1155 2405 electorum
1252 2338 1504 2416 Praeterea‚fides
1519 2348 1567 2401 est
1582 2338 1677 2402 totius
1692 2338 1867 2421 spiritualis
1883 2348 1963 2401 stru·

410 2434 719 2514 universitate,inter
733 2437 849 2501 electas
864 2447 1023 2502 creaturas
1038 2438 1071 2501 in
1086 2459 1156 2503 esse
1213 2446 1309 2500 cturae
1323 2438 1529 2519 omniumque
1545 2438 1696 2500 virtutum
1712 2446 1745 2499 et
1758 2445 1886 2499 actuum
1901 2437 1961 2500 vir-

410 2539 514 2594 creato
534 2532 752 2610 subsistentes,
771 2554 832 2597 una
852 2536 919 2599 sola
943 2546 990 2599 est
1015 2537 1156 2618 perfecta
1212 2544 1374 2598 tuosorum
1389 2555 1426 2597 ac
1442 2535 1626 2598 meritorum
1642 2535 1675 2596 iu
1690 2534 1755 2597 vita
1770 2536 1829 2597 lrac
1848 2534 1961 2597 funda—

410 2638 441 2692 et
465 2650 600 2709 summa,
619 2632 680 2695 lieo
706 2632 881 2712 carissima,
898 2635 1156 2716 incomparabili·
1211 2642 1365 2710 mentum,
1383 2633 1452 2695 sine
1467 2652 1529 2714 qua
1544 2632 1624 2695 nibil
1640 2641 1688 2695 est
1703 2633 1911 2713 meritorium,
1928 2640 1961 2696 et

409 2738 458 2790 ter
472 2748 598 2811 magna,
614 2738 645 2792 et
659 2750 754 2812 super
772 2732 915 2794 omnium
938 2733 1153 2815 angelicorum
1211 2732 1280 2793 sine
1300 2750 1362 2812 qua
1381 2730 1580 2812 impossibile
1599 2738 1647 2792 est
1666 2731 1729 2793 Deo
1753 2730 1889 2812 placere,
1906 2738 1962 2793 aut
1979 2748 2114 2798 acarna.

409 2826 557 2889 ordinum
573 2827 756 2891 altitudines
771 2831 903 2907 elevata,
921 2840 1014 2912 atque
1034 2833 1155 2895 coelesti
1212 2831 1250 2893 ad
1266 2830 1371 2911 ipsum
1387 2830 1548 2909 accedere,
1566 2848 1622 2891 seu
1645 2827 1852 2910 spiritualiter
1873 2829 1961 2891 vive-

411 2924 681 3008 propinquissima
695 2945 823 3007 sponso.
840 2929 911 2991 llaec
933 2937 981 2991 est
1000 2930 1154 3011 piissima,
1212 2928 1391 3007 re,dicente
1407 2927 1791 3009 Apostolo:Accedentem
1806 2927 1845 2989 ad
1859 2926 1960 2989 Deum
1977 2951 2082 2995 rasum.

410 3022 592 3104 purissima,
609 3024 792 3088 dulcissima
814 3025 902 3107 virgo
917 3027 1023 3104 llaria,
1039 3036 1157 3091 aeterno
1174 3029 1196 3091 C
1212 3033 1336 3108 oportet
1359 3026 1509 3102 credere,
1526 3034 1557 3087 et
1580 3025 1656 3087 item
1678 3048 1685 3085 :
1707 3024 1811 3087 Iustus
1835 3044 1873 3086 er
1894 3024 1961 3087 fide
1977 3050 2070 3094 rem,
2086 3052 2113 3092 rr.

409 3120 491 3184 Patri
516 3123 768 3204 comparentaliS,
786 3124 945 3206 Unigeniti
970 3126 1024 3188 Dei
1051 3126 1155 3206 Mater,
1212 3124 1302 3186 vivit.
1310 3124 1382 3187 ldeo
1398 3124 1508 3186 volens
1523 3123 1705 3185 ditissimus
1720 3123 1753 3185 in
1768 3121 1963 3186 electissima

410 3219 651 3297 electissimum,
679 3222 922 3284 mundissimum
953 3243 989 3286 ac
1018 3223 1159 3306 splendi-
1213 3224 1307 3284 Matre
1333 3221 1475 3302 virginea
1503 3221 1769 3303 perfectissimam
1798 3220 1962 3283 universa-

409 3317 576 3378 dissimum
592 3317 745 3400 templum
759 3320 911 3383 adorandi
926 3322 1076 3402 paracleti
1094 3322 1159 3403 Spi-
1214 3341 1282 3384 rum
1305 3321 1487 3383 machinam
1507 3321 1661 3383 virtutum
1680 3328 1875 3397 construere,
1896 3319 1962 3382 col-

411 3414 490 3478 ritus
516 3415 634 3477 Sancti.
658 3417 701 3478 lle
726 3417 818 3498 cujus
842 3419 1014 3481 virtutibus
1040 3420 1073 3481 in
1099 3420 1158 3483 bac
1214 3420 1331 3482 locavit
1351 3420 1385 3480 in
1405 3419 1475 3500 ipsa
1499 3418 1722 3481 firmissimum
1746 3418 1823 3481 fidei
1848 3418 1963 3480 funda-

411 3513 504 3575 tertia
518 3520 606 3594 parte
620 3512 716 3592 hujus
731 3515 875 3596 opusculi
897 3516 996 3597 loqui,
1012 3519 1159 3599 quamvis
1215 3526 1369 3594 mentum,
1400 3517 1485 3579 omni
1523 3516 1713 3580 certitudine
1748 3535 1784 3579 ac
1818 3515 1961 3578 claritate

411 3629 541 3692 prorsus
557 3609 811 3692 indignissimus,
827 3621 913 3694 opto,
930 3615 1098 3679 confidens
1119 3617 1159 3681 de
1216 3615 1424 3678 ineffabiliter
1438 3615 1630 3677 roboratum.
1644 3614 1776 3693 idcirce,
1793 3623 1828 3676 ut
1842 3622 1961 3676 tactum

412 3709 482 3789 ejus
498 3708 655 3771 ineffabili
670 3709 788 3792 pietate
808 3720 960 3792 materna,
978 3735 1014 3778 ac
1036 3715 1160 3779 miseri·
1216 3721 1265 3775 est
1278 3711 1386 3775 libello
1401 3711 1586 3794 praehabito,
1600 3711 1693 3774 Maria
1706 3710 1892 3773 dulcissima
1906 3711 1962 3773 ba·
1974 3737 2024 3776 aa.
2041 3747 2080 3775 ιι.
2145 3738 2146 3797 p

412 3807 600 3870 sordissima
621 3827 682 3890 ope
703 3828 851 3891 superna.
1216 3810 1286 3873 buit
1309 3809 1407 3872 fidem
1433 3829 1506 3872 oum
1531 3809 1707 3872 rationibus
1730 3809 1961 3872 credendorum
2145 3802 2146 3865 l

1216 3917 1246 3972 et
1270 3907 1538 3991 purificatissimae
1556 3908 1673 3971 mentis
1694 3906 1906 3989 intelligentia
1926 3907 1962 3969 in

1218 4008 1319 4090 gradu
1340 4006 1507 4069 altissimo.

1257 4106 1412 4188 Amplius,
1420 4112 1648 4187 praeostensum
1662 4113 1710 4168 est
1723 4104 1808 4186 quod
1823 4105 1857 4167 in
1877 4105 1962 4168 dono
1982 4120 2028 4164 tn.
2040 4122 2119 4228 um
2145 4078 2146 4171 Ῐ

555 4072 800 4138 ARTICULUS
836 4073 1011 4139 PRIMUS.

508 4220 556 4279 De
569 4220 721 4279 claritate
735 4229 765 4280 er
779 4223 979 4281 certitudine
992 4223 1073 4297 fidei
1176 4204 1391 4287 Dsapientiae,
1408 4203 1442 4265 in
1461 4203 1654 4266 sublimitate
1678 4211 1710 4265 et
1731 4203 1868 4284 puritate
1887 4220 1964 4265 con·
1975 4195 2058 4234 ''¹¹⁷¹‘'

457 4309 682 4383 proeamanctoe
695 4317 725 4367 et
737 4313 965 4388 glorificandae
978 4313 1109 4372 Marica.
1216 4302 1442 4385 templationis,
1456 4301 1489 4364 in
1506 4301 1674 4382 splendore
1688 4301 1829 4382 mystica
1842 4300 1964 4364 theolo-

1215 4401 1286 4483 gie,
1313 4401 1478 4463 universos
1506 4399 1643 4463 viatores
1671 4398 1964 4481 incomparabiliter

277 4510 396 4562 caetu.
477 4497 594 4559 ΕΑΤΑ
605 4496 684 4577 'que
698 4499 882 4558 credidisti.
900 4495 1043 4578 Cognitio
1063 4497 1161 4561 viato
1217 4499 1402 4580 visitatque
1416 4497 1612 4561 transcendit
1626 4496 1856 4578 gloriosissima
1872 4497 1963 4578 virgo

492 4616 562 4659 rum
587 4595 621 4656 in
646 4595 831 4659 beatissima
855 4593 978 4676 virgine
1003 4595 1097 4657 illaria
1125 4596 1159 4661 in
1214 4597 1321 4661 Maria.
1337 4597 1375 4658 Et
1389 4616 1428 4658 ex
1442 4595 1560 4659 talibus
1574 4596 1669 4658 homo
1688 4594 1894 4658 immobiliter
1913 4613 1964 4657 ra·

412 4704 536 4759 tanturn
561 4692 827 4776 appropinquavit
854 4701 886 4755 et
913 4692 1088 4756 assimilata
1112 4701 1161 4757 est
1216 4694 1341 4757 dicatur
1370 4703 1402 4757 et
1428 4693 1605 4756 illustratur
1626 4693 1660 4754 in
1683 4692 1759 4769 lide,
1780 4693 1815 4754 in
1837 4700 1961 4756 tantum

413 4795 529 4858 visioni
567 4794 735 4856 Beatorum
773 4801 805 4855 et
843 4793 1158 4874 comprehensorum,
1215 4801 1251 4856 ut
1264 4793 1409 4874 quamvis
1425 4800 1506 4855 totus
1521 4790 1773 4853 mundusafide
1788 4798 1960 4868 corrueret,

414 4899 568 4973 quantum
583 4888 656 4952 fieri
672 4897 776 4970 potest
789 4897 842 4978 aut
857 4889 949 4952 decet
970 4889 1003 4952 in
1025 4910 1161 4973 persona
1216 4893 1284 4974 ipse
1298 4891 1338 4954 de
1353 4891 1430 4953 fidei
1442 4890 1574 4953 veritate
1588 4907 1653 4952 non
1667 4896 1774 4972 posset
1786 4889 1962 4971 ambigere,

413 4997 518 5052 creata
540 4987 683 5051 victrice.
700 4986 738 5048 lit
759 4986 840 5049 sicut
861 4987 1051 5051 suavissima
1072 4990 1160 5070 virgo
1215 4997 1246 5052 et
1271 4990 1343 5052 dato
1362 4989 1446 5070 quod
1465 5006 1503 5051 or
1522 5005 1688 5069 poenarum
1713 4986 1885 5050 formidine
1909 4994 1966 5050 aut

413 5087 507 5150 Maria
527 5106 592 5169 prae
612 5084 737 5149 cunctis
756 5083 1049 5168 incomparabiliter
1074 5088 1162 5151 simi·
1216 5087 1387 5151 acerbitate
1401 5086 1501 5149 fidem
1516 5093 1647 5166 negaret
1659 5103 1725 5165 ore,
1742 5084 1837 5148 corde
1856 5093 1964 5147 tamen

414 5186 474 5250 lior
489 5185 550 5248 fuit
564 5184 678 5249 animas
692 5183 806 5248 Christi
823 5184 856 5247 in
871 5184 1049 5264 sanctitate,
1066 5185 1110 5248 ita
1130 5194 1163 5250 et
1216 5205 1281 5250 non
1303 5193 1410 5268 posset
1423 5203 1492 5247 earn
1508 5201 1635 5264 negare,
1652 5183 1728 5246 dum
1749 5181 1909 5247 conferret
1929 5182 1965 5246 in

413 5284 447 5348 in
481 5283 674 5367 cognitionis
706 5283 898 5349 sinceritate.
928 5283 1022 5348 Porro
1054 5283 1162 5347 anima
1220 5303 1256 5348 se
1277 5303 1341 5347 suaa
1362 5282 1441 5346 fidei
1461 5287 1657 5364 argumenta.
