4309 6250
159 937 373 989 hermannno
389 936 426 985 IN
445 936 595 987 cunlsro
611 936 716 986 PATRI
737 935 782 983 Ac
801 932 939 982 DOMINO
954 933 990 982 D.
1009 930 1234 983 Tnnouoluco
1250 930 1369 999 HEZIO,
1388 931 1588 1000 THEOLOGO,
1611 932 1705 1001 ΕΜ,

229 1053 480 1103 CATHEDRALIS
499 1053 680 1103 ECCLESIAE
705 1052 735 1100 S.
754 1048 935 1099 Lauuulrrr
955 1049 1163 1099 LEODIENSIS
1187 1047 1377 1117 cenorum,
1400 1049 1494 1117 Ero,
1518 1049 1634 1099 LONGE
1653 1048 1709 1097 ul-

228 1170 411 1236 dnlssruo,
433 1170 467 1219 F.
490 1168 737 1219 husenuardus
756 1166 848 1215 LOBR
867 1166 892 1213 A
911 1165 1067 1230 sunaus,
1086 1166 1230 1215 onulnls
1249 1165 1292 1213 ΕΤ
1311 1165 1432 1216 nullus
1456 1164 1708 1217 CARTUSIENSIS

231 1286 267 1336 ΙΝ
287 1285 443 1334 concula
469 1284 621 1336 nunnus
645 1281 839 1333 monaculis
865 1281 908 1329 ET
934 1281 1117 1350 vlcnnllJS,
1146 1282 1176 1330 S.
1206 1282 1238 1329 P.
1268 1280 1304 1329 D.

290 1631 375 1693 siam
399 1630 497 1693 unica
520 1644 716 1709 summaque
735 1628 893 1708 potestne,
913 1627 961 1689 mi
983 1624 1076 1704 Hezi,
1100 1628 1235 1706 cognate
1259 1626 1539 1709 conjunctissime,
1561 1631 1610 1692 tot
1635 1630 1708 1691 tan-

291 1738 400 1819 tisque
428 1738 601 1818 utriusque
623 1734 824 1798 Testamenti
851 1732 1023 1814 exemplis,
1044 1732 1296 1797 auctoritatibus
1320 1736 1353 1798 et
1375 1736 1558 1801 rationibus
1580 1738 1710 1801 firmata

157 1848 187 1909 et
204 1844 419 1925 comprobata
437 1846 498 1923 est,
519 1843 770 1924 priscorumque
784 1839 921 1903 Petrum
941 1839 1241 1903 eruditissimorum
1258 1840 1355 1921 Juxta
1374 1842 1406 1906 et
1424 1844 1709 1907 sanctissimorum

158 1953 327 2016 sententiis
357 1954 493 2030 asserta,
519 1950 723 2031 argumentis
746 1947 982 2010 efficacissimis
1005 1945 1150 2024 defensa,
1179 1950 1216 2010 ut
1241 1948 1428 2013 communis
1452 1952 1602 2014 omnium
1632 1967 1708 2014 vere

157 2060 415 2123 orthodoxorum
443 2073 624 2121 consensus
648 2055 861 2136 subrepserit,
886 2056 919 2117 et
943 2054 1103 2117 hactenus
1127 2055 1273 2117 universi
1298 2056 1413 2139 populi
1436 2056 1607 2121 christiani
1631 2074 1709 2121 con-

157 2167 294 2231 suetudo
322 2165 452 2245 habeat,
479 2165 590 2229 credat
616 2165 649 2226 et
675 2162 838 2241 observet,
868 2163 978 2243 ipsum
1007 2178 1177 2223 summum
1201 2162 1356 2227 Ecclesiae
1384 2164 1588 2244 Antistitem‚
1617 2165 1706 2229 Petri

156 2290 388 2352 successorem,
409 2264 532 2335 Christi
556 2271 590 2333 in
616 2271 712 2333 terris
735 2270 896 2332 vicarium
921 2286 941 2331 a
963 2268 1033 2331 Deo
1057 2269 1130 2350 ipso
1155 2269 1356 2351 institutum,
1377 2271 1508 2353 plenam
1534 2272 1568 2335 in
1593 2290 1709 2336 omnes

155 2384 267 2461 gentes
281 2382 314 2443 et
328 2381 478 2442 nationes
492 2396 530 2441 ac
548 2396 649 2459 super
666 2378 860 2440 uuiversum
873 2376 998 2440 clerum
1017 2378 1050 2439 et
1067 2376 1228 2457 populum
1248 2394 1359 2457 gerere
1378 2380 1573 2459 potestatem
1598 2400 1605 2443 :
1627 2380 1708 2444 adeo

156 2489 191 2550 ut
211 2503 311 2549 nemo
332 2502 421 2551 sanae
444 2486 565 2550 mentis
584 2486 617 2547 et
635 2500 772 2564 compos
793 2482 931 2546 rationis
950 2482 1085 2545 infitiari
1104 2484 1213 2563 queat,
1231 2484 1342 2566 ipsum
1361 2485 1497 2549 unicum
1517 2504 1588 2550 esse
1614 2487 1707 2568 prin-

156 2594 260 2675 cipem
286 2594 344 2673 qui
375 2593 494 2657 cuncta
516 2592 716 2668 moderetur,
743 2590 784 2653 ad
812 2606 912 2671 quem
937 2588 1112 2654 inferiores
1146 2590 1292 2673 episcopi
1315 2594 1494 2673 recurrant,
1523 2593 1618 2674 cujus
1650 2610 1709 2657 au·

156 2701 303 2763 ctoritate
325 2700 466 2763 concilia
488 2699 531 2781 (si
555 2716 630 2780 quae
653 2698 725 2761 fieri
749 2696 890 2760 debeant
913 2695 1075 2777 legitima)
1100 2700 1333 2778 convocentur,
1361 2701 1394 2762 et
1418 2717 1492 2781 quae
1518 2700 1559 2763 ad
1582 2699 1707 2765 bonum

155 2805 353 2887 reipublicae,
376 2806 564 2869 christiane
584 2802 661 2869 fidei
687 2805 719 2867 et
738 2803 893 2867 Ecclesiae
911 2802 1138 2867 defensionem
1158 2820 1355 2887 morumque
1379 2808 1709 2889 correctionemspe-

156 2915 251 2994 ctent,
275 2912 451 2977 salubriter
472 2915 671 2977 statuantur.
698 2912 780 2986 Quae
804 2911 917 2975 omnia
940 2910 1003 2973 etsi
1026 2928 1067 2973 ex
1092 2911 1194 2975 saeris
1219 2910 1354 2975 Litteris
1382 2914 1513 2994 prodita
1532 2914 1610 2993 sint,
1634 2914 1709 2995 plu-

155 3021 229 3083 rimi
257 3023 367 3084 tamen
395 3020 497 3102 hujus
527 3020 633 3084 nostri
663 3018 777 3083 saculi
811 3035 895 3099 pene
923 3017 1019 3082 ferrei
1047 3016 1203 3100 perfricta
1238 3016 1344 3083 fronte
1377 3020 1461 3083 nihil
1490 3020 1706 3084 reformidant

157 3127 308 3191 omnibus
333 3127 461 3191 viribus
485 3128 527 3191 ad
551 3129 615 3191 hoc
638 3113 737 3206 eniti,
752 3127 789 3190 ut
811 3127 896 3190 hanc
920 3127 1124 3208 pontificiam
1149 3124 1355 3207 majestatem
1379 3127 1574 3192 labefactent
1592 3131 1625 3192 et
1649 3147 1708 3211 pe-

155 3235 244 3298 nitus
262 3237 420 3300 evertant.
441 3236 494 3298 Ad
517 3236 606 3317 quod
632 3252 770 3314 errores,
790 3251 857 3298 non
881 3233 980 3297 modo
1000 3233 1204 3312 Graecorum,
1225 3233 1283 3296 sed
1307 3237 1340 3297 et
1362 3234 1568 3308 Latinorum,
1589 3253 1709 3317 nempe

155 3342 366 3406 Hussitarum
386 3344 419 3407 et
436 3343 718 3421 Wiclefiistarum,
736 3344 835 3423 atque
853 3340 888 3404 id
912 3359 1018 3423 genus
1043 3341 1191 3422 plurium
1214 3341 1445 3404 haeretioorum
1471 3342 1551 3405 olim
1576 3342 1707 3425 publice

156 3465 228 3512 cunr
247 3451 319 3513 suis
341 3449 533 3513 auctoribus
549 3450 735 3524 damnatos,
756 3449 899 3512 excitare
924 3449 1088 3528 satagunt.
1108 3447 1212 3510 Porro
1234 3464 1322 3511 nuno
1345 3465 1460 3512 omnes
1483 3449 1656 3532 episcopos
1675 3451 1707 3512 et

155 3557 338 3620 sacerdotes
360 3573 456 3638 pares
481 3557 566 3620 inter
589 3573 625 3620 se
653 3573 725 3620 esse
749 3554 904 3618 facultate
928 3554 1151 3635 contendunt3
1171 3571 1259 3616 nunc
1283 3571 1372 3634 vero,
1394 3556 1496 3619 veluti
1524 3557 1577 3619 sui
1602 3557 1708 3637 ipsius

156 3664 187 3724 et
204 3664 405 3726 assertorum
423 3662 531 3743 obliti,
547 3663 704 3726 continuo
728 3679 786 3726 eos
805 3662 896 3726 omni
923 3661 1118 3724 auctoritate
1136 3661 1279 3742 privant,
1300 3661 1402 3725 laicos
1424 3663 1549 3726 eisdem
1568 3679 1634 3726 non
1659 3663 1709 3725 in·

155 3768 289 3833 ferieres
315 3747 388 3833 esse
410 3772 606 3849 asserentes,
628 3786 712 3849 quos
736 3771 768 3833 et
791 3769 972 3850 generatim
998 3784 1114 3830 omnes
1139 3767 1202 3830 hoc
1227 3767 1352 3830 honore
1374 3768 1573 3851 dignantur;
1593 3787 1708 3833 rursus

154 3893 322 3940 summum
340 3877 561 3940 sacerdotium
580 3876 663 3939 nihil
683 3877 748 3939 nisi
774 3893 900 3940 meram
919 3874 1127 3956 tyrannidem
1146 3873 1425 3955 blasphemantes,
1447 3875 1561 3940 multis
1583 3876 1708 3940 calum-

153 3983 217 4045 niis
246 3986 279 4046 et
306 3984 438 4064 injuriis
465 3983 622 4047 afficiunt.
653 3983 698 4046 Hi
727 3986 838 4047 tamen
866 3982 992 4045 nullam
1017 3982 1218 4044 assertorum
1241 3981 1402 4045 rationem
1427 3999 1492 4063 qua
1516 3982 1704 4064 fulciantur,

153 4089 270 4154 afferre
293 4093 429 4171 queunt,
450 4090 622 4154 nullumve
642 4107 684 4153 ex
707 4090 810 4154 sacris
828 4088 963 4152 Litteris
985 4088 1094 4151 locum
1121 4088 1174 4150 cui
1199 4087 1357 4168 nitantur,
1377 4088 1544 4171 indicant3
1564 4089 1622 4154 sed
1646 4107 1708 4154 sua

153 4198 335 4262 temeritate
354 4199 564 4279 impudenter
582 4199 733 4261 asserunt
756 4215 830 4278 quae
847 4212 1018 4277 nunquam
1040 4193 1179 4276 probare
1197 4195 1362 4276 poterunt.
1384 4195 1472 4269 Quin
1489 4197 1602 4279 potius
1628 4215 1707 4262 con-

157 4305 215 4384 tra,
232 4306 351 4368 rationi
375 4307 632 4369 consentaneum
652 4307 702 4368 est
722 4307 759 4369 ut
779 4305 823 4367 sit
841 4322 929 4368 unus
948 4302 1069 4384 aliquis
1087 4302 1266 4365 monarcha
1284 4319 1429 4366 unumve
1453 4304 1588 4386 aliquod
1609 4307 1707 4388 caput

156 4413 349 4493 primarium
374 4414 408 4475 in
431 4413 555 4494 populo
583 4412 775 4493 christiano,
805 4413 846 4475 ad
869 4411 958 4493 quod
982 4427 1090 4474 causae
1121 4410 1227 4490 magis
1254 4409 1418 4492 ambiguae
1448 4415 1480 4476 et
1507 4412 1706 4478 difficiliores

156 4520 360 4583 referantur:
380 4520 661 4602 quemadmodum
686 4521 766 4584 olim
791 4519 917 4583 Judaeis
936 4518 1153 4581 constitutum
1173 4518 1254 4597 erat,
1274 4519 1311 4580 ut
1329 4519 1450 4582 veteris
1469 4519 1551 4602 legis
1569 4521 1706 4584 historia
1734 4539 1852 4598 ocatur,

156 4630 313 4707 recenset,
333 4629 486 4692 arduiora
511 4629 553 4690 ad
570 4645 741 4692 summum
765 4627 968 4691 sacerdotem
992 4625 1124 4704 referre,
1147 4625 1242 4706 cujus
1265 4625 1392 4706 judicio
1413 4629 1445 4690 et
1470 4628 1600 4692 decreto
1618 4631 1706 4692 atan-
1719 4608 1776 4650 ⁸⁴¹·

155 4734 235 4798 dum
258 4737 338 4802 erat.
360 4736 512 4799 Christus
530 4736 680 4817 proinde,
701 4735 843 4799 viventis
866 4733 928 4797 Dei
946 4733 1064 4812 Filius,
1087 4732 1203 4813 legifer
1227 4735 1339 4798 noster
1361 4738 1393 4797 et
1415 4752 1569 4800 summus
1588 4755 1705 4801 secun-

155 4841 235 4905 dum
265 4844 414 4908 ordinem
442 4843 683 4907 Melchisedech
711 4842 874 4921 sacerdos,
901 4840 956 4904 ubi
986 4839 1190 4922 corporalem
1217 4842 1427 4922 praesentiam
1456 4861 1551 4907 suam
1580 4845 1704 4908 mundo

156 4949 345 5016 subtrahere
363 4951 544 5030 statuisset,
557 4950 665 5013 noluit
683 4954 790 5014 tamen
800 4948 902 5029 [eum]
917 4948 988 5012 sine
1007 4947 1114 5028 capite
1133 4948 1254 5010 vicario
1274 4948 1469 5031 relinquere,
1483 4952 1520 5013 ut
1531 4951 1703 5014 nobiseum

156 5060 302 5120 maneret
329 5060 402 5138 ejus
429 5058 607 5122 auctoritas
634 5058 762 5121 cunctis
785 5055 901 5119 diebus
924 5072 1030 5136 usque
1053 5054 1094 5117 ad
1120 5055 1439 5120 consummationem
1467 5057 1592 5121 saeculi.
1618 5058 1705 5121 Hinc

153 5161 227 5242 jure
246 5167 372 5247 optimo
391 5167 424 5229 et
441 5165 583 5245 benigna
600 5183 661 5228 sua
676 5165 883 5246 providentia
903 5165 1012 5226 actum
1034 5164 1095 5242 est,
1117 5164 1155 5224 ut
1172 5159 1269 5225 nobis
1288 5161 1329 5225 de
1348 5164 1533 5244 opportuno
1552 5165 1705 5245 provide·
1717 5223 1841 5270 Mamm

156 5273 205 5334 ret
229 5272 372 5336 vicario:
390 5290 490 5356 quem
513 5273 648 5336 Petrum
672 5272 856 5350 constituit,
877 5271 985 5334 eidem
1010 5270 1120 5334 claves
1144 5269 1235 5351 regni
1260 5270 1418 5336 coelorum
1442 5272 1639 5354 promittens
1662 5272 1704 5336 ob
1721 5291 1752 5342 n,
1768 5257 1805 5335 n]
1844 5259 1850 5281 '

160 1515 489 1812 PONTIFICIS
508 1522 658 1600 maximi,
679 1519 822 1583 Romani
847 1518 1012 1600 (inquam)
1037 1518 1206 1597 PraesuliS,
1228 1536 1327 1601 super
1349 1521 1567 1585 universalem
1593 1520 1708 1585 Eccle-
