4309 6250
436 474 496 544 ²90
770 494 891 542 comt
912 492 1081 540 rnnrtolttt
1100 490 1274 554 ltnotttttt,
1296 491 1385 538 Llilllll
1407 491 1438 536 ll.
1461 509 1502 520 -
1524 491 1593 536 ΛΒΤ.
1617 490 1651 537 11

435 663 497 726 bus
512 663 629 727 lahulis
643 661 831 745 insipienter
845 663 1018 725 abundant.
1034 659 1114 735 Quid
1130 679 1185 723 ne-
1200 661 1225 722 Α
1240 659 1334 722 lsrael
1349 659 1438 721 dane.
1456 659 1493 720 Et
1508 658 1618 739 utique
1633 656 1733 719 multa
1752 664 1827 719 sunt
1844 655 1934 718 nimis
1948 657 1979 718 in

437 782 527 827 cesse
547 762 610 825 luit
626 771 663 825 ut
685 780 743 843 per
760 762 834 824 Adae
858 761 1021 843 eloquium
1044 761 1127 823 Deus
1152 779 1185 822 se
1240 758 1354 839 quibus
1378 759 1513 822 Alcoran
1539 758 1602 840 legi
1622 756 1735 840 Moysis
1761 775 1798 820 ac
1822 755 1979 837 Prophetis

436 861 560 943 angelis
595 860 819 943 sapientiorem
855 866 1056 937 monstraret,
1090 877 1185 941 quem
1240 856 1397 920 dissentit.
1599 847 1602 854 ’

437 958 543 1042 angeli
560 977 672 1023 omnes
690 978 709 1020 a
728 977 793 1020 suae
816 957 987 1021 creationis
1011 955 1185 1038 primordio

437 1066 594 1121 noverant
606 1075 676 1120 esse
691 1055 855 1137 sapientiae
870 1054 1018 1132 infinitae,
1034 1053 1185 1134 omnique

438 1164 582 1218 creatura
608 1154 740 1218 omnino
764 1153 919 1216 immense
947 1151 1183 1234 sapientiorem,
1446 1119 1692 1184 ARTIGULUS
1715 1119 1778 1182 XI·

290 1253 520 1322 r·.01tv=‚s.sicut
539 1253 637 1317 David
658 1252 704 1315 ait
723 1252 756 1314 iu
780 1252 914 1332 Psalmo,
930 1251 1059 1332 lingnus
1080 1250 1186 1313 Domi·
1280 1267 1713 1342 Proseouppodggpupationrg
1727 1266 1829 1344 huju,
1837 1275 1947 1326 mm

437 1372 497 1414 nus
521 1360 640 1431 noster,
655 1358 688 1413 et
712 1369 827 1432 magna
852 1350 951 1412 virtus
977 1349 1058 1430 ejus,
1081 1358 1112 1411 et
1137 1368 1186 1411 sa·
1239 1364 1358 1414 ceteros
1378 1375 1507 1416 errores
1524 1356 1633 1432 primi
1654 1356 1797 1432 capituli
1818 1357 1981 1416 Alcorani.

435 1450 564 1532 pientiae
583 1450 654 1531 ejus
679 1467 743 1512 non
768 1457 817 1511 est
840 1450 1015 1511 numerosi
1030 1447 1182 1527 lienique,

364 1538 368 1544 ¹
435 1549 518 1612 sicut
531 1548 614 1610 Deus
632 1547 807 1610 altissimus
828 1556 860 1609 et
881 1554 1017 1609 eternus
1039 1545 1185 1627 omnipo·
1303 1541 1490 1605 RAETEREA
1510 1541 1544 1603 in
1563 1543 1676 1605 eodem
1694 1541 1797 1605 iertur
1816 1542 1951 1626 capitulo
1972 1566 1978 1603 :

435 1646 567 1709 tentiam
582 1665 672 1709 suam
692 1645 881 1708 monstravit
899 1645 933 1706 in
954 1644 1051 1706 totius
1071 1642 1183 1705 muudi
1314 1642 1368 1702 Sit
1389 1643 1508 1702 mentis
1532 1650 1647 1702 vestre
1670 1649 1823 1702 constans
1841 1643 1981 1719 proposi-

434 1745 607 1822 creatione,
615 1743 662 1806 sic
677 1743 865 1825 sapientiam
880 1761 971 1805 suam
985 1742 1185 1823 incompara-
1239 1747 1309 1800 turn
1330 1741 1419 1816 salsa
1442 1740 1529 1798 ceris
1551 1757 1757 1818 nequaquem
1782 1741 1934 1800 inserere.
1958 1738 1980 1801 0

435 1843 532 1907 bilem
548 1851 580 1905 et
594 1842 784 1906 immensam
806 1841 1040 1904 monstravitin
1057 1841 1220 1904 univer-B
1239 1855 1334 1917 quarn
1359 1835 1442 1898 male
1466 1835 1611 1918 implevit
1635 1837 1695 1899 hoc
1720 1836 1844 1915 Mahon,
1860 1837 1913 1918 qui
1935 1839 1981 1918 (ut
2109 1845 2110 1882 l

433 1959 541 2003 sorum
556 1940 754 2003 ordinatione
765 1958 803 2002 ae
814 1938 1036 2002 decentissima
1050 1937 1184 2020 disposi-
1237 1933 1358 1998 dictum
1380 1943 1429 1997 est
1443 1943 1475 1998 et
1488 1935 1625 2014 dicetur)
1639 1943 1686 1998 tot
1706 1935 1839 1998 miscuit
1856 1935 1981 1998 menda-
1993 1961 2070 2000 ιιι...
2109 2003 2110 2006 ¹

433 2038 695 2122 tionezsapientis
707 2056 844 2119 namque
859 2045 909 2100 est
921 2037 1182 2101 ordinare.Porro
1238 2033 1288 2095 cia
1302 2033 1486 2096 veritatibus
1501 2033 1729 2114 scripturarum
1750 2033 1914 2114 utriusque
1928 2033 1981 2096 Te-
2109 2047 2110 2050 ’

433 2137 497 2200 lieo
520 2137 660 2220 glorioso
684 2144 718 2200 et
737 2145 848 2200 sancto
872 2136 956 2199 idern
980 2143 1029 2198 est
1052 2154 1133 2214 esse,
1150 2145 1183 2198 et
1238 2133 1386 2195 stamenti
1414 2151 1494 2213 quas
1522 2133 1556 2193 in
1580 2132 1737 2195 Alcerano
1760 2131 1896 2214 allegati
1920 2132 1979 2194 Sed

433 2237 610 2317 sapientem
630 2255 700 2298 esse
717 2256 724 2295 :
741 2235 847 2316 itaque
872 2254 929 2296 sua
953 2232 1110 2297 immensa
1133 2253 1182 2296 es·
1238 2230 1320 2293 sicut
1333 2230 1478 2294 nonnulli
1493 2230 1622 2313 superbi
1637 2229 1850 2294 humilitatem
1865 2229 1981 2294 coniun-
2109 2227 2110 2302 l

433 2334 537 2397 sentia
557 2343 607 2396 est
627 2352 685 2396 sua
707 2332 864 2416 sapientia
885 2331 1024 2394 infinita.
1236 2338 1326 2410 gunt,
1341 2329 1576 2410 elationemque
1591 2330 1774 2412 reprobant,
1786 2348 1827 2392 ne
1839 2329 1981 2411 judicen
2109 2325 2110 2338 ¹

471 2433 593 2496 Rursus
622 2432 735 2496 eodem
760 2431 862 2494 fertur
886 2431 1026 2513 capitulo
1052 2455 1059 2492 ε
1090 2434 1182 2494 Unde
1237 2436 1300 2490 tur·
1313 2429 1440 2510 superbi
1467 2428 1747 2509 (quemadmodum
1774 2428 1807 2490 in
1830 2427 1981 2491 Ecclesia-

431 2533 640 2609 engelijnssi
652 2551 685 2591 se
698 2551 808 2592 coram
823 2532 1006 2591 sodomites
1017 2532 1181 2600 cedidere,
1237 2527 1316 2590 stico
1342 2527 1496 2609 scriptum
1521 2535 1570 2590 est
1593 2551 1600 2590 ι
1623 2527 1678 2588 Est
1701 2527 1757 2608 qui
1779 2527 1927 2608 nequiter
1950 2545 1981 2588 se
1999 2549 2089 2592 seen.

427 2639 653 2709 preterquam
661 2630 841 2691 Beelzebub
851 2638 1050 2706 paruerunt.
1064 2628 1181 2692 Sensus
1235 2626 1394 2705 humiliat,
1416 2635 1449 2689 et
1467 2626 1618 2688 interiora
1639 2625 1710 2707 ejus
1728 2626 1824 2708 plena
1844 2635 1918 2688 sunt
1931 2627 1982 2688 de
1993 2616 2021 2654 ²³·

432 2734 491 2806 est,
513 2727 598 2808 quod
618 2727 701 2791 Deus
719 2727 815 2808 jussit
833 2727 956 2809 angelis
975 2735 1009 2790 ut
1033 2727 1183 2790 humilia·
1236 2724 1304 2804 lo);
1330 2725 1376 2787 sic
1405 2724 1534 2806 quidam
1560 2725 1734 2788 falsitatum
1762 2723 1918 2806 magistri,
1945 2743 1981 2786 ne

433 2834 504 2889 rent
531 2845 566 2890 se
590 2827 677 2906 Ades,
703 2833 854 2909 tanquam
879 2827 993 2889 scienti
1021 2846 1091 2909 quae
1120 2827 1181 2908 ipsi
1236 2841 1344 2886 eorum
1362 2823 1556 2886 mendositas
1574 2823 1841 2905 deprehendatur,
1858 2824 1982 2886 mendo

433 2923 642 3002 nesciebant;
658 2932 691 2987 et
711 2924 899 2988 obedierunt
914 2925 978 2988 Deo
993 2925 1027 2986 in
1040 2925 1113 3003 hoc,
1130 2944 1183 2987 ex·
1237 2923 1362 2985 sitalem
1400 2921 1506 2985 verbis
1545 2921 1743 2985 simulatorie
1776 2923 1980 3001 detestantur,

432 3030 526 3105 cepto
552 3021 712 3086 Lucifero.
741 3023 827 3085 Istud
855 3023 977 3085 dictum
1005 3043 1043 3086 ex
1072 3022 1219 3087 lunda-(l
1237 3029 1392 3102 quatenus
1411 3022 1487 3082 dum
1506 3039 1637 3084 veraces
1661 3029 1845 3099 censentur,
1860 3019 1983 3084 lucilius

432 3131 541 3187 mento
564 3121 710 3205 procedit
733 3142 878 3186 erroneo.
904 3123 948 3186 lle
976 3122 1047 3204 ipso
1075 3132 1181 3186 tamen
1236 3118 1350 3184 fallant
1369 3121 1526 3185 indoctos.
1543 3120 1663 3183 llorum
1681 3119 1863 3203 praecipuus
1882 3119 1983 3183 llaho

432 3221 492 3284 hac
517 3221 588 3284 vice
611 3230 806 3303 pertranseo,
833 3222 984 3303 quoniam
1009 3221 1092 3285 inira
1117 3222 1184 3304 ple·
1238 3228 1303 3283 met
1323 3220 1396 3283 luit.

432 3319 506 3382 nius
527 3320 603 3383 inde
621 3320 738 3383 dicam.
762 3320 851 3402 Saepe
869 3320 956 3383 enim
974 3319 1058 3383 istud
1080 3320 1113 3383 in
1131 3320 1184 3383 Al·
1277 3319 1513 3401 Consequenter
1527 3319 1560 3381 iu
1576 3318 1637 3393 isto
1651 3319 1791 3401 capitulo
1813 3319 1920 3401 aliqua
1935 3336 1983 3380 ve

433 3436 551 3481 corano
589 3417 752 3496 asseritur,
789 3418 885 3481 etiam
924 3420 1024 3501 magis
1062 3417 1183 3482 dilluse
1238 3437 1273 3480 ra
1287 3426 1466 3496 narrantur,
1484 3417 1633 3482 videlicet
1647 3417 1785 3499 qualiter
1800 3416 1862 3479 lilii
1877 3416 1981 3494 lsrael,

432 3535 529 3599 quam
549 3516 613 3579 hic.
1238 3517 1341 3599 Moyse
1360 3516 1632 3598 quadragesimale
1655 3516 1817 3598 jejunium
1843 3517 1986 3580 continu-

472 3614 709 3695 (lonsequenter
732 3614 845 3678 eodem
867 3615 1007 3698 capitulo
1031 3615 1121 3697 quasi
1145 3634 1184 3678 ex
1240 3623 1325 3693 aute,
1355 3614 1492 3677 vitulum
1525 3614 1724 3679 conflatilem
1753 3616 1984 3691 adoraverunt;

432 3712 488 3776 Dei
511 3730 648 3796 persona
672 3712 835 3796 protertur
857 3736 864 3774 :
887 3717 955 3785 Vos,
976 3715 1045 3793 filii
1064 3718 1182 3787 Israel,
1240 3713 1295 3775 sed
1310 3712 1361 3775 his
1375 3713 1522 3794 protinus
1536 3711 1659 3775 falsitas
1674 3714 1881 3792 admiscetur,
1891 3730 1985 3796 quum

432 3814 520 3873 hunc
533 3814 659 3873 librum
672 3832 751 3873 rncoe
764 3814 857 3890 lepis,
872 3812 1021 3876 videlieet
1034 3813 1181 3895 Alcoran,
1239 3812 1357 3875 dicitur
1374 3812 1459 3895 quod
1472 3814 1584 3891 Mopse
1598 3814 1636 3873 ob
1650 3813 1751 3873 vituli
1764 3815 1987 3873 adorationem

432 3920 548 3971 vestre
562 3912 642 3987 lepis
655 3915 901 3988 firmamentum
915 3931 981 3972 esse
994 3915 1182 3990 cognoscite.
1237 3914 1325 3989 filios
1338 3914 1445 3973 Israel
1460 3911 1727 3986 reprehendente,
1742 3912 1810 3989 filit
1823 3913 1932 3972 Israel
1945 3928 1987 3970 re·

432 4007 533 4087 Absit,
549 4006 634 4069 absit
653 4015 689 4068 ut
706 4006 822 4087 aliquis
847 4010 955 4071 credat
977 4009 1076 4072 Deum
1100 4010 1184 4074 istud
1238 4012 1441 4087 sponderent
1457 4028 1489 4069 se
1503 4010 1852 4089 noltcatiqns'deernm
1861 4026 1988 4086 perape-

431 4108 669 4187 dixisse,quum
684 4106 726 4168 sit
739 4107 1023 4169 mendacissimum
1038 4110 1182 4189 verbum,
1239 4128 1275 4167 re
1288 4128 1361 4187 qnae
1381 4110 1428 4167 eis
1442 4110 1567 4185 Moyses
1577 4109 1788 4183 predicavit,
1803 4108 1873 4167 nisi
1885 4110 1986 4169 Deum

432 4214 465 4268 et
483 4205 661 4286 inspirante
680 4204 807 4267 diabolo
827 4224 845 4267 a
863 4204 977 4268 llahon
995 4206 1181 4271 confictum.
1200 4207 1400 4274 heiderent.
1423 4205 1458 4267 ln
1482 4204 1543 4267 isto
1567 4204 1665 4268 verbo
1689 4213 1763 4268 sunt
1786 4205 1850 4269 duo
1875 4222 1986 4286 magna

432 4302 518 4365 lnira
539 4302 625 4364 enim
640 4302 712 4364 luce
727 4302 844 4364 clarius
859 4304 1079 4385 copiosissime
1094 4304 1185 4368 inno·
1241 4303 1539 4384 mendacia,divinae
1553 4302 1725 4386 Scriptura
1740 4302 1906 4365 evidenter
1919 4321 1988 4365 con-

434 4409 546 4480 tescet,
562 4401 647 4481 quod
672 4400 788 4463 veritas
813 4401 1043 4483 scripturarum
1067 4405 1184 4466 veteris
1241 4402 1346 4464 traria.
1369 4402 1526 4482 llirorque
1551 4401 1642 4464 valde
1668 4400 1863 4483 imperitiam
1886 4400 1988 4463 ldahe

435 4498 628 4561 Testamenti
643 4497 677 4559 in
691 4498 847 4562 rllcorano
868 4517 925 4579 per
946 4500 1046 4562 multa
1066 4501 1185 4564 ridicu·
1241 4500 1327 4562 meti.
1345 4499 1507 4581 Siquidem
1527 4506 1697 4579 antequam
1715 4497 1777 4559 tilii
1798 4497 1894 4561 lsrael
1910 4498 1987 4561 vitu-

435 4595 503 4659 losa
527 4596 695 4658 mendacia
717 4597 910 4678 depravatur
930 4605 962 4660 et
984 4598 1181 4679 inquinatur.
1240 4596 1306 4659 lum
1335 4598 1557 4677 adoraverunt,
1585 4596 1735 4679 apparuit
1762 4597 1809 4659 eis
1844 4598 1928 4660 Deus
1954 4596 1985 4657 in

359 4753 365 4765 .
392 4735 420 4763 u.
434 4693 470 4755 ln
492 4693 596 4775 primo
615 4712 743 4781 quoque
768 4703 902 4757 tractatu
927 4714 985 4777 per
1010 4697 1183 4779 scripturas
1240 4703 1347 4758 monte
1362 4696 1460 4775 Sinai,
1478 4714 1542 4759 non
1558 4696 1592 4757 in
1606 4695 1735 4777 propria
1749 4693 1864 4772 torma,
1882 4696 1938 4757 sed
1952 4694 1984 4756 in

435 4791 552 4854 veteris
587 4792 780 4854 Testamenti
813 4802 976 4856 ostensum
1009 4802 1068 4874 est,
1098 4797 1183 4877 quod
1240 4794 1383 4876 subjecta
1398 4803 1552 4872 creatura,
1570 4795 1602 4856 in
1618 4794 1725 4876 speeie
1740 4794 1824 4875 ignis
1839 4794 1982 4857 horribili
2007 4814 2093 4861 rm

434 4890 536 4953 saneti
548 4889 710 4973 Propheta
725 4891 940 4972 predixerunt
952 4891 1056 4973 legem
1067 4893 1183 4957 Christi
1237 4903 1332 4975 atque
1347 4893 1382 4955 in
1396 4910 1475 4956 voce
1489 4892 1639 4971 mirabili,
1656 4893 1699 4954 ita
1712 4894 1797 4974 quod
1812 4892 1876 4955 mit
1889 4892 1983 4957 lsrael
1998 4880 2085 4929 '‘³³¹¹''

433 4990 571 5071 desuper
594 4990 732 5053 dandam
756 4998 789 5053 et
812 4990 931 5072 ubique
954 4992 1182 5073 divulgandam
1238 4994 1443 5055 vehementer
1457 4990 1618 5075 perterriti
1631 4990 1778 5054 dixerunt
1788 4991 1828 5054 ad
1841 4991 1980 5075 Moysen:
2007 5012 2052 5059 ne.
2069 5021 2093 5053 ιι.

432 5107 515 5167 esse,
531 5106 596 5151 non
610 5089 706 5152 aliam
723 5112 730 5151 :
748 5089 792 5151 ita
805 5090 890 5169 quod
904 5088 956 5152 lex
969 5089 1096 5171 Christi,
1112 5112 1182 5175 quae
1236 5090 1377 5173 Loquere
1393 5100 1427 5152 tu
1441 5090 1544 5168 nobis,
1557 5097 1590 5153 et
1603 5090 1784 5167 audiemus,
1797 5109 1863 5153 non
1877 5092 1983 5175 loqua-
1996 5082 2023 5127 ¹⁵·
2034 5078 2058 5118 ¹⁹·

432 5194 481 5249 est
493 5185 573 5249 linis
587 5186 730 5250 llosaice
745 5187 835 5268 legis,
845 5195 894 5251 est
908 5207 982 5253 rere
996 5188 1182 5255 firmamen-
1238 5199 1288 5254 tur
1311 5190 1403 5254 nobis
1428 5190 1593 5270 Dominus,
1609 5206 1649 5252 ne
1672 5188 1756 5252 torte
1780 5189 1956 5255 moriamur
1973 5213 1981 5252 ε

432 5293 512 5366 tum,
544 5285 641 5348 decor
673 5293 768 5369 atque
800 5286 956 5368 perfectio
977 5287 1069 5369 'legis
1101 5288 1180 5354 liliis
1237 5294 1330 5372 prout
1354 5288 1387 5352 in
1412 5288 1518 5352 Exodo
1542 5288 1655 5351 iertun
1677 5287 1797 5351 Deinde
1821 5298 1896 5373 post
1919 5290 1982 5352 bac
