4309 6250
459 472 519 537 ddi
599 488 749 537 nrncouus
771 488 1001 535 nrsrmmroms
1023 486 1115 534 tunna
1135 486 1342 534 cnarsrraumr
1362 489 1400 534 ar
1421 490 1635 538 samacmuu.
1657 510 1699 521 -
1718 494 1788 539 aar.
1811 495 1862 541 rur

497 660 715 724 Gnmsrmuus.
730 658 863 734 -Quid
885 658 1002 719 mirum
1018 656 1045 718 si
1062 655 1118 720 tihi
1133 676 1204 738 gra·
1218 658 1244 719 Α
1260 664 1406 721 testatem
1430 679 1494 724 non
1519 661 1614 724 habet
1635 670 1789 744 quantum
1813 664 1851 726 ad
1874 684 1907 727 aa
1923 684 1982 747 qne

458 760 505 822 vis
522 759 679 835 videatur,
694 778 792 839 quum
812 766 844 818 et
857 754 999 837 Apostoli
1019 755 1127 818 audita
1142 755 1206 837 pri·
1260 765 1336 821 sunt
1359 758 1496 820 carnalis
1521 760 1767 841 commixtionis,
1791 762 1845 825 sed
1867 782 1944 841 uror,
1957 772 1983 827 at

459 878 546 921 mum
562 877 580 919 a
594 856 717 919 Christo
731 852 792 918 i'sta
807 854 1089 936 inseparabilitate,
1105 852 1204 916 locuti
1260 872 1445 918 econverso.
1477 856 1645 939 Postquam
1678 876 1755 939 ergo
1789 860 1913 923 maritus
1937 861 1982 923 uni

459 956 534 1035 sint,
551 955 583 1019 Si
600 956 644 1017 ita
663 962 711 1017 est
730 972 825 1016 causa
846 952 985 1015 bominis
1005 971 1079 1015 cum
1094 970 1203 1029 uxore,
1262 952 1349 1015 uxori
1365 952 1414 1015 sui
1429 954 1571 1036 corporis
1587 955 1717 1019 tradidit
1731 965 1984 1039 potestatem,non

326 1046 354 1083 ¹⁸·
397 1064 403 1075 '
459 1074 523 1119 non
547 1052 674 1135 expedit
696 1051 839 1115 nuberet
865 1049 981 1113 Verum
1006 1069 1063 1133 per
1087 1049 1205 1112 auxilia
1260 1057 1364 1131 potest
1379 1049 1457 1113 illud
1471 1052 1613 1134 obligare
1630 1052 1783 1117 voluntati
1802 1056 1922 1119 alterius
1937 1077 1984 1119 seu

458 1153 566 1235 gratie
580 1171 617 1214 ac
632 1150 758 1233 pietatis
777 1150 894 1212 divinae
914 1147 1051 1211 faciliter
1070 1149 1205 1211 toleran·
1261 1149 1408 1212 secunda
1433 1151 1550 1232 uxoris,
1577 1171 1636 1214 nec
1661 1153 1785 1216 tradere
1808 1154 1848 1217 ai.
1872 1154 1986 1237 insuper

457 1260 508 1314 tur
531 1269 601 1332 quaa
625 1249 753 1312 aliunde
774 1246 982 1311 intolerabilia
1006 1254 1202 1328 reputantur.
1260 1264 1320 1308 nec
1344 1254 1449 1328 potest
1473 1266 1532 1311 nec
1556 1249 1651 1312 debet
1675 1270 1709 1313 se
1732 1250 1771 1313 ad
1797 1252 1986 1334 impossibilia

497 1350 710 1413 Sannsccnus.
740 1384 781 1393 -
808 1344 994 1428 Specialiter
1020 1344 1128 1426 gravis
1157 1352 1206 1407 est
1259 1343 1412 1424 obligare.
1429 1345 1530 1420 Quum
1551 1364 1627 1427 ergo
1651 1347 1704 1410 vix
1726 1346 1831 1412 valeat
1851 1350 1984 1414 voluntati

339 1514 340 1517 ,
456 1446 711 1530 inseparabilitas
736 1445 806 1524 ista,
824 1444 849 1507 si
875 1462 940 1507 non
965 1443 1038 1507 licet
1061 1443 1130 1505 viro
1151 1443 1206 1505 ha·
1259 1442 1354 1504 unius
1369 1442 1553 1507 satisfacere
1568 1445 1716 1528 conjugis
1730 1456 1883 1529 quantum
1896 1450 1987 1512 adde

456 1546 531 1610 bere
546 1564 676 1609 uxorem
692 1544 753 1606 uisi
768 1562 864 1606 unam
885 1542 1048 1604 dumtaxat
1061 1549 1205 1624 tempore
1259 1539 1316 1602 biti
1332 1541 1620 1624 redditionem,qua
1635 1545 1757 1608 ratione
1771 1547 1876 1627 plures
1889 1548 1985 1631 poterit

457 1665 531 1709 uno,
1259 1657 1372 1701 uxores
1401 1639 1569 1721 acciperet
1592 1677 1633 1688 -
1659 1643 1818 1725 Amplius,
1845 1647 1985 1709 matricio

496 1742 713 1806 Cnnrsrrsuus.
730 1741 819 1802 -lu
839 1740 899 1803 hoc
919 1758 1045 1821 quoque
1070 1737 1205 1801 scelera·
1260 1737 1349 1799 nium
1382 1739 1421 1800 ad
1449 1738 1710 1821 refrenationem,
1741 1762 1806 1807 non
1839 1746 1877 1807 ad
1903 1746 1987 1807 nutri·

455 1841 577 1905 tissime
596 1860 651 1905 vos
673 1839 799 1922 decepit
824 1846 928 1901 vester
948 1837 1121 1919 legislator,
1138 1836 1203 1899 imo
1221 1836 1243 1898 B
1260 1843 1403 1898 mentum
1431 1845 1463 1901 et
1489 1838 1708 1903 dilatationem
1741 1843 1986 1925 concupiscentia

455 1938 605 2022 deceptor
628 1947 660 2001 et
683 1939 789 2020 legum
814 1938 1001 2016 destructor,
1025 1935 1110 2017 quod
1135 1943 1203 1997 tan-
1260 1934 1425 1999 ordinatur
1440 1960 1448 1998 z
1464 1937 1629 2019 pluralitas
1646 1947 1754 2002 autem
1776 1961 1903 2005 uxomm
1924 1960 1987 2005 con·

454 2047 519 2101 tam
544 2057 677 2102 uxorum
702 2036 916 2119 pluralitatem
941 2035 1114 2115 unicuique
1135 2034 1204 2097 viro
1261 2033 1490 2115 cupiscentiam
1507 2037 1609 2117 magis
1624 2036 1818 2119 inflammat,
1833 2040 1987 2123 nutritdi·

456 2137 624 2215 concessit,
642 2144 735 2219 prout
749 2135 809 2199 hoc
825 2134 969 2217 sequenti
989 2133 1123 2195 articulo
1144 2132 1203 2195 tibi
1260 2130 1346 2193 latat.
1362 2168 1403 2177 -
1420 2133 1582 2212 Praeterea,
1600 2134 1685 2198 inter
1704 2137 1889 2220 conjugatos
1907 2139 1988 2201 debet

456 2235 573 2299 clarius
596 2234 746 2317 probabo.
1259 2249 1329 2293 esse
1342 2230 1534 2295 cohabitatio
1548 2233 1727 2297 amicabilis
1747 2244 1842 2317 atque
1856 2236 1985 2319 pacifica

1259 2328 1336 2408 lmo,
1352 2348 1451 2410 quum
1465 2330 1606 2394 amicitia
1620 2340 1652 2395 et
1666 2334 1837 2397 concordia
1851 2334 1910 2397 sint
1920 2353 1988 2416 pre·

1260 2427 1354 2508 cipua
1376 2428 1450 2491 vitae
1472 2431 1638 2512 presentis
1663 2432 1987 2512 bona,suntma1ima
2104 2461 2105 2512 ,

629 2505 894 2571 ARTICULUS
929 2504 1027 2567 VIII·
1257 2527 1435 2607 appetenda
1463 2536 1495 2590 et
1521 2528 1715 2610 exquirenda
1741 2555 1750 2593 ε
1773 2532 1890 2596 idcirco
1913 2532 1987 2614 quod
2104 2537 2105 2622 ᾗ

455 2648 742 2717 Quamvitr'osasit
758 2664 901 2706 umorum
913 2645 1095 2720 pluralitas
1104 2661 1202 2722 quam
1258 2625 1304 2687 eis
1327 2624 1491 2706 POllSSlmss
1515 2627 1711 2708 adversatur,
1727 2631 1864 2694 maxime
1885 2640 1927 2695 cst
1948 2630 1989 2692 vi·
2104 2709 2105 2712 Ἴ

570 2738 691 2801 Malaca
708 2736 860 2795 concessit
876 2734 938 2793 arri
951 2734 1082 2793 marito.
1257 2723 1400 2785 tandum.
1426 2722 1591 2787 Pluralitas
1618 2734 1725 2790 autem
1754 2746 1885 2791 unorum
1909 2729 1989 2810 quasi

1258 2839 1384 2903 semper
1411 2830 1459 2884 est
1486 2822 1728 2888 incitamentum
1754 2826 1924 2907 discordie,
1948 2826 1989 2890 fo

495 2924 712 2988 Cnnrsrrasus.
739 2958 779 2969 ·-
803 2923 918 2986 Octavo
943 2921 1090 2985 Alcoraui
1117 2921 1203 3003 capi·
1259 2928 1400 2982 mentum
1416 2920 1567 3003 rixarum,
1584 2922 1770 2988 invidentia
1791 2926 1879 2989 radix
1893 2949 1900 2988 :
1915 2944 1990 2988 sum·

453 3024 521 3087 tulo
545 3022 747 3086 continetur:
764 3023 926 3100 Duas,aut
951 3029 1026 3100 treS,
1052 3020 1103 3083 vel
1126 3039 1203 3101 qua·
1218 3022 1240 3085 C
1257 3037 1308 3080 me
1336 3038 1412 3100 ergo
1440 3027 1489 3082 est
1516 3019 1655 3085 vitanda.
1684 3022 1817 3103 Rursus,
1841 3023 1990 3107 pluralitas

454 3130 525 3185 tuor
540 3141 652 3186 uxores
668 3120 786 3199 ducite,
803 3119 865 3183 nisi
887 3118 1053 3184 timueritis
1072 3139 1130 3183 vos
1149 3140 1202 3183 eas
1256 3117 1316 3180 ista
1341 3138 1474 3182 uxorum
1498 3129 1547 3183 est
1570 3119 1814 3186 incitamentum
1834 3126 1990 3187 multarum
2105 3128 2106 3143 ¹

453 3221 636 3284 nullatenus
667 3238 759 3301 posse
787 3219 959 3301 pacificare
981 3243 988 3280 ι
1012 3227 1089 3282 tunc
1117 3219 1203 3282 enim
1257 3217 1476 3299 suspicionum
1498 3219 1653 3283 malarum
1675 3229 1708 3284 ct
1731 3222 1937 3298 tristitiarum,
1950 3223 1992 3284 in-

453 3329 500 3384 tol
518 3320 653 3402 quisque
673 3317 809 3400 accipiat
827 3326 903 3399 quot
922 3337 979 3380 sua
1002 3337 1115 3380 manus
1134 3317 1204 3400 qui·
1257 3317 1477 3398 dignationum
1497 3337 1534 3380 ac
1554 3319 1853 3384 malevolentiamm
1872 3321 1903 3384 in
1920 3320 1991 3384 inri-
2105 3382 2106 3393 ,

453 3418 535 3482 verit
550 3417 715 3499 castigare.
731 3418 771 3478 At
785 3434 859 3479 vcro
879 3415 1040 3478 tricesimo
1063 3417 1203 3478 secundo
1258 3434 1327 3476 cern
1340 3437 1349 3493 ;
1364 3423 1413 3477 est
1435 3433 1561 3498 quoque
1585 3418 1712 3481 occasio
1736 3421 1823 3500 quod
1847 3419 1895 3483 vir
1915 3438 1990 3482 nunc

454 3516 602 3580 Alcorani
623 3514 763 3597 capitulo
786 3513 924 3596 legitur:
942 3513 1203 3576 Castitatamser
1258 3513 1363 3591 istam,
1389 3532 1476 3575 nunc
1505 3515 1591 3578 illam
1619 3517 1659 3579 de
1686 3516 1775 3580 facili
1807 3527 1988 3601 aspamatur,

454 3625 526 3679 vate
547 3614 609 3676 nisi
635 3633 709 3676 cum
735 3612 871 3695 propriis
896 3611 1045 3676 uxoribus
1066 3619 1120 3674 aut
1142 3610 1202 3672 sibi
1258 3619 1352 3693 atque
1380 3613 1465 3692 quod
1493 3612 1622 3695 fragiles
1650 3614 1781 3679 femine
1814 3616 1896 3681 viros
1921 3617 1990 3680 alios

454 3713 608 3795 subjectis
623 3720 654 3774 et
669 3701 814 3789 ancillis3
831 3710 905 3772 inde
921 3710 1007 3772 enim
1023 3710 1112 3772 nulla
1126 3729 1202 3791 que·
1259 3710 1502 3792 concupiscunt,
1518 3730 1617 3792 quum
1642 3733 1726 3776 unus
1750 3733 1860 3778 aarum
1883 3715 1992 3798 appeti·

455 3808 592 3876 rimonia
611 3809 679 3874 fiat.
697 3809 748 3872 Sic
768 3808 873 3890 itaque
894 3809 1006 3872 Mation
1026 3809 1203 3871 licentiavit
1258 3808 1338 3871 tioni
1362 3815 1394 3871 et
1416 3809 1572 3872 exactioni
1594 3810 1780 3875 satisfacere
1804 3823 1943 3895 nequeat.
1957 3848 1991 3860 -

454 3911 586 3975 cuilibet
611 3909 679 3972 viro
703 3908 819 3970 habere
845 3915 980 3988 quatuor
1008 3907 1203 3990 principales
1257 3908 1368 3970 Adhuc
1392 3915 1510 3986 autem,
1530 3927 1629 3990 quum
1653 3920 1777 3973 mentes
1802 3912 1937 3976 virorum
1957 3911 1992 3974 ab

454 4016 732 4074 uxoresetearum
749 4005 881 4068 ancillas
901 4026 938 4068 ac
958 4006 1100 4069 subditas
1114 4030 1122 4084 3
1138 4025 1204 4068 em·
1258 4025 1330 4068 arce
1355 4005 1511 4068 virtutum
1535 4006 1582 4068 nil
1607 4007 1711 4089 magis
1734 4009 1877 4091 dejiciat,
1896 4019 1926 4073 et
1946 4027 1991 4072 aas

454 4107 569 4191 pticias
584 4125 660 4170 vero
675 4105 754 4168 etin
770 4104 853 4167 bello
868 4103 1050 4186 acquisitas,
1067 4112 1113 4167 tot
1127 4112 1204 4186 quot
1258 4104 1303 4166 nil
1333 4104 1435 4185 magis
1464 4105 1642 4184 absorbeat,
1673 4107 1841 4189 deprimat,
1871 4107 1991 4173 inebriet

455 4207 527 4289 quis
549 4204 688 4288 potuerit
709 4202 852 4267 obtinere
873 4210 904 4265 et
926 4201 1020 4265 ferre.
1219 4202 1462 4284 Dbrutalesque
1482 4202 1590 4283 faciat,
1606 4223 1703 4286 quam
1723 4206 1863 4272 feminea
1883 4207 1992 4272 blandi·

494 4304 576 4367 Ecce
597 4321 693 4384 quam
714 4300 921 4364 ineffabiliter
939 4301 1054 4363 vitiosa
1075 4301 1205 4383 ctinju-
1259 4310 1377 4382 meum,
1404 4301 1504 4365 libido
1530 4301 1720 4367 irrefrenata
1744 4325 1782 4368 ac
1808 4327 1884 4372 usus
1910 4325 1992 4371 rane·

456 4411 504 4466 sta
532 4411 564 4464 et
590 4399 786 4464 detestabilis
811 4407 859 4461 est
883 4398 943 4462 faex
968 4398 1048 4462 istat
1070 4398 1109 4461 Et
1131 4400 1203 4481 quis
1259 4419 1385 4464 reorum
1409 4400 1577 4480 assiduus,
1604 4411 1728 4466 constat
1752 4405 1838 4486 quod
1861 4414 1922 4468 tam
1943 4405 1993 4468 im·

454 4519 596 4581 unquam
618 4499 661 4560 ita
683 4498 827 4580 exposuit
848 4517 948 4579 genus
968 4497 1143 4560 humanum
1168 4499 1205 4560 li-
1259 4500 1420 4562 moderata
1444 4517 1577 4562 uxorum
1607 4500 1772 4582 pluralitas
1802 4504 1934 4568 maxime
1957 4503 1992 4565 sit

455 4597 556 4663 bidiui
579 4597 661 4660 sicut
680 4597 814 4659 fdahonl
829 4597 868 4658 Et
886 4596 962 4678 quid
980 4595 1098 4658 mirum
1118 4598 1202 4678 quod
1260 4599 1385 4676 nociva,
1401 4617 1484 4661 verae
1506 4598 1618 4662 salutis
1641 4620 1678 4663 ac
1704 4601 1878 4684 spiritualis
1902 4601 1992 4687 profe

455 4707 519 4762 lam
538 4695 770 4760 inaestimabilis
790 4695 956 4758 bominum
973 4695 1143 4758 multitudo
1163 4697 1202 4758 ad
1259 4705 1328 4760 ctus
1343 4697 1548 4779 impeditiva:
1565 4706 1614 4760 cst
1629 4716 1704 4780 ergo
1718 4719 1850 4782 pmrsus
1865 4702 1990 4767 vitanda.

455 4796 593 4860 carnalia
617 4813 728 4878 prona,
746 4795 848 4875 legem
874 4794 962 4856 illam
984 4793 1080 4858 totius
1103 4793 1204 4876 impu·
1298 4796 1569 4858 Sarracenos-
1588 4796 1751 4871 Quomodo
1772 4798 1819 4863 sic
1839 4820 1993 4884 argumen-

454 4894 555 4958 ritatis
580 4903 613 4956 et
635 4891 831 4956 carnalitatis
854 4892 1076 4974 amplectiturt
1092 4928 1132 4938 -—
1146 4894 1204 4956 lle-
1258 4893 1334 4956 taris
1368 4901 1400 4955 et
1431 4892 1581 4974 loqueris,
1611 4895 1703 4977 quasi
1732 4896 1861 4979 ignores
1888 4900 1991 4964 multos

305 5011 439 5067 maraon
453 4995 563 5076 nique,
580 4993 662 5054 sicut
681 4990 890 5073 praehabitum
911 4999 969 5069 est,
986 4990 1019 5052 iu
1041 4991 1204 5055 matrimo-
1257 4991 1448 5055 Testamenti
1469 4991 1586 5054 veteris
1605 5003 1732 5058 sanctos
1751 4997 1837 5060 viros
1857 4999 1992 5062 habrusse

453 5092 531 5155 niali
561 5099 725 5155 contractu
753 5089 803 5151 vir
830 5098 862 5152 et
889 5089 1005 5152 mulier
1033 5109 1202 5173 corporum
1258 5092 1365 5173 plures
1381 5108 1493 5153 uxores
1508 5099 1540 5153 et
1555 5091 1774 5156 concubinasl
1788 5095 1949 5160 -Nonne
1967 5103 1994 5158 et

453 5209 582 5256 suorum
611 5195 798 5271 potestatem
828 5187 1023 5251 transferunt
1053 5189 1086 5250 in
1110 5190 1204 5252 alter·
1257 5208 1340 5251 unus
1365 5189 1415 5250 vir
1438 5189 1546 5270 plures
1570 5198 1674 5270 potest
1697 5190 1908 5276 impraegnare
1929 5213 1993 5259 uxo

453 5299 571 5370 utrum,
588 5289 632 5351 ita
655 5287 740 5369 quod
761 5287 893 5349 maritus
914 5287 1056 5369 corporis
1077 5289 1126 5350 sui
1146 5307 1202 5370 po
1258 5290 1327 5351 resl
1342 5287 1420 5368 lmo,
1436 5306 1536 5369 quum
1550 5289 1644 5370 pauci
1660 5290 1725 5352 sint
1739 5310 1867 5357 menses
1882 5296 1951 5360 anni
1964 5294 1992 5356 in
