4309 6250
412 507 471 578 too
643 530 684 577 nn
704 530 867 579 orumrmr
888 531 926 577 rr
946 530 1094 577 tinniens
1115 530 1142 575 a.
1167 530 1196 575 v.
1212 528 1328 586 unuin,
1350 530 1439 576 arran
1459 532 1494 577 rr.
1516 550 1557 560 -
1577 530 1647 577 aar.
1669 532 1733 578 xxv

412 700 733 786 incomparabilisque
746 701 840 763 llario
859 701 891 762 in
912 700 1054 763 Ecclesia
1075 699 1160 761 mili·
1173 700 1198 761 A
1213 700 1325 782 erepti,
1351 719 1440 780 spem
1464 701 1677 783 meritumque
1701 709 1827 765 aeterna
1849 697 1966 763 salutis

411 801 491 863 tanti
511 800 573 863 luit
587 810 618 863 et
633 800 665 862 in
685 800 827 862 Ecclesia
845 799 1051 881 triumphanti
1074 818 1158 861 nunc
1213 798 1331 880 adepti.
1932 859 1938 865 ,

411 907 460 961 est
479 917 602 961 summa
627 906 658 960 et
685 898 821 960 maxime
850 906 1010 975 constans,
1035 896 1159 959 exsules
1253 896 1396 977 anam
1422 897 1663 979 praeclarissima
1687 917 1723 961 ac
1752 897 1966 961 celeberrima

410 995 563 1077 dirigenS,
580 996 664 1060 viam
686 995 796 1057 salutis
817 996 1049 1087 demonstrans,
1066 993 1159 1055 indu·
1213 1014 1259 1071 es,
1270 995 1360 1075 virgo
1375 994 1480 1074 llaria,
1493 997 1715 1060 ardentissima
1730 994 1967 1059 lucentissima·

412 1101 497 1157 ratos
521 1094 698 1172 emolliens,
725 1100 757 1155 et
781 1092 865 1155 circe
892 1092 993 1175 ipsam
1020 1092 1158 1154 mundus
1212 1110 1275 1173 qne
1304 1091 1444 1171 lucerna,
1471 1093 1719 1157 luminosissima
1742 1094 1864 1176 lampas
1887 1094 1966 1175 igne

412 1200 564 1255 versatur.
1212 1188 1321 1251 divino
1336 1208 1482 1268 accensa,
1497 1200 1615 1253 aetemo
1630 1191 1751 1254 lumine
1773 1190 1965 1271 impraegna-

450 1290 611 1369 Praeterea,
636 1308 706 1352 esse
734 1288 966 1367 recreatricem,
997 1288 1158 1350 illumina·
1211 1294 1265 1363 ta3
1295 1307 1364 1369 quae
1398 1288 1502 1349 lucem
1532 1288 1841 1370 incircumscriptam
1875 1288 1964 1351 inira

408 1388 521 1451 tricem
537 1386 800 1468 salvatricemque
815 1387 938 1467 mundi,
955 1386 1107 1448 Dominus
1125 1392 1158 1447 et
1212 1384 1436 1465 corpusculum
1459 1404 1496 1447 ex
1521 1394 1552 1447 te
1576 1394 1739 1468 sumptum
1763 1394 1961 1464 manentem,

408 1487 551 1550 Salvator
571 1505 634 1549 snae
655 1485 880 1565 dilectissimae,
897 1484 1097 1547 electissimae
1119 1502 1155 1545 ac
1211 1481 1295 1543 intra
1311 1482 1454 1562 virginea
1467 1482 1588 1546 viscera
1607 1483 1783 1559 deferebas,
1800 1490 1963 1563 tantaque

408 1583 675 1666 prestantissimae
689 1582 841 1646 Cenitrici
857 1582 1107 1645 communicavit
1122 1580 1155 1641 in
1212 1579 1293 1641 lucis
1308 1580 1403 1642 radiis
1420 1580 1503 1642 intra
1518 1589 1547 1642 te
1562 1580 1770 1643 exuberanter
1784 1579 1882 1641 nimis
1900 1580 1964 1642 mi-

407 1681 606 1764 quadruplici
635 1700 751 1762 genere
779 1698 893 1743 eausae.
918 1680 990 1760 lpsa
1017 1698 1154 1759 namque
1213 1677 1327 1755 cabas;
1343 1696 1413 1758 quae
1427 1698 1501 1741 vere
1516 1686 1547 1740 ct
1562 1679 1690 1759 copiose
1709 1680 1864 1741 mnndum
1887 1678 1964 1741 illn—
1980 1702 2092 1749 tamt.

408 1780 510 1863 primo
524 1779 608 1842 laem
622 1786 670 1841 est
684 1797 778 1841 causa
799 1777 947 1840 efficiens
969 1785 1084 1839 nostrae
1105 1796 1153 1838 re·
1212 1775 1434 1853 minasti,dum
1450 1776 1632 1838 sedentibus
1646 1776 1678 1837 in
1696 1774 1836 1838 tenebris
1848 1784 1963 1838 etum-

406 1876 582 1960 parationis
602 1886 635 1939 et
655 1875 897 1938 illuminationis
916 1898 922 1936 :
939 1874 1090 1956 quoniam
1106 1894 1154 1936 re
1173 1869 1268 1936 Bbra
1287 1873 1397 1935 mortis
1418 1873 1525 1935 lumen
1545 1873 1605 1937 boc
1625 1873 1786 1956 peperisti,
1807 1881 1840 1937 et
1863 1893 1962 1937 sunm

407 1983 585 2057 paratorem
604 1980 636 2035 et
658 1973 906 2035 illuminatorem
931 1972 1073 2035 omnium
1098 1990 1155 2034 no
1210 1971 1375 2033 ostendisti
1396 1971 1581 2034 bominibus
1606 1972 1796 2051 Creatorem,
1820 1973 1960 2035 detentis

407 2080 507 2134 strum
533 2072 603 2153 ipsa
623 2070 771 2152 concepit
789 2088 826 2132 ac
846 2070 970 2151 peperit
994 2068 1107 2147 nobis,
1125 2078 1157 2132 et
1208 2088 1334 2151 qnoque
1357 2069 1389 2131 in
1410 2068 1509 2132 limbo
1529 2069 1835 2133 desideratissimum
1850 2080 1962 2152 protu-

407 2190 528 2250 rursus,
543 2169 695 2251 qnoniam
716 2167 864 2250 precibus
884 2168 949 2230 suis
972 2187 1008 2229 ac
1033 2168 1156 2230 meritis
1209 2166 1274 2229 listi
1291 2167 1491 2230 liberatorem
1501 2175 1508 2229 l
1519 2167 1564 2229 Ex
1578 2177 1609 2230 te
1624 2176 1656 2230 et
1669 2187 1728 2249 per
1741 2175 1772 2229 te
1787 2168 1878 2230 illum
1892 2189 1961 2232 sus

406 2268 545 2347 veniam,
561 2267 695 2348 gratiam
714 2286 751 2329 ac
771 2266 904 2329 salutem
926 2265 1017 2329 nobis
1043 2284 1157 2346 procu·
1209 2266 1353 2346 cepimus
1373 2284 1430 2347 per
1448 2284 1543 2346 quem
1564 2266 1680 2328 veritas
1703 2274 1735 2328 et
1752 2267 1854 2347 gratia
1873 2266 1962 2329 lacta
1976 2280 2105 2323 Ιοαιιιιτ.

407 2374 465 2429 rat.
492 2366 587 2428 Facta
611 2374 659 2427 est
683 2364 779 2427 etiam
804 2372 919 2428 nostrae
948 2364 1155 2445 reparationis
1208 2371 1267 2441 est,
1284 2365 1338 2444 qni
1352 2371 1401 2425 est
1417 2365 1527 2426 doctor
1546 2364 1688 2445 justitiae,
1705 2364 1867 2446 legislator
1886 2385 1963 2447 per-

408 2483 503 2527 causa
522 2462 708 2541 materialis,
724 2462 800 2543 quia
818 2481 856 2524 ex
880 2462 950 2543 ejus
975 2462 1155 2543 purissimis
1207 2459 1323 2539 tectus,
1341 2461 1413 2525 fons
1435 2462 1609 2543 sapientiae,
1626 2463 1746 2525 candor
1766 2462 1848 2525 lucis
1868 2471 1963 2526 atter·
1979 2477 2055 2521 aaa.
2067 2482 2105 2519 ts

407 2560 617 2643 sanguinibus
645 2567 807 2641 sumptum
844 2567 875 2621 et
909 2558 1079 2622 formatum
1108 2568 1156 2621 est
1208 2576 1267 2636 nae,
1299 2558 1465 2640 speculum
1494 2559 1670 2639 majestatis
1700 2557 1828 2622 divina.
1857 2561 1960 2634 Quem
1978 2549 2105 2605 ΨΜ
2151 2550 2153 2561 '

407 2678 522 2741 corpus
550 2658 744 2734 Salvatoris3
771 2676 866 2720 causa
890 2676 1015 2739 quoque
1039 2656 1157 2720 lorma-
1207 2656 1283 2736 qnia
1298 2656 1331 2718 in
1346 2676 1403 2718 sua
1417 2675 1481 2719 non
1497 2656 1659 2738 potuimus
1674 2675 1788 2738 cepere
1807 2658 1959 2740 puritate,

406 2757 447 2819 lis
475 2764 506 2819 et
539 2755 740 2838 exemplaris,
770 2754 921 2835 quoniam
946 2755 1017 2817 luce
1046 2754 1155 2835 gratim
1208 2773 1268 2816 nec
1284 2754 1388 2836 ipsum
1404 2755 1437 2817 in
1452 2773 1509 2816 sna
1523 2753 1650 2816 inlinita
1665 2753 1850 2835 conspicere
1865 2756 1964 2818 clari-

407 2875 482 2933 suae,
499 2862 530 2917 ct
545 2874 673 2917 suarum
696 2852 864 2935 splendore
880 2853 1044 2931 virtutum,
1061 2860 1155 2934 atque
1208 2860 1282 2931 tate,
1309 2862 1449 2915 nostram
1474 2872 1513 2915 ex
1541 2860 1572 2915 tc
1599 2854 1773 2935 assumpsit
1799 2862 1960 2936 naturam,

406 2953 551 3035 exemplo
572 2972 637 3015 snae
659 2950 910 3014 conversationis
935 2951 1153 3029 sanctissima,
1209 2950 1319 3031 sicque
1339 2970 1372 3012 se
1393 2951 1499 3032 ipsum
1519 2950 1654 3032 praebuit
1672 2951 1765 3013 nobis
1784 2951 1960 3033 visibilem,

406 3051 525 3134 praebet
539 3049 687 3114 omnibns
703 3048 794 3112 nobis
809 3048 944 3112 formam
965 3048 1107 3128 vivendi,
1124 3047 1191 3110 etC
1209 3047 1381 3110 audibilem
1403 3057 1498 3130 atque
1511 3048 1727 3131 tractabilem.
1744 3049 1778 3111 ln
1799 3058 1830 3112 te
1850 3057 1883 3111 et
1901 3069 1964 3132 per

407 3151 492 3214 viam
508 3149 660 3212 redeundi
682 3168 700 3210 a
720 3148 859 3210 tenebris
879 3149 917 3210 ad
938 3148 1084 3210 salntem.
1101 3148 1156 3211 Est
1209 3155 1240 3208 te
1272 3146 1426 3209 babemus
1456 3148 1489 3209 in
1518 3148 1605 3210 omni
1633 3147 1822 3210 necessitate
1855 3149 1963 3212 subsi-

406 3249 501 3311 etiam
531 3267 625 3310 causa
653 3247 761 3308 finalis
790 3253 904 3308 nostrae
932 3245 1153 3326 reparationis,
1209 3243 1309 3322 dium,
1326 3244 1461 3308 inomni
1481 3263 1617 3309 moerore
1638 3245 1797 3324 solatium,
1813 3246 1845 3307 in
1868 3248 1961 3309 omni

407 3347 557 3428 quoniam
574 3345 658 3407 salus
673 3352 780 3408 nostra
795 3343 1015 3426 principaliter
1033 3344 1157 3406 ordina·
1209 3343 1383 3406 tentatione
1403 3343 1596 3424 relevamen,
1614 3343 1648 3404 in
1669 3343 1757 3406 omni
1781 3344 1963 3426 indigentia

406 3453 459 3506 tur
472 3443 511 3506 ad
526 3442 660 3524 gloriam
675 3441 800 3521 Christi,
811 3440 927 3502 deinde
941 3440 1046 3522 aliquo
1062 3442 1155 3504 modo
1210 3459 1315 3522 opem.
1332 3442 1375 3503 ue
1390 3448 1436 3503 tot
1449 3450 1481 3502 et
1496 3441 1591 3502 tantis
1606 3440 1777 3504 beneficiis
1791 3441 1883 3504 nobis
1905 3443 1964 3505 de-

408 3543 447 3604 ad
461 3541 594 3622 gloriam
610 3559 674 3602 suat
686 3539 1076 3619 llatris‚qnemadmodnm
1089 3558 1157 3620 pro·
1211 3557 1306 3620 snper
1324 3559 1363 3602 ex
1382 3547 1412 3602 te
1431 3547 1463 3601 ct
1480 3559 1538 3621 per
1556 3547 1588 3602 te
1607 3539 1742 3619 collatis,
1759 3540 1822 3603 Deo
1841 3559 1964 3621 nequa-

407 3638 511 3702 iectus
536 3647 568 3701 et
591 3637 676 3700 salus
704 3637 904 3700 subditorum
932 3636 1088 3699 bonorum
1116 3638 1155 3700 ad
1210 3655 1307 3717 qnam
1329 3637 1485 3718 condigne
1508 3638 1672 3719 regratiari
1694 3639 1849 3702 valemus.

409 3756 536 3801 suorum
556 3735 689 3818 gloriam
713 3735 926 3815 prelatorum,
942 3743 1036 3816 prout
1060 3735 1157 3797 Thes-

263 3848 357 3894 rram.
372 3863 394 3902 u,
409 3833 662 3898 salonicensibns
678 3831 790 3894 scribit
803 3832 972 3914 Apostolus
991 3857 997 3894 :
1014 3831 1087 3906 Qua
1109 3842 1156 3896 est

263 3917 297 3958 ¹⁹·
410 3952 482 4015 spes
497 3939 604 3996 nostra
619 3939 673 3993 ant
687 3948 803 3994 corona
824 3929 955 4011 gloriael
971 3949 1077 3994 nonne
1099 3950 1155 3995 vos
1394 3901 1639 3965 ARTICULUS
1663 3901 1770 3964 XXV·

409 4031 440 4092 ill
457 4031 594 4093 adventu
609 4028 734 4091 Domini
749 4027 850 4089 BOSil'l
866 4027 939 4089 JeSll
954 4027 1090 4090 ChPiSiii
1211 4051 1303 4117 Quod
1317 4050 1528 4108 divinissima
1543 4050 1635 4125 virqo
1650 4051 1763 4110 Maria
1778 4053 1962 4113 certissime

450 4127 493 4188 Ex
508 4128 557 4188 his
572 4123 744 4189 innotescit
758 4123 927 4186 multitudo
948 4133 978 4186 ei
1000 4126 1156 4206 magniiu·
1246 4139 1467 4214 proecoqnovit
1478 4139 1605 4197 Filium
1619 4158 1715 4197 suum
1726 4157 1917 4214 passurum,

409 4227 450 4290 do
479 4223 709 4288 beneficiorum
734 4222 827 4284 nobis
855 4222 993 4304 desuper
1017 4243 1075 4306 per
1096 4225 1196 4287 lta-b
1221 4225 1224 4229 ’

410 4323 488 4384 nam
505 4318 723 4382 dulcissimam
738 4316 961 4399 prestiturum.
978 4316 1097 4400 Nempe
1118 4340 1156 4383 ex
1275 4326 1464 4386 USCE'PIT
1484 4326 1591 4384 Israel
1609 4343 1753 4399 pueracm
1777 4345 1886 4396 suum,
1906 4349 1958 4389 re·
1987 4361 2052 4406 ω,
2061 4376 2077 4412 ,1
2086 4365 2118 4411 5„

410 4421 480 4502 ipsa
501 4425 533 4480 et
550 4435 608 4498 per
626 4415 740 4496 ipsam,
756 4414 838 4476 Dens
858 4423 966 4477 noster
984 4415 1088 4478 laetus
1109 4428 1158 4480 est
1284 4424 1438 4481 conlatus
1458 4423 1695 4481 misericordiae
1712 4442 1790 4492 rure,
1812 4425 1897 4484 sicin
1916 4430 1958 4486 lo
1975 4426 2019 4468 ³⁵·

411 4517 510 4580 irater
522 4522 639 4591 noster,
648 4512 798 4575 Dominus
813 4519 920 4575 noster
935 4512 1034 4575 lactus
1046 4523 1096 4577 est
1106 4535 1158 4580 no·
1209 4530 1305 4580 cutus
1331 4528 1377 4579 est
1405 4521 1450 4578 ad
1473 4528 1585 4594 patres
1617 4528 1753 4579 nostros.
1782 4520 1817 4583 ln
1850 4522 1958 4586 verbis

411 4623 475 4678 ster
499 4611 656 4688 minister,
683 4610 811 4673 Creator
841 4617 949 4672 noster
979 4609 1082 4674 factus
1110 4621 1158 4675 est
1211 4613 1327 4677 cantici
1343 4613 1392 4676 sni
1408 4612 1597 4691 dulcissimi,
1614 4612 1875 4679 benedictissima
1893 4619 1957 4681 vir·

410 4719 519 4775 noster
547 4708 694 4786 salvator,
720 4707 819 4769 ludex
848 4715 955 4770 noster
982 4707 1086 4771 lactus
1109 4721 1158 4774 est
1210 4732 1250 4793 go
1264 4712 1358 4774 illaria
1373 4710 1549 4772 insinuavit
1570 4730 1604 4773 se
1623 4711 1707 4774 scire
1725 4713 1860 4792 qualiter
1877 4715 1955 4778 olim
1974 4743 2059 4790 Μ,
2072 4763 2088 4799 ,,
2102 4752 2120 4790 ,,

409 4817 518 4873 noster
537 4805 703 4883 mediator,
724 4804 945 4868 reconciliator
969 4813 1000 4868 et
1023 4808 1157 4872 advoca·
1211 4811 1292 4873 Deus
1312 4807 1485 4871 multifarie
1509 4807 1681 4889 multisque
1704 4809 1807 4872 modis
1832 4812 1957 4876 locutus

262 4927 395 4985 aptetur.
409 4917 469 4971 tus.
491 4903 549 4980 Qui
570 4923 695 4966 eramus
717 4901 778 4964 lilii
802 4902 868 4981 irae,
886 4922 943 4985 per
966 4904 1066 4985 ipsius
1091 4905 1158 4969 fru-
1210 4908 1270 4970 luit
1297 4905 1439 4989 patribus
1463 4924 1521 4987 per
1544 4906 1715 4987 Prophetas
1741 4908 1781 4971 de
1808 4909 1881 4972 llilii
1906 4913 1956 4974 sni

408 5015 494 5070 ctum
516 5012 548 5066 et
571 5021 664 5084 opem
693 4999 768 5063 iacti
797 5019 906 5062 snmus
934 5001 996 5063 lilii
1025 5005 1154 5084 gratiae3
1209 5007 1347 5069 adventu
1363 5005 1402 5066 ad
1417 5004 1639 5066 redimendum
1654 5024 1756 5086 genus
1770 5006 1956 5073 humanum.

407 5101 562 5185 quidquid
577 5098 728 5162 bonitatis
744 5106 776 5160 et
789 5097 897 5178 gratita
911 5098 1063 5162 divinitus
1078 5103 1157 5165 obti-
1209 5103 1273 5166 Nec
1299 5101 1359 5164 luit
1387 5101 1659 5164 illuminatissima
1682 5103 1773 5185 virgo
1796 5105 1893 5168 ldaria
1915 5108 1956 5171 de

406 5220 531 5278 nemus,
548 5217 605 5282 per
626 5198 727 5280 ipsam
747 5195 942 5278 acquirimus
956 5220 964 5275 ;
980 5217 1037 5279 per
1051 5200 1155 5281 ipsam
1209 5198 1385 5264 camaliam
1408 5217 1542 5260 numero
1569 5199 1760 5280 Judaeorum,
1786 5201 1841 5281 qui
1865 5212 1957 5284 puta·

406 5319 425 5365 a
450 5299 528 5382 jugo
555 5296 688 5380 peccati,
716 5313 734 5356 a
763 5293 867 5377 poenis
896 5293 1014 5358 iniemi
1042 5317 1153 5362 snmus
1208 5301 1285 5364 bant
1308 5297 1467 5360 Christum
1490 5304 1658 5360 venturum
1683 5297 1717 5359 in
1741 5307 1896 5381 potestate
1922 5312 1958 5366 et
