4309 6250
446 478 505 543 art
592 496 742 547 hramous
765 497 994 547 ursrurxnoxrs
1015 498 1107 545 rxrna
1126 498 1333 547 cnmsnxxox
1354 472 1624 547 nr'sxxnxcasmx.
1647 516 1688 528 -
1707 499 1780 545 aar.
1800 498 1846 546 xu

447 668 585 731 stianum
609 667 826 751 ingressurum
848 669 1041 751 paradisum.
1063 668 1150 743 Quod
1170 668 1198 730 si
1211 669 1239 732 A
1253 669 1328 732 here
1347 668 1502 747 nituntur,
1519 678 1554 731 ut
1572 688 1663 732 suam
1681 669 1785 751 legem
1804 669 1988 752 amplectari·
2119 669 2120 702 l

448 786 559 829 verum
580 776 639 847 est,
655 768 924 831 demonstratione
943 767 1089 849 probent.
1107 768 1152 829 lta
1166 776 1197 829 et
1252 775 1314 829 tur.
1344 768 1464 833 Eorum
1488 768 1576 830 enim
1604 776 1737 850 uterque
1770 789 1860 832 suam
1891 770 1987 851 legem

448 884 507 929 nos
521 866 688 929 Christiani
710 867 845 929 dicimus
862 890 869 927 ι
888 866 919 929 Si
934 886 1010 954 vera
1032 875 1106 929 sunt
1126 885 1198 948 que
1251 874 1375 928 tantum
1404 867 1518 930 bonam
1547 886 1618 929 esse
1646 866 1799 930 allirmat.
1825 868 1882 930 llla
1906 886 1987 945 vem,

446 964 558 1027 hlahon
580 966 715 1027 asseruit
736 966 775 1028 de
798 965 905 1027 multis
932 964 1121 1046 rebusque
1143 984 1198 1027 na·
1251 965 1401 1028 videlicet
1420 984 1500 1045 gens
1527 965 1585 1028 tibi
1614 966 1796 1044 commissa,
1820 986 1854 1029 se
1880 968 1991 1047 ample·
2119 959 2120 1048 l

447 1064 583 1126 turalem
612 1064 766 1127 rationem
795 1065 1035 1142 transcendunt,
1066 1064 1198 1127 demon·
1251 1063 1294 1125 cti
1318 1062 1421 1144 legem
1441 1062 1586 1143 Abrahae,
1608 1082 1671 1127 non
1695 1064 1804 1139 aliam,
1824 1064 1906 1145 juste
1923 1084 1990 1145 pro·
2119 1055 2120 1086 r

449 1162 599 1225 stratione
626 1162 694 1225 hec
723 1163 836 1244 probet
865 1163 916 1225 vel
950 1161 1029 1243 ipse,
1058 1162 1110 1224 vel
1142 1162 1196 1243 qui
1250 1160 1370 1225 fitetur.
1385 1160 1540 1235 Quaeritur
1563 1182 1634 1243 quae
1655 1164 1696 1225 sit
1715 1163 1771 1225 illa
1796 1163 1847 1225 lex
1867 1163 1989 1225 Abraho

448 1260 551 1323 cultor
579 1268 627 1323 est
652 1260 732 1341 legis
756 1280 831 1324 sue.
858 1261 1022 1342 Quumque
1050 1280 1110 1322 nec
1139 1280 1197 1342 per
1250 1279 1321 1341 quae
1345 1260 1418 1322 data
1444 1269 1494 1322 est
1520 1261 1549 1324 ei
1578 1280 1598 1323 a
1623 1261 1699 1342 Deo,
1724 1262 1777 1324 vel
1805 1281 1899 1343 quam
1925 1262 1989 1343 ipse

448 1358 603 1422 rationem
628 1378 688 1421 nec
712 1378 769 1441 per
792 1360 1019 1422 miraculorum
1040 1358 1197 1441 operatio-
1251 1357 1323 1420 aliis
1347 1359 1443 1436 dedit,
1464 1367 1497 1421 et
1521 1378 1617 1440 quam
1636 1379 1715 1441 gens
1735 1360 1878 1441 sequitur
1893 1360 1990 1422 llahe

2119 1207 2120 1252 t

2119 1373 2120 1424 l

448 1476 522 1519 nem
537 1465 644 1539 posset
664 1477 701 1520 ea
715 1459 861 1540 probare,
878 1458 942 1520 imo
964 1477 1022 1520 nec
1044 1477 1102 1538 per
1120 1457 1197 1520 scri·
1251 1457 1339 1519 meti.
1367 1458 1496 1539 Legitur
1520 1477 1658 1539 namque
1683 1459 1767 1522 lleus
1792 1459 1894 1540 legem
1919 1458 1991 1520 scri-

448 1563 556 1637 pturas
571 1555 646 1619 novi
660 1575 698 1619 ac
719 1556 836 1619 veteris
852 1556 1054 1633 Testamenti,
1072 1562 1197 1618 constat
1251 1564 1338 1637 ptam
1359 1555 1486 1619 dedisse
1499 1556 1608 1638 lloysi,
1625 1576 1721 1638 quam
1736 1565 1770 1620 et
1790 1556 1906 1639 lloyses
1927 1556 1990 1637 ipse

447 1655 532 1737 quod
553 1655 582 1716 ei
605 1655 801 1717 credendum
821 1654 960 1717 nonsit.
1234 1654 1438 1735 .descripsit;
1469 1654 1636 1736 legemque
1663 1656 1882 1737 evangelicam
1909 1654 1991 1716 Chri

487 1752 619 1835 lnsuper
633 1753 744 1815 eodem
760 1753 900 1834 capitulo
919 1752 1036 1834 legitur
1053 1777 1059 1814 :
1077 1753 1196 1833 Siquis
1252 1760 1311 1831 sto,
1332 1771 1428 1834 quarn
1448 1752 1658 1835 Evangelistae
1676 1753 1882 1835 scripserunt.
1901 1753 1992 1816 Abra·
2119 1747 2120 1816 l

447 1860 554 1915 nostra
568 1852 731 1931 (videlicet
746 1852 906 1930 Alcorani)
920 1852 1065 1915 doctrina
1080 1852 1197 1913 instm·
1215 1842 1300 1913 Bhae
1334 1869 1410 1913 vero
1443 1869 1508 1913 non
1541 1850 1657 1931 legitur
1690 1851 1862 1933 specialem
1893 1852 1990 1932 legem

448 1958 529 2031 ctus,
550 1949 692 2012 imitator
715 1949 795 2031 legis
819 1949 933 2012 Christi
959 1950 1057 2012 luerit
1080 1949 1194 2028 lactus,
1250 1949 1386 2027 dedisse,
1415 1968 1475 2011 nec
1505 1968 1577 2012 eam
1608 1948 1725 2031 legitur
1756 1949 1911 2012 Abraham
1941 1950 1990 2010 de

447 2048 503 2111 Dei
532 2048 736 2111 dilectionem
767 2057 798 2111 et
822 2049 940 2111 donum
970 2049 1104 2111 amittet.
1131 2049 1196 2111 lloc
1251 2047 1427 2129 scripsisse,
1444 2047 1504 2109 nisi
1521 2047 1628 2111 lorsan
1644 2047 1764 2111 idcirco
1778 2046 1989 2110 dicaturlleus

447 2146 623 2229 jamdictis
639 2147 1197 2229 videturcontrarium..lamquippe
1250 2141 1375 2208 dedisse
1409 2146 1542 2209 Abrahae
1577 2146 1692 2228 legem,
1726 2146 1876 2228 quoniam
1908 2146 1991 2207 dedit

448 2245 584 2308 asseruit
600 2268 607 2307 :
625 2244 733 2307 Omnis
749 2253 833 2307 recte
849 2244 970 2325 vivens,
988 2246 1056 2308 sive
1071 2245 1196 2307 Judaeus
1251 2244 1280 2307 ei
1296 2243 1549 2307 circumcisionis
1564 2252 1769 2327 preceptum,
1785 2252 1818 2307 et
1835 2243 1895 2306 alia
1911 2262 1991 2325 quo-
2011 2272 2098 2313 ram
2119 2263 2120 2314 t

449 2344 517 2406 sive
540 2342 748 2423 ChristianuS,
766 2362 822 2405 seu
849 2344 919 2425 lege
944 2362 1000 2405 sua
1025 2343 1146 2420 relicta,
1163 2343 1196 2404 in
1251 2342 1324 2405 dam
1354 2350 1522 2425 precepta,
1553 2351 1648 2423 prout
1675 2342 1709 2405 in
1740 2341 1853 2405 Genesi
1886 2337 2081 2405 recita-’⁸⁸⁸4
2119 2335 2120 2392 l

447 2442 544 2505 aliam
569 2442 714 2521 tendens,
731 2442 876 2504 divinum
901 2451 1087 2523 assequetur
1111 2460 1198 2504 amo-
1251 2449 1302 2503 tur
1319 2464 1326 2502 r
1341 2441 1431 2522 Juxta
1449 2460 1544 2522 quem
1564 2442 1694 2503 modum
1718 2441 1808 2503 dedit
1826 2440 1890 2504 Noe
1913 2460 1992 2522 qun-

448 2558 527 2602 rem.
544 2540 626 2621 llrgo
641 2539 667 2601 si
688 2540 890 2619 Sarracenos,
908 2540 977 2622 lege
999 2560 1056 2603 sua
1072 2541 1194 2616 relicta,
1251 2539 1324 2600 dam
1353 2546 1520 2621 praecepta,
1550 2539 1615 2601 imo
1642 2548 1674 2601 et
1706 2538 1794 2601 Isaac
1826 2548 1859 2601 et
1888 2540 1990 2616 laceb,

447 2638 556 2701 tendat
580 2638 613 2699 in
637 2638 740 2720 legem
765 2638 880 2701 Christi
904 2638 1024 2720 liatque
1047 2638 1198 2703 Christia—
1251 2638 1366 2716 haron,
1392 2637 1497 2715 losue,
1522 2636 1674 2717 Cedeoni,
1694 2636 1804 2715 David,
1828 2636 1993 2716 mutisque

448 2756 520 2811 nus,
548 2744 734 2818 assequetur
761 2754 902 2799 amorem
933 2736 1090 2799 divinum.
1118 2738 1197 2801 Prae
1251 2734 1344 2811 aliis,
1370 2743 1402 2797 et
1426 2735 1470 2796 ita
1493 2734 1618 2798 dicetur
1643 2734 1693 2797 his
1716 2735 1867 2798 omnibus
1894 2735 1992 2815 legem

448 2843 544 2911 terea,
553 2834 688 2917 ipsemet
699 2834 810 2897 hlahon
826 2833 943 2896 latetur
956 2835 1041 2916 quod
1054 2835 1197 2897 Christus
1250 2833 1387 2895 dedisse.
1404 2832 1547 2914 lnsuper,
1564 2851 1623 2895 nec
1638 2832 1804 2895 Sarraceni
1825 2832 1927 2913 legem
1941 2851 1992 2894 seu

449 2931 511 2994 luit
538 2932 609 3014 ipso
638 2932 823 3013 sapientior,
855 2933 958 3015 major
985 2941 1016 2995 et
1045 2934 1194 3012 sanctior,
1251 2940 1444 3013 preceptum
1473 2930 1728 2993 circumcisionis
1755 2931 1927 2994 observant
1949 2950 1994 2991 se

448 3039 556 3112 utpote
581 3030 708 3094 llessias
733 3030 765 3092 in
791 3031 862 3112 lege
883 3039 914 3093 et
937 3031 1102 3113 Prophetis
1126 3022 1197 3113 pro
1212 3024 1235 3087 C
1252 3030 1391 3092 cundum
1411 3030 1496 3110 quod
1520 3030 1622 3092 aDeo
1645 3028 1754 3091 datum
1773 3037 1823 3091 est
1841 3029 1991 3092 hbmho:

448 3131 575 3192 missus.
602 3129 715 3212 Negari
741 3149 868 3212 quoque
897 3150 961 3193 non
989 3139 1093 3212 potest
1120 3134 1196 3213 quin
1251 3130 1336 3211 quia,
1361 3138 1394 3190 ut
1418 3129 1520 3192 lertur
1543 3128 1576 3190 in
1601 3128 1727 3208 Genesi,
1748 3129 1828 3191 dixit
1852 3129 1934 3192 Deus
1957 3129 1992 3190 ad

447 3228 497 3290 lex
516 3228 629 3291 Christi
652 3229 694 3290 sit
715 3228 815 3291 multo
837 3229 1041 3310 spiritualior,
1057 3230 1199 3293 divinior
1251 3247 1336 3306 eum,
1352 3226 1459 3289 lnlans
1484 3235 1556 3290 octo
1580 3227 1703 3289 dierum
1729 3227 1991 3301 circumcidetur3
2005 3240 2082 3284 ueta

446 3335 540 3409 atquo
562 3326 734 3407 perfectior
757 3327 826 3407 lege
849 3327 1017 3390 hlahometi
1036 3349 1043 3388 ε
1062 3329 1146 3408 quod
1166 3336 1197 3389 et
1252 3324 1415 3388 Sarraceni
1429 3332 1535 3387 autem
1551 3343 1666 3406 pueros
1682 3343 1756 3388 suos
1767 3325 1994 3388 circumcidunt

446 3426 609 3488 Avicenna
632 3425 663 3486 in
694 3445 750 3487 sua
779 3424 989 3506 Metaphysica
1014 3427 1091 3487 satis
1121 3426 1197 3487 insi·
1252 3442 1316 3485 non
1331 3422 1364 3484 in
1379 3422 1431 3485 die
1445 3431 1569 3502 octavo,
1586 3423 1640 3485 sed
1662 3423 1882 3486 tertiodecimo
1902 3441 1991 3498 anno,

447 3533 535 3604 nnat,
561 3523 616 3587 ubl
641 3523 783 3586 allirmat
806 3523 964 3588 Christum
994 3523 1027 3585 in
1052 3525 1117 3586 suis
1142 3524 1197 3587 do·
1252 3530 1287 3583 ut
1309 3520 1435 3599 dicitur,
1456 3519 1607 3602 quoniam
1632 3528 1678 3583 tot
1701 3539 1859 3584 annorum
1881 3519 1995 3584 exstitit
2004 3535 2084 3582 outa

2119 3296 2121 3353 l

2119 3402 2120 3457 l

447 3622 561 3685 ctrinis
575 3621 676 3684 multo
697 3621 920 3704 sapientiorem
942 3641 979 3684 ac
995 3622 1196 3685 moraliorem
1251 3618 1375 3698 lsmael,
1393 3627 1482 3701 pater
1504 3637 1625 3695 eorum,
1642 3619 1769 3700 quando
1792 3627 1842 3681 est
1866 3619 1996 3681 circurn-

446 3721 622 3784 ldahometo
637 3719 747 3783 luisse.
760 3719 841 3802 Ergo
856 3720 948 3782 valde
963 3720 1122 3783 laudabile
1136 3729 1194 3798 est,
1252 3717 1349 3779 cisus.
1376 3717 1547 3793 Postremo,
1573 3716 1684 3777 blahon
1711 3714 1923 3796 Evangelium
1946 3735 1996 3796 ap

448 3821 518 3901 lege
553 3819 718 3882 hlahometi
747 3819 869 3899 relicta,
901 3819 1003 3899 legem
1035 3839 1197 3882 assumere
1251 3814 1425 3898 probando,
1463 3812 1630 3894 praelatum
1666 3812 1799 3875 verbum
1834 3823 1868 3875 et
1900 3822 1995 3876 totum

447 3916 573 3981 Christi.
590 3917 685 3980 Porro
705 3937 742 3980 ex
761 3918 854 3980 dictis
873 3926 967 3998 atque
990 3917 1135 3981 dicendis
1159 3917 1198 3981 lit
1250 3915 1440 3978 Alcoranum
1476 3913 1603 3994 penitus
1636 3911 1827 3993 reprobavit.
1857 3911 1995 3976 Christus

448 4017 581 4092 clarum,
611 4017 695 4097 quod
732 4017 763 4076 in
799 4017 868 4097 lego
900 4017 1067 4080 lllahometi
1102 4035 1198 4080 nemo
1250 4032 1388 4094 namque
1412 4012 1516 4093 legem
1542 4029 1643 4088 suam,
1660 4028 1724 4072 non
1746 4009 1890 4088 Abrahae,
1906 4009 1996 4092 jussit

447 4114 548 4196 possit
570 4114 699 4192 salvari,
716 4122 747 4177 et
767 4114 850 4195 quod
872 4115 1012 4176 universi
1033 4115 1197 4176 sarraceni
1252 4112 1292 4173 ab
1307 4111 1456 4174 omnibus
1475 4109 1648 4173 observari.
1666 4108 1790 4170 Etenim
1810 4126 1995 4171 ascensurus

447 4213 479 4274 in
497 4221 578 4274 statu
595 4219 721 4274 eternae
735 4212 948 4274 damnationis
963 4212 1128 4275 exsistant.
1212 4209 1285 4272 llin
1305 4209 1434 4286 coelum,
1456 4208 1607 4290 praecepit
1628 4207 1786 4290 Apostolis
1803 4230 1810 4269 ι
1826 4207 1945 4268 Euntes
1964 4206 1994 4266 in
2016 4214 2120 4271 xmae}

488 4311 644 4392 Amplius,
659 4311 771 4373 eodem
787 4310 1074 4393 habeturcapitulo
1089 4311 1198 4385 :Ouis-
1252 4307 1407 4369 muudum
1437 4307 1633 4384 universum,
1662 4305 1832 4387 praedicate
1859 4289 2067 4385 Evange¹⁵‘'“
2119 4302 2121 4367 l

446 4428 509 4491 que
538 4409 640 4489 legem
665 4408 796 4470 Abrahae
822 4407 997 4489 neglexerit
1020 4409 1197 4490 derelique·
1252 4405 1330 4466 llum
1345 4405 1433 4468 omni
1453 4412 1604 4466 creatura
1617 4403 1664 4485 (id
1686 4412 1735 4466 est
1753 4403 1879 4466 cunctis
1900 4400 1996 4465 homi·
2119 4372 2121 4509 l

449 4506 541 4583 ritve,
557 4506 670 4568 brutus
685 4506 753 4568 erit.
773 4507 837 4568 lloc
853 4525 962 4567 rursus
980 4505 1107 4568 videtur
1119 4526 1197 4587 prau-
1252 4505 1361 4582 nibus)
1387 4527 1394 4564 ι
1420 4503 1475 4584 qui
1506 4502 1675 4565 crediderit
1698 4505 1826 4582 (vestrae
1849 4501 1997 4583 predica·

448 4604 588 4666 inductis
603 4605 796 4667 contrarium
815 4628 821 4665 :
839 4603 913 4685 quia
927 4603 993 4684 jam
1009 4603 1098 4681 dixit,
1111 4605 1196 4684 quod
1252 4603 1345 4682 tioui)
1361 4609 1393 4663 et
1406 4600 1582 4681 baptizatus
1604 4599 1710 4682 luerit,
1725 4601 1833 4662 salvus
1847 4599 1930 4676 erit3
1945 4598 1996 4679 qui
2119 4588 2121 4643 l

449 4703 555 4766 omnis
571 4711 655 4765 recte
672 4703 796 4783 vivens,
805 4703 872 4765 sive
887 4702 1011 4765 Judaeus
1027 4702 1094 4764 sive
1110 4703 1197 4764 Chri·
1253 4719 1327 4763 vero
1349 4719 1412 4762 non
1435 4698 1616 4778 crediderit,
1632 4698 1906 4761 condemnabitur.
2119 4666 2121 4791 l

450 4802 583 4879 stianus,
600 4801 745 4863 divinum
759 4810 946 4881 assequetur
960 4819 1111 4863 amorem.
1127 4799 1196 4862 Non
1291 4797 1600 4876 Praeterea,secundo
1614 4795 1761 4859 Alcorani
1776 4796 1917 4876 capitulo
1930 4814 1999 4858 con-
2119 4800 2121 4883 l

450 4919 525 4981 ergo
559 4907 683 4980 oportet
715 4917 877 4961 assumere
905 4899 1037 4961 Abrahae
1071 4899 1196 4979 legem;
1253 4898 1370 4959 tinetur
1397 4919 1404 4957 :
1431 4895 1508 4957 'lota
1535 4894 1587 4957 die
1614 4893 1808 4976 jejunantes,
1833 4903 1929 4957 nocte
1955 4893 1998 4975 je·
2119 4954 2121 4977 Ι

449 5017 544 5081 quam
566 4996 731 5079 distinguit
753 5016 771 5058 a
792 4998 861 5078 lege
881 4995 995 5059 Christi
1014 5015 1051 5058 ac
1070 4997 1196 5078 Moysis,
1252 4995 1378 5076 junium
1408 4993 1533 5071 solvite,
1559 5000 1637 5054 tunc
1665 4992 1868 5055 comedentes
1897 5001 1930 5055 et
1956 4991 2000 5054 bi·
2119 4996 2121 5033 ²

448 5115 547 5178 quum
577 5096 689 5158 eodem
718 5096 843 5157 dicatur
869 5095 1008 5176 capitulo
1042 5094 1132 5175 quasi
1161 5115 1199 5158 ex
1254 5095 1365 5157 bentes
1392 5101 1546 5176 quantum
1575 5091 1715 5170 libuerit,
1742 5091 1808 5153 lere
1837 5090 1998 5172 usquead

449 5213 585 5278 persona
610 5194 664 5256 Dei
692 5194 731 5255 ad
760 5195 871 5257 llahon
897 5217 904 5255 ε
932 5193 1020 5256 Nunc
1044 5193 1142 5255 Judaei
1168 5201 1200 5256 et
1254 5192 1448 5274 principium
1472 5191 1557 5254 horae
1581 5209 1651 5272 quaa
1679 5188 1755 5252 solis
1784 5196 1889 5251 ortum
1916 5191 2005 5251 ante'
2119 5178 2121 5226 ³

450 5292 619 5357 Christiani
635 5301 762 5375 gentem
783 5292 841 5354 tihi
863 5291 1064 5356 commissam
1080 5292 1199 5355 abstra-
1256 5291 1390 5354 cedit.O
1413 5290 1506 5373 quale
1529 5297 1579 5353 est
1598 5289 1682 5352 istud
1703 5296 1898 5371 preceptum
1919 5287 1999 5371 quod
2119 5303 2121 5329 t
