4309 6250
457 454 519 521 494
598 474 749 523 DlALOGllS
772 476 1002 524 ntsrmtttoats
1024 477 1117 524 lli'lllll
1137 477 1344 526 Clllllsl'lANUl
1365 481 1402 525 ll'l'
1423 478 1639 527 stuatosum.
1661 498 1702 509 -
1723 479 1792 526 Ant.
1815 478 1869 525 m

460 641 605 823 33:1pr
607 651 648 805 put
646 646 1022 808 npnpppplpppehens1b1lior
1043 654 1091 710 est
1113 666 1208 730 quam
1224 650 1249 711 Α
1457 707 1700 773 ARTIGULUS
1724 708 1818 771 XIX·

501 839 714 905 Saaaacnuus.
740 841 962 917 -Quantum
989 844 1063 906 lieri
1092 850 1207 927 potest,
1263 857 1311 915 De
1333 856 1548 931 aspernantis,
1567 856 1808 931 fundamentis,
1829 858 1993 917 rationibus

460 934 560 999 fidem
580 939 770 1002 sacramenti
789 939 886 1023 hujus
905 940 1063 1022 defendiS,
1081 961 1209 1023 persua·
1332 952 1361 1003 et
1377 945 1634 1005 stabilitiom'bus
1646 948 1728 1023 fidei
1741 946 1934 1006 christiam.

460 1034 528 1113 des,
545 1036 698 1100 declaras.
716 1037 776 1100 Sed
801 1037 941 1101 breviter
965 1039 1017 1102 dic
1041 1059 1098 1103 cur
1122 1040 1209 1103 Chri-

461 1142 528 1196 stus
556 1141 619 1198 tam
648 1135 794 1199 mirabile
823 1146 1059 1201 sacramentnm
1085 1139 1209 1202 sacrifi·
1304 1137 1520 1202 Cumsrtmtos
1537 1174 1578 1185 -
1592 1140 1689 1203 Docet
1712 1159 1772 1204 nos
1795 1140 1903 1203 divina
1924 1140 1993 1205 Scri-

460 1232 608 1315 oiumque
629 1234 778 1297 instituit.
1264 1245 1368 1319 ptura,
1385 1246 1417 1299 et
1428 1246 1581 1300 consonat
1595 1236 1749 1301 naturalis
1764 1238 1845 1302 ratio
1859 1258 1894 1303 ac
1908 1258 1994 1303 mora-

499 1331 715 1397 Cumsrmuos.
727 1369 768 1379 -
781 1333 829 1396 ob
842 1353 907 1397 suae
921 1333 1092 1398 salutiferas
1107 1336 1207 1419 passi·
1264 1335 1303 1397 lis
1319 1335 1565 1417 doctrina‚quod
1581 1354 1645 1399 non
1660 1336 1700 1399 sit
1714 1337 1905 1401 credendum
1919 1338 1992 1401 omni
2009 1362 2092 1407 itm-a.

458 1430 530 1494 onis
544 1432 731 1495 memoriam
745 1432 864 1515 jugiter
876 1433 1205 1515 frequentandam3ad
1264 1433 1387 1517 spiritui
1401 1457 1409 1513 3
1426 1434 1559 1512 etitem,
1576 1436 1661 1515 quod
1679 1435 1733 1517 qui
1756 1435 1820 1499 oito
1840 1436 1944 1514 credit,
1958 1436 1993 1499 le
2005 1430 2094 1535 'lata

458 1528 508 1591 sui
526 1529 634 1592 eximii
654 1530 771 1594 amoris
795 1531 834 1593 ad
857 1551 916 1594 nos
937 1532 1204 1611 declarationem;
1263 1533 1312 1596 vis
1337 1534 1378 1595 sit
1402 1533 1507 1599 corde.
1530 1533 1677 1597 Facilitas
1701 1553 1840 1617 namque
1862 1534 2019 1597 credendis.

457 1628 496 1690 ad
525 1636 707 1691 nostrorum
736 1629 879 1692 cordium
904 1630 938 1691 in
962 1631 1074 1695 divino
1098 1651 1206 1696 amore
1263 1632 1347 1714 parit
1374 1631 1474 1694 multa
1499 1650 1678 1714 magnaque
1701 1632 1796 1695 mala.
1823 1633 1894 1695 ldeo
1915 1634 1994 1696 docet

457 1728 703 1807 accensionem3
733 1729 772 1791 ad
802 1727 1037 1810 impetrandum
1067 1730 1160 1793 nobis
1188 1752 1206 1794 a
1263 1731 1425 1813 Scriptura
1440 1739 1476 1793 ut
1489 1731 1661 1813 probemus
1680 1732 1811 1814 spiritus
1830 1752 1869 1794 an
1887 1752 1922 1795 ex
1941 1733 1994 1795 Deo
2013 1756 2094 1803 traua.

457 1826 521 1888 Deo
548 1826 637 1889 Patre
662 1825 813 1889 vitiorum
842 1836 1022 1890 nostrorum
1049 1829 1208 1891 remissio·
1225 1828 1249 1891 B
1264 1832 1338 1894 sint.
1356 1830 1394 1893 Et
1415 1831 1520 1912 plane,
1537 1850 1601 1912 quo
1626 1831 1992 1913 incomprehensibiliora,
2006 1823 2021 1861 ¹·

457 1944 552 2002 nem;
576 1925 615 1987 ad
640 1924 851 1988 obtinendum
876 1926 1067 1991 charismata
1091 1928 1207 2009 gratia·
1264 1928 1553 2012 supernaturaliora
1581 1936 1613 1992 et
1641 1929 1814 1994 secretiora
1841 1938 1995 2011 suntque

459 2024 582 2085 cumin
605 2023 751 2106 praesenti
773 2032 806 2086 et
824 2024 1052 2088 beatitudinem
1073 2027 1106 2089 in
1123 2026 1209 2090 lutu-
1263 2036 1484 2111 proponuntur
1509 2028 1678 2108 credenda,
1694 2048 1733 2092 eo
1757 2027 1934 2092 efficaciora
1951 2029 1996 2091 de

460 2142 514 2200 ro;
531 2123 570 2184 ad
594 2122 783 2205 placandum
807 2130 838 2185 et
862 2123 1083 2186 honorandum
1109 2126 1207 2188 Deum
1263 2128 1340 2191 bent
1363 2148 1433 2191 esse
1455 2137 1641 2212 argumenta
1662 2149 1719 2211 per
1740 2150 1810 2213 quas
1832 2138 1863 2193 et
1883 2136 1996 2212 propter

460 2220 582 2284 Patrem
608 2221 771 2284 coelestem
795 2240 853 2303 per
875 2221 1035 2304 Unigeniti
1061 2223 1110 2285 sui
1132 2244 1210 2306 quo-
1264 2246 1333 2309 qum
1347 2227 1411 2290 illis
1426 2228 1604 2291 adhibenda
1619 2236 1667 2291 est
1682 2226 1775 2291 tides.
1783 2228 1862 2292 llinc
1872 2229 1996 2291 Christus

460 2319 611 2382 tidianam
635 2319 839 2399 oblationem,
864 2328 958 2402 atque
986 2340 1043 2403 per
1071 2342 1210 2386 comme·
1263 2326 1382 2389 docens
1402 2334 1434 2389 et
1456 2345 1602 2390 asserens
1621 2346 1656 2389 se
1675 2346 1745 2390 esse
1764 2326 1879 2390 Filium
1899 2326 1948 2389 bei
1971 2334 1997 2387 et

461 2418 671 2482 morationem
696 2418 929 2482 beneficiorum
954 2419 1066 2501 ipsius,
1094 2430 1125 2484 et
1153 2441 1211 2504 per
1264 2423 1422 2487 Christum
1442 2424 1475 2486 in
1495 2423 1565 2505 lege
1585 2424 1698 2508 Moysis
1712 2444 1749 2488 ac
1765 2425 1925 2508 Prophetis
1938 2444 1998 2506 pro

461 2517 687 2595 laudationem,
701 2518 930 2595 adorationem,
941 2518 1209 2600 glorificationem
1265 2520 1408 2601 missum,
1434 2540 1497 2584 non
1523 2521 1626 2604 exegit
1649 2542 1667 2584 a
1692 2522 1784 2585 nobis
1813 2530 1847 2584 ut
1871 2521 1941 2585 solis
1966 2540 1997 2582 ac

461 2623 492 2677 et
517 2616 639 2677 cultum
663 2615 798 2679 infinitas
823 2616 1029 2697 excellentiae,
1046 2617 1208 2697 bonitatis,
1265 2618 1357 2681 nudis
1383 2619 1489 2683 verbis
1516 2619 1618 2702 ipsius
1643 2621 1857 2699 crederemus,
1880 2620 1931 2681 sed
1953 2638 1998 2681 ra·

462 2712 691 2776 misericordie
720 2732 757 2775 ac
785 2712 1016 2777 munificentie
1045 2714 1115 2796 ejus
1144 2735 1211 2798 my·
1265 2718 1320 2779 riis
1345 2717 1448 2781 modis
1472 2718 1618 2799 probavit
1642 2738 1676 2781 se
1697 2737 1773 2782 vera
1794 2718 1906 2783 docem
1922 2740 1929 2779 :
1944 2716 1997 2799 pri-

462 2812 693 2893 steriorumque
715 2810 840 2875 Christi.
1265 2834 1328 2895 mo,
1355 2835 1412 2899 per
1435 2834 1532 2898 opera
1557 2816 1749 2880 miraculosa
1773 2836 1843 2899 qua
1865 2816 1937 2905 egit.
1962 2816 1997 2878 lle

502 2911 714 2973 slaaacasus.
738 2946 780 2955 —
802 2910 951 2984 Quamvis
977 2910 1155 2975 ineffabilia
1178 2922 1210 2976 et
1264 2913 1379 2996 quibus
1393 2913 1472 2976 dixit
1487 2938 1495 2977 ι
1513 2914 1614 2997 Opera
1628 2934 1698 2997 qum
1713 2914 1802 2978 dedit
1817 2914 1894 2977 mibi
1907 2915 1996 2992 Pater,
2017 2934 2095 2979 saar.

461 3008 796 3090 incomprehensibilia
821 3017 989 3091 suntque
1016 3011 1111 3074 doces
1140 3030 1209 3074 esse
1228 3012 1333 3096 (lipsa
1365 3012 1581 3075 testimonium
1615 3013 1785 3095 perhibent
1812 3014 1851 3076 dc
1878 3032 1946 3090 mc;
1972 3020 1998 3074 et
2009 3002 2034 3040 ³⁴·

461 3107 631 3186 credenda,
647 3115 754 3171 tamen
774 3106 815 3171 ob
834 3108 1030 3190 praeinducta
1045 3109 1165 3172 motiva
1180 3117 1210 3174 et
1265 3131 1373 3175 rursus
1391 3135 1398 3175 ε
1417 3111 1448 3174 Si
1464 3110 1543 3174 mihi
1560 3110 1688 3194 (inquit)
1703 3133 1768 3176 non
1784 3110 1920 3192 creditis,
1934 3130 1998 3197 ope
2010 3123 2095 3169 ruat

356 3240 445 3284 ..upa
460 3215 646 3288 argumenta
670 3206 787 3288 quibus
810 3205 876 3287 jam
901 3227 997 3288 supra
1025 3209 1208 3271 monstrasti
1265 3209 1352 3272 ribus
1367 3210 1508 3288 credite;
1525 3211 1665 3292 itemque
1682 3234 1689 3272 :
1706 3210 1820 3274 Sinon
1839 3209 1921 3273 facio
1934 3228 1998 3291 ope
2009 3223 2080 3266 tat-t

461 3304 634 3387 scripturas
649 3305 723 3368 novi
742 3325 780 3367 ao
800 3305 916 3368 veteris
931 3306 1123 3370 Testamenti
1144 3327 1207 3371 non
1264 3328 1298 3370 ra
1326 3308 1423 3371 Patris
1452 3307 1527 3388 mei,
1557 3308 1656 3371 nolite
1688 3309 1821 3372 credere
1848 3308 1936 3371 mihi.
1963 3307 1997 3370 De

460 3423 530 3466 esse
545 3413 709 3486 corruptas
724 3423 830 3485 noque
845 3402 992 3484 infectae,
1009 3413 1044 3466 ut
1057 3406 1206 3484 dicimus,
1263 3406 1379 3489 quibus
1400 3407 1506 3470 denuo
1529 3415 1577 3470 est
1598 3415 1753 3470 testatus:
1773 3408 1805 3472 si
1827 3427 1921 3490 opera
1943 3425 1998 3468 non
2020 3419 2060 3463 aa.
2075 3429 2096 3462 a.

361 3536 390 3567 ‚v
425 3537 444 3566 ι.
459 3511 493 3565 et
519 3502 604 3585 quod
632 3502 789 3585 scriptura
819 3503 965 3566 Alcorani
994 3503 1205 3585 apertissime,
1264 3506 1412 3570 fecissem
1427 3507 1460 3569 in
1479 3506 1542 3570 illis
1556 3506 1601 3588 (id
1621 3514 1669 3570 est
1689 3506 1772 3569 inter
1791 3507 1926 3585 ludaeos)
1939 3523 1999 3587 que
2009 3488 2034 3527 ³⁸

460 3600 634 3682 sepissime
660 3609 691 3662 et
716 3601 936 3683 copiosissime
958 3622 976 3665 a
997 3601 1138 3684 praelatis
1161 3623 1209 3665 sa·
1263 3606 1370 3668 nullus
1384 3605 1465 3669 alius
1480 3605 1567 3686 lecit,
1583 3614 1751 3688 peecatum
1766 3624 1831 3670 non
1845 3605 1997 3668 haberent.

459 3698 524 3761 cris
539 3698 712 3780 Scripturis
727 3698 898 3778 discordet,
914 3700 999 3781 quod
1015 3700 1110 3762 etiam
1126 3701 1208 3764 Deus
1262 3687 1349 3767 Unde
1372 3711 1404 3766 et
1429 3703 1490 3786 ipsi
1515 3703 1688 3766 adversarii
1710 3703 1838 3781 Christi,
1863 3701 1999 3766 inlidelcs

458 3796 634 3860 altissimus
655 3797 808 3877 usquein
828 3817 968 3880 praeseus
990 3797 1208 3861 testimouium
1263 3802 1371 3882 ludaei,
1396 3802 1579 3866 stimulante
1607 3801 1739 3880 invidia,
1768 3801 1998 3884 loquebantur:

456 3895 623 3979 perhibeat
648 3894 725 3957 fidei
746 3896 924 3959 christiana
947 3914 1004 3977 per
1027 3896 1152 3960 diversa
1177 3905 1209 3960 et
1262 3900 1342 3975 Ouid
1366 3899 1514 3978 lecimus,
1530 3899 1606 3982 quia
1624 3899 1677 3963 bic
1697 3899 1794 3964 homo
1809 3901 1897 3982 signa
1911 3899 2098 3962 muniam.

457 4013 574 4076 magua
588 3994 744 4056 miracula
760 4017 767 4055 :
784 3993 860 4057 binc
875 3994 978 4057 fateor
999 4013 1050 4057 me
1069 4014 1133 4059 non
1149 3996 1208 4058 mi·
1264 3998 1364 4061 lacitl

457 4094 544 4156 nime
572 4093 721 4155 inclinari
744 4093 783 4154 ad
808 4093 1046 4176 suscipiendum
1066 4094 1208 4176 Evange-
1302 4097 1335 4160 ld
1350 4116 1425 4180 ergo
1441 4097 1474 4159 in
1490 4097 1601 4180 primis
1621 4104 1652 4160 te
1672 4097 1755 4160 scire
1776 4106 1911 4180 oportet,
1925 4095 2000 4180 quod

456 4191 535 4254 lium
563 4191 693 4270 Christi,
725 4192 789 4254 imo
820 4192 983 4272 utriusque
1012 4195 1205 4257 Testamenti
1223 4194 1248 4257 D
1263 4195 1345 4259 sicut
1372 4195 1518 4259 homines
1546 4195 1687 4259 universi
1717 4196 1813 4260 unius
1837 4204 1911 4260 sunt
1940 4212 2002 4276 spe-

457 4291 643 4375 scripturas,
660 4299 691 4354 et
706 4290 805 4353 iidem
826 4310 921 4373 quam
942 4291 1085 4374 appellas
1100 4294 1207 4357 catho-
1262 4294 1333 4376 ciel,
1350 4295 1392 4357 ita
1415 4295 1454 4357 ad
1479 4295 1623 4357 eamdem
1649 4295 1877 4364 beatitudinem
1896 4314 1950 4358 seu
1966 4291 2001 4355 atl

457 4391 564 4453 licam.
581 4389 641 4452 Sed
659 4389 741 4451 utin
757 4388 823 4451 lide
839 4389 1059 4454 confirmaret
1080 4392 1206 4474 plenius
1261 4393 1408 4456 eumdem
1433 4392 1583 4456 ultimum
1603 4392 1705 4456 finem
1726 4393 1863 4457 ordinati
1885 4401 1955 4456 sunt
1974 4397 2001 4454 et

457 4489 607 4566 instruar,
626 4507 738 4571 precor
757 4498 791 4551 ut
812 4488 965 4552 diffusius
984 4490 1063 4552 mihi
1089 4491 1207 4554 edisse·
1262 4493 1370 4558 creati.
1394 4493 1465 4556 llaec
1490 4500 1596 4556 autem
1621 4492 1784 4556 beatitudo
1809 4502 1840 4557 et
1867 4491 2001 4558 omnium

458 4609 510 4652 ras
525 4596 557 4650 et
570 4605 710 4670 exponas
732 4587 952 4667 fundamenta,
968 4598 1155 4670 argumenta
1169 4609 1205 4654 ac
1262 4591 1357 4670 salus,
1374 4610 1439 4655 non
1459 4599 1507 4654 est
1526 4590 1622 4669 loeda,
1640 4590 1806 4654 immunda
1825 4600 1857 4655 et
1876 4587 2001 4654 brutalis

457 4685 667 4749 stabilitiones
692 4684 769 4748 fidei
794 4686 984 4750 christianae.
1261 4690 1407 4772 voluptas
1427 4709 1523 4771 quam
1542 4690 1576 4752 in
1591 4690 1748 4753 Alcorano
1762 4691 1875 4754 ldahon
1895 4688 2002 4770 turpis·

497 4784 713 4847 Cumsrmuus.
742 4819 783 4830 -
810 4783 918 4848 Crates
951 4786 1014 4850 Deo
1047 4787 1132 4868 quod
1166 4788 1205 4850 ad
1261 4789 1361 4851 simus
1376 4788 1558 4870 repromisit
1573 4787 1606 4849 in
1629 4787 1776 4869 paradiso
1800 4788 1939 4851 terrestri
1953 4787 2002 4848 ba·

457 4883 541 4946 istud
557 4882 745 4946 devenimus
760 4891 792 4946 et
806 4892 928 4946 tantum
945 4884 1151 4965 proiecimus.
1167 4886 1205 4948 Et
1260 4888 1418 4966 bendam3
1435 4888 1490 4950 sed
1510 4894 1558 4950 est
1578 4886 1662 4950 clara
1682 4894 1714 4949 et
1732 4886 1916 4950 immediata
1928 4884 2002 4948 visio

456 5003 542 5047 nunc
557 5003 621 5065 quo
636 4991 722 5044 tuam
743 4983 986 5048 conversionem
1008 4992 1102 5066 atque
1117 4994 1206 5048 aeter-
1260 4986 1390 5049 Deitatis
1405 4985 1547 5063 buitim,
1565 4983 1774 5048 ineffabiliter
1793 4985 1945 5048 deliciosa
1962 4991 2002 5046 at·

456 5101 531 5146 nam
545 5083 680 5144 salutem
696 5082 869 5145 cordialius
884 5091 971 5164 opto,
987 5103 1025 5146 eo
1045 5086 1129 5165 quod
1149 5104 1204 5168 po·
1260 5104 1321 5166 que
1336 5084 1478 5166 plenarie
1494 5084 1710 5148 contentativa
1726 5092 1758 5147 et
1772 5084 1944 5166 quietativa
1956 5083 2001 5145 de

456 5181 556 5244 stulas
581 5179 733 5242 libentius
757 5179 993 5262 jucundiusque
1017 5182 1095 5262 (Deo
1118 5184 1205 5246 auxi·
1260 5183 1368 5247 siderii
1393 5181 1497 5246 omnis
1522 5182 1638 5245 mentis
1663 5191 1788 5263 creata,
1805 5183 1839 5246 in
1862 5182 2000 5266 paradiso

456 5279 567 5360 liante)
588 5277 740 5362 implebo.
1261 5281 1382 5348 ooelesti
1406 5281 1595 5346 eternaliter
1620 5280 1814 5364 possidenda
1830 5307 1837 5346 :
1853 5301 1948 5366 quarn
1970 5279 1999 5342 in
