4309 6250
248 521 287 566 ott
307 519 517 568 aocrottmm
537 520 634 567 Sffll
654 519 820 566 rounrtcts
841 519 878 564 BT
898 517 1068 566 emulus
1090 515 1231 574 continu,
1253 516 1341 562 trun
1362 516 1394 562 11.
1417 534 1458 545 -
1477 515 1548 560 Aur.
1570 515 1626 560 1111
1652 495 1713 560 6θῦ

166 691 270 754 Tertia
291 699 340 754 cst
358 697 497 773 potestas
516 689 710 773 apostolatus
730 709 785 752 seu
800 687 952 772 predi-A
1009 688 1162 769 Denique,
1178 687 1316 768 praelata
1334 685 1561 768 propositionis
1580 691 1714 748 asserto

166 788 260 852 candi
289 789 468 866 auctoritas,
496 807 566 870 quae
594 789 742 851 omnibus
771 787 865 849 simul
894 807 913 850 a
968 805 1018 850 res
1040 786 1163 864 dicunt,
1186 786 1272 867 quod
1292 783 1435 872 Ecclesia
1454 785 1497 845 sit
1515 782 1618 846 solum
1641 801 1715 845 cau-

95 917 151 956 ae,
165 887 288 950 Christo
303 905 455 949 concessa
468 894 517 948 est
531 885 657 966 quarmo
676 885 779 948 dixit:
796 883 913 946 Euntes
968 903 1002 946 sa
1024 883 1094 946 sine
1112 902 1175 966 qua
1193 901 1259 946 non
1277 883 1386 945 Petrus
1410 888 1598 964 potestatem
1624 899 1714 942 suana

40 999 46 1010 ·
165 971 346 1068 praedicate,
368 991 429 1047 etc.
453 981 566 1058 Quarta
596 991 645 1046 est
668 991 806 1068 potestas
829 982 914 1063 judi·
968 983 1093 1064 accepit
1117 1001 1135 1044 a
1155 981 1291 1060 Christo,
1307 979 1457 1062 quoniam
1483 979 1586 1042 dantis
1612 978 1715 1041 inten-

166 1083 271 1146 ciariaa
291 1081 497 1146 correctionis
518 1081 551 1142 in
573 1079 643 1144 loro
667 1080 826 1158 exteriori,
843 1099 913 1162 quta
970 1081 1013 1142 tio
1027 1079 1099 1158 luit,
1116 1089 1243 1162 propter
1261 1079 1380 1142 bouum
1399 1076 1550 1141 Ecclesia
1570 1075 1715 1139 conferre

165 1181 238 1244 data
257 1188 306 1244 est
327 1180 381 1242 ubi
404 1179 486 1261 apud
506 1179 684 1242 lllatthaeum
704 1177 846 1240 Christus
868 1178 913 1240 lo-
969 1179 1058 1242 Petro
1082 1179 1266 1259 hujusmodi
1290 1184 1489 1261 potestatem.
1506 1175 1566 1238 Sed
1592 1195 1630 1238 ex
1653 1175 1714 1237 hoc

67 1313 82 1340 a
128 1330 134 1342 .
164 1278 272 1359 quitur
298 1277 413 1340 Petro:
432 1276 463 1339 Si
492 1275 673 1360 peccaverit
701 1277 735 1338 iu
759 1283 790 1338 tc
815 1274 914 1338 irater
970 1295 1032 1340 non
1048 1277 1288 1358 sequiturquod
1303 1276 1412 1338 Petrus
1426 1293 1489 1338 non
1506 1273 1629 1356 accepit
1643 1291 1715 1336 eam

25 1377 37 1404 ⁸
98 1366 109 1376 ’
165 1384 249 1456 tuus,
265 1383 326 1438 etc.
342 1374 456 1450 Quinta
469 1381 518 1438 est
538 1381 675 1458 potestas
693 1373 912 1456 dispositionis
968 1375 1331 1438 immediateaChristo.
1347 1373 1506 1455 Magisque
1525 1372 1654 1455 proprie
1667 1371 1715 1434 di·

164 1473 384 1536 ministrorum
408 1473 512 1554 quoad
536 1471 834 1536 determinationem
862 1471 912 1553 ju·
968 1482 1094 1537 ceretur
1116 1473 1280 1555 accepisse
1309 1479 1495 1554 potestatem
1524 1489 1615 1533 suam
1643 1488 1716 1552 pro·

165 1571 362 1634 risdictiouis
377 1571 614 1648 ecclesiasticas,
631 1578 666 1632 ut
687 1570 823 1634 evitetur
837 1589 912 1633 con·
968 1580 1038 1655 pter
1051 1571 1226 1634 Ecclesiam
1239 1589 1335 1652 quam
1350 1589 1408 1652 per
1420 1569 1596 1632 Ecclesiam
1614 1593 1620 1630 :
1637 1587 1715 1650 quo

65 1698 73 1711 ·
164 1669 251 1732 lusio
278 1668 553 1752 dissensionisque
578 1668 710 1730 materia
735 1668 767 1730 in
793 1668 912 1750 populo
967 1671 1053 1732 niam
1069 1670 1249 1752 praepositio
1260 1669 1460 1751 perprcprie
1480 1676 1568 1732 notat
1578 1678 1715 1746 propter

163 1777 195 1832 et
210 1767 294 1830 inter
309 1767 483 1848 ministros,
501 1768 527 1829 si
542 1766 603 1849 ipsi
619 1767 804 1829 indistincte
818 1774 912 1848 atque
967 1777 999 1831 et
1013 1767 1233 1832 habitudinem
1255 1786 1358 1830 causa
1381 1767 1414 1828 in
1436 1767 1555 1830 casuali
1577 1767 1638 1830 sibi
1659 1786 1716 1848 ap-

164 1865 330 1948 aaqualiter
353 1867 392 1928 de
416 1865 504 1928 omni
533 1865 651 1948 populo
679 1883 788 1928 curam
817 1865 912 1927 habc-
928 1869 952 1932 B
967 1865 1080 1950 posito.
1112 1866 1188 1946 imo,
1217 1884 1316 1947 quum
1350 1865 1458 1929 omnia
1489 1866 1573 1928 dona
1606 1865 1714 1946 gmtioe

165 1973 257 2043 rent;
273 1973 305 2027 et
324 1964 391 2027 haec
412 1971 550 2046 potestas
570 1963 685 2026 collata
704 1972 752 2026 est
772 1961 863 2026 Petro
881 1971 913 2025 et
966 1966 1066 2048 gratis
1093 1967 1174 2028 data
1202 1966 1390 2029 ordinentur
1412 1964 1554 2028 finaliter
1574 1964 1613 2026 ad
1631 1963 1715 2026 dona

165 2062 403 2126 successoribus
418 2062 490 2143 ejus
504 2061 557 2124 ubi
570 2061 710 2124 Christus
725 2061 849 2125 locutus
865 2070 913 2124 est
966 2065 1075 2146 gratiae
1102 2073 1227 2146 gratum
1255 2062 1417 2144 facientis,
1447 2063 1624 2126 secundum
1652 2062 1714 2125 lroc

24 2189 151 2238 rma-uc
165 2163 194 2224 ei
213 2186 219 2223 :
236 2160 333 2224 Pasce
352 2179 428 2224 oves
450 2179 548 2222 meas.
564 2159 684 2234 Quibus
707 2159 812 2222 verbis
838 2179 913 2223 con·
968 2172 1153 2245 sequeretur
1176 2163 1261 2244 quod
1284 2162 1392 2225 nullus
1415 2162 1638 2244 Apostolorum
1662 2181 1716 2224 ac-

24 2255 45 2296 ⁷·
166 2261 295 2322 stitutus
316 2267 364 2322 est
387 2259 496 2322 Petrus
517 2268 624 2340 pastor
645 2267 677 2321 et
697 2259 846 2341 princeps
866 2266 913 2322 to·
970 2262 1107 2343 cepisset
1125 2262 1264 2343 aliquem
1283 2262 1504 2344 predictarum
1524 2267 1715 2342 potestatum

164 2358 229 2420 tius
242 2355 403 2420 Ecclesia.
416 2356 531 2438 Sicque
545 2363 731 2438 potestatem
746 2357 828 2419 hauc
845 2356 913 2437 ipsc
969 2360 1152 2423 immediate
1176 2380 1195 2423 a
1219 2360 1354 2438 Christo,
1371 2361 1425 2422 sed
1451 2378 1507 2441 per
1524 2358 1712 2439 Ecclesiam,

165 2457 329 2538 accepite
354 2455 477 2519 Christo
502 2475 567 2519 non
592 2455 695 2519 solum
717 2455 911 2538 immediate,
969 2458 1190 2540 quiapmpter
1208 2457 1328 2521 bonum
1346 2457 1469 2539 ipsius:
1486 2475 1585 2538 quum
1605 2464 1714 2519 tamen

166 2558 221 2618 sed
241 2555 336 2620 etiam
356 2554 454 2618 solus.
471 2554 612 2617 Christus
632 2555 780 2635 equidem
802 2555 914 2618 imme·
967 2556 1083 2619 Paulus
1104 2557 1144 2619 de
1167 2575 1202 2619 sc
1225 2556 1296 2638 ipso
1319 2555 1500 2637 oppositum
1525 2562 1717 2636 protestetur

165 2655 251 2718 diate
265 2653 344 2716 dixit
356 2653 395 2716 ad
411 2671 483 2716 cum
502 2675 509 2713 :
526 2652 621 2716 Pasce
635 2671 711 2715 oves
726 2671 823 2716 meas.
840 2654 914 2728 Qua
969 2655 1003 2717 iu
1028 2653 1157 2718 exordio
1186 2655 1327 2737 epistole
1355 2673 1420 2716 sua
1443 2655 1482 2716 ad
1506 2653 1642 2735 Galatas,
1668 2653 1716 2715 di-

166 2754 265 2816 verba
278 2751 409 2814 luerunt
423 2770 488 2815 uon
502 2753 605 2815 solum
622 2751 848 2834 significativa,
858 2753 913 2816 sed
969 2773 1064 2816 cens:
1079 2754 1192 2817 Paulus
1206 2754 1378 2836 apostolus,
1396 2772 1460 2816 non
1475 2753 1516 2815 ab
1530 2751 1714 2816 hominibus
1730 2777 1830 2830 cauca
1839 2781 1859 2822 r.

167 2852 264 2916 etiam
278 2850 440 2929 ellectiva,
457 2849 500 2912 ita
519 2851 603 2932 quod
624 2850 730 2913 verbis
753 2851 815 2913 illis
829 2849 914 2914 Chri·
969 2871 1071 2934 neque
1086 2871 1144 2935 per
1157 2852 1332 2932 hominem,
1348 2851 1403 2914 sed
1424 2870 1481 2934 per
1499 2851 1606 2914 losum
1628 2850 1716 2914 Chri-

167 2959 235 3012 stus
250 2949 396 3032 praestitit
409 2949 498 3013 Petro
512 2949 705 3012 ordinariam
727 2956 913 3032 potestatem
969 2959 1053 3017 stum
1068 2959 1102 3014 et
1119 2951 1218 3013 Deum
1237 2951 1370 3014 Patrem.
1387 2950 1475 3013 Unde
1494 2957 1527 3012 et
1545 2949 1632 3012 circa
1653 2951 1714 3014 hoc

167 3056 199 3112 et
217 3048 472 3130 jurisdictionem
493 3048 657 3131 praelatam
678 3049 798 3131 absque
819 3067 915 3112 causa
933 3049 954 3112 G
969 3049 1164 3133 expositores
1187 3057 1354 3129 testantur,
1370 3049 1454 3131 quod
1477 3048 1611 3131 gratiam
1640 3067 1716 3131 apo·

167 3148 423 3212 intermediante.
969 3150 1102 3213 stolatus
1116 3149 1241 3231 accepit
1254 3148 1436 3211 immediate
1451 3168 1469 3209 a
1484 3148 1618 3211 Christo.
1635 3148 1715 3211 Hinc

208 3246 286 3309 Hinc
306 3245 441 3309 Thomas
460 3266 557 3329 super
577 3254 724 3327 quartum
740 3246 914 3309 Sententia·
968 3248 1064 3311 etiam
1090 3248 1219 3329 quidam
1243 3247 1334 3329 quasi
1356 3246 1389 3309 in
1410 3246 1553 3310 levorem
1575 3247 1713 3325 concilii,

167 3364 251 3423 rum,
274 3344 480 3407 distinctione
508 3345 727 3426 nonadecima,
747 3344 911 3407 allirmat:
969 3346 1223 3428 adprobandum
1243 3346 1328 3427 quod
1343 3343 1485 3408 Ecclesia
1505 3353 1603 3408 totam
1625 3364 1716 3408 suam

167 3444 307 3507 Potestas
331 3442 463 3521 ordinis,
484 3451 637 3524 quantum
661 3451 708 3507 est
732 3444 771 3506 de
797 3464 842 3525 se,
863 3464 915 3507 ex-

167 3541 310 3605 tenditur
336 3542 375 3603 ad
404 3560 515 3605 omnes
543 3540 773 3620 absolvendos;
804 3550 836 3605 et
868 3543 916 3606 id-

168 3659 206 3705 eo
222 3639 465 3703 indeterminate
479 3638 632 3701 Dominus
650 3639 729 3702 dixit
742 3642 912 3723 Apostolis,

61 3774 89 3815 ·,
111 3786 151 3823 u,
167 3739 307 3813 Quorum
335 3737 519 3801 remiseritis
548 3746 678 3820 peccata
703 3761 709 3799 :
733 3739 914 3821 intelligens

25 3840 49 3878 '-
168 3846 275 3899 tamen
290 3836 374 3917 quod
389 3854 465 3898 usus
484 3836 571 3897 illius
590 3836 754 3917 potestatis
773 3856 842 3900 esse
861 3839 915 3900 de·

166 3934 257 3997 beret
281 3932 509 4015 praesupposita
534 3940 688 4017 potestate
709 3934 799 3998 Petro
820 3936 915 3999 colla-

166 4041 209 4112 ta,
229 4031 404 4095 secundum
420 4032 519 4112 ipsius
534 4030 776 4095 ordinationem.
787 4070 828 4079 -
842 4034 913 4097 Por-

969 3453 1157 3529 potestatem
1185 3452 1217 3507 et
1244 3443 1463 3507 auctoritatem
1491 3463 1510 3506 a
1537 3443 1620 3525 Papa
1652 3462 1716 3507 non

969 3544 1094 3620 habeat,
1112 3542 1224 3606 dicunt
1241 3542 1324 3625 quod
1343 3541 1458 3605 Paulus
1477 3542 1638 3624 apostolus
1662 3560 1718 3624 po·

969 3651 1115 3707 testatem
1136 3659 1226 3704 suam
1247 3639 1360 3702 habuit
1380 3638 1563 3701 immediate
1587 3659 1606 3702 a
1630 3638 1718 3701 Chri·

970 3750 1030 3819 sto,
1047 3760 1111 3804 nou
1139 3759 1158 3801 a
1186 3738 1287 3801 Petro.
1304 3736 1343 3799 Et
1370 3738 1486 3799 mirum
1515 3756 1573 3799 cur
1600 3744 1718 3819 negent

969 3839 1095 3902 Petrum
1111 3856 1201 3900 suam
1216 3844 1404 3918 potestatem
1424 3834 1586 3917 accepisse
1607 3836 1718 3897 imme-

968 3938 1051 4000 diate
1066 3957 1084 3999 a
1099 3936 1232 4013 Christo,
1250 3953 1348 4016 quum
1369 3940 1493 3997 constet
1512 3933 1637 3995 Petrum
1652 3934 1719 4016 ple-

969 4035 1093 4100 niorem
1121 4043 1152 4097 et
1181 4034 1326 4096 altiorem
1353 4040 1540 4115 potestatem
1569 4040 1601 4094 et
1623 4031 1720 4113 juris·

165 4151 202 4195 ro
227 4130 391 4214 plenitudo
409 4131 575 4213 potestatis
595 4131 754 4212 precipue
773 4132 846 4196 data
867 4140 915 4196 cst
969 4134 1142 4197 dictionem
1166 4130 1328 4212 accepisse
1356 4149 1452 4211 quam
1477 4128 1619 4207 Paulum,
1645 4128 1719 4211 quia

165 4232 258 4294 Petro
290 4247 390 4311 quum
417 4228 539 4291 dictum
567 4237 615 4292 est
642 4230 685 4309 ei,
714 4230 810 4294 Pasce
839 4248 915 4295 oves
931 4234 955 4295 D
970 4231 1119 4315 praelatus
1144 4237 1192 4293 est
1216 4228 1272 4292 toti
1299 4229 1428 4305 mundo,
1453 4228 1629 4289 secundum
1653 4246 1719 4291 om·

166 4348 267 4407 meas,
284 4327 410 4409 quando
425 4326 522 4390 totius
536 4326 686 4401 Ecdesiaa
701 4330 848 4411 prelatus
868 4340 916 4394 est
970 4348 1027 4393 nes
1056 4338 1182 4393 sanctos
1211 4327 1316 4390 Patres
1344 4335 1377 4389 et
1404 4326 1549 4389 doctores
1577 4325 1720 4408 praealle-

166 4427 372 4491 constitutus.
393 4426 521 4489 Constat
549 4425 667 4507 itaque,
693 4428 777 4509 quod
807 4430 915 4491 Petrus
969 4436 1071 4510 gatos.

166 4535 357 4611 potestatem
373 4546 462 4589 suam
477 4525 704 4607 potestatisque
719 4528 846 4607 plenam
862 4548 917 4591 au·
1011 4527 1101 4589 Circa
1115 4524 1288 4608 praehabita
1308 4523 1406 4605 quari
1424 4531 1539 4605 potest,
1556 4542 1597 4586 an
1617 4542 1720 4586 sacra·

167 4626 348 4689 ctoritatem
371 4634 403 4687 et
421 4624 635 4686 universalem
660 4624 915 4704 jurisdictionem
972 4626 1112 4687 tissimus
1126 4624 1235 4687 Petrus
1251 4622 1338 4704 prius
1353 4630 1495 4704 tempore
1515 4622 1640 4705 accepit
1657 4623 1721 4685 cla·

167 4723 352 4787 immediate
379 4721 505 4804 accepit
533 4720 682 4785 ellective
711 4742 729 4785 a
756 4723 879 4789 Christo
906 4749 913 4787 ι
971 4743 1027 4786 ves
1052 4742 1071 4786 a
1094 4723 1218 4785 Christo
1241 4740 1337 4803 quam
1360 4720 1502 4803 Apostoli
1528 4720 1594 4783 alii.
1620 4720 1658 4783 Et
1682 4740 1721 4784 cx

168 4822 344 4906 praesertim
366 4839 465 4903 quum
486 4838 543 4903 per
565 4820 758 4884 creationem
780 4823 852 4885 data
876 4824 917 4885 sit
971 4824 1037 4904 iam
1062 4822 1155 4885 dictis
1179 4828 1266 4902 patet
1288 4819 1372 4901 quod
1396 4838 1471 4882 non.
1488 4818 1548 4881 Sed
1570 4819 1720 4901 probatur

169 4928 311 5005 potestas
339 4920 395 4982 illa
422 4918 649 5001 potestatisque
673 4919 857 5000 plenitud03
880 4941 917 4984 ea
973 4922 1056 5003 quod
1080 4920 1154 4983 imo.
1172 4919 1224 4981 Ait
1246 4936 1384 5000 namque
1404 4916 1573 4997 Gregorius
1591 4940 1597 4977 :
1614 4918 1649 4979 B.
1665 4916 1720 4980 Pe-

170 5029 277 5085 autem
291 5038 359 5101 quae
374 5018 556 5081 immediate
571 5035 628 5099 per
639 5018 828 5082 creationem
844 5039 919 5102 prae-
972 5026 1021 5082 tro
1036 5018 1138 5101 primo
1157 5016 1276 5098 pastori
1295 5016 1328 5077 in
1350 5016 1410 5078 hac
1429 5015 1533 5077 adhuc
1553 5033 1648 5077 carue
1668 5034 1722 5077 ex-

171 5127 307 5196 stantur,
331 5138 350 5181 a
373 5118 437 5181 Deo
463 5116 645 5179 immediate
672 5126 843 5181 causantur
872 5118 919 5182 el·
974 5116 1109 5195 sistenti,
1119 5115 1272 5179 Dominus
1286 5122 1394 5176 noster
1407 5121 1515 5194 pastor
1529 5114 1632 5176 bonus
1646 5121 1720 5175 ante

170 5220 354 5300 lectiveque
378 5217 504 5298 dantur,
531 5234 628 5299 quum
658 5236 765 5280 creare
790 5218 853 5281 Deo
877 5218 919 5280 sit
974 5216 1155 5299 passionem
1176 5232 1265 5276 suam
1287 5212 1367 5274 dans
1385 5212 1491 5275 claves
1511 5211 1601 5292 regni
1626 5211 1720 5274 coelc-

1733 5275 1865 5338 Mettium,

169 5319 347 5407 proprium.
975 5315 1042 5395 stis,
1058 5314 1102 5377 ait
1118 5337 1125 5375 :
1142 5312 1367 5394 Quodcumque
1381 5310 1531 5393 ligaveris
1551 5328 1646 5393 super
1659 5319 1721 5375 ter·
1737 5346 1769 5390 ¹9,
