4309 6250
251 514 291 561 DE
311 514 520 563 aumonius!
541 516 637 564 sulit!
658 515 825 562 remmota
846 516 884 561 at·
903 514 1073 562 dannanus
1094 514 1235 571 conditu,
1258 515 1345 561 blllllll
1366 516 1385 561 1.
1409 533 1450 545 ·-
1471 516 1539 561 ΛΒΤ.
1562 515 1636 561 xxiv
1661 496 1721 561 563

170 686 348 747 secundnm
377 686 461 765 quod
488 685 570 748 Deus
597 693 656 762 est,
683 685 765 747 ratio
794 684 917 765 capitis.
934 684 960 746 Α
976 684 1080 763 tertio,
1108 702 1217 747 eorum
1241 685 1297 765 qui
1321 684 1486 747 actualiter
1514 684 1667 747 uniuntur
1692 684 1721 747 ei

210 783 365 864 lienique,
392 784 476 846 sicut
503 783 646 846 Christus
674 791 709 845 ut
736 783 842 860 homo,
871 792 921 845 est
973 802 1031 865 per
1058 783 1178 861 lidem;
1205 792 1328 865 quarto,
1353 802 1462 847 eorum
1489 784 1544 865 qui
1570 784 1723 847 uniuntur

171 890 269 961 caput
285 881 446 959 Ecclesia,
463 881 510 943 sic
530 882 613 943 Deus
634 881 809 944 secundum
829 888 921 943 natu·
973 880 1036 963 ipsi
1062 881 1095 943 in
1120 882 1261 963 potentia
1285 883 1323 945 ad
1349 890 1453 944 actum
1478 882 1651 963 aliquando
1675 900 1723 944 re

171 998 240 1040 ram
254 979 444 1058 divinitatis,
461 988 510 1042 est
524 987 620 1061 caput
638 978 753 1041 Christi
768 979 801 1040 in
821 997 920 1059 quan·
973 980 1119 1043 ducenda
1143 981 1319 1042 secundum
1345 981 1655 1062 praedestinationem
1677 981 1724 1043 di-

171 1085 240 1139 tum
270 1087 318 1139 est
350 1077 458 1156 homo,
487 1078 562 1159 quia
589 1098 608 1139 a
640 1077 706 1140 lieo
738 1077 919 1140 humanitas
973 1077 1246 1158 vinam,quamvis
1261 1079 1403 1142 nondum
1414 1078 1541 1141 reducta
1556 1097 1613 1160 per
1627 1078 1723 1141 adim-

170 1174 286 1238 Cbristi
307 1194 402 1239 omne
425 1176 510 1258 quod
529 1175 626 1238 babet
644 1174 764 1237 bonum
783 1175 917 1257 accepit.
972 1175 1168 1257 pletionem3
1185 1176 1307 1257 quinto,
1324 1194 1434 1239 eorum
1450 1176 1504 1257 qui
1525 1176 1554 1239 ei
1570 1175 1724 1239 uniuntur

171 1272 302 1355 Propter
322 1274 408 1355 quod
429 1274 468 1337 ad
490 1272 670 1337 Corinthios
689 1272 830 1354 loquitur
843 1273 920 1335 Pau·
974 1273 1007 1336 in
1032 1273 1174 1356 potentia
1194 1292 1357 1355 nunqnam
1377 1274 1417 1336 ad
1438 1283 1544 1337 actum
1571 1274 1724 1338 reducen-

34 1391 154 1443 rama.
171 1371 223 1433 lus
239 1395 247 1433 :
264 1371 363 1454 Caput
383 1371 500 1435 Christi
521 1372 615 1434 Deus.
973 1372 1024 1453 da,
1041 1380 1077 1434 ut
1091 1372 1225 1453 presciti
1241 1392 1296 1436 seu
1312 1372 1437 1455 reprobi
1454 1392 1540 1437 nuuc
1556 1372 1721 1437 viventes:

211 1470 374 1548 Praeterea,
391 1471 565 1533 secundum
590 1469 807 1551 praallegatos
827 1468 920 1532 alios·
974 1472 1028 1551 qui
1056 1489 1154 1552 quum
1180 1490 1217 1533 ex
1245 1471 1305 1534 boc
1332 1471 1447 1534 saculo
1473 1471 1652 1553 discedunt,
1678 1480 1724 1535 to-

170 1588 234 1651 que
257 1570 403 1632 doctores
427 1568 643 1650 quamplures,
669 1566 730 1629 ista
754 1574 802 1628 est
824 1566 920 1629 dille·
975 1569 1079 1632 taliter
1093 1569 1244 1632 desinunt
1258 1589 1328 1633 esse
1348 1570 1491 1632 membra
1505 1569 1631 1650 Christi,
1647 1569 1723 1652 quia

171 1667 274 1730 rentia
297 1667 382 1729 inter
404 1686 520 1748 eorpus
548 1666 688 1730 hominis
716 1666 860 1728 naturale
888 1673 920 1729 et
973 1668 1014 1729 de
1035 1675 1141 1731 cetero
1162 1688 1227 1731 non
1249 1668 1374 1731 suntin
1395 1668 1723 1750 potentiautChristo

171 1766 341 1849 mysticum
363 1784 478 1848 corpus
500 1764 661 1843 Ecclesia,
677 1765 762 1846 quod
776 1764 920 1827 membra
974 1766 1135 1829 uniantur.

170 1866 316 1947 corporis
329 1864 483 1926 naturalis
497 1872 572 1926 sunt
585 1864 693 1927 omnia
707 1862 960 1940 simul3memB
1014 1864 1059 1926 Ex
1079 1864 1129 1926 his
1149 1863 1320 1929 innotescit
1340 1883 1404 1929 non
1424 1883 1652 1947 usquequaque
1672 1884 1725 1929 ve·

171 1965 349 2027 braautem
365 1962 507 2045 corporis
530 1962 656 2044 mystici
675 1980 740 2024 non
759 1969 834 2023 sunt
853 1980 920 2025 om·
975 1982 1046 2025 rum
1074 1954 1192 2043 (ficere,
1219 1982 1273 2027 eos
1302 1964 1356 2044 qui
1386 1964 1498 2027 dicunt
1523 1964 1595 2028 illos
1620 1964 1723 2028 solum

171 2063 227 2125 nia
241 2061 338 2125 simul
355 2085 363 2123 ε
380 2080 484 2143 neque
505 2070 659 2144 quantum
681 2061 720 2123 ad
739 2080 809 2124 esse
829 2070 920 2125 natu·
975 2082 1045 2125 esse
1065 2063 1208 2125 membra
1230 2062 1344 2125 Christi
1364 2063 1420 2143 qui
1442 2063 1472 2126 ei
1487 2081 1545 2144 per
1559 2062 1723 2125 caritatem

171 2180 226 2239 ra,
241 2160 393 2241 quoniam
417 2177 533 2241 corpus
547 2159 696 2223 Ecclesia
716 2159 921 2223 constituitur
976 2161 1138 2242 conjuncti
1167 2168 1251 2241 sunt,
1283 2179 1321 2224 eo
1349 2162 1432 2242 quod
1465 2161 1530 2223 illis
1562 2162 1725 2224 dumtaxat

170 2280 211 2322 ex
225 2258 376 2322 omnibus
390 2258 445 2341 qui
460 2258 590 2321 luemnt
603 2278 622 2321 a
634 2258 794 2341 principio
808 2258 919 2321 mundi
975 2259 1118 2322 Christus
1140 2258 1249 2321 inlluit
1270 2278 1397 2323 sensum
1419 2259 1638 2341 intelligentia
1661 2260 1724 2343 spi-

169 2367 203 2422 et
231 2378 318 2421 nunc
347 2366 422 2420 sunt
445 2366 477 2421 et
499 2376 600 2439 usque
622 2358 662 2419 ad
685 2356 786 2419 linem
812 2357 918 2419 saculi
976 2357 1111 2438 ritualis,
1144 2365 1175 2420 et
1208 2366 1328 2420 motum
1361 2358 1502 2420 caritatis
1533 2366 1628 2440 atque
1661 2358 1724 2421 vir-

169 2465 277 2535 erunt,
294 2457 378 2520 sicut
391 2456 561 2538 Gregorius
576 2455 609 2517 in
623 2455 755 2518 homilia
770 2456 825 2534 ait,
836 2456 920 2537 quod
976 2465 1090 2519 tutum.
1122 2454 1184 2518 Nec
1213 2455 1300 2518 enim
1331 2455 1409 2519 tales
1438 2458 1656 2519 tautummodo
1684 2456 1724 2518 ad

169 2564 283 2619 sancta
296 2555 450 2635 Ecclesia,
466 2574 536 2637 qua
550 2555 667 2617 dicitur
681 2554 785 2635 vinea,
802 2574 840 2617 ex
854 2574 921 2618 om·
976 2554 1151 2617 Ecclesiam
1175 2554 1336 2636 pertinent
1359 2554 1561 2634 militantem,
1577 2572 1646 2635 qua
1672 2553 1726 2617 bo-

169 2656 267 2718 nibus
281 2662 432 2718 constans
446 2654 557 2717 electis
572 2653 613 2715 ab
626 2653 704 2715 Abel
718 2653 805 2734 justo
819 2672 921 2735 usque
976 2671 1035 2715 nos
1063 2652 1227 2733 malosque
1253 2652 1407 2730 continet,
1434 2653 1610 2716 secundum
1639 2653 1723 2734 quod

168 2754 210 2815 ad
238 2752 387 2813 ultimum
413 2752 550 2813 electum
575 2750 630 2832 qui
657 2750 691 2811 in
716 2749 783 2812 line
812 2750 920 2813 saculi
975 2751 1118 2814 Christus
1144 2751 1176 2812 in
1202 2750 1374 2832 Evangelio
1395 2750 1594 2833 apertissime
1620 2751 1723 2830 docet,

169 2851 353 2913 nasciturus
368 2857 511 2930 est,quot
525 2849 644 2911 electos
658 2848 922 2929 habuit,totqua-
976 2869 1164 2931 comparans
1194 2867 1264 2912 eam
1295 2868 1419 2929 sagena
1448 2848 1553 2911 missa
1580 2848 1613 2909 in
1637 2867 1870 2920 maronianum,

169 2949 198 3011 si
223 2968 304 3011 uvas
330 2947 489 3029 produxit,
505 2947 556 3010 vel
582 2954 628 3009 tot
647 2945 797 3029 palmites
821 2946 918 3009 misit.
976 2957 1009 3011 et
1031 2967 1069 3010 ex
1092 2948 1180 3012 omni
1205 2966 1322 3029 genere
1342 2946 1480 3029 piscium
1506 2946 1721 3028 congreganti.
1738 2936 1772 2977 ⁴⁷·

168 3047 234 3111 Nec
263 3046 358 3109 etiam
384 3045 480 3108 simul
507 3052 581 3107 sunt
609 3053 763 3127 quantum
787 3045 827 3107 ad
850 3064 920 3107 esse
940 3047 1036 3112 CSed
1051 3055 1084 3109 et
1098 3046 1173 3107 mali
1189 3045 1221 3107 in
1236 3044 1379 3108 Ecclesia
1398 3044 1526 3128 explent
1545 3044 1655 3107 cilicia
1674 3063 1724 3107 ec·

167 3146 292 3228 gratia,
315 3145 391 3227 quia
415 3145 511 3208 etiam
537 3163 647 3208 eorum
670 3146 725 3226 qui
752 3145 787 3206 in
808 3145 920 3208 eodem
976 3144 1315 3219 clesiastica.Quotidie
1329 3162 1452 3225 quoque
1464 3143 1620 3224 contingit
1635 3161 1725 3225 quos·

167 3253 246 3308 sunt
274 3253 426 3326 tempore,
453 3238 651 3324 quidam‘ad
679 3242 790 3305 boram
819 3242 920 3323 gratia
974 3244 1047 3306 dam
1070 3241 1310 3324 praedestinatos
1326 3251 1412 3305 extra
1432 3241 1595 3304 caritatem
1610 3249 1642 3305 ot
1655 3261 1725 3324 gra·

168 3352 291 3423 carent,
307 3351 417 3424 postea
435 3341 571 3423 gratiam
586 3339 737 3420 babituri,
754 3340 825 3403 aliis
845 3358 921 3403 con·
975 3342 1052 3405 tiam
1081 3360 1163 3419 esse,
1189 3342 1317 3404 tandem
1345 3339 1566 3422 perducendos
1590 3339 1630 3402 ad
1658 3358 1723 3419 eas,

167 3439 387 3522 temporaneis
406 3439 473 3520 jam
497 3457 567 3500 eam
592 3437 795 3501 habentibus.
810 3437 919 3519 ltaque
975 3441 1130 3523 quosdam
1146 3459 1222 3503 vero
1238 3439 1403 3520 praescitos
1418 3458 1474 3500 seu
1489 3438 1642 3520 reprobos
1657 3457 1726 3500 esse

168 3538 315 3601 membra
328 3536 471 3618 corporis
486 3536 612 3618 mystici
632 3554 697 3598 non
718 3535 821 3598 solum
836 3535 920 3599 aeci·
975 3539 1008 3600 in
1028 3539 1159 3601 caritate
1180 3546 1212 3600 et
1231 3537 1342 3620 gratia,
1358 3538 1486 3600 tandem
1506 3537 1563 3598 has
1584 3536 1726 3619 perditu-

166 3636 303 3719 piuntur
321 3635 497 3697 secundum
516 3635 601 3715 quod
620 3641 694 3696 sunt
713 3633 746 3695 in
762 3642 846 3713 actu,
863 3634 918 3696 sed
975 3655 1038 3715 ros,
1065 3636 1334 3718 quemadmodum
1360 3655 1456 3716 super
1483 3634 1635 3698 loannem
1664 3637 1726 3696 Au·

165 3734 265 3797 etiam
290 3734 465 3796 secundum
489 3733 575 3814 quod
600 3740 675 3794 sunt
696 3731 916 3814 inpotentia:
974 3734 1121 3816 gustinns
1141 3733 1260 3797 dilluse
1283 3741 1462 3816 pertractat.

165 3833 314 3914 quadam
329 3839 436 3894 tamen
448 3830 624 3894 secundum
638 3830 723 3911 quod
738 3838 809 3892 sunt
823 3831 856 3892 in
867 3849 920 3912 po

166 3930 270 3994 tentia
283 3949 355 4011 qua
369 3929 539 4011 aliquando
557 3929 727 3992 reducetur
740 3929 778 3990 ad
793 3937 916 4008 actum3
998 3936 1002 3943 '

165 4030 314 4112 quadam
341 4047 418 4091 vero
449 4028 625 4090 secundum
658 4028 743 4108 quod
776 4036 850 4090 sunt
885 4029 917 4090 in
1146 4007 1393 4072 ARTICULUS
1422 4005 1547 4070 XXIV·

164 4129 311 4212 P⁰¹⁰¹¹ii³
335 4145 497 4208 nunquam
522 4127 561 4189 ld
589 4133 695 4188 mum
725 4127 915 4190 ffldllfflssdfl·
1003 4151 1058 4210 Aa
1081 4150 1176 4224 Papa
1199 4149 1241 4207 sit
1264 4155 1362 4224 copul
1388 4147 1487 4207 totius
1514 4145 1693 4206 militantis

163 4227 308 4302 Quorum
329 4225 467 4308 primum
490 4234 539 4288 est
560 4224 735 4287 secundum
757 4225 957 4308 triplicemlt
1153 4237 1317 4306 Ecclesioe,
1338 4237 1542 4315 acqualiter,

162 4326 301 4409 gradum
319 4324 465 4406 :primus
489 4331 539 4386 est
563 4323 738 4386 seeundum
764 4324 916 4388 unionem

162 4443 226 4507 per
249 4421 360 4502 fidem,
376 4421 536 4485 secundus
560 4440 658 4503 penes
682 4421 834 4485 unionem
859 4441 917 4505 per
1041 4423 1217 4488 utnulla
1236 4431 1310 4487 sunt
1332 4423 1404 4504 jura
1422 4422 1557 4485 articulo
1579 4420 1721 4486 sextode-

162 4520 333 4585 caritatem
357 4527 389 4583 et
411 4519 546 4601 gratiam
572 4519 642 4596 via,
668 4520 779 4582 tertius
804 4540 917 4583 secun·
1056 4523 1151 4602 cimo,
1169 4523 1202 4584 in
1227 4523 1343 4604 quibus
1366 4522 1449 4603 Papa
1472 4528 1604 4584 vocatur
1625 4529 1721 4604 caput

161 4622 244 4684 dum
266 4619 418 4682 unionem
439 4617 623 4680 beatificam
645 4618 764 4699 patria.
971 4623 1099 4687 concilii
1117 4621 1287 4704 generalis,
1304 4619 1586 4702 multipliciterque
1606 4619 1719 4701 proba-

207 4718 316 4799 ltaque
330 4716 521 4799 generaliter
538 4717 724 4798 accipiendo
739 4721 914 4783 secundum
970 4730 1038 4784 tum
1066 4729 1114 4784 est
1142 4719 1226 4802 quod
1253 4719 1348 4782 totius
1377 4717 1528 4781 Ecclesia
1555 4725 1844 4800 paterclanum.

159 4835 263 4881 omne
286 4824 413 4897 tempus
437 4814 543 4878 saculi
568 4813 676 4895 hujus,
700 4815 842 4880 Christus
867 4827 916 4881 est
970 4819 1112 4903 pontifex
1134 4836 1277 4880 summus
1297 4817 1339 4880 sit
1356 4815 1449 4898 Papa.
1466 4815 1526 4878 Sed
1546 4815 1641 4897 aliqui
1657 4815 1717 4878 ista

160 4924 264 4997 caput
286 4915 430 4978 omnium
453 4912 620 4977 bominum
646 4916 820 4977 secundum
846 4937 915 4998 gra·
969 4937 1055 4982 nunc
1074 4936 1139 4980 non
1158 4915 1341 4993 admittunt,
1357 4933 1394 4977 ea
1412 4913 1464 4977 vel
1483 4921 1647 4995 negantes,
1664 4915 1715 4976 vel

158 5016 226 5078 dus
246 5013 398 5076 diversos.
415 5012 521 5075 Primo
539 5011 626 5074 enim
645 5018 678 5073 et
695 5013 916 5097 principaliter
970 5017 1016 5080 sic
1041 5015 1247 5098 intelligenda
1272 5014 1426 5090 dicentes,
1452 5012 1537 5094 quod
1561 5012 1644 5094 Papa
1669 5021 1716 5076 est

158 5121 216 5178 est
230 5120 325 5194 caput
345 5130 455 5174 eorum
476 5109 530 5192 qui
551 5110 718 5173 actualiter
738 5112 819 5175 uniti
841 5122 915 5176 sunt
970 5123 1065 5197 caput
1080 5115 1174 5178 totius
1188 5113 1350 5190 Ecclesia,
1367 5111 1398 5174 id
1414 5119 1463 5174 est
1480 5109 1624 5174 omnium
1646 5130 1718 5193 par-

157 5212 193 5276 ei
217 5229 276 5293 per
292 5209 446 5292 gloriam3
464 5210 617 5288 secundo,
634 5228 745 5274 eorum
766 5211 820 5293 qui
842 5222 915 5276 actu
969 5213 1152 5277 ticularium
1164 5211 1375 5275 Ecclesiarum
1391 5229 1428 5272 ac
1444 5208 1638 5290 singularum
1649 5228 1718 5291 per·

158 5308 323 5374 uniuntur
336 5306 365 5370 ei
381 5327 438 5390 per
452 5308 616 5370 caritatem
636 5316 668 5370 et
681 5310 817 5392 gratiam
832 5311 912 5392 via,
971 5330 1131 5376 sonarum.
