4309 6250
446 476 508 552 3Ῑο
772 503 892 553 001th
912 505 1079 552 emtum
1100 503 1274 562 Hfflssffll,
1297 505 1386 552 tlnslt
1407 505 1438 552 tt.
1462 523 1503 536 ·-
1523 507 1595 553 ΛΒΤ.
1617 506 1671 553 111

447 683 560 739 emunt
580 694 691 740 omnes
713 676 849 740 leminas
868 675 1067 758 pulchriores
1087 683 1119 738 et
1139 675 1195 740 bo
1209 675 1235 737 t
1250 693 1323 739 care
1340 700 1347 738 ε
1364 682 1397 738 et
1419 683 1526 738 tamen
1548 675 1714 759 poenitenti
1740 683 1772 738 ct
1793 673 1891 738 oranti
1908 673 1980 737 lleus
2001 691 2015 735 ιι
2023 691 2062 736 ra.

447 774 616 854 nestiores,
642 775 685 837 ita
708 775 793 857 quod
816 775 867 838 lex
890 774 951 838 ista
975 773 1054 837 viris
1076 793 1196 856 paupe
1250 773 1384 855 ignovit,
1411 782 1446 836 ut
1469 773 1610 838 secundo
1634 773 1892 856 Paralipomenon
1915 768 2045 860 scri-{2¹¹tl
2062 760 2104 828 ¹²l

448 872 536 936 ribus
553 874 707 956 grandem
725 873 823 936 infert
840 873 1003 955 injuriam.
1020 872 1115 936 Multa
1133 873 1197 935 alia
1249 870 1344 934 bitur.
1357 871 1435 950 lme,
1450 871 1540 953 juxte
1553 871 1732 935 doctrinam
1747 870 1833 934 Pauli
1846 869 1978 953 apostoli,

448 989 531 1034 vana
554 979 586 1034 ct
608 970 723 1035 lrivela
747 972 799 1037 hic
822 972 991 1051 habentur,
1006 990 1077 1053 quae
1101 990 1196 1053 supra
1249 978 1337 1032 tanta
1363 977 1412 1033 cst
1438 969 1540 1053 pietas
1567 969 1634 1051 Dei,
1664 977 1698 1032 ut
1730 967 1910 1051 frequenter
1933 966 1980 1030 ubi
2103 1039 2104 1060 ,

448 1070 526 1134 satis
547 1079 622 1133 sunt
641 1071 828 1153 improbata.
862 1110 866 1118 -
1250 1068 1425 1132 abundavit
1437 1077 1616 1151 peccatum,
1633 1069 1866 1150 superabundet
1879 1075 1909 1130 et
1921 1085 2084 1148 gra-rma.
2103 1079 2104 1148 t

486 1166 572 1231 Inter
595 1175 700 1232 cetera
723 1188 851 1251 quoque
874 1169 928 1232 bic
951 1169 1071 1233 dicitur
1092 1192 1098 1230 :
1116 1173 1195 1233 Post
1250 1168 1305 1230 tia.
1323 1167 1463 1230 Christus
1477 1186 1603 1249 quoque
1617 1174 1691 1230 ante
1706 1185 1796 1230 susm
1815 1165 1981 1248 passionem

446 1269 569 1328 coitum
595 1277 627 1328 et
653 1270 856 1345 egestionem,
884 1278 1059 1347 antequem
1088 1277 1194 1338 erent,
1251 1267 1394 1349 praedixlt
1412 1265 1543 1346 JudaeiS,
1559 1266 1643 1348 quod
1669 1274 1740 1347 pest
1764 1283 1852 1328 suam
1876 1263 1982 1346 passio-

447 1366 641 1436 atteramur,
661 1374 741 1444 etc.;
771 1375 801 1426 ct
828 1367 859 1426 si
885 1386 972 1446 equa
1001 1386 1065 1426 nom
1094 1367 1194 1436 adsit,
1252 1383 1325 1426 nem
1353 1371 1460 1426 essent
1492 1363 1642 1429 credituri
1670 1364 1702 1425 in
1735 1382 1820 1442 eum,
1849 1362 1927 1425 sicut
1954 1361 1981 1422 in

448 1473 547 1524 tcrroe
561 1467 694 1525 mandre
702 1467 842 1540 pulvere
855 1465 952 1544 queri
970 1484 1056 1543 aqua
1072 1473 1196 1541 ter-pen·
1251 1463 1370 1525 Ioanne
1389 1461 1515 1543 legitur.
1534 1462 1649 1543 Sicque
1670 1462 1753 1524 Deus
1767 1461 1856 1524 Pater
1874 1459 2085 1541 ignovitrwn

447 1562 489 1620 de
516 1562 731 1624 mundentur.
761 1560 847 1624 Istud
874 1581 893 1623 a
921 1560 1055 1644 perfidis
1083 1561 1196 1624 llabon
1251 1560 1301 1622 bis
1325 1560 1380 1640 qui
1405 1579 1497 1622 suum
1527 1559 1727 1641 unigenitum
1756 1559 1870 1622 Filium
1894 1541 2019 1620 cruci-²⁵·

447 1657 609 1739 accepisse
625 1658 750 1721 videtur
767 1659 893 1722 ludatis.
910 1659 987 1739 lme,
1003 1677 1102 1739 quum
1119 1677 1197 1721 uxor
1250 1657 1401 1720 fixerunt.
1432 1657 1655 1719 Verumtamen
1688 1656 1833 1737 quaedam
1867 1663 1982 1737 peccata

447 1755 589 1837 legitima
612 1755 715 1838 pessit
737 1756 857 1838 absque
881 1764 1012 1838 peccato
1033 1756 1194 1837 cognosci,
1250 1757 1399 1819 dicuntur
1420 1755 1652 1818 irremissibilia
1668 1779 1675 1818 :
1693 1775 1758 1819 non
1780 1755 1854 1836 quia
1878 1773 1982 1834 nequa·

448 1853 475 1915 si
489 1853 647 1917 desiderio
663 1854 762 1935 prolis
781 1856 820 1917 ad
835 1855 891 1917 Dei
910 1855 1099 1936 obsequium
1119 1855 1196 1916 edu·
1213 1855 1345 1937 liquam
1368 1854 1581 1932 remittuntur,
1598 1855 1653 1918 sed
1675 1855 1751 1936 quia
1772 1851 1939 1916 difficulter
1957 1861 1983 1914 et

447 1953 567 2031 medat,
593 1950 708 2014 veleb
736 1950 879 2014 debitum
909 1951 1116 2032 reddendum,
1142 1959 1196 2014 aut
1251 1971 1322 2015 raro
1344 1952 1461 2014 remitti
1484 1959 1664 2015 censentur.

448 2058 534 2116 certe
562 2067 603 2112 ne
631 2049 664 2111 in
692 2047 884 2111 adulterium
913 2057 1049 2126 corruat,
1080 2068 1197 2131 cogno·
1290 2050 1410 2113 Rursus
1426 2049 1460 2112 iu
1475 2049 1536 2114 iste
1550 2049 1690 2131 capitulo
1704 2050 1796 2132 quasi
1811 2069 1848 2114 ex
1862 2067 1983 2132 persona

448 2156 555 2212 scatur
571 2171 578 2210 ε
594 2147 672 2229 quid
691 2166 823 2210 neeesse
842 2155 891 2210 est
911 2165 1027 2228 corpus
1048 2156 1120 2230 post
1139 2148 1196 2210 bu·
1251 2149 1306 2212 Dei
1334 2148 1453 2212 dicitur
1480 2148 1655 2212 blabometo
1681 2172 1687 2210 :
1713 2151 1757 2210 In
1779 2149 1842 2211 Dei
1868 2148 1984 2208 nemim

447 2245 588 2329 jusmodi
617 2245 737 2308 coitum
766 2253 839 2307 ante
867 2245 1044 2308 orationem
1073 2245 1195 2308 laverit
1249 2266 1396 2325 pugnam
1410 2249 1583 2319 committe,
1598 2249 1727 2308 nullius
1747 2248 1814 2306 nisi
1832 2247 1984 2307 tetralice

448 2343 603 2408 Similiter
626 2343 758 2425 egestio,
779 2362 877 2425 quurn
902 2343 996 2423 culpa
1019 2352 1135 2424 careat,
1152 2345 1197 2406 lo-
1252 2348 1372 2406 enimc
1394 2355 1508 2406 certes.
1529 2345 1692 2419 Quomodo
1716 2351 1820 2427 potest
1843 2345 1903 2407 boc
1925 2361 1984 2405 rer·

448 2443 568 2506 tionem
584 2461 648 2504 non
663 2441 771 2523 erigit.
784 2441 817 2504 Si
833 2449 939 2504 autem
954 2441 987 2503 in
1002 2441 1087 2504 coitu
1103 2442 1196 2524 culpa
1252 2444 1328 2507 bum
1354 2462 1424 2506 esse
1449 2446 1582 2506 vemml
1599 2443 1631 2506 Si
1656 2443 1777 2506 etenim
1800 2443 1910 2506 lishon
1933 2441 1985 2503 luit

447 2540 520 2620 luit,
546 2541 670 2603 lavetur
693 2540 798 2603 anima
823 2540 1019 2622 poenitentiae
1042 2540 1195 2619 lacrimis,
1252 2560 1326 2603 vere
1351 2541 1406 2603 llei
1430 2542 1585 2625 propbeta
1603 2561 1640 2604 ac
1664 2541 1796 2604 nuntius
1817 2541 1931 2602 missus
1951 2538 1983 2601 ad

446 2638 512 2702 imo
536 2637 781 2704 contritionibus
806 2640 937 2717 sanctis,
962 2647 994 2700 et
1018 2638 1119 2701 veniat
1144 2657 1198 2720 pe·
1252 2639 1378 2722 plebem
1394 2659 1495 2720 suam,
1513 2659 1588 2721 erge
1604 2659 1668 2703 non
1684 2639 1733 2703 sui
1753 2641 1923 2716 dumtaxat,
1937 2637 1983 2700 ssd

447 2736 626 2799 titionibus.
643 2737 828 2799 Interiorem
848 2736 966 2799 etenim
981 2737 1096 2798 animm
1110 2735 1197 2817 puri·
1252 2747 1284 2800 et
1311 2738 1489 2800 animarum
1518 2738 1626 2821 populi
1651 2739 1705 2801 cui
1730 2737 1868 2819 prefuit,
1893 2745 1984 2799 custos

448 2842 545 2898 tatem
567 2834 698 2916 requirit
718 2854 755 2897 ac
776 2834 879 2916 diligit
900 2835 994 2897 Deus.
1252 2836 1324 2916 luit,
1350 2836 1433 2898 sicut
1461 2837 1501 2898 ad
1524 2835 1722 2899 Ezechielem
1749 2834 1899 2899 Dominus
1920 2834 1982 2896 ait:

487 2933 621 3014 Insuper
632 2932 751 2995 dicitur
765 2933 817 2995 bie
832 2937 938 2994 :Deus
951 2953 1075 2994 summe
1085 2935 1196 2994 crimi-
1252 2934 1489 3016 Speculatorem
1511 2942 1542 2997 te
1562 2934 1635 2996 dedi
1656 2935 1764 2997 domui
1787 2934 1893 3011 lsrael,
1914 2940 1965 2995 etc.
2004 2943 2081 2989 reeta.

449 3035 542 3092 cratia
565 3041 711 3109 peccata,
736 3033 886 3093 videlicet
913 3033 1029 3091 ceteris
1056 3030 1234 3108 majorani}
1292 3034 1408 3096 lterum
1437 3033 1553 3096 dieitur
1580 3034 1633 3096 hic
1662 3033 1695 3095 in
1723 3034 1880 3098 Alcorttno
1900 3056 1907 3095 :
1929 3011 2020 3093 Cur¹⁷'

449 3150 668 3212 nequequam,
685 3133 741 3190 scd
761 3132 890 3191 minora
914 3132 967 3190 cut'
990 3134 1060 3190 vult
1083 3134 1198 3191 comde-
1251 3136 1349 3212 fidem
1379 3152 1443 3193 nott
1472 3134 1601 3204 trabem,
1626 3154 1698 3212 quoe
1727 3136 1795 3193 nisi
1819 3134 1883 3195 Dei
1907 3139 1984 3199 esset,

448 3241 517 3293 eat.
543 3229 630 3293 Istud
656 3230 787 3291 omnino
815 3228 1003 3292 mendosum
1032 3236 1089 3291 est.
1116 3230 1198 3292 Deus
1252 3232 1502 3292 contrarietates
1524 3236 1646 3291 multas
1667 3233 1855 3292 obtineret?
1870 3231 1913 3293 Ad
1933 3229 1984 3291 hot

448 3328 567 3393 etenim
589 3327 713 3390 nullum
735 3333 946 3408 peccatorem,
966 3327 1200 3408 quantumlibet
1254 3330 1494 3411 respondemus,
1511 3329 1594 3411 quod
1618 3348 1656 3392 ex
1680 3348 1743 3411 quo
1764 3330 1896 3393 Alcoran
1916 3326 1985 3389 mul·

449 3444 614 3509 magnum,
640 3425 709 3489 vult
732 3425 901 3507 desperare
921 3426 961 3487 de
982 3426 1078 3487 venia
1102 3448 1109 3486 :
1134 3426 1198 3488 imo
1254 3433 1301 3488 tas
1326 3426 1446 3489 obtinet
1470 3426 1708 3490 contrarietates
1732 3427 1765 3489 in
1790 3426 1903 3507 quibus
1922 3422 1985 3486 sibi·

450 3524 628 3608 desperatio
662 3523 799 3586 maxime
831 3522 981 3604 displicet
1013 3522 1089 3586 Deo.
1120 3521 1199 3585 Pras
1254 3524 1382 3605 metipsi
1412 3523 1611 3601 contradicit,
1641 3533 1674 3587 et
1701 3524 1866 3605 utriusque
1893 3522 1983 3584 'lesta-

448 3633 547 3702 terea,
568 3640 667 3704 quum
691 3619 909 3683 misericordia
928 3620 982 3683 Dei
1007 3620 1049 3682 sit
1071 3621 1198 3703 penitus
1254 3621 1353 3684 menti
1377 3630 1532 3704 repugnat
1557 3621 1733 3705 scripturis,
1757 3636 1985 3703 nequaquama

448 3721 587 3801 inlinita,
617 3717 826 3782 ineffabiliter
856 3719 987 3800 derogat
1020 3718 1200 3783 misericor·
1254 3720 1318 3783 llee
1339 3720 1514 3783 descendit.

347 3892 350 3896 ,
449 3820 511 3882 diae
530 3818 597 3898 Dei,
613 3817 668 3899 qui
688 3816 800 3879 asserit
820 3834 895 3878 eum
915 3815 1041 3898 aliquod
1064 3816 1197 3898 crimen,

450 3925 744 4000 quantumcumque
759 3933 921 3996 magnum,
931 3913 1017 3977 nolle
1033 3914 1198 3996 poenitenti

451 4015 641 4095 veniamque
656 4012 798 4096 precanti
814 4011 990 4093 ignoscere.
1003 4012 1058 4074 Est
1072 4032 1199 4094 queque
1445 3982 1691 4049 ARTIGULUS
1714 3983 1807 4047 XXI·

451 4113 586 4177 verbum
601 4111 685 4174 istud
701 4110 894 4173 contrarium
915 4110 1013 4172 sacris
1029 4110 1199 4192 Scripturis
1295 4134 1416 4193 Contra
1436 4134 1618 4208 impietate,
1641 4141 1670 4192 ει
1690 4134 1955 4193 contradictione,

451 4212 527 4276 novi
549 4219 581 4273 et
594 4209 712 4273 veteris
732 4207 934 4288 Testamenti,
952 4208 985 4270 in
1006 4208 1123 4289 quibus
1144 4211 1240 4273 sac-ll
1481 4223 1622 4298 capituti
1640 4222 1769 4283 decimi,

451 4310 584 4394 pissime
603 4306 836 4388 indulgentiam
857 4307 939 4369 Deus
958 4306 1114 4388 promittit
1133 4327 1200 4371 om-

451 4410 485 4473 ni
514 4405 692 4491 poenitenti,
722 4412 1014 4486 quantumcumque
1042 4407 1198 4487 peccavit,
1325 4406 1437 4470 bento
1452 4406 1726 4487 larturcapitule:
1745 4408 1817 4469 Viri
1826 4406 1987 4486 deestquid

452 4506 625 4571 dummodo
644 4523 682 4567 er
701 4511 766 4566 teto
786 4503 882 4566 corde
902 4502 1060 4584 poenitens
1074 4505 1200 4567 veniam
1338 4526 1412 4565 cum
1441 4507 1510 4565 iltis
1545 4508 1726 4567 incredulis
1757 4503 1987 4567 communicetis

451 4607 651 4688 deprecetur.
682 4601 836 4681 Denique,
866 4620 937 4681 qum
969 4610 1099 4684 peccata
1127 4612 1201 4665 sunt
1256 4607 1336 4665 ces?
1351 4608 1467 4684 ltaque
1489 4606 1651 4689 neminem
1670 4624 1783 4665 cerum
1805 4608 1891 4666 vedis
1909 4620 1987 4679 nepe

451 4703 600 4788 graviora
627 4720 724 4783 quam
755 4700 864 4763 odium
894 4700 959 4779 Dei,
989 4699 1197 4781 blasphemia,
1257 4705 1406 4763 tiatorem
1436 4722 1492 4761 seu
1520 4704 1643 4763 socium
1676 4706 1725 4763 ecl
1753 4705 1904 4772 amt'cum,
1931 4700 1988 4759 nisi

452 4799 644 4877 idololatria,
681 4797 800 4861 occisio
838 4797 1066 4880 Propbetamm
1106 4806 1200 4879 atque
1252 4802 1350 4878 prius
1373 4810 1462 4861 recta
1482 4802 1545 4862 Dei
1565 4802 1619 4860 ela
1636 4810 1823 4878 pugnatum
1846 4820 1899 4861 scu
1917 4816 1988 4877 prm

453 4901 641 4962 Sanctorum
653 4900 665 4959 l
679 4897 718 4959 Et
736 4906 842 4959 tamen
861 4896 929 4959 baec
953 4895 1062 4958 omnia
1087 4896 1201 4978 legitur
1255 4903 1370 4960 datum
1391 4900 1526 4969 iverint,
1541 4901 1696 4959 associate.
1705 4920 1719 4969 ,·
1734 4901 1787 4960 sin
1811 4909 1928 4967 auten,
1944 4915 1987 4956 ces

452 5000 535 5062 Deus
550 4997 583 5059 in
598 4995 697 5059 veteri
712 4995 912 5058 Testamenta
927 4993 1110 5057 indulsisse.
1122 4995 1201 5057 Rur-
1255 5000 1448 5076 ubicumque
1472 5006 1627 5074 repertos,
1652 4999 1682 5057 si
1704 5000 1748 5058 sit
1767 4999 1928 5075 possibile,
1944 5014 1986 5054 ce·

310 5106 385 5163 llflec
388 5121 439 5158 ·····
452 5116 518 5173 sus,
540 5102 654 5177 quarte
677 5092 798 5174 Regum
822 5091 1047 5155 describuntur
1069 5102 1200 5173 peccata
1251 5099 1321 5173 pite
1342 5105 1373 5155 et
1393 5097 1579 5172 interficite.

302 5172 401 5225 ’Μ’
451 5196 601 5258 Manassae
625 5191 709 5274 regis
733 5190 811 5253 luda
835 5199 899 5252 tarn
923 5190 1076 5271 enormia,
1094 5200 1128 5253 ut
1154 5190 1200 5254 vi·
1294 5192 1328 5253 ln
1354 5192 1458 5254 verbis
1482 5192 1544 5271 his,
1560 5191 1695 5273 aliisque
1714 5192 1811 5274 hujus
1830 5210 1942 5256 aream
1959 5196 1984 5251 et

449 5294 562 5359 deatur
582 5292 636 5357 vix
660 5308 755 5376 pesse
778 5289 875 5354 berno
895 5289 1024 5372 gravius
1047 5288 1103 5355 illo
1123 5308 1198 5374 pec·
1253 5290 1387 5355 aliorum
1403 5289 1612 5373 capitulorum
1626 5288 1873 5370 lecis,bortstur
1886 5288 1983 5354 llabon
