4309 6250
298 516 448 565 emacem
468 517 700 566 msrorarroms
721 518 812 565 mma
833 519 1041 567 camsrrsuurr
1061 519 1101 567 ar
1121 520 1337 569 sanaremur.
1358 540 1399 552 -
1418 523 1490 570 aar.
1513 523 1567 569 nx
1646 504 1704 569 lar
1811 536 1813 540 ·
1875 514 1878 521 '

154 685 210 764 cti,
227 688 386 764 succensi,
408 687 511 751 subito
532 690 651 771 pariter
671 697 845 771 eruperunt
865 690 905 751 de
920 690 945 751 A
960 696 999 753 tae
1024 698 1055 753 et
1080 698 1163 768 ante,
1191 710 1247 773 per
1272 692 1428 755 idolorum
1452 692 1620 768 culturam,
1650 710 1708 773 per

154 803 214 848 suo
237 786 396 864 conclavi,
421 794 454 849 et
477 786 597 867 absque
620 788 709 850 omni
732 787 905 851 formidine
958 787 1186 871 Prophetarum
1214 798 1245 852 et
1269 790 1426 871 justorum
1454 790 1707 871 persecutionem

154 882 409 964 predicaverunt
423 883 537 946 ludaeis
553 885 789 949 ferventissime
809 894 905 967 atque
958 893 1054 965 atque
1068 886 1272 965 occisionem,
1290 906 1347 969 per
1361 887 1514 950 adulteria
1534 896 1708 968 transgres-

155 979 341 1045 firmissime
360 981 466 1044 lesum
487 1001 556 1044 esse
579 1001 685 1065 regem
706 983 849 1046 hassiam
872 983 905 1045 in
959 982 1144 1063 sionemque
1172 982 1252 1065 legis
1282 985 1315 1046 in
1346 984 1463 1061 multis,
1494 985 1527 1047 in
1555 984 1706 1067 auguriis,

155 1077 227 1159 lege
242 1081 456 1161 promissum3
472 1080 582 1163 sicque
596 1082 742 1145 omnium
761 1082 904 1163 gentium
959 1079 1141 1162 sortilegiis,
1157 1080 1405 1145 divinationibus
1429 1089 1460 1145 et
1482 1081 1612 1164 magicis
1634 1082 1709 1144 arti·
1748 1132 1756 1151 .

155 1176 276 1258 linguis
308 1179 467 1260 loquendo
499 1188 594 1261 atque
622 1180 787 1243 miraculis
814 1199 906 1244 coru·
959 1178 1029 1258 bus,
1045 1178 1150 1241 traditi
1166 1188 1239 1243 sunt
1254 1179 1399 1243 hostibus
1419 1181 1497 1260 suis,
1514 1180 1656 1243 translati
1678 1188 1710 1243 et

154 1278 287 1355 scando,
302 1286 528 1341 converterunt
545 1278 646 1342 multa
664 1278 767 1343 millia
785 1280 906 1343 ludaeo-
958 1277 1043 1359 capti
1067 1296 1125 1360 per
1149 1297 1249 1341 annos
1274 1278 1475 1359 septuaginta
1496 1302 1503 1341 ε
1527 1279 1708 1361 intorques

154 1394 239 1437 rum.
255 1376 342 1439 lstud
357 1383 464 1458 posset
478 1376 542 1440 dici
563 1377 739 1440 secundum
760 1377 905 1441 christia·
959 1383 1064 1437 tamen
1080 1374 1169 1437 missi
1186 1384 1260 1439 sunt
1274 1377 1320 1439 eis
1339 1376 1432 1439 multi
1452 1377 1553 1440 sancti
1573 1377 1709 1459 Prophe-

153 1492 204 1535 nae
227 1471 307 1535 lidei
332 1482 554 1555 argumentum
576 1497 583 1535 :
604 1475 689 1556 quod
716 1482 821 1537 tamen
844 1475 904 1538 suh
958 1480 998 1536 te
1017 1475 1057 1536 ad
1076 1473 1308 1539 consolandum
1333 1476 1619 1558 instruendumque
1640 1494 1706 1555 eos,

153 1571 307 1652 predicto
322 1572 427 1654 primo
441 1572 633 1637 continetur.
651 1572 689 1635 Et
709 1574 855 1655 quamvis
871 1574 904 1637 in
957 1572 1012 1654 qui
1028 1580 1060 1635 et
1073 1572 1296 1637 liberationem
1312 1594 1422 1638 eorum
1444 1574 1585 1638 futuram
1606 1576 1709 1637 deter-

154 1670 255 1732 veteri
271 1669 342 1752 lege
357 1671 450 1733 multi
466 1672 571 1734 Sancti
588 1680 722 1753 egerunt
736 1672 901 1751 miracula,
959 1672 1077 1733 minate
1113 1673 1415 1753 prenuntiaverunt.
1446 1674 1505 1736 Sed
1541 1681 1707 1755 postquam

153 1770 312 1831 tamenin
331 1771 515 1852 evangelica
537 1770 608 1853 lege
627 1770 905 1835 innumerabiliter
957 1769 1099 1831 Christus
1118 1769 1158 1832 ab
1182 1771 1228 1833 eis
1247 1772 1373 1835 occisus
1394 1780 1452 1851 est,
1469 1780 1500 1833 et
1519 1772 1589 1852 ejus
1613 1772 1708 1834 disci-

152 1867 264 1948 plures
291 1867 392 1931 multo
421 1869 513 1950 plura
535 1877 567 1930 et
590 1868 713 1950 majora
736 1869 902 1947 miracula,
921 1868 1026 1949 Bpuli
1046 1868 1087 1931 ab
1111 1868 1190 1951 ipsis
1215 1871 1359 1953 oppressi
1383 1880 1415 1933 et
1440 1870 1522 1953 pulsi
1548 1880 1707 1949 sunt,nee

152 1965 256 2047 signa,
273 1965 419 2047 prodigia
439 1974 672 2049 perpetrarunt,
693 1976 786 2050 prout
807 1987 904 2031 sacras
958 1968 1113 2049 poeniterc
1145 1977 1200 2030 aut
1233 1970 1361 2033 credere
1390 1970 1570 2047 voluerunt,
1602 1969 1707 2031 traditi

151 2072 249 2146 atque
270 2064 464 2128 authenticae
485 2074 705 2130 contestantur
725 2066 875 2130 historia.
959 2073 1033 2128 sunt
1048 2066 1196 2129 manibus
1210 2066 1474 2147 Romanorum,et
1489 2067 1708 2129 crudelissime

194 2162 378 2226 Secundum
392 2163 570 2227 christiane
584 2164 662 2229 iidei
681 2175 904 2248 argumentum
958 2165 1125 2243 devastati,
1142 2165 1252 2244 eccisi,
1274 2166 1457 2245 venundati,
1479 2166 1575 2247 eapti,
1597 2174 1630 2227 et
1653 2184 1709 2247 per

152 2280 308 2344 magnum
335 2270 367 2325 et
390 2262 533 2344 evidens,
549 2273 597 2326 est
617 2265 702 2345 quod
724 2284 762 2328 ea
780 2284 851 2347 quaa
871 2265 904 2327 in
959 2263 1114 2325 mundum
1139 2263 1273 2345 dispersi
1296 2266 1451 2345 usquein
1474 2282 1612 2345 presens
1636 2263 1708 2346 plus

152 2360 343 2443 evangelica
361 2362 522 2424 credimus
545 2363 625 2443 lege,
646 2362 767 2426 scimus
792 2384 811 2427 a
833 2383 905 2426 san·
959 2379 1055 2442 quam
1071 2381 1128 2443 ρον
1142 2379 1242 2424 annos
1258 2362 1346 2425 mille
1362 2370 1535 2437 trecentos3
1553 2380 1612 2424 nec
1628 2361 1709 2424 inte-

153 2460 215 2523 ctis
229 2459 396 2544 Prophetis
411 2480 447 2523 ae
461 2461 651 2525 Patriarchis
670 2462 703 2524 in
724 2462 794 2544 loge
814 2470 905 2525 natu·
959 2459 1020 2522 rim
1035 2461 1213 2523 habuerunt
1227 2461 1408 2542 Prophetas,
1423 2478 1525 2541 neque
1541 2460 1707 2539 miracula,

153 2578 209 2639 rae,
229 2568 262 2621 et
286 2559 424 2621 maxime
448 2559 483 2622 in
506 2560 577 2641 lege
599 2560 746 2639 ldosaica,
761 2570 835 2623 ante
859 2570 907 2625 tot
959 2577 1019 2621 nec
1048 2558 1213 2641 templum,
1240 2578 1299 2621 nec
1329 2578 1447 2641 regem,
1475 2578 1534 2621 nec
1564 2560 1710 2622 sacerdo·

154 2666 302 2740 tempora
331 2678 403 2721 esse
434 2659 656 2740 prenuntiata,
686 2660 846 2742 descripta
874 2668 906 2723 et
960 2658 1051 2737 tium,
1067 2676 1127 2721 nec
1144 2658 1305 2739 propriam
1322 2666 1448 2721 terram.
1466 2656 1504 2719 Et
1519 2658 1626 2720 omnia
1640 2658 1709 2721 haec

154 2756 357 2839 praesignata.
374 2756 493 2839 Nempe
507 2758 547 2821 de
560 2758 675 2821 Christi
691 2760 841 2837 adventu,
857 2759 906 2822 in·
959 2757 1123 2819 decorum
1139 2755 1338 2836 infidelitate,
1354 2755 1572 2835 derelictione,
1588 2744 1711 2819 desola-

153 2855 341 2919 carnatione
360 2863 393 2919 et
410 2856 574 2920 nativitate
588 2876 625 2919 ex
643 2857 772 2939 Virgine
791 2858 906 2940 glorio-
959 2854 1057 2931 tione,
1075 2854 1267 2934 captivitate,
1284 2854 1509 2933 obstinatione,
1526 2854 1675 2933 miseriis,
1692 2876 1710 2918 a

154 2973 201 3033 sa,
218 2954 351 3036 lloyses,
367 2954 464 3017 David
487 2954 520 3017 in
540 2954 686 3035 Psalmis,
702 2956 851 3019 Salomon
872 2956 905 3017 in
960 2950 1122 3033 Prophetis
1157 2953 1274 3015 scimus
1306 2972 1376 3015 esse
1405 2952 1566 3034 praedicta.
1597 2952 1710 3015 Omnia

154 3050 308 3130 canticis,
331 3051 429 3113 lsaias
453 3050 486 3114 in
511 3052 620 3115 multis
644 3049 801 3136 capitulis,
822 3052 941 3116 lere-C
959 3068 1086 3131 quoque
1107 3050 1322 3114 derelictionis
1347 3058 1379 3113 et
1402 3050 1629 3134 acceptationis
1654 3052 1708 3115 Dei

153 3149 250 3226 miae,
269 3148 446 3226 Zacharias,
463 3150 608 3231 Aggasus,
623 3151 753 3232 copiose
770 3158 803 3213 et
821 3151 905 3214 clare
960 3149 1045 3211 circa
1059 3149 1206 3212 homines
1221 3150 1323 3231 signa,
1340 3158 1455 3213 cuncta
1470 3150 1564 3228 dona,
1581 3150 1710 3231 privile-

30 3264 138 3316 trava.
152 3246 437 3329 prophetaverunt.
447 3248 490 3310 lle
504 3247 575 3311 loco
589 3267 716 3330 quoque
730 3249 905 3312 nativitatis
958 3247 1021 3328 gia,
1039 3245 1240 3328 charismata,
1256 3248 1410 3311 miracula
1426 3247 1472 3310 eis
1488 3246 1563 3311 olim
1580 3265 1710 3310 conces-

153 3345 273 3408 Christi
306 3345 531 3428 praenuntiavit
562 3345 718 3410 llichaeas.
747 3348 792 3410 De
819 3355 906 3410 certo
959 3365 1005 3424 sa,
1022 3346 1061 3408 ad
1084 3346 1238 3429 populum
1258 3347 1465 3409 christianum
1488 3347 1709 3429 copiosissime

30 3452 262 3508 mactantem
286 3452 428 3526 tempore
452 3443 502 3506 sui
530 3444 686 3507 adventus
713 3445 905 3509 vaticinatus
959 3452 1034 3507 sunt
1053 3444 1216 3506 translata.
1656 3467 1658 3471 ’

30 3519 47 3558 ⁷·
151 3541 339 3605 estltaniel.
355 3542 484 3624 Decius
504 3541 651 3624 passione
668 3543 776 3624 lsaias,
791 3545 903 3625 David,
998 3542 1213 3606 Sarracenos.
1236 3577 1277 3588 -
1300 3541 1423 3606 Grande
1449 3551 1480 3605 et
1503 3543 1636 3606 evidens
1661 3549 1709 3606 est

150 3640 319 3719 Ieremias,
334 3640 413 3704 Osee
431 3649 463 3704 et
481 3639 537 3704 alii
562 3649 637 3703 sunt
661 3641 769 3705 locuti.
787 3643 847 3706 Sed
873 3651 905 3705 et
958 3641 1042 3704 istud
1056 3649 1333 3723 argumentum,et
1348 3659 1523 3704 consonum
1538 3641 1706 3722 Alcorano,

150 3739 191 3802 de
217 3758 294 3802 vera
316 3738 432 3802 deitate
456 3739 570 3802 Christi
595 3737 717 3821 praefati
742 3741 904 3822 Prophetae
958 3738 990 3802 in
1005 3759 1069 3820 quo
1084 3739 1208 3802 duobus
1223 3739 1256 3800 in
1272 3739 1420 3821 capitulis
1436 3739 1537 3802 fertur
1550 3739 1674 3802 ludaeos
1689 3759 1708 3802 a

150 3837 330 3901 clarissime
344 3837 615 3920 conscripserunt.
624 3838 697 3913 Quas
710 3839 820 3903 omnia
833 3859 906 3902 eru·
958 3839 1022 3901 Deo
1050 3836 1190 3916 relictos,
1215 3837 1366 3919 quoniam
1394 3837 1511 3915 lesum,
1538 3837 1640 3900 ldariao
1669 3837 1709 3899 li-

149 3937 225 4000 ditis
244 3937 279 3998 in
299 3936 369 4019 lege
387 3944 420 4000 et
437 3936 603 4019 Prophetis
627 3937 805 4001 certissime
829 3956 904 4001 con·
959 3937 1050 4016 lium,
1066 3955 1124 4018 pro
1145 3936 1268 3999 Christo
1291 3935 1433 4017 recipere
1454 3943 1639 4000 renuerunt.

30 4057 135 4111 carsae
150 4043 250 4113 stant,
268 4043 363 4116 atque
384 4034 417 4097 in
438 4034 511 4097 aliis
533 4035 715 4098 tractatibus
738 4045 812 4098 sunt
832 4055 905 4120 pro-
997 4037 1264 4099 Genrsrmrrus.—
1278 4034 1322 4097 Ex
1336 4035 1433 4116 hujus
1448 4053 1574 4116 quoque
1590 4035 1708 4098 intuitu

33 4119 135 4231 ⁸²:³¹¹?
149 4133 238 4196 bata.
957 4134 1136 4215 argumenti
1153 4133 1300 4197 conversi
1316 4142 1390 4196 sunt
1404 4153 1487 4216 saepe
1506 4134 1636 4216 plurimi
1655 4135 1709 4198 Ju-

31 4244 134 4321 asuu.
192 4231 335 4296 Tertium
350 4231 428 4295 iidei
442 4239 678 4315 argumentum,
694 4241 742 4295 est
757 4233 817 4296 ista
838 4241 902 4296 tam
919 4234 1109 4312 lldaorum,
1125 4242 1158 4296 et
1177 4232 1307 4314 quidam
1330 4251 1440 4296 eorum
1465 4233 1606 4314 quotidie
1632 4252 1707 4299 cou-

30 4310 135 4420 ,fflssjf
147 4331 304 4395 diuturna
324 4338 357 4394 et
377 4329 485 4394 finalis
509 4329 673 4415 derelictio
696 4331 900 4396 Judeorum:
956 4340 1133 4396 vertuntur.
1152 4329 1215 4393 Nisi
1237 4331 1322 4394 enim
1341 4330 1407 4412 jam
1428 4331 1529 4395 multo
1550 4332 1707 4396 enormio-

31 4435 132 4478 arca..
147 4429 205 4513 qui
233 4429 312 4493 olim
338 4437 430 4493 erant
457 4428 629 4512 peculiaris
659 4438 691 4493 et
718 4431 903 4494 carissimus
956 4432 1043 4495 ribus
1057 4438 1165 4495 essent
1175 4429 1311 4492 involuti
1323 4429 1496 4492 sceleribus
1506 4449 1602 4512 quam
1614 4439 1706 4496 antea

146 4529 290 4611 populus
308 4528 387 4608 Dei;
407 4537 440 4590 et
460 4527 589 4609 quando
611 4547 670 4610 ρον
692 4527 902 4592 idololatriam
956 4549 1108 4612 unquam,
1125 4547 1189 4594 non
1209 4537 1273 4590 tam
1299 4528 1353 4591 diu
1377 4547 1414 4591 ac
1439 4528 1574 4591 maxime
1599 4539 1706 4596 essent

146 4645 186 4688 ac
202 4625 278 4688 aliis
300 4625 403 4690 modis
425 4633 567 4707 tempore
582 4625 697 4688 veteris
712 4627 903 4690 Testamenti
955 4629 1069 4708 relicti,
1086 4627 1260 4710 praesertim
1276 4645 1375 4709 quum
1389 4645 1449 4689 nec
1470 4626 1597 4690 interim
1620 4629 1706 4693 colu·

145 4725 292 4807 graviter
312 4731 537 4806 peccaverunt,
554 4733 791 4788 consueverunt
811 4725 904 4788 casti·
956 4727 1039 4791 erint
1066 4725 1162 4804 idola,
1190 4733 1221 4788 et
1243 4725 1296 4789 die
1321 4745 1357 4788 ac
1380 4732 1473 4788 nocte
1499 4725 1639 4790 clament
1665 4727 1706 4790 ad

145 4823 220 4904 gari
235 4841 254 4883 a
268 4821 333 4885 ileo
347 4841 406 4904 per
425 4829 536 4902 gentes
557 4820 751 4900 idololatras,
767 4842 902 4904 quarum
956 4827 1055 4890 ileum
1076 4843 1134 4908 pro
1156 4823 1385 4888 consolatione.

145 4919 301 5003 potestati
326 4920 531 4983 tradebantur
559 4920 718 4984 interdum
746 4941 803 5003 per
830 4931 903 4986 octo
996 4927 1265 4989 Summanus-
1278 4923 1350 4996 Ouae
1367 4929 1485 4984 restant
1500 4939 1703 5004 prosequere.

145 5039 266 5099 annos,
279 5019 440 5082 interdum
455 5039 510 5081 sax
524 5019 627 5096 annis,
641 5021 830 5103 quandoque
846 5040 904 5103 per
996 5025 1259 5088 Cnnrsrmuus.-
1273 5022 1365 5084 Omni
1381 5019 1535 5083 miraculo
1551 5038 1608 5102 ρον
1621 5021 1707 5083 Chri-

143 5137 253 5183 annos
276 5118 388 5181 decem
407 5125 439 5180 et
456 5125 529 5181 octo
553 5126 608 5181 aut
631 5118 757 5200 viginti,
775 5122 902 5184 tandem
957 5133 1040 5186 stum
1056 5121 1171 5202 atejus
1185 5120 1359 5202 discipulos
1375 5118 1471 5199 laeto,
1487 5119 1591 5200 majus
1612 5119 1706 5182 mira·

142 5237 207 5302 per
230 5235 334 5282 annos
354 5215 574 5297 quadraginta.
590 5214 755 5299 Quumque
774 5237 904 5304 peccas·
956 5223 1065 5285 culum
1090 5227 1190 5284 exstat
1214 5219 1308 5283 totius
1334 5218 1444 5282 mundi
1469 5217 1637 5281 conversio
1664 5217 1705 5282 ad

144 5326 222 5382 sent
235 5316 438 5401 gravissime,
455 5325 598 5399 tempore
612 5315 753 5381 Jeremie
767 5320 904 5402 prophe-
957 5330 1021 5384 mm
1046 5318 1266 5383 arduissimam
1295 5317 1513 5399 evangelicam
1541 5316 1645 5398 legem
1674 5325 1706 5382 et

274 5451 309 5504 Τ.
327 5451 369 5504 ³6.
1549 5454 1580 5505 ³2
