4309 6250
458 480 518 544 tta
598 498 748 549 nrnxoeos
770 500 1000 547 orsrmnrroms
1022 500 1113 547 mmm
1134 499 1342 547 cnnxsrnnux
1363 502 1401 546 nr
1421 500 1634 549 camimum.
1657 518 1697 530 —
1717 501 1789 546 aar.
1811 500 1866 545 xm

455 668 629 733 Philisteos
659 677 691 731 et
717 669 819 745 alios3
847 670 892 732 ita
927 670 986 731 sub
1019 669 1243 751 evangelican
1260 670 1419 733 verificari
1435 688 1499 733 non
1522 678 1636 753 potest,
1652 670 1707 733 sed
1727 668 1860 733 lorsiteh
1878 666 1989 749 dequi

455 767 525 849 lege
540 768 674 850 castigat
688 768 862 831 clementer
876 768 1070 831 Christianos
1086 788 1143 849 per
1157 769 1204 830 in·
1259 768 1391 831 busdam
1411 768 1579 849 hereticis,
1601 769 1778 851 presertim
1797 766 1988 841 Nestorianis,

454 865 569 929 fideles
591 866 708 929 Turoas
728 886 765 929 ac
786 866 987 929 Sarracenos.
1258 866 1409 930 deitatem
1429 867 1545 930 Christi
1570 867 1771 948 negantibus.

496 960 659 1041 Preterea,
675 962 760 1042 quod
774 961 872 1025 Judei
889 970 1030 1043 tempore
1047 961 1128 1044 legis
1143 962 1204 1025 llo·
1298 964 1538 1039 Quintodecimo
1572 964 1721 1027 Alcorani
1756 962 1895 1046 capitulo
1926 962 1991 1023 scri-

455 1060 548 1123 saice
567 1068 598 1121 et
616 1060 786 1123 Christiani
807 1068 950 1141 tempore
969 1060 1049 1141 legis
1068 1079 1205 1141 evange·
1260 1072 1349 1145 ptum
1377 1072 1428 1127 est
1452 1087 1460 1125 ι
1482 1064 1540 1126 llic
1563 1062 1645 1125 liber
1669 1061 1837 1143 (videlicet
1859 1060 1991 1141 Alcoran)
2106 1043 2107 1104 3

454 1158 523 1221 lice
544 1158 620 1221 dicti
645 1157 708 1219 sint
731 1157 793 1221 lilii
817 1158 883 1237 Dei,
900 1158 1025 1221 scilicet
1047 1159 1201 1240 adoptivi,
1259 1160 1340 1224 nihil
1366 1160 1586 1243 pretermittit.
1603 1160 1715 1223 Fateor
1738 1159 1822 1241 quod
1846 1158 1922 1221 nibil
1940 1157 1992 1219 lue

453 1253 697 1318 innumerabilia
741 1254 976 1337 Scripturarum
1021 1255 1203 1319 testimonia
1260 1258 1366 1322 retice
1381 1257 1559 1341 pravitatis,
1576 1257 1658 1319 nibil
1680 1255 1837 1340 perfidie,
1853 1256 1930 1318 nihil
1943 1254 1991 1317 lal-

454 1353 607 1435 pandunt.
624 1352 743 1434 Moyses
757 1371 895 1434 namque
910 1352 943 1415 in
958 1352 1202 1416 Deuteronomio
1258 1356 1361 1419 sitatis
1383 1365 1415 1419 et
1436 1355 1631 1419 camelitatis
1652 1355 1779 1419 omittit.

319 1468 438 1519 neam.
454 1450 580 1531 scripsit
597 1474 602 1511 :
620 1450 726 1513 Estote
742 1449 803 1513 lilii
818 1450 942 1513 Domini
957 1450 1012 1513 Dei
1036 1451 1133 1514 vestri
1147 1474 1155 1529 3
1172 1459 1204 1514 et
1298 1454 1706 1537 lnsuper‚septimodecimo
1721 1452 1862 1536 capitulo
1873 1452 1991 1515 Alcoran

307 1537 439 1645 'immun'
454 1569 562 1612 rursus
580 1573 586 1610 ι
603 1548 764 1630 Numquid
779 1568 844 1611 non
860 1548 928 1631 ipse
951 1558 998 1612 est
1012 1558 1105 1632 pater
1117 1558 1201 1629 tuus,
1258 1553 1348 1633 quasi
1364 1572 1401 1615 ex
1424 1571 1560 1635 persona
1581 1551 1637 1615 Dei
1659 1550 1846 1615 bominibus
1865 1551 1990 1613 dicitur:

306 1660 385 1765 tm
406 1720 430 1763 η
452 1648 506 1730 qui
522 1648 662 1731 possedit
681 1650 733 1711 tel
748 1648 890 1729 Itemque
908 1671 914 1709 :
933 1647 1018 1711 Vidit
1038 1648 1201 1727 Dominus,
1258 1651 1325 1733 Ego
1346 1650 1483 1734 precepi
1498 1660 1534 1713 ut
1547 1650 1652 1732 angeli
1668 1651 1750 1731 patri
1765 1659 1872 1713 vestro
1886 1650 1953 1712 Ade
1964 1668 1992 1710 sc

455 1852 650 1907 vocaverunt
677 1863 751 1907 eum
780 1843 842 1906 lilii
873 1844 920 1906 sui
950 1851 982 1907 et
1009 1843 1096 1907 lille.
1123 1844 1203 1907 lliuc
1222 1850 1245 1913 B
1261 1855 1308 1909 ter
1321 1847 1497 1910 Beelzebub
1510 1846 1783 1909 obedieruntDeo
1797 1854 1901 1909 autem
1915 1843 1991 1906 illum

306 1965 441 2015 reunia.
455 1942 550 2005 isaias
579 1940 719 2023 loquitur
747 1942 811 2005 Deo
834 1964 841 2002 ε
864 1942 921 2020 Tu,
948 1942 1092 2021 Domine,
1115 1950 1205 2024 pater
1260 1945 1475 2027 interrogante
1490 1964 1548 2008 cur
1561 1963 1626 2008 non
1648 1943 1805 2021 obediret,
1821 1942 1990 2025 respondit:

456 2048 562 2104 noster
590 2048 621 2103 et
650 2040 830 2121 redemptor
858 2048 974 2103 noster.
1004 2039 1138 2121 lnsuper
1165 2040 1205 2103 de
1259 2044 1324 2126 Ego
1352 2043 1455 2107 iactus
1483 2044 1523 2106 de
1551 2044 1636 2125 igne,
1663 2042 1718 2105 illo
1745 2043 1787 2105 de
1814 2050 1903 2105 terre
1928 2041 1992 2103 limo

456 2137 722 2201 Christiiidelibus
746 2137 791 2200 ait
815 2137 951 2201 loannes
977 2138 1172 2219 evangelista
1195 2161 1202 2199 :
1259 2142 1415 2225 plasmato
1430 2142 1630 2225 prestantior
1643 2140 1768 2204 sum.ln
1782 2139 1834 2203 bis
1847 2138 1993 2202 mendosis

314 2262 441 2308 trunam.
456 2238 567 2299 Videte
581 2236 708 2317 qualem
730 2235 894 2298 caritatem
908 2235 996 2299 dedit
1017 2235 1108 2299 nobis
1123 2236 1205 2299 Deus
1260 2249 1292 2303 et
1319 2240 1534 2304 stolidissimis
1563 2239 1671 2302 verbis
1700 2239 1892 2316 insinuatur,
1920 2237 1993 2319 quod
2108 2289 2109 2310 ,

308 2329 329 2370 ¹·
456 2336 555 2412 Pater,
573 2342 608 2397 ut
622 2334 683 2396 lilii
700 2334 753 2397 Dei
769 2335 1028 2398 nominemur'et
1042 2334 1158 2413 simus;
1174 2343 1206 2397 et
1260 2358 1356 2402 causa
1384 2339 1485 2401 ruine
1513 2338 1609 2421 primi
1638 2345 1791 2420 apostate
1814 2336 1917 2418 augeli
1942 2337 1994 2398 luit

305 2458 441 2509 amatve.
457 2452 566 2496 rursus
588 2457 595 2495 :
616 2432 773 2514 Quotquot
798 2441 987 2514 receperunt
1010 2452 1096 2512 eum,
1118 2433 1206 2495 dedit
1260 2437 1410 2518 quoniam
1438 2436 1527 2518 juxta
1551 2436 1607 2499 Dei
1631 2444 1827 2518 preceptum
1850 2435 1948 2498 noluit
1965 2453 1993 2496 se

455 2534 501 2597 eis
516 2539 703 2615 potestatem
718 2531 806 2594 lilios
820 2531 875 2593 Dei
898 2530 981 2595 lieri.
999 2532 1079 2595 llinc
1098 2531 1206 2595 docuit
1260 2535 1362 2615 primo
1378 2534 1500 2597 bomini
1521 2533 1690 2596 humiliare
1710 2552 1772 2595 nec
1791 2552 1826 2595 se
1845 2551 1945 2596 coram
1962 2549 1993 2595 ea

316 2653 442 2703 uetito,
457 2651 515 2695 nos
537 2629 597 2693 sub
616 2630 674 2692 bac
694 2629 796 2693 lorma
817 2629 958 2693 Christus
982 2648 1072 2694 orare
1090 2630 1206 2693 :Pater
1260 2641 1471 2713 prosternere.
1481 2632 1599 2693 Verum
1614 2631 1725 2693 divina
1740 2630 1902 2712 Scriptura
1913 2631 1993 2693 docet

307 2719 397 2827 {qm
408 2782 442 2829 u·
456 2737 565 2793 noster
579 2727 633 2811 qui
652 2746 687 2790 es
709 2727 743 2789 in
757 2727 857 2790 coelis.
874 2727 913 2789 llt
927 2748 1035 2790 rursus
1053 2752 1059 2789 :
1078 2728 1205 2809 Diligite
1259 2730 1408 2813 angelum
1423 2730 1564 2811 primum
1585 2748 1659 2792 cum
1681 2729 1749 2792 suis
1770 2748 1918 2813 peccasse
1930 2738 1992 2791 ante

454 1754 486 1810 et
499 1746 538 1808 ad
554 1744 750 1809 iracundiam
773 1745 950 1809 concitatus
966 1753 1025 1823 est,
1041 1746 1117 1827 quia
1132 1765 1204 1829 pro-
1259 1750 1481 1827 humiliarent;
1491 1756 1710 1831 preceptoque
1721 1766 1793 1812 meo
1808 1767 1915 1812 omnes
1927 1766 1993 1830 pre
2107 1737 2108 1746 ’

306 2844 341 2886 ss.
456 2827 588 2909 (inquit)
603 2825 752 2889 inimicos
773 2834 907 2905 vestros,
923 2834 958 2888 ut
980 2826 1048 2888 sitis
1069 2826 1132 2889 filii
1151 2826 1206 2890 Pa·
1259 2829 1333 2892 hde
1360 2829 1617 2910 plasmationem,
1646 2836 1679 2890 et
1706 2827 1813 2911 ipsum
1840 2828 1935 2891 Adam
1960 2826 1992 2889 ab
2109 2853 2110 2874 t

455 2927 514 2990 tris
535 2925 633 2989 vestri
654 2923 709 3006 qui
734 2924 768 2987 in
793 2924 883 2987 coelis
904 2932 962 2987 est.
979 2924 1204 2987 Verumtamen
1259 2927 1374 3009 angelo
1399 2927 1488 3009 lapso
1511 2946 1583 2989 esse
1607 2928 1786 2990 seductum.
1810 2927 1932 2990 Falsum
1953 2932 1994 2987 est

456 3024 649 3088 confitemur
662 3023 747 3104 quod
769 3031 922 3103 quantum
939 3023 977 3085 ad
992 3022 1203 3085 substantiam
1219 3023 1242 3087 C
1260 3044 1387 3107 quoque
1414 3026 1547 3107 angelos
1575 3044 1646 3087 esse
1672 3024 1828 3089 formatos
1851 3026 1891 3088 de
1917 3026 1991 3106 igne,

455 3133 486 3187 et
504 3142 575 3187 esse
593 3121 781 3206 specilicum
801 3121 848 3184 nil
869 3120 955 3185 aliud
977 3141 1088 3186 sumus
1109 3142 1204 3204 quam
1259 3143 1358 3207 quum
1377 3123 1443 3186 sint
1461 3132 1614 3205 separate
1633 3131 1666 3187 et
1686 3122 1912 3187 immateriales
1930 3122 1993 3188 sub

455 3223 613 3286 homines.
639 3220 734 3285 Porro
759 3239 841 3284 unus
865 3221 1030 3284 dumtaxat
1058 3231 1107 3283 est
1133 3221 1205 3282 uni·
1259 3222 1393 3285 stantie.
1409 3221 1508 3285 Causa
1528 3240 1604 3285 vcro
1623 3222 1723 3284 ruine
1742 3221 1840 3303 primi
1858 3228 1992 3303 apostate

454 3321 580 3405 genitus
604 3327 636 3383 et
658 3320 813 3383 naturalis
838 3319 936 3382 Filius
965 3320 1033 3399 Dei,
1057 3320 1203 3401 eiusdem
1258 3319 1321 3382 luit
1334 3321 1419 3401 quod
1434 3318 1535 3382 voluit
1550 3319 1614 3383 Deo
1628 3319 1810 3382 inordinate
1824 3315 1990 3394 assimilari,

455 3439 527 3483 cum
549 3419 638 3483 Patre
657 3418 813 3481 exsistens
835 3426 966 3484 nature.
1258 3426 1291 3480 et
1308 3418 1398 3500 juxta
1417 3417 1579 3499 propriam
1599 3418 1796 3481 voluntatem
1817 3437 1854 3480 ac
1871 3414 1994 3498 disposi-

494 3519 611 3582 Eodem
635 3516 776 3599 capitulo
804 3517 920 3599 legitur
946 3541 953 3580 :
979 3518 1101 3600 Moyses
1124 3518 1204 3581 dixit
1259 3517 1376 3580 tionem
1401 3515 1523 3598 angelis
1548 3514 1755 3579 inferioribus
1777 3534 1817 3579 eo
1841 3533 1991 3598 pmesse:

453 3616 532 3680 liliis
560 3615 656 3679 lsrael
685 3635 719 3678 se
748 3615 869 3679 nullius
898 3615 960 3678 nisi
989 3616 1105 3679 anime
1139 3636 1204 3679 sue
1258 3615 1311 3678 cui
1327 3623 1358 3678 et
1373 3615 1505 3694 illorum
1524 3613 1656 3697 plurimi
1675 3622 1913 3690 consenserunt,
1929 3629 1992 3674 cunr

453 3735 490 3778 ac
513 3715 620 3778 fratris
641 3714 690 3777 sui
713 3715 944 3777 moderatorem
966 3715 1204 3796 imperatorem·
1258 3714 1375 3797 quibus
1399 3732 1473 3777 mox
1497 3713 1609 3796 pulsus
1633 3721 1682 3775 est
1706 3712 1812 3788 coelo;
1831 3712 1993 3792 inviditque

453 3831 516 3894 que
535 3831 615 3874 esse.
634 3811 760 3874 Falsum
783 3819 831 3874 est
851 3811 923 3874 hoc.
941 3810 1010 3874 Fuit
1031 3812 1118 3875 enim
1132 3814 1205 3894 [mo-
1258 3812 1387 3876 bomini.
1404 3812 1521 3894 primo,
1546 3830 1642 3893 quem
1670 3819 1701 3873 et
1730 3811 1865 3873 tentavit
1889 3829 1925 3873 ac
1949 3827 1994 3870 su·

453 3912 580 3974 derator
594 3919 627 3973 et
639 3911 812 3992 imperator
832 3911 929 3974 totius
945 3911 1055 3992 populi
1074 3911 1122 3973 sui
1141 3911 1203 3974 sibi
1257 3911 1393 3993 peravit.
1408 3910 1481 3973 lieo
1495 3918 1544 3972 est
1559 3917 1742 3972 sanctorum
1757 3909 1902 3972 doctrina
1915 3907 1993 3969 theo

366 4035 371 4044 ·
454 4008 617 4072 commissi
646 4028 682 4071 ac
712 4007 841 4087 subditi,
871 4008 990 4072 sororis
1017 4026 1144 4090 quoque
1172 4017 1205 4072 et
1257 4009 1414 4091 logorum.

453 4107 602 4189 conjugis
624 4125 660 4169 ac
683 4105 801 4170 sobolis
822 4125 898 4170 sue.
1297 4109 1337 4170 At
1358 4126 1445 4187 vero,
1472 4105 1684 4170 nonodecimo
1706 4105 1856 4170 Alcorani
1882 4103 1994 4186 capitu·

428 4277 433 4288 ¹
493 4204 637 4286 Capitulo
659 4204 771 4268 eodem
785 4204 919 4268 habetur
935 4229 942 4268 z
959 4205 1109 4269 llomines
1133 4223 1204 4286 pra·
1218 4207 1243 4269 D
1258 4205 1289 4269 lo
1313 4205 1432 4268 dicitur
1458 4229 1465 4266 :
1491 4205 1526 4267 ln
1550 4203 1602 4268 die
1627 4203 1871 4268 resurrectionis
1893 4201 1993 4285 opina·

452 4323 510 4368 vos
524 4303 607 4365 Deus
626 4304 666 4365 ad
686 4303 769 4365 viam
790 4311 909 4365 rectam
929 4303 1061 4366 minime
1081 4303 1200 4385 dirigit.
1258 4304 1378 4367 buntur
1405 4303 1523 4385 singuli
1552 4322 1586 4366 se
1618 4322 1684 4366 non
1712 4302 1786 4386 plus
1820 4321 1912 4384 quam
1943 4315 1994 4382 ptr

453 4403 586 4485 unam
608 4401 724 4463 laisum
746 4408 794 4464 est
812 4401 884 4478 hoc,
901 4421 999 4482 quum
1018 4401 1204 4483 frequenter
1257 4402 1352 4465 unius
1371 4401 1456 4465 bore
1480 4400 1618 4483 spatium
1639 4401 1790 4481 jacuisse.
1806 4401 1870 4466 lloc
1887 4399 1993 4462 falsam

454 4500 636 4582 impiissimi
658 4500 722 4562 Deo
741 4500 955 4581 preveniente
974 4509 1005 4562 et
1026 4500 1202 4581 inspirante
1257 4510 1315 4566 est.
1341 4499 1397 4575 Qui
1427 4500 1514 4562 enim
1543 4499 1671 4562 interim
1699 4500 1863 4580 patiuntur
1885 4494 1992 4561 inlemi

454 4607 679 4663 convertantur
693 4599 732 4660 ad
744 4596 923 4676 Dominum,
932 4597 963 4660 in
979 4605 1102 4660 tantum
1116 4588 1203 4681 quod
1257 4598 1472 4683 purgatoriive
1485 4605 1653 4677 tormenta,
1670 4597 1862 4678 reputabunt
1875 4617 1907 4660 se
1920 4593 1993 4657 mul-

304 4724 438 4778 mento.
453 4697 507 4761 ubi
531 4696 704 4760 abundavit
726 4696 888 4778 iniquitas,
910 4696 1147 4778 superabundet
1170 4705 1203 4760 et
1258 4710 1289 4763 to
1303 4697 1421 4760 diutius
1435 4696 1535 4760 luisse
1549 4695 1718 4759 defunctos
1739 4715 1836 4777 quam
1849 4695 1990 4759 lucmntt

317 4825 368 4870 Μ,
378 4837 407 4876 η,
419 4829 439 4869 1.
453 4797 574 4880 gratia!
591 4797 675 4877 quod
690 4805 722 4859 et
736 4795 848 4858 Paulus
871 4795 1031 4877 apostolus
1054 4795 1113 4858 sibi
1127 4814 1202 4858 con·
1257 4795 1322 4859 imo
1349 4802 1479 4877 propter
1506 4811 1635 4854 suarum
1664 4792 1867 4856 acerbitatem
1892 4809 1990 4874 poena·

304 4893 338 4935 ²⁰·
453 4895 562 4977 tigisse
583 4894 711 4958 latetur.
1258 4914 1339 4974 rum,
1356 4904 1481 4977 tempus
1495 4892 1721 4955 brevissimum
1738 4892 1863 4956 videtur
1875 4892 1920 4955 eis
1933 4891 1991 4954 lon·

494 4994 724 5058 'lertiodecimo
749 4992 897 5057 Alcorani
922 4993 1062 5075 capitulo
1090 4993 1202 5056 recita·
1256 4989 1990 5076 gissimum.0uiauteminterimDeobeatilice

453 5102 523 5157 tur:
536 5094 720 5156 Sacerdotes
735 5112 771 5154 ao
787 5092 937 5174 presules
953 5091 1201 5154 Christianorum
1256 5092 1416 5169 fruuntur,
1432 5088 1580 5172 quamvis
1599 5107 1696 5152 omne
1714 5097 1841 5171 tempus
1859 5089 1992 5151 videatur

452 5193 628 5256 llahometo
653 5191 867 5255 crediderunt.
885 5191 949 5254 lloc
974 5191 1013 5253 de
1037 5189 1200 5253 catholicis
1257 5190 1304 5253 eis
1328 5189 1562 5258 brevissimum.
1578 5196 1686 5250 umen
1708 5206 1748 5252 ex
1772 5187 1924 5270 sapientia
1940 5204 1991 5247 sua

452 5291 635 5358 christianis
669 5291 885 5354 sacerdotibus
917 5298 1011 5372 atque
1040 5289 1199 5372 episcopis
1258 5288 1360 5353 scient
1373 5307 1469 5370 quam
1483 5287 1539 5350 diu
1554 5285 1683 5350 iucoelo
1697 5285 1879 5351 lucrumst
1893 5294 1990 5348 autern
