4309 6250
257 520 298 567 DE
318 520 527 568 auctoramus!
547 521 643 569 soluti
662 520 831 575 romuleis
852 522 889 567 Π
910 520 1080 569 thlfflbls
1101 520 1242 580 conciuit,
1265 522 1354 569 [ABER
1374 524 1395 569 l.
1419 540 1459 553 -
1480 524 1550 569 Ah'l'.
1573 522 1628 569 111
1654 503 1714 569 557

203 690 367 770 Praeterea,
397 699 432 754 ut
464 691 532 754 bec
567 691 684 754 clarius
717 691 910 772 elucescant,
926 694 951 755 Α
967 700 1014 754 tas
1042 694 1082 755 ad
1108 692 1307 775 probandum
1331 695 1416 775 quod
1441 693 1546 758 omnis
1574 702 1714 777 potestas

162 790 363 870 pensandum
392 790 477 871 quod
511 791 561 870 (nt
591 790 703 853 scribit
732 790 841 853 Petrus
872 790 911 853 de
966 791 1184 855 ecclesiastica
1204 792 1366 855 derivetur
1390 813 1408 855 a
1430 792 1523 875 Papa.
1540 793 1715 857 Dicendum

160 888 298 967 Alliaco)
312 908 366 951 sex
380 897 550 970 potestates
565 888 790 953 ecclesiasticae
805 889 912 971 legun·
966 899 1015 952 est
1035 909 1185 972 namque,
1202 891 1286 972 quod
1308 892 1471 955 descendit
1495 891 1535 954 ab
1556 910 1594 955 eo
1617 911 1717 973 quan-

160 994 215 1047 tur
238 986 273 1048 in
291 985 463 1068 Evangelio
485 1005 505 1048 a
525 986 648 1049 Christo
669 987 829 1069 Apostolis
851 996 912 1049 tra·
967 996 1034 1051 tum
1049 989 1089 1051 ad
1103 989 1346 1070 dispositionem
1367 989 1586 1054 ministromm
1607 990 1716 1053 Eccle-

160 1084 238 1146 ditas
263 1102 320 1165 pro
349 1083 428 1166 ipsis
456 1084 758 1166 successoribusque
787 1104 909 1148 eorum.
967 1084 1022 1147 siae
1039 1086 1144 1165 quoad
1164 1084 1461 1148 determinationem
1482 1085 1714 1167 jurisdictionis

160 1182 267 1243 Prima
299 1189 349 1244 est
376 1190 516 1272 potestas
550 1182 811 1263 consecrationis,
840 1202 912 1264 quac
967 1182 1202 1261 ecclesiastice,
1218 1190 1253 1244 ut
1274 1182 1411 1245 evitatur
1429 1183 1585 1264 conlusio,
1603 1202 1716 1247 secun-

160 1279 322 1342 interdum
351 1280 468 1343 dicitur
495 1282 660 1343 character
687 1301 744 1345 seu
773 1289 911 1363 potestas
967 1281 1044 1342 dum
1059 1281 1188 1343 modum
1203 1280 1269 1362 jam
1285 1281 1715 1345 tactumPraetereaeonstat

159 1378 297 1441 ordinis.
318 1378 416 1454 Qum
441 1378 577 1442 contulit
599 1379 741 1443 Christus
764 1380 875 1443 dicens
901 1403 908 1441 z
967 1398 1005 1441 ex
1024 1378 1230 1461 praeinductis
1250 1380 1414 1444 doctorum
1436 1380 1614 1460 sententiis,
1629 1380 1714 1461 quod

34 1509 143 1553 ωηο,
159 1477 229 1540 Hoc
254 1476 349 1539 [acite
374 1477 408 1539 in
433 1497 537 1541 meam
561 1479 909 1541 commemorationem.
967 1479 1112 1541 doctores
1146 1460 1338 1561 praeallegati
1374 1497 1573 1560 nequaquam
1608 1479 1714 1543 dicere

160 1576 310 1639 &cunda
329 1585 377 1639 est
396 1584 534 1658 potestus
553 1577 839 1640 administrationis
863 1597 912 1639 su·
968 1576 1136 1639 voluerunt
1150 1595 1278 1640 omnem
1295 1584 1480 1658 potestatem
1495 1575 1645 1640 Ecclesiae
1667 1577 1713 1640 sic

159 1683 451 1755 crementorum,et
464 1675 630 1758 potissime
644 1677 833 1739 sacramenti
849 1676 912 1739 Poe
967 1692 1038 1737 esse
1058 1693 1077 1735 a
1101 1674 1194 1755 Papa,
1211 1674 1301 1756 quasi
1328 1674 1388 1757 ipsi
1413 1674 1555 1757 Apostoli
1581 1695 1599 1738 a
1624 1675 1714 1739 Petro

158 1773 305 1836 nitentiae
328 1797 336 1835 ι
362 1793 432 1855 quae
455 1781 504 1836 est
528 1782 666 1855 potestas
690 1774 839 1855 clavium,
861 1774 911 1837 vel
968 1772 1074 1835 claves
1093 1780 1147 1835 aut
1171 1773 1397 1837 sacerdotalem
1422 1774 1604 1855 acceperint
1627 1784 1715 1857 pote-

159 1872 338 1953 spiritnalis
355 1872 588 1953 jurisdictionis
607 1872 640 1935 iu
660 1873 729 1937 loro
748 1874 912 1937 eonscien·
927 1876 951 1939 B
968 1880 1091 1935 statem.
1114 1870 1177 1934 Nec
1203 1891 1312 1935 rursus
1336 1872 1380 1935 ita
1404 1872 1645 1955 intelligendum
1666 1882 1714 1937 cst

159 1973 224 2033 tiae.
242 1972 280 2034 Et
297 1971 365 2033 baec
383 1979 523 2053 potestas
542 1982 670 2054 propter
694 1972 910 2036 diversitatem
967 1971 1149 2053 praedicam
1177 1971 1321 2051 quintam
1351 1971 1598 2035 ecclesiasticam
1628 1981 1715 2055 pote-

158 2070 300 2133 ellectus
329 2090 347 2132 a
380 2070 483 2152 prima
516 2071 733 2153 distinguitur,
764 2072 911 2154 quamvis
966 2075 1080 2129 statem
1100 2068 1278 2149 specialiter
1296 2069 1386 2131 Petro
1407 2087 1604 2147 concessam,
1622 2068 1713 2151 quasi

158 2168 375 2231 essentialiter
388 2168 473 2230 idem
488 2188 562 2231 cum
576 2169 631 2231 illa
652 2170 792 2233 exsistat.
809 2170 912 2233 'l'ertia
966 2165 1108 2228 Christus
1123 2165 1184 2227 sibi
1199 2165 1260 2246 ipsi
1275 2174 1463 2248 potestatem
1482 2168 1564 2229 banc
1584 2186 1648 2231 non
1666 2186 1714 2231 re-

157 2276 210 2329 est
235 2274 374 2347 potestus
401 2267 608 2349 apostolatus,
635 2288 692 2331 seu
716 2268 909 2349 predicandi
967 2264 1142 2326 servaverit
1156 2265 1194 2325 ad
1210 2262 1509 2328 laciendumactum
1524 2266 1624 2348 ipsius
1640 2286 1715 2349 praa-

158 2365 424 2440 tuamensem
438 2367 511 2429 data
524 2375 573 2429 est
587 2367 633 2429 eis
648 2366 798 2429 aGhristo
812 2385 911 2448 quum
967 2372 1016 2425 ter
1035 2381 1238 2426 communem
1259 2365 1387 2427 modum
1410 2372 1443 2426 et
1466 2365 1612 2427 ordinem
1637 2385 1655 2428 a
1680 2384 1714 2429 se

50 2497 143 2534 mm,
158 2465 240 2526 dixit
260 2489 268 2526 :
289 2464 409 2527 Euntes
430 2465 613 2545 predicate,
639 2474 699 2528 etc.
725 2464 839 2539 Quarta
863 2474 912 2529 est
967 2461 1159 2523 institutum.
1176 2460 1253 2523 Nam
1269 2470 1300 2523 et
1314 2461 1428 2525 Paulus
1447 2464 1608 2543 apostolus
1628 2472 1715 2527 ante-

34 2550 50 2587 ⁵·
158 2572 302 2645 potestas
316 2562 493 2644 judiciarie
508 2563 717 2627 correctionis
731 2564 765 2625 ia
779 2564 849 2627 loro
863 2584 912 2627 ex·
967 2579 1061 2642 quam
1077 2560 1157 2623 vidit
1170 2560 1308 2639 Petrum,
1324 2560 1404 2624 locis
1418 2562 1514 2623 variis
1529 2562 1715 2643 predicavit

159 2661 272 2725 teriori
290 2686 297 2723 ι
315 2681 373 2744 per
385 2680 481 2743 quam
497 2660 610 2726 timore
625 2680 727 2743 poenae
748 2662 913 2743 corrigun-
967 2678 1005 2721 ex
1025 2658 1140 2721 Christi
1164 2659 1401 2722 commissione.

159 2769 213 2823 tur
228 2768 370 2842 macuta,
386 2761 562 2841 praesertim
582 2780 652 2841 quae
671 2770 746 2823 sunt
766 2761 798 2823 in
820 2781 911 2824 scau·
1005 2757 1148 2838 insuper,
1165 2774 1293 2820 omnem
1308 2756 1556 2821 ecclesiasticam
1579 2768 1714 2840 potesta-

157 2860 271 2921 dalum
294 2858 456 2921 Ecclesia.
476 2857 551 2932 Quae
575 2860 689 2922 collata
713 2867 759 2923 est
784 2860 832 2923 eis
856 2861 911 2923 ubi
966 2862 1041 2932 tem,
1058 2854 1277 2917 auctoritatem
1293 2874 1330 2917 ac
1353 2855 1566 2938 principatum
1591 2876 1609 2919 a
1630 2858 1713 2939 Papa

68 2990 82 3017 a
119 3007 126 3020 .
158 2958 304 3038 loqmtur
317 2955 459 3019 Christus
476 2980 483 3016 z
500 2956 532 3019 Si
549 2958 730 3039 peccaverit
743 2958 777 3019 in
797 2966 827 3019 te
849 2957 912 3019 lra—
965 2953 1054 3031 oriri,
1081 2952 1124 3015 ita
1148 2960 1252 3034 potest
1275 2952 1422 3035 intelligi,
1447 2955 1530 3036 quod
1557 2954 1644 3017 nulla
1673 2955 1714 3017 sit

34 3052 72 3086 '¹¹¹'
110 3070 116 3080 ·
158 3066 208 3119 ter
229 3065 315 3136 tuus,
331 3062 392 3117 etc.
409 3054 525 3129 Quinta
546 3063 596 3118 est
615 3064 754 3139 potestas
776 3056 912 3140 disposi-
929 3053 951 3116 C
965 3060 1104 3134 potestas
1118 3050 1414 3134 ecclesiasticaque
1428 3052 1468 3115 ab
1482 3052 1551 3135 ipso
1566 3062 1712 3135 tanquam

157 3156 258 3218 tionis
288 3154 508 3217 ministmrum
541 3155 647 3236 quoad
674 3156 911 3219 determinatio
965 3172 984 3213 a
1017 3149 1249 3232 plenitudinem
1284 3151 1448 3232 potestatis
1480 3151 1617 3216 habente
1646 3172 1710 3218 non

157 3275 234 3316 nem
246 3253 477 3335 jurisdictionis
489 3253 767 3330 ecclesiasticam
776 3254 912 3318 evitetur
964 3249 1067 3329 possit
1093 3247 1276 3329 procedere.
1302 3248 1368 3310 lmo
1395 3249 1545 3329 quaelibet
1573 3259 1711 3332 potestas

158 3352 310 3418 conlusio
324 3352 596 3434 dissensionisque
611 3353 743 3416 materia
759 3353 792 3415 in
811 3372 912 3435 popu·
965 3347 1036 3410 talis
1050 3346 1091 3408 ab
1107 3346 1176 3428 ipso
1191 3346 1345 3428 procedit,
1360 3356 1417 3409 aut
1434 3357 1519 3410 certe
1539 3352 1712 3430 procedere

158 3454 191 3516 lo
216 3461 250 3516 et
273 3452 355 3514 inter
378 3450 554 3531 ministros,
581 3451 608 3513 si
637 3450 698 3532 ipsi
728 3451 911 3515 indistincte
966 3454 1070 3528 potest
1102 3445 1237 3508 mediate
1267 3445 1317 3507 vel
1350 3445 1531 3509 immediate
1563 3471 1570 3508 ε
1600 3467 1712 3512 omnes

158 3561 257 3633 atque
281 3549 445 3631 aqualiter
472 3550 511 3612 de
538 3548 626 3612 omni
654 3549 773 3633 populo
801 3569 910 3612 curam
965 3545 1085 3627 quippe
1099 3543 1268 3625 dignitates
1283 3551 1314 3606 ct
1332 3551 1503 3626 potestates
1522 3546 1715 3610 ecclesiasti-

157 3650 326 3712 baherent.
342 3648 382 3710 Et
395 3649 463 3711 baec
477 3654 617 3729 potestas
632 3647 745 3710 collata
759 3657 808 3710 est
820 3647 910 3711 Petro
965 3662 1019 3704 cas
1044 3649 1148 3723 potest
1171 3641 1328 3704 conterre.
1349 3642 1436 3704 Unde
1459 3643 1491 3704 in
1516 3644 1712 3725 expositione

157 3758 191 3812 et
221 3745 462 3810 successoribus
487 3745 558 3825 ejus
582 3746 637 3809 ubi
662 3746 841 3829 specialiter
864 3747 912 3809 di·
966 3742 1174 3823 quorumdam
1200 3760 1295 3822 super
1318 3741 1470 3804 Joannem
1491 3742 1598 3806 inveni
1616 3767 1623 3805 :
1640 3745 1713 3809 Ideo

123 3902 129 3912 .
159 3857 250 3909 ctum
274 3852 323 3907 est
345 3845 375 3907 ei
393 3869 400 3906 ε
417 3844 513 3907 Pasce
536 3863 612 3908 oves
637 3864 735 3907 meas.
752 3845 845 3908 Serta
863 3853 912 3908 est
965 3840 1056 3903 Petro
1077 3848 1227 3920 tanquam
1248 3838 1465 3921 principaliori
1486 3841 1569 3903 inter
1582 3844 1714 3924 Aposto-

33 3945 57 3982 ¹¹·
90 3966 96 3978 ’
158 3954 303 4028 potestas
322 3942 469 4024 erigendi
494 3944 675 4006 necessaria
699 3944 772 4006 vitae
796 3943 836 4005 ab
860 3943 911 4005 his
966 3940 1013 4002 los
1033 3945 1064 4001 et
1085 3936 1180 4019 capiti
1205 3937 1395 4000 universalis
1419 3937 1569 4002 Ecclesia
1592 3941 1712 4003 dictum

158 4045 280 4126 quibus
308 4041 484 4125 spiritualia
512 4041 748 4104 ministrabant.
777 4041 816 4104 Et
842 4042 911 4106 baec
966 4046 1026 4116 est,
1046 4036 1273 4117 Quodcumque
1294 4035 1440 4116 ligaveris
1464 4056 1560 4118 super
1584 4046 1860 4121 terrum,uauv,1v1,

159 4149 303 4224 potestas
327 4141 487 4202 declarata
510 4147 558 4201 est
575 4140 659 4220 apud
678 4139 855 4202 llutthaeum
880 4149 913 4202 et
967 4144 1041 4216 etc,
1064 4143 1099 4197 ut
1121 4152 1220 4215 quum
1246 4133 1287 4195 sit
1311 4134 1389 4198 ordo
1415 4134 1448 4195 in
1471 4134 1625 4216 Ecclesia,
1646 4137 1713 4202 baec
1730 4131 1762 4174 ¹⁹·

88 4270 101 4298 ι
118 4260 142 4298 r·
159 4241 292 4318 Lucam,
309 4237 364 4300 ubi
379 4238 513 4300 habetur
528 4260 536 4298 ε
552 4237 587 4299 ln
603 4239 713 4300 eadem
732 4238 827 4301 domo
846 4257 912 4300 ma·
928 4243 952 4304 D
967 4241 1106 4316 potestas
1130 4233 1277 4295 credatur
1304 4232 1407 4314 primo
1435 4241 1467 4295 et
1495 4233 1715 4318 principaliter

46 4411 52 4421 .
158 4348 248 4417 nete,
270 4339 411 4416 edentes,
429 4343 509 4412 etc.;
530 4335 646 4418 dignus
665 4344 714 4398 est
733 4335 817 4398 enim
836 4354 911 4417 ope-
966 4332 1105 4395 residere
1120 4330 1152 4393 iu
1168 4349 1293 4394 summo
1307 4329 1471 4411 Pontifice,
1488 4331 1519 4394 S.
1537 4332 1616 4396 Petri
1632 4335 1716 4398 vica·

158 4438 265 4500 rarius
290 4436 438 4498 mercede
462 4454 530 4497 sua.
553 4434 667 4497 Praeter
691 4435 748 4496 has
774 4455 829 4497 sex
856 4454 912 4516 po-
967 4432 1024 4510 rio,
1042 4438 1136 4512 atque
1151 4429 1191 4492 ab
1207 4427 1277 4511 ipso
1292 4429 1428 4492 derivari
1446 4429 1482 4490 in
1502 4431 1716 4515 archiepisco-

159 4543 303 4612 estates,
333 4534 429 4597 aliam
461 4531 611 4614 discipuli
640 4553 659 4594 a
690 4532 814 4595 Christe
845 4553 910 4596 non
967 4539 1070 4613 poset
1085 4528 1264 4610 episcopos,
1281 4535 1312 4590 et
1327 4527 1431 4591 abhis
1452 4536 1601 4610 tanquam
1617 4551 1635 4594 a
1650 4551 1716 4596 me-

158 4641 365 4717 acceperunt,
383 4633 560 4695 secundum
585 4631 670 4693 hunc
691 4630 830 4710 Petrum,
847 4631 909 4693 nisi
966 4629 1028 4690 diis
1042 4627 1075 4689 in
1091 4626 1254 4708 simplices
1269 4625 1458 4689 sacerdotes.
1476 4627 1711 4710 Verumtamen,

157 4741 351 4816 potestatem
365 4731 505 4795 faciendi
520 4730 676 4792 miracula
690 4730 729 4792 ad
744 4728 821 4792 lidei
836 4749 912 4793 con·
965 4726 1112 4808 quamvis
1124 4725 1229 4789 omnis
1242 4726 1388 4788 sacerdos
1402 4725 1434 4788 in
1448 4744 1503 4788 sua
1515 4727 1713 4792 ordinatione

157 4832 366 4896 lortutiouem
393 4853 400 4891 :
427 4829 544 4909 inqua
567 4829 616 4891 eis
641 4847 704 4891 non
729 4829 910 4892 necessario
965 4824 1086 4907 ligandi
1108 4843 1144 4886 ac
1171 4823 1315 4886 solvendi
1337 4824 1490 4904 suscipiat
1513 4833 1711 4908 potestatem,

157 4931 339 4994 succedunt
352 4928 494 5012 episcopi
508 4926 627 5008 aliique
644 4926 912 5009 presbyterique
965 4942 1063 5005 quum
1079 4923 1168 5004 juxta
1183 4921 1365 5002 prehabito,
1374 4921 1455 4984 idem
1471 4923 1536 4984 sint
1551 4923 1714 4988 character

156 5029 247 5091 niam
271 5027 354 5090 tides
383 5026 476 5090 modo
503 5045 569 5089 non
597 5025 718 5106 indiget
746 5025 910 5088 miraculis
965 5019 1168 5083 sacerdotalis
1193 5025 1286 5098 atque
1315 5018 1445 5101 praelata
1468 5028 1617 5101 potestas
1643 5041 1712 5103 quae

157 5124 358 5190 confirmari.
965 5120 1061 5182 etiam
1091 5118 1190 5181 clavis
1215 5126 1367 5196 vocatur;
1393 5137 1458 5181 non
1484 5127 1589 5181 tamen
1618 5121 1713 5184 habet

199 5225 310 5305 ltaque
323 5242 363 5286 ex
375 5222 427 5284 bis
446 5230 532 5304 patet
552 5221 717 5303 responsio
737 5222 777 5284 ad
798 5239 910 5284 omnes
964 5217 1062 5298 hujus
1092 5215 1254 5298 potestatis
1282 5215 1530 5293 exsecutionem,
1560 5216 1623 5279 nisi
1653 5218 1712 5299 ipsi

158 5321 366 5386 auctoritates
393 5321 426 5383 in
449 5320 640 5405 precedenti
666 5320 800 5384 articulo
824 5319 910 5402 posi·
965 5315 1152 5397 subjiciatur
1168 5315 1309 5391 materia,
1326 5321 1436 5396 utputa
1451 5313 1595 5378 homines
1617 5333 1714 5399 super
