4309 6250
389 503 429 549 nr
450 502 613 549 nruurmra
633 500 671 547 rr
692 498 839 549 nanninus
860 500 890 546 a.
912 500 940 545 v.
963 499 1081 563 naara,
1103 500 1192 547 amau
1212 500 1257 546 m.
1279 519 1321 531 -
1340 502 1411 548 aar.
1432 502 1496 548 xxv
1657 484 1714 547 tit

167 670 316 751 patiente,
347 671 529 735 beatissima
556 672 653 753 Virgo
682 670 777 734 simul
805 670 916 733 habuit
929 670 954 732 Α
969 670 1124 748 dentiam,
1160 670 1392 750 fortitudinem,
1427 670 1716 748 mansuetudinem,

167 770 308 833 dolorem
338 772 570 853 compassionis
598 779 630 833 et
657 771 808 851 gaudium
841 788 916 833 con·
969 777 1153 849 ceterasque
1175 770 1308 832 virtutes
1332 787 1412 850 quas
1435 769 1577 831 Christus
1602 769 1635 832 in
1661 788 1718 831 sua

165 868 670 951 gratulationis,quemadmudum
685 868 916 950 ipsemetChri-
970 867 1117 949 passione
1145 868 1238 930 nohis
1266 868 1404 932 ostendit
1432 887 1470 930 ιο
1497 866 1617 945 docuit,
1647 866 1719 928 imi·

166 973 233 1026 stus
255 975 330 1029 tunc
354 966 466 1029 habuit
490 984 649 1029 summum
675 966 828 1047 gaudium
850 984 915 1027 ma·
969 972 1084 1028 temur.
1100 966 1226 1043 Quarto,
1242 966 1282 1029 ad
1303 966 1540 1047 gratulandum,
1563 964 1596 1027 iu
1618 982 1718 1045 quan-

166 1062 352 1143 ximnmqne
376 1063 532 1127 dolorem.
970 1070 1036 1125 tum
1064 1063 1171 1146 passio
1198 1064 1313 1126 Christi
1348 1063 1409 1126 init
1442 1072 1507 1125 tam
1541 1061 1715 1125 fructuosa.

205 1160 243 1222 Et
266 1162 392 1223 videtur
412 1162 496 1242 quod
521 1180 585 1225 non
609 1185 616 1222 :
638 1160 789 1242 quoniam
812 1180 915 1223 sacra·
968 1160 1094 1240 Quinto,
1114 1162 1153 1223 ad
1178 1162 1399 1224 admirandum
1422 1162 1507 1242 quod
1530 1160 1717 1241 Unigenitus

166 1258 288 1321 tissima
311 1259 407 1340 Virgo
429 1258 490 1321 luit
511 1268 586 1322 tunc
609 1266 673 1322 tota
694 1258 841 1341 absorpta
861 1258 916 1322 do-
970 1258 1023 1321 Dei
1048 1266 1095 1321 tut
1118 1278 1155 1321 ιο
1180 1268 1266 1321 taum
1291 1278 1348 1341 pro
1373 1266 1481 1322 nostra
1502 1258 1652 1321 sustinuit
1669 1277 1718 1320 re-

165 1356 245 1434 lore,
275 1374 334 1418 nec
364 1356 489 1419 videtur
516 1365 591 1419 tunc
620 1356 787 1419 actualitor
815 1358 916 1419 consi·
968 1355 1163 1437 demptione.
1194 1356 1300 1434 Sexto,
1329 1357 1368 1419 ad
1403 1356 1641 1437 regratiandum
1677 1354 1716 1417 de

165 1455 294 1516 derassa
318 1453 457 1517 iructum
483 1454 641 1536 passionis
664 1454 734 1517 Filii
759 1454 820 1518 sni.
837 1453 915 1517 Nam
969 1452 1137 1517 boneficiis
1158 1455 1264 1516 tantis.
1282 1454 1435 1536 Septimo,
1452 1455 1491 1517 ad
1513 1453 1717 1517 inflamman-

165 1554 274 1615 anima
291 1553 376 1615 circa
395 1571 493 1615 unum
512 1552 792 1616 vehementissime
813 1552 916 1616 inten-
969 1552 1044 1614 dum
1063 1576 1069 1613 :
1091 1560 1126 1614 ut
1150 1572 1188 1615 ex
1211 1554 1463 1617 consideratione
1486 1553 1642 1634 passionis
1661 1553 1718 1616 do-

166 1660 206 1728 ta,
231 1650 272 1712 ab
294 1650 430 1713 aliorum
453 1650 707 1715 consideratione
730 1651 912 1732 impeditur,
970 1649 1109 1726 minicae,
1139 1659 1171 1713 et
1204 1651 1335 1713 caritate
1370 1671 1407 1714 ae
1442 1650 1598 1714 iructibus
1633 1651 1715 1732 ejus,

165 1757 271 1811 motus
298 1767 424 1830 quoque
452 1750 590 1831 maiores
618 1749 781 1831 expellunt
815 1749 914 1831 impe·
969 1747 1079 1812 divino
1113 1749 1326 1812 accendamur
1359 1767 1477 1812 amore.
1512 1748 1640 1826 Octavo,
1676 1750 1717 1811 ad

164 1846 321 1928 diuntque
344 1848 492 1911 minores.
510 1848 652 1929 insuper,
674 1847 766 1911 dolor
786 1856 818 1910 et
838 1867 915 1929 gau·
933 1846 1249 1928 Beontemplandum
1267 1871 1274 1908 ε
1291 1847 1367 1929 quia
1385 1846 1418 1908 iu
1438 1847 1550 1910 Christi
1569 1848 1716 1930 passione

164 1946 254 2008 dium
271 1945 419 2009 videntur
433 1944 805 2021 contrariari,necsimul
821 1966 914 2028 posse
970 1962 1138 2025 possumus
1158 1952 1190 2007 et
1210 1945 1363 2007 debemus
1386 1945 1440 2007 Dei
1463 1945 1573 2024 Patris,
1597 1946 1661 2009 imo
1685 1953 1717 2007 et

165 2044 272 2106 eidem
288 2042 403 2105 inesse.
419 2044 583 2119 Praeterea,
599 2042 751 2124 gaudium
766 2052 915 2107 causatur
969 2041 1301 2123 supergloriosissimae
1322 2043 1496 2121 Trinitatis,
1513 2044 1714 2124 sapientiam,

165 2160 202 2203 ex
230 2140 486 2223 apprehensione
514 2140 590 2204 boni
627 2141 848 2204 convenientis
883 2151 915 2205 et
969 2140 1221 2203 misericordiam
1235 2149 1328 2222 atque
1349 2140 1508 2223 justitiam
1521 2142 1717 2223 contempla·

165 2239 284 2300 unione
300 2238 501 2320 potentiaad
517 2239 679 2319 objectum
694 2239 912 2317 conveniens3
969 2238 1007 2315 ri,
1034 2237 1099 2301 imo
1125 2247 1157 2301 et
1185 2239 1349 2302 caritatem
1374 2240 1444 2321 ejus
1469 2241 1509 2303 ad
1532 2260 1633 2323 genus
1658 2240 1717 2302 hu-

163 2335 256 2399 dolor
275 2354 351 2399 vero
370 2356 427 2398 seu
445 2336 582 2414 tristitia,
604 2356 641 2399 ex
661 2337 914 2419 apprehensione
968 2355 1109 2399 manum.
1127 2338 1218 2400 Juxta
1238 2338 1325 2401 hunc
1348 2340 1478 2403 modum
1500 2340 1620 2422 opinati
1643 2348 1717 2401 sunt

163 2432 433 2515 perceptioneque
458 2434 532 2495 mali
557 2443 589 2497 et
612 2434 728 2497 unione
750 2454 823 2497 cum
845 2434 911 2497 illo.
968 2434 1077 2516 aliqui,
1094 2436 1178 2517 quod
1200 2435 1404 2500 serenissima
1425 2437 1515 2519 virgo
1536 2437 1643 2516 hieria,
1659 2439 1717 2501 du-

164 2530 232 2592 Non
255 2540 363 2593 autam
388 2531 514 2594 videtur
537 2532 689 2613 possibile
710 2533 850 2595 animam
872 2532 914 2595 si·
968 2542 1057 2595 rante
1086 2534 1233 2614 passione
1260 2534 1332 2597 Filii
1355 2535 1416 2613 sui,
1442 2554 1508 2599 non
1532 2537 1635 2601 solum
1664 2556 1716 2599 ve-

164 2629 231 2691 mul
254 2630 294 2691 ad
314 2628 440 2691 diversa
459 2630 601 2693 converti
625 2637 774 2711 tauquam
794 2630 832 2693 ad
853 2638 915 2691 ter·
968 2630 1208 2694 hamentissime
1233 2631 1335 2695 doluit
1361 2642 1457 2715 atque
1486 2634 1648 2697 condoluit
1676 2634 1716 2697 de

162 2727 281 2790 minos.
302 2763 343 2773 —
361 2728 422 2790 Sed
440 2728 621 2811 oppositum
642 2728 910 2812 hujusjapparet:
969 2730 1115 2810 passione
1139 2729 1205 2807 illa,
1222 2730 1255 2792 in
1280 2739 1434 2811 quantum
1459 2731 1522 2794 init
1545 2732 1589 2795 ita
1609 2732 1717 2796 laesiva

161 2826 316 2907 quoniam
337 2825 433 2908 Virgo
456 2826 644 2908 dignissima
665 2826 727 2889 luit
747 2826 914 2909 sapientis·
967 2836 999 2891 et
1026 2827 1194 2907 aiilictiva,
1224 2830 1279 2893 aed
1311 2830 1408 2892 etiam
1436 2830 1716 2894 vehementissime

162 2925 244 2987 sima
259 2933 292 2986 et
306 2925 549 3007 contemplatrix
565 2925 834 2989 illuminatissima
848 2945 914 3007 my·
966 2926 1172 3008 gloriabatur,
1199 2928 1410 3010 inquantum
1438 2928 1545 3010 passio
1572 2928 1627 2991 illa
1654 2928 1717 2992 iuit

162 3022 333 3085 steriorum
348 3022 420 3085 Filii
436 3022 505 3101 sui;
522 3032 553 3085 et
573 3023 693 3105 optime
715 3024 810 3087 scivit
828 3022 1031 3105 quodcum
1051 3024 1259 3088 saluberrima
1278 3045 1315 3089 ae
1330 3026 1595 3105 fructuosissima,
1613 3036 1647 3089 ut
1667 3034 1716 3089 est

161 3121 271 3202 passio
295 3120 367 3204 ejus
391 3131 474 3185 esset
498 3122 552 3184 Dei
577 3121 676 3185 Patris
701 3122 836 3186 maxime
858 3122 913 3186 ho-
967 3132 1098 3187 tactum.

162 3221 323 3298 norativa,
344 3229 437 3302 atque
456 3221 551 3284 totius
570 3221 701 3284 humani
720 3223 845 3304 generis
866 3241 913 3284 re·
1006 3223 1048 3284 lle
1073 3221 1134 3286 hoc
1160 3221 1207 3285 aie
1231 3221 1342 3285 scribit
1363 3223 1511 3287 hibertus
1533 3247 1540 3285 ι
1564 3223 1628 3288 Ηοο
1652 3224 1716 3306 pri·
1741 3258 1836 3311 mg,

163 3318 341 3402 demptiva.
358 3319 459 3392 Quum
474 3337 550 3400 ergo
569 3319 638 3402 ipsa
653 3319 839 3383 felicissima
852 3321 914 3383 hla-
966 3319 1120 3401 vilegium
1133 3321 1219 3402 quod
1234 3329 1282 3383 est
1295 3321 1541 3384 communicatio
1556 3322 1715 3403 passionis
1727 3335 1750 3378 t·
1761 3336 1793 3366 ⁰²·

163 3417 209 3479 ria
234 3416 335 3479 luerit
362 3415 395 3478 in
423 3435 530 3480 amore
553 3417 608 3480 Dei
637 3426 669 3480 et
696 3418 912 3501 proximorum
967 3417 1094 3497 Christi,
1111 3419 1175 3482 duo
1190 3419 1349 3500 importat.
1366 3419 1505 3482 Primum
1520 3429 1569 3483 ost
1582 3421 1715 3484 actualis

161 3533 290 3578 summe
325 3513 477 3596 perlecta,
507 3534 544 3578 ιο
577 3515 714 3579 maxime
740 3516 846 3578 zelans
882 3523 914 3579 et
965 3515 1049 3578 fides
1069 3516 1217 3579 cmciiixi
1236 3517 1291 3580 Dei
1313 3526 1345 3580 et
1363 3518 1523 3596 homiuis3
1539 3520 1714 3582 secuudum

162 3613 298 3694 cupiens
320 3613 376 3674 Dei
397 3613 551 3676 honorem
575 3621 607 3676 et
630 3615 846 3696 proximorum
866 3635 913 3678 re-
967 3621 1014 3677 est
1029 3633 1087 3696 per
1101 3633 1135 3676 se
1146 3615 1251 3696 passio
1266 3634 1303 3677 ex
1315 3615 1536 3696 compassione
1551 3617 1713 3698 patientis.

161 3711 392 3794 demptionem,
421 3730 556 3794 quorum
586 3721 755 3795 utrumque
783 3713 913 3795 agnovit
966 3711 1004 3774 Et
1019 3711 1081 3773 luit
1094 3712 1291 3794 quadruplex
1305 3713 1473 3776 diversitas
1494 3721 1642 3795 respectu
1661 3715 1716 3777 do-

161 3828 219 3891 per
243 3811 294 3872 sui
318 3809 501 3892 passionem
529 3810 601 3873 Filii
626 3811 811 3894 procurari;
837 3831 912 3894 ergo
966 3810 1093 3872 minieae
1115 3809 1285 3892 passionis.
1308 3811 1441 3886 Quidam
1465 3811 1552 3874 enim
1576 3831 1637 3874 nee
1662 3813 1717 3876 ha-

160 3909 198 3970 de
224 3909 297 3970 hilii
326 3907 375 3971 sui
403 3909 552 3990 passione
581 3919 616 3971 ut
643 3919 707 3972 tam
736 3909 911 3991 imatuosa,
967 3908 1084 3971 habant
1119 3909 1229 3986 iidem,
1263 3928 1323 3971 nec
1357 3909 1610 3990 compassionem
1645 3934 1652 3972 ε
1683 3919 1718 3974 ut

161 4025 287 4070 summe
316 4007 475 4088 gaudebat
510 4007 687 4070 secundum
715 4009 912 4092 superiorem
967 4005 1174 4069 crucifixores
1190 4006 1283 4069 ateis
1305 4007 1553 4087 consentientes,
1572 4008 1718 4090 blasphe-

161 4125 224 4169 suae
245 4105 363 4169 auimae
384 4114 520 4188 partem.
967 4112 1091 4167 mantas
1119 4123 1156 4167 ac
1184 4104 1366 4168 irridentes.
1396 4105 1529 4179 Quidam
1557 4106 1718 4170 habehant

199 4203 292 4266 Circa
317 4202 413 4285 hujus
436 4204 526 4266 dubii
552 4203 754 4284 solutionem,
777 4224 912 4287 pensan·
928 4199 953 4260 D
968 4202 1235 4284 compassionem,
1252 4222 1317 4266 nun
1331 4202 1431 4265 fidam
1445 4227 1452 4264 ε
1465 4204 1548 4266 sicut
1561 4205 1715 4287 Apostoli,

160 4301 235 4364 dum
272 4303 358 4382 quod
393 4301 574 4384 passionem
609 4302 723 4366 Christi
759 4302 911 4366 debemus
967 4310 998 4363 et
1020 4301 1171 4363 mulieres
1193 4300 1310 4382 quibus
1331 4301 1483 4364 Dominus
1505 4302 1584 4364 dixit
1605 4325 1612 4363 ε
1630 4302 1716 4366 Filia
1741 4326 1863 4378 raama.

159 4399 384 4480 multipliciter
407 4399 619 4462 considerare.
649 4399 765 4480 Primo,
795 4401 834 4463 ad
864 4421 912 4464 re·
967 4398 1152 4478 Jerusalem,
1169 4399 1267 4462 nolite
1289 4397 1368 4462 llere
1388 4419 1484 4483 super
1504 4420 1566 4463 me.
1582 4401 1716 4476 Quidam
1729 4393 1763 4434 ²⁸·

159 4497 345 4574 colendum,
363 4515 403 4560 ne
419 4497 496 4560 tanti
513 4497 663 4560 beneficii
686 4497 785 4561 simus
801 4499 911 4562 imme-
967 4497 1127 4560 habebant
1140 4497 1218 4559 fidei
1234 4497 1460 4578 cognitionem,
1477 4499 1532 4560 sed
1551 4516 1616 4563 uon
1631 4519 1718 4564 com-

158 4613 264 4658 morcs
297 4617 304 4656 :
336 4594 486 4676 quoniam
515 4595 652 4658 maxima
680 4615 752 4677 pars
781 4597 912 4678 ingrati·
967 4596 1173 4680 passionem:
1191 4595 1471 4676 utangelietalii
1489 4605 1578 4660 extra
1599 4606 1716 4662 statum

158 4695 282 4756 tudinis
306 4703 355 4756 est
373 4692 523 4756 beneficii
546 4693 682 4776 impensi
707 4695 837 4758 oblivio.
858 4697 912 4758 Se·
967 4696 1026 4758 via
1055 4695 1163 4776 positi,
1193 4702 1225 4757 et
1253 4694 1333 4758 latro
1361 4695 1492 4774 electus,
1522 4696 1577 4777 qui
1606 4697 1861 4769 habuitraauu.

159 4792 278 4871 cundo,
310 4792 349 4853 ad
387 4789 655 4872 compatiendum,
690 4791 723 4853 in
757 4801 910 4874 quantum
967 4793 1078 4870 iidem,
1109 4793 1164 4855 sed
1193 4811 1258 4855 non
1291 4793 1544 4874 compassionem
1577 4813 1635 4875 per
1668 4815 1713 4874 se,

159 4889 446 4954 innocentissimus
474 4889 528 4952 Ilei
557 4891 665 4971 Agnus
694 4899 738 4954 tot
767 4901 798 4954 et
824 4901 911 4954 tanta
967 4891 1043 4973 quia
1057 4891 1272 4953 circumdatus
1287 4888 1349 4952 luit
1367 4890 1495 4972 propria
1513 4893 1625 4954 mortis
1645 4913 1716 4974 pas-

158 4987 280 5069 absque
303 5007 361 5050 suo
384 4987 530 5050 toleravit
550 4989 715 5052 demerito.
737 4989 851 5068 Tertio,
872 4991 912 5052 ad
968 4990 1068 5054 sione.
1086 4989 1159 5052 Sola
1176 4996 1283 5050 autem
1305 4989 1488 5052 beatissima
1502 4989 1598 5071 Virgo
1617 4989 1715 5053 iidem

59 5116 72 5145 ι
103 5119 145 5156 ,ῃ
159 5086 353 5148 imitandum
386 5083 500 5148 Christi
527 5085 661 5166 vestigia
688 5109 694 5146 :
723 5095 755 5148 ut
784 5087 914 5150 crucifi·
967 5097 1042 5150 tune
1071 5086 1192 5164 habuit,
1223 5096 1255 5149 et
1282 5087 1535 5169 compassionem
1569 5089 1714 5152 crncifixi

43 5189 59 5205 ’·
158 5201 271 5265 gamus
291 5201 427 5266 corpora
451 5193 557 5246 nostra
578 5201 651 5245 cum
676 5183 761 5247 vitiis
786 5193 817 5248 et
838 5204 913 5249 con·
967 5186 1022 5248 Dei
1047 5195 1079 5248 et
1102 5185 1255 5266 hominis,
1275 5193 1369 5266 atque
1394 5204 1451 5266 per
1475 5205 1509 5249 se
1534 5184 1714 5268 passionem

160 5283 394 5366 cupiscentiis;
417 5291 448 5344 et
468 5281 645 5359 caritatem,
671 5281 832 5364 pietatem,
859 5303 914 5365 pa·
968 5303 1007 5348 ex
1045 5283 1267 5366 compassione
1307 5283 1467 5364 patientis.
1505 5283 1715 5352 Concedimus
