<?xml version="1.0" encoding="UTF-8"?>
<!DOCTYPE html PUBLIC "-//W3C//DTD XHTML 1.0 Transitional//EN"
    "http://www.w3.org/TR/xhtml1/DTD/xhtml1-transitional.dtd">
<html xmlns="http://www.w3.org/1999/xhtml" xml:lang="en" lang="en">
 <head>
  <title>
</title>
<meta http-equiv="Content-Type" content="text/html;charset=utf-8" />
  <meta name='ocr-system' content='tesseract 3.04.00' />
  <meta name='ocr-capabilities' content='ocr_page ocr_carea ocr_par ocr_line ocrx_word'/>
</head>
<body>
  <div class='ocr_page' id='page_1' title='image "./doctorisecstati03unkngoog_0475.png"; bbox 0 0 4309 6250; ppageno 0'>
   <div class='ocr_carea' id='block_1_1' title="bbox 310 510 1704 578">
    <p class='ocr_par' dir='ltr' id='par_1_1' title="bbox 310 510 1704 578">
     <span class='ocr_line' id='line_1_1' title="bbox 310 510 1704 578; baseline 0.001 -5"><span class='ocrx_word' id='word_1_1' title='bbox 310 526 460 574; x_wconf 77' lang='lat' dir='ltr'><strong>hramous</strong></span> <span class='ocrx_word' id='word_1_2' title='bbox 481 526 710 574; x_wconf 76' lang='lat' dir='ltr'><strong>msrurrrrorus</strong></span> <span class='ocrx_word' id='word_1_3' title='bbox 732 526 822 574; x_wconf 82' lang='lat' dir='ltr'><strong>rurus</strong></span> <span class='ocrx_word' id='word_1_4' title='bbox 843 526 1050 575; x_wconf 77' lang='lat' dir='ltr'><strong>cunrsrriuurr</strong></span> <span class='ocrx_word' id='word_1_5' title='bbox 1071 528 1110 575; x_wconf 82' lang='grc' dir='ltr'><strong>ιιι</strong></span> <span class='ocrx_word' id='word_1_6' title='bbox 1129 528 1344 577; x_wconf 69' lang='lat' dir='ltr'><strong>scammum.</strong></span> <span class='ocrx_word' id='word_1_7' title='bbox 1366 548 1407 559; x_wconf 96' lang='lat'>-</span> <span class='ocrx_word' id='word_1_8' title='bbox 1427 529 1497 576; x_wconf 81' lang='lat' dir='ltr'><strong>Aur.</strong></span> <span class='ocrx_word' id='word_1_9' title='bbox 1521 529 1556 578; x_wconf 97' lang='grc' dir='ltr'><strong>ιιι</strong></span> <span class='ocrx_word' id='word_1_10' title='bbox 1643 510 1704 578; x_wconf 72' lang='grc'><strong>453</strong></span> 
     </span>
    </p>
   </div>
   <div class='ocr_carea' id='block_1_2' title="bbox 156 696 1713 2652">
    <p class='ocr_par' dir='ltr' id='par_1_2' title="bbox 159 696 1710 1177">
     <span class='ocr_line' id='line_1_2' title="bbox 160 696 1708 781; baseline 0.003 -22"><span class='ocrx_word' id='word_1_11' title='bbox 160 705 371 779; x_wconf 83' lang='lat' dir='ltr'><strong>susceperunt</strong></span> <span class='ocrx_word' id='word_1_12' title='bbox 391 698 559 775; x_wconf 89' lang='lat' dir='ltr'><strong>credenda,</strong></span> <span class='ocrx_word' id='word_1_13' title='bbox 576 696 671 761; x_wconf 89' lang='lat' dir='ltr'><strong>etiam</strong></span> <span class='ocrx_word' id='word_1_14' title='bbox 693 697 811 778; x_wconf 88' lang='lat' dir='ltr'><strong>absque</strong></span> <span class='ocrx_word' id='word_1_15' title='bbox 826 698 907 761; x_wconf 92' lang='lat' dir='ltr'><strong>divi·</strong></span> <span class='ocrx_word' id='word_1_16' title='bbox 921 698 946 760; x_wconf 99' lang='lat' dir='ltr'><strong>A</strong></span> <span class='ocrx_word' id='word_1_17' title='bbox 961 706 1102 781; x_wconf 87' lang='lat' dir='ltr'><strong>tempore</strong></span> <span class='ocrx_word' id='word_1_18' title='bbox 1116 700 1337 781; x_wconf 77' lang='lat' dir='ltr'><strong>Apostolorum</strong></span> <span class='ocrx_word' id='word_1_19' title='bbox 1351 719 1463 765; x_wconf 90' lang='lat' dir='ltr'><strong>omnes</strong></span> <span class='ocrx_word' id='word_1_20' title='bbox 1476 701 1708 766; x_wconf 90' lang='lat' dir='ltr'><strong>Christilideles</strong></span> 
     </span>
     <span class='ocr_line' id='line_1_3' title="bbox 160 795 1710 881; baseline 0.003 -24"><span class='ocrx_word' id='word_1_21' title='bbox 160 814 273 858; x_wconf 93' lang='lat' dir='ltr'><strong>norum</strong></span> <span class='ocrx_word' id='word_1_22' title='bbox 289 795 487 873; x_wconf 82' lang='lat' dir='ltr'><strong>attestatione</strong></span> <span class='ocrx_word' id='word_1_23' title='bbox 502 796 739 876; x_wconf 80' lang='lat' dir='ltr'><strong>miraculorum,</strong></span> <span class='ocrx_word' id='word_1_24' title='bbox 755 798 905 877; x_wconf 86' lang='lat' dir='ltr'><strong>quoniam</strong></span> <span class='ocrx_word' id='word_1_25' title='bbox 960 797 1124 876; x_wconf 72' lang='lat' dir='ltr'><strong>protestati</strong></span> <span class='ocrx_word' id='word_1_26' title='bbox 1147 805 1219 859; x_wconf 89' lang='lat' dir='ltr'><strong>sunt</strong></span> <span class='ocrx_word' id='word_1_27' title='bbox 1233 798 1332 859; x_wconf 88' lang='lat' dir='ltr'><strong>Deum</strong></span> <span class='ocrx_word' id='word_1_28' title='bbox 1353 816 1424 860; x_wconf 89' lang='lat' dir='ltr'><strong>esse</strong></span> <span class='ocrx_word' id='word_1_29' title='bbox 1445 799 1564 861; x_wconf 93' lang='lat' dir='ltr'><strong>trinum</strong></span> <span class='ocrx_word' id='word_1_30' title='bbox 1585 799 1619 862; x_wconf 92' lang='lat' dir='ltr'><strong>iu</strong></span> <span class='ocrx_word' id='word_1_31' title='bbox 1638 818 1710 881; x_wconf 89' lang='lat' dir='ltr'><strong>per·</strong></span> 
     </span>
     <span class='ocr_line' id='line_1_4' title="bbox 159 893 1706 973; baseline 0.002 -16"><span class='ocrx_word' id='word_1_32' title='bbox 159 894 276 957; x_wconf 85' lang='lat' dir='ltr'><strong>talibus</strong></span> <span class='ocrx_word' id='word_1_33' title='bbox 291 895 340 973; x_wconf 94' lang='lat' dir='ltr'><strong>(ut</strong></span> <span class='ocrx_word' id='word_1_34' title='bbox 353 901 387 956; x_wconf 96' lang='lat' dir='ltr'><strong>tu</strong></span> <span class='ocrx_word' id='word_1_35' title='bbox 401 894 497 973; x_wconf 81' lang='lat' dir='ltr'><strong>dicis)</strong></span> <span class='ocrx_word' id='word_1_36' title='bbox 511 893 700 957; x_wconf 75' lang='lat' dir='ltr'><strong>falsitatibus</strong></span> <span class='ocrx_word' id='word_1_37' title='bbox 715 894 797 957; x_wconf 85' lang='lat' dir='ltr'><strong>Deus</strong></span> <span class='ocrx_word' id='word_1_38' title='bbox 813 914 907 957; x_wconf 91' lang='lat' dir='ltr'><strong>verus</strong></span> <span class='ocrx_word' id='word_1_39' title='bbox 961 894 1058 972; x_wconf 91' lang='lat' dir='ltr'><strong>sonis,</strong></span> <span class='ocrx_word' id='word_1_40' title='bbox 1067 904 1098 957; x_wconf 90' lang='lat' dir='ltr'><strong>et</strong></span> <span class='ocrx_word' id='word_1_41' title='bbox 1112 895 1270 957; x_wconf 83' lang='lat' dir='ltr'><strong>Christum</strong></span> <span class='ocrx_word' id='word_1_42' title='bbox 1286 894 1459 958; x_wconf 74' lang='lat' dir='ltr'><strong>consistere</strong></span> <span class='ocrx_word' id='word_1_43' title='bbox 1473 915 1584 968; x_wconf 85' lang='lat' dir='ltr'><strong>verum</strong></span> <span class='ocrx_word' id='word_1_44' title='bbox 1596 897 1706 960; x_wconf 87' lang='lat' dir='ltr'><strong>Deum.</strong></span> 
     </span>
     <span class='ocr_line' id='line_1_5' title="bbox 161 991 1710 1076; baseline 0.002 -22"><span class='ocrx_word' id='word_1_45' title='bbox 161 1011 217 1073; x_wconf 90' lang='lat' dir='ltr'><strong>per</strong></span> <span class='ocrx_word' id='word_1_46' title='bbox 245 1011 303 1055; x_wconf 87' lang='lat' dir='ltr'><strong>sua</strong></span> <span class='ocrx_word' id='word_1_47' title='bbox 331 991 486 1055; x_wconf 89' lang='lat' dir='ltr'><strong>miracula</strong></span> <span class='ocrx_word' id='word_1_48' title='bbox 513 1011 713 1076; x_wconf 83' lang='lat' dir='ltr'><strong>naquaquam</strong></span> <span class='ocrx_word' id='word_1_49' title='bbox 748 1000 797 1057; x_wconf 89' lang='lat' dir='ltr'><strong>est</strong></span> <span class='ocrx_word' id='word_1_50' title='bbox 830 1001 907 1056; x_wconf 89' lang='lat' dir='ltr'><strong>stte-</strong></span> <span class='ocrx_word' id='word_1_51' title='bbox 962 992 1018 1054; x_wconf 90' lang='lat' dir='ltr'><strong>Pro</strong></span> <span class='ocrx_word' id='word_1_52' title='bbox 1044 1013 1107 1075; x_wconf 88' lang='lat' dir='ltr'><strong>qua</strong></span> <span class='ocrx_word' id='word_1_53' title='bbox 1128 994 1223 1056; x_wconf 90' lang='lat' dir='ltr'><strong>etiam</strong></span> <span class='ocrx_word' id='word_1_54' title='bbox 1245 993 1310 1056; x_wconf 89' lang='lat' dir='ltr'><strong>lide</strong></span> <span class='ocrx_word' id='word_1_55' title='bbox 1331 995 1431 1057; x_wconf 88' lang='lat' dir='ltr'><strong>multa</strong></span> <span class='ocrx_word' id='word_1_56' title='bbox 1456 995 1558 1058; x_wconf 91' lang='lat' dir='ltr'><strong>millia</strong></span> <span class='ocrx_word' id='word_1_57' title='bbox 1581 995 1710 1059; x_wconf 88' lang='lat' dir='ltr'><strong>Christi·</strong></span> 
     </span>
     <span class='ocr_line' id='line_1_6' title="bbox 159 1092 1709 1177; baseline 0.003 -24"><span class='ocrx_word' id='word_1_58' title='bbox 159 1092 280 1153; x_wconf 87' lang='lat' dir='ltr'><strong>statusl</strong></span> <span class='ocrx_word' id='word_1_59' title='bbox 960 1110 1094 1155; x_wconf 91' lang='lat' dir='ltr'><strong>anorum</strong></span> <span class='ocrx_word' id='word_1_60' title='bbox 1118 1092 1303 1175; x_wconf 82' lang='lat' dir='ltr'><strong>martyrium</strong></span> <span class='ocrx_word' id='word_1_61' title='bbox 1329 1101 1402 1156; x_wconf 89' lang='lat' dir='ltr'><strong>sunt</strong></span> <span class='ocrx_word' id='word_1_62' title='bbox 1426 1112 1587 1175; x_wconf 91' lang='lat' dir='ltr'><strong>perpessa,</strong></span> <span class='ocrx_word' id='word_1_63' title='bbox 1613 1103 1709 1177; x_wconf 83' lang='lat' dir='ltr'><strong>atque</strong></span> 
     </span>
    </p>

    <p class='ocr_par' dir='ltr' id='par_1_3' title="bbox 156 1189 1710 2357">
     <span class='ocr_line' id='line_1_7' title="bbox 199 1189 1710 1273; baseline 0.003 -22"><span class='ocrx_word' id='word_1_64' title='bbox 199 1190 413 1252; x_wconf 68' lang='lat' dir='ltr'><strong>sineremus.</strong></span> <span class='ocrx_word' id='word_1_65' title='bbox 442 1223 483 1235; x_wconf 91' lang='lat'><strong>—-</strong></span> <span class='ocrx_word' id='word_1_66' title='bbox 510 1189 578 1252; x_wconf 85' lang='lat' dir='ltr'><strong>Dici</strong></span> <span class='ocrx_word' id='word_1_67' title='bbox 608 1197 722 1271; x_wconf 86' lang='lat' dir='ltr'><strong>potest,</strong></span> <span class='ocrx_word' id='word_1_68' title='bbox 752 1190 906 1272; x_wconf 88' lang='lat' dir='ltr'><strong>quosdam</strong></span> <span class='ocrx_word' id='word_1_69' title='bbox 962 1189 995 1251; x_wconf 94' lang='lat' dir='ltr'><strong>in</strong></span> <span class='ocrx_word' id='word_1_70' title='bbox 1023 1190 1090 1252; x_wconf 90' lang='lat' dir='ltr'><strong>suis</strong></span> <span class='ocrx_word' id='word_1_71' title='bbox 1118 1191 1278 1273; x_wconf 78' lang='lat' dir='ltr'><strong>martyriis</strong></span> <span class='ocrx_word' id='word_1_72' title='bbox 1307 1199 1353 1253; x_wconf 89' lang='lat' dir='ltr'><strong>tot</strong></span> <span class='ocrx_word' id='word_1_73' title='bbox 1379 1199 1412 1253; x_wconf 89' lang='lat' dir='ltr'><strong>et</strong></span> <span class='ocrx_word' id='word_1_74' title='bbox 1438 1192 1534 1255; x_wconf 92' lang='lat' dir='ltr'><strong>tantis</strong></span> <span class='ocrx_word' id='word_1_75' title='bbox 1563 1210 1710 1257; x_wconf 86' lang='lat' dir='ltr'><strong>corusca-</strong></span> 
     </span>
     <span class='ocr_line' id='line_1_8' title="bbox 158 1286 1710 1370; baseline 0.003 -21"><span class='ocrx_word' id='word_1_76' title='bbox 158 1286 293 1349; x_wconf 90' lang='lat' dir='ltr'><strong>callidos</strong></span> <span class='ocrx_word' id='word_1_77' title='bbox 307 1286 500 1351; x_wconf 86' lang='lat' dir='ltr'><strong>Christianos</strong></span> <span class='ocrx_word' id='word_1_78' title='bbox 515 1287 657 1351; x_wconf 88' lang='lat' dir='ltr'><strong>volentes</strong></span> <span class='ocrx_word' id='word_1_79' title='bbox 672 1308 766 1350; x_wconf 86' lang='lat' dir='ltr'><strong>suurn</strong></span> <span class='ocrx_word' id='word_1_80' title='bbox 781 1287 907 1370; x_wconf 89' lang='lat' dir='ltr'><strong>legisla·</strong></span> <span class='ocrx_word' id='word_1_81' title='bbox 962 1296 1075 1351; x_wconf 91' lang='lat' dir='ltr'><strong>verunt</strong></span> <span class='ocrx_word' id='word_1_82' title='bbox 1090 1288 1264 1369; x_wconf 86' lang='lat' dir='ltr'><strong>miraculis,</strong></span> <span class='ocrx_word' id='word_1_83' title='bbox 1280 1290 1365 1370; x_wconf 91' lang='lat' dir='ltr'><strong>quod</strong></span> <span class='ocrx_word' id='word_1_84' title='bbox 1387 1290 1639 1354; x_wconf 86' lang='lat' dir='ltr'><strong>innumerabiles</strong></span> <span class='ocrx_word' id='word_1_85' title='bbox 1661 1292 1710 1353; x_wconf 92' lang='lat' dir='ltr'><strong>iu·</strong></span> 
     </span>
     <span class='ocr_line' id='line_1_9' title="bbox 158 1384 1708 1471; baseline 0.003 -23"><span class='ocrx_word' id='word_1_86' title='bbox 158 1394 257 1449; x_wconf 91' lang='lat' dir='ltr'><strong>turem</strong></span> <span class='ocrx_word' id='word_1_87' title='bbox 275 1384 480 1449; x_wconf 89' lang='lat' dir='ltr'><strong>immoderate</strong></span> <span class='ocrx_word' id='word_1_88' title='bbox 494 1386 655 1467; x_wconf 85' lang='lat' dir='ltr'><strong>extollere,</strong></span> <span class='ocrx_word' id='word_1_89' title='bbox 673 1386 861 1449; x_wconf 89' lang='lat' dir='ltr'><strong>convenisse</strong></span> <span class='ocrx_word' id='word_1_90' title='bbox 875 1395 907 1449; x_wconf 89' lang='lat' dir='ltr'><strong>et</strong></span> <span class='ocrx_word' id='word_1_91' title='bbox 961 1385 1087 1465; x_wconf 80' lang='lat' dir='ltr'><strong>fideles,</strong></span> <span class='ocrx_word' id='word_1_92' title='bbox 1102 1386 1180 1451; x_wconf 92' lang='lat' dir='ltr'><strong>visis</strong></span> <span class='ocrx_word' id='word_1_93' title='bbox 1194 1395 1241 1450; x_wconf 90' lang='lat' dir='ltr'><strong>tot</strong></span> <span class='ocrx_word' id='word_1_94' title='bbox 1261 1388 1361 1469; x_wconf 90' lang='lat' dir='ltr'><strong>signis</strong></span> <span class='ocrx_word' id='word_1_95' title='bbox 1383 1396 1415 1450; x_wconf 92' lang='lat' dir='ltr'><strong>et</strong></span> <span class='ocrx_word' id='word_1_96' title='bbox 1428 1388 1523 1451; x_wconf 90' lang='lat' dir='ltr'><strong>tantis</strong></span> <span class='ocrx_word' id='word_1_97' title='bbox 1541 1388 1708 1471; x_wconf 89' lang='lat' dir='ltr'><strong>prodigiis,</strong></span> 
     </span>
     <span class='ocr_line' id='line_1_10' title="bbox 156 1483 1710 1568; baseline 0.002 -21"><span class='ocrx_word' id='word_1_98' title='bbox 156 1483 320 1565; x_wconf 84' lang='lat' dir='ltr'><strong>prelatum</strong></span> <span class='ocrx_word' id='word_1_99' title='bbox 343 1485 578 1566; x_wconf 87' lang='lat' dir='ltr'><strong>corruptionem</strong></span> <span class='ocrx_word' id='word_1_100' title='bbox 598 1485 826 1567; x_wconf 91' lang='lat' dir='ltr'><strong>scripturarum</strong></span> <span class='ocrx_word' id='word_1_101' title='bbox 842 1505 906 1549; x_wconf 87' lang='lat' dir='ltr'><strong>sue</strong></span> <span class='ocrx_word' id='word_1_102' title='bbox 961 1486 1226 1549; x_wconf 80' lang='lat' dir='ltr'><strong>convertebantur</strong></span> <span class='ocrx_word' id='word_1_103' title='bbox 1246 1487 1284 1549; x_wconf 89' lang='lat' dir='ltr'><strong>ad</strong></span> <span class='ocrx_word' id='word_1_104' title='bbox 1310 1486 1470 1549; x_wconf 88' lang='lat' dir='ltr'><strong>Christum</strong></span> <span class='ocrx_word' id='word_1_105' title='bbox 1494 1509 1501 1547; x_wconf 89' lang='lat'><strong>:</strong></span> <span class='ocrx_word' id='word_1_106' title='bbox 1527 1487 1636 1568; x_wconf 90' lang='lat' dir='ltr'><strong>sicque</strong></span> <span class='ocrx_word' id='word_1_107' title='bbox 1662 1506 1710 1550; x_wconf 92' lang='lat' dir='ltr'><strong>re·</strong></span> 
     </span>
     <span class='ocr_line' id='line_1_11' title="bbox 156 1581 1710 1667; baseline 0.003 -23"><span class='ocrx_word' id='word_1_108' title='bbox 156 1582 236 1664; x_wconf 85' lang='lat' dir='ltr'><strong>legis</strong></span> <span class='ocrx_word' id='word_1_109' title='bbox 259 1581 388 1661; x_wconf 83' lang='lat' dir='ltr'><strong>iecisse,</strong></span> <span class='ocrx_word' id='word_1_110' title='bbox 414 1590 509 1665; x_wconf 90' lang='lat' dir='ltr'><strong>atque</strong></span> <span class='ocrx_word' id='word_1_111' title='bbox 533 1583 723 1665; x_wconf 87' lang='lat' dir='ltr'><strong>scripturam</strong></span> <span class='ocrx_word' id='word_1_112' title='bbox 752 1584 796 1647; x_wconf 90' lang='lat' dir='ltr'><strong>sic</strong></span> <span class='ocrx_word' id='word_1_113' title='bbox 826 1583 907 1647; x_wconf 91' lang='lat' dir='ltr'><strong>iule-</strong></span> <span class='ocrx_word' id='word_1_114' title='bbox 960 1582 1037 1665; x_wconf 93' lang='lat' dir='ltr'><strong>ligio</strong></span> <span class='ocrx_word' id='word_1_115' title='bbox 1057 1583 1231 1646; x_wconf 89' lang='lat' dir='ltr'><strong>christiana</strong></span> <span class='ocrx_word' id='word_1_116' title='bbox 1255 1585 1339 1649; x_wconf 87' lang='lat' dir='ltr'><strong>inter</strong></span> <span class='ocrx_word' id='word_1_117' title='bbox 1363 1586 1620 1667; x_wconf 88' lang='lat' dir='ltr'><strong>persequentium</strong></span> <span class='ocrx_word' id='word_1_118' title='bbox 1643 1605 1710 1649; x_wconf 92' lang='lat' dir='ltr'><strong>ma-</strong></span> 
     </span>
     <span class='ocr_line' id='line_1_12' title="bbox 156 1681 1710 1768; baseline 0.001 -23"><span class='ocrx_word' id='word_1_119' title='bbox 156 1688 406 1759; x_wconf 88' lang='lat' dir='ltr'><strong>ctam,recanter</strong></span> <span class='ocrx_word' id='word_1_120' title='bbox 420 1682 649 1763; x_wconf 88' lang='lat' dir='ltr'><strong>promulgasse,</strong></span> <span class='ocrx_word' id='word_1_121' title='bbox 658 1700 695 1744; x_wconf 89' lang='lat' dir='ltr'><strong>sc</strong></span> <span class='ocrx_word' id='word_1_122' title='bbox 711 1682 905 1764; x_wconf 83' lang='lat' dir='ltr'><strong>persuasisse</strong></span> <span class='ocrx_word' id='word_1_123' title='bbox 960 1702 1020 1745; x_wconf 88' lang='lat' dir='ltr'><strong>nus</strong></span> <span class='ocrx_word' id='word_1_124' title='bbox 1040 1681 1142 1764; x_wconf 85' lang='lat' dir='ltr'><strong>magis</strong></span> <span class='ocrx_word' id='word_1_125' title='bbox 1164 1684 1340 1765; x_wconf 71' lang='lat' dir='ltr'><strong>prevaluit.</strong></span> <span class='ocrx_word' id='word_1_126' title='bbox 1352 1685 1545 1768; x_wconf 86' lang='lat' dir='ltr'><strong>-Denique</strong></span> <span class='ocrx_word' id='word_1_127' title='bbox 1564 1684 1710 1748; x_wconf 88' lang='lat' dir='ltr'><strong>doctores</strong></span> 
     </span>
     <span class='ocr_line' id='line_1_13' title="bbox 157 1777 1710 1864; baseline 0.002 -21"><span class='ocrx_word' id='word_1_128' title='bbox 157 1799 226 1843; x_wconf 84' lang='lat' dir='ltr'><strong>eam</strong></span> <span class='ocrx_word' id='word_1_129' title='bbox 239 1777 424 1843; x_wconf 91' lang='lat' dir='ltr'><strong>hominibus</strong></span> <span class='ocrx_word' id='word_1_130' title='bbox 439 1798 496 1861; x_wconf 92' lang='lat' dir='ltr'><strong>per</strong></span> <span class='ocrx_word' id='word_1_131' title='bbox 509 1780 647 1843; x_wconf 87' lang='lat' dir='ltr'><strong>colorata</strong></span> <span class='ocrx_word' id='word_1_132' title='bbox 662 1788 694 1842; x_wconf 90' lang='lat' dir='ltr'><strong>et</strong></span> <span class='ocrx_word' id='word_1_133' title='bbox 704 1786 807 1843; x_wconf 90' lang='lat' dir='ltr'><strong>astuta</strong></span> <span class='ocrx_word' id='word_1_134' title='bbox 823 1799 906 1842; x_wconf 90' lang='lat' dir='ltr'><strong>men·</strong></span> <span class='ocrx_word' id='word_1_135' title='bbox 960 1780 1208 1845; x_wconf 89' lang='lat' dir='ltr'><strong>Christianorum</strong></span> <span class='ocrx_word' id='word_1_136' title='bbox 1223 1782 1430 1846; x_wconf 84' lang='lat' dir='ltr'><strong>succedentes</strong></span> <span class='ocrx_word' id='word_1_137' title='bbox 1442 1783 1539 1846; x_wconf 90' lang='lat' dir='ltr'><strong>choro</strong></span> <span class='ocrx_word' id='word_1_138' title='bbox 1550 1783 1710 1864; x_wconf 78' lang='lat' dir='ltr'><strong>Apostolo</strong></span> 
     </span>
     <span class='ocr_line' id='line_1_14' title="bbox 157 1877 1710 1963; baseline 0.003 -22"><span class='ocrx_word' id='word_1_139' title='bbox 157 1877 259 1955; x_wconf 85' lang='lat' dir='ltr'><strong>dacia,</strong></span> <span class='ocrx_word' id='word_1_140' title='bbox 290 1896 328 1940; x_wconf 89' lang='lat' dir='ltr'><strong>sc</strong></span> <span class='ocrx_word' id='word_1_141' title='bbox 354 1877 432 1940; x_wconf 88' lang='lat' dir='ltr'><strong>artis</strong></span> <span class='ocrx_word' id='word_1_142' title='bbox 464 1878 595 1960; x_wconf 86' lang='lat' dir='ltr'><strong>magice</strong></span> <span class='ocrx_word' id='word_1_143' title='bbox 627 1896 724 1960; x_wconf 90' lang='lat' dir='ltr'><strong>opera</strong></span> <span class='ocrx_word' id='word_1_144' title='bbox 757 1888 789 1941; x_wconf 89' lang='lat' dir='ltr'><strong>et</strong></span> <span class='ocrx_word' id='word_1_145' title='bbox 816 1878 905 1959; x_wconf 88' lang='lat' dir='ltr'><strong>sigua</strong></span> <span class='ocrx_word' id='word_1_146' title='bbox 924 1880 1041 1960; x_wconf 88' lang='lat' dir='ltr'><strong>Brum,</strong></span> <span class='ocrx_word' id='word_1_147' title='bbox 1054 1881 1291 1963; x_wconf 90' lang='lat' dir='ltr'><strong>corruptoribus</strong></span> <span class='ocrx_word' id='word_1_148' title='bbox 1305 1890 1339 1945; x_wconf 91' lang='lat' dir='ltr'><strong>et</strong></span> <span class='ocrx_word' id='word_1_149' title='bbox 1351 1881 1560 1945; x_wconf 90' lang='lat' dir='ltr'><strong>inlectoribus</strong></span> <span class='ocrx_word' id='word_1_150' title='bbox 1574 1882 1710 1963; x_wconf 89' lang='lat' dir='ltr'><strong>scriptu·</strong></span> 
     </span>
     <span class='ocr_line' id='line_1_15' title="bbox 159 1976 1709 2063; baseline 0.003 -24"><span class='ocrx_word' id='word_1_151' title='bbox 159 1996 245 2041; x_wconf 88' lang='lat' dir='ltr'><strong>mere</strong></span> <span class='ocrx_word' id='word_1_152' title='bbox 263 1976 390 2039; x_wconf 81' lang='lat' dir='ltr'><strong>fallacia</strong></span> <span class='ocrx_word' id='word_1_153' title='bbox 407 2000 413 2039; x_wconf 95' lang='lat'><strong>:</strong></span> <span class='ocrx_word' id='word_1_154' title='bbox 431 1977 514 2040; x_wconf 89' lang='lat' dir='ltr'><strong>sicut</strong></span> <span class='ocrx_word' id='word_1_155' title='bbox 528 1985 560 2039; x_wconf 91' lang='lat' dir='ltr'><strong>et</strong></span> <span class='ocrx_word' id='word_1_156' title='bbox 573 1977 802 2040; x_wconf 87' lang='lat' dir='ltr'><strong>Antichristum</strong></span> <span class='ocrx_word' id='word_1_157' title='bbox 818 1976 907 2040; x_wconf 92' lang='lat' dir='ltr'><strong>allir·</strong></span> <span class='ocrx_word' id='word_1_158' title='bbox 962 1998 1067 2043; x_wconf 91' lang='lat' dir='ltr'><strong>rarum</strong></span> <span class='ocrx_word' id='word_1_159' title='bbox 1089 1980 1281 2061; x_wconf 69' lang='lat' dir='ltr'><strong>evangelice</strong></span> <span class='ocrx_word' id='word_1_160' title='bbox 1305 1980 1385 2063; x_wconf 89' lang='lat' dir='ltr'><strong>legis</strong></span> <span class='ocrx_word' id='word_1_161' title='bbox 1406 2000 1444 2043; x_wconf 86' lang='lat' dir='ltr'><strong>ac</strong></span> <span class='ocrx_word' id='word_1_162' title='bbox 1465 1979 1709 2063; x_wconf 77' lang='lat' dir='ltr'><strong>promulgationi</strong></span> 
     </span>
     <span class='ocr_line' id='line_1_16' title="bbox 158 2074 1709 2161; baseline 0.001 -22"><span class='ocrx_word' id='word_1_163' title='bbox 158 2076 253 2139; x_wconf 86' lang='lat' dir='ltr'><strong>matis</strong></span> <span class='ocrx_word' id='word_1_164' title='bbox 277 2074 448 2155; x_wconf 88' lang='lat' dir='ltr'><strong>iacturum,</strong></span> <span class='ocrx_word' id='word_1_165' title='bbox 464 2084 496 2139; x_wconf 90' lang='lat' dir='ltr'><strong>et</strong></span> <span class='ocrx_word' id='word_1_166' title='bbox 519 2075 626 2140; x_wconf 88' lang='lat' dir='ltr'><strong>Simon</strong></span> <span class='ocrx_word' id='word_1_167' title='bbox 652 2094 763 2157; x_wconf 89' lang='lat' dir='ltr'><strong>magus</strong></span> <span class='ocrx_word' id='word_1_168' title='bbox 785 2076 818 2137; x_wconf 93' lang='lat' dir='ltr'><strong>in</strong></span> <span class='ocrx_word' id='word_1_169' title='bbox 838 2075 907 2157; x_wconf 88' lang='lat' dir='ltr'><strong>lege</strong></span> <span class='ocrx_word' id='word_1_170' title='bbox 962 2078 1190 2158; x_wconf 88' lang='lat' dir='ltr'><strong>scripturarum</strong></span> <span class='ocrx_word' id='word_1_171' title='bbox 1218 2078 1264 2141; x_wconf 87' lang='lat' dir='ltr'><strong>sic</strong></span> <span class='ocrx_word' id='word_1_172' title='bbox 1290 2086 1511 2161; x_wconf 88' lang='lat' dir='ltr'><strong>corruptarum</strong></span> <span class='ocrx_word' id='word_1_173' title='bbox 1536 2077 1709 2141; x_wconf 88' lang='lat' dir='ltr'><strong>lortissima</strong></span> 
     </span>
     <span class='ocr_line' id='line_1_17' title="bbox 158 2173 1710 2258; baseline -0.001 -20"><span class='ocrx_word' id='word_1_174' title='bbox 158 2184 263 2238; x_wconf 87' lang='lat' dir='ltr'><strong>vestra</strong></span> <span class='ocrx_word' id='word_1_175' title='bbox 289 2173 405 2255; x_wconf 90' lang='lat' dir='ltr'><strong>legitur</strong></span> <span class='ocrx_word' id='word_1_176' title='bbox 432 2174 499 2237; x_wconf 88' lang='lat' dir='ltr'><strong>suis</strong></span> <span class='ocrx_word' id='word_1_177' title='bbox 527 2174 661 2255; x_wconf 89' lang='lat' dir='ltr'><strong>magieis</strong></span> <span class='ocrx_word' id='word_1_178' title='bbox 690 2174 810 2239; x_wconf 85' lang='lat' dir='ltr'><strong>artibus</strong></span> <span class='ocrx_word' id='word_1_179' title='bbox 839 2174 908 2256; x_wconf 91' lang='lat' dir='ltr'><strong>plu·</strong></span> <span class='ocrx_word' id='word_1_180' title='bbox 962 2175 1154 2239; x_wconf 87' lang='lat' dir='ltr'><strong>restitissent</strong></span> <span class='ocrx_word' id='word_1_181' title='bbox 1168 2176 1322 2258; x_wconf 85' lang='lat' dir='ltr'><strong>usquead</strong></span> <span class='ocrx_word' id='word_1_182' title='bbox 1344 2176 1543 2258; x_wconf 91' lang='lat' dir='ltr'><strong>sanguinem,</strong></span> <span class='ocrx_word' id='word_1_183' title='bbox 1558 2176 1710 2257; x_wconf 87' lang='lat' dir='ltr'><strong>quemad-</strong></span> 
     </span>
     <span class='ocr_line' id='line_1_18' title="bbox 158 2273 1709 2357; baseline 0 -22"><span class='ocrx_word' id='word_1_184' title='bbox 158 2273 256 2337; x_wconf 91' lang='lat' dir='ltr'><strong>rimos</strong></span> <span class='ocrx_word' id='word_1_185' title='bbox 279 2273 491 2335; x_wconf 88' lang='lat' dir='ltr'><strong>dcmentasse.</strong></span> <span class='ocrx_word' id='word_1_186' title='bbox 962 2276 1092 2339; x_wconf 89' lang='lat' dir='ltr'><strong>modurn</strong></span> <span class='ocrx_word' id='word_1_187' title='bbox 1115 2283 1147 2337; x_wconf 89' lang='lat' dir='ltr'><strong>et</strong></span> <span class='ocrx_word' id='word_1_188' title='bbox 1169 2293 1227 2356; x_wconf 91' lang='lat' dir='ltr'><strong>pro</strong></span> <span class='ocrx_word' id='word_1_189' title='bbox 1251 2274 1317 2337; x_wconf 89' lang='lat' dir='ltr'><strong>lide</strong></span> <span class='ocrx_word' id='word_1_190' title='bbox 1336 2274 1451 2337; x_wconf 90' lang='lat' dir='ltr'><strong>Christi</strong></span> <span class='ocrx_word' id='word_1_191' title='bbox 1471 2276 1578 2357; x_wconf 89' lang='lat' dir='ltr'><strong>plures</strong></span> <span class='ocrx_word' id='word_1_192' title='bbox 1599 2292 1709 2337; x_wconf 91' lang='lat' dir='ltr'><strong>eorum</strong></span> 
     </span>
    </p>

    <p class='ocr_par' dir='ltr' id='par_1_4' title="bbox 157 2370 1713 2652">
     <span class='ocr_line' id='line_1_19' title="bbox 196 2370 1711 2455; baseline 0.001 -22"><span class='ocrx_word' id='word_1_193' title='bbox 196 2371 414 2435; x_wconf 75' lang='lat' dir='ltr'><strong>Cnsrsrrsuus.</strong></span> <span class='ocrx_word' id='word_1_194' title='bbox 431 2406 472 2417; x_wconf 90' lang='lat'>—</span> <span class='ocrx_word' id='word_1_195' title='bbox 486 2370 557 2434; x_wconf 82' lang='lat' dir='ltr'><strong>ileo</strong></span> <span class='ocrx_word' id='word_1_196' title='bbox 573 2371 667 2435; x_wconf 84' lang='lat' dir='ltr'><strong>verba</strong></span> <span class='ocrx_word' id='word_1_197' title='bbox 683 2378 736 2434; x_wconf 87' lang='lat' dir='ltr'><strong>tua</strong></span> <span class='ocrx_word' id='word_1_198' title='bbox 750 2371 810 2433; x_wconf 91' lang='lat' dir='ltr'><strong>sibi</strong></span> <span class='ocrx_word' id='word_1_199' title='bbox 827 2371 909 2434; x_wconf 91' lang='lat' dir='ltr'><strong>iuvi·</strong></span> <span class='ocrx_word' id='word_1_200' title='bbox 963 2373 1198 2437; x_wconf 88' lang='lat' dir='ltr'><strong>crudelissimas</strong></span> <span class='ocrx_word' id='word_1_201' title='bbox 1223 2374 1308 2455; x_wconf 89' lang='lat' dir='ltr'><strong>passi</strong></span> <span class='ocrx_word' id='word_1_202' title='bbox 1334 2381 1409 2436; x_wconf 90' lang='lat' dir='ltr'><strong>sunt</strong></span> <span class='ocrx_word' id='word_1_203' title='bbox 1432 2382 1570 2452; x_wconf 82' lang='lat' dir='ltr'><strong>mortes3</strong></span> <span class='ocrx_word' id='word_1_204' title='bbox 1587 2392 1646 2435; x_wconf 92' lang='lat' dir='ltr'><strong>nec</strong></span> <span class='ocrx_word' id='word_1_205' title='bbox 1670 2372 1711 2435; x_wconf 89' lang='lat' dir='ltr'><strong>de</strong></span> 
     </span>
     <span class='ocr_line' id='line_1_20' title="bbox 157 2468 1712 2553; baseline 0 -20"><span class='ocrx_word' id='word_1_206' title='bbox 157 2490 226 2533; x_wconf 89' lang='lat' dir='ltr'><strong>cem</strong></span> <span class='ocrx_word' id='word_1_207' title='bbox 251 2468 477 2533; x_wconf 85' lang='lat' dir='ltr'><strong>contradicunt</strong></span> <span class='ocrx_word' id='word_1_208' title='bbox 505 2478 536 2532; x_wconf 97' lang='lat' dir='ltr'><strong>et</strong></span> <span class='ocrx_word' id='word_1_209' title='bbox 564 2469 740 2551; x_wconf 90' lang='lat' dir='ltr'><strong>implicant.</strong></span> <span class='ocrx_word' id='word_1_210' title='bbox 765 2469 796 2532; x_wconf 93' lang='lat' dir='ltr'><strong>Si</strong></span> <span class='ocrx_word' id='word_1_211' title='bbox 821 2470 908 2533; x_wconf 91' lang='lat' dir='ltr'><strong>enim</strong></span> <span class='ocrx_word' id='word_1_212' title='bbox 962 2472 1017 2535; x_wconf 88' lang='lat' dir='ltr'><strong>tali</strong></span> <span class='ocrx_word' id='word_1_213' title='bbox 1038 2472 1241 2553; x_wconf 88' lang='lat' dir='ltr'><strong>corruptione</strong></span> <span class='ocrx_word' id='word_1_214' title='bbox 1263 2491 1300 2533; x_wconf 87' lang='lat' dir='ltr'><strong>ac</strong></span> <span class='ocrx_word' id='word_1_215' title='bbox 1325 2470 1436 2534; x_wconf 88' lang='lat' dir='ltr'><strong>inlecti</strong></span> <span class='ocrx_word' id='word_1_216' title='bbox 1455 2470 1621 2553; x_wconf 82' lang='lat' dir='ltr'><strong>Evangelii</strong></span> <span class='ocrx_word' id='word_1_217' title='bbox 1640 2488 1712 2553; x_wconf 92' lang='lat' dir='ltr'><strong>pro-</strong></span> 
     </span>
     <span class='ocr_line' id='line_1_21' title="bbox 158 2567 1713 2652; baseline 0.001 -22"><span class='ocrx_word' id='word_1_218' title='bbox 158 2568 277 2649; x_wconf 89' lang='lat' dir='ltr'><strong>posteri</strong></span> <span class='ocrx_word' id='word_1_219' title='bbox 299 2567 430 2648; x_wconf 88' lang='lat' dir='ltr'><strong>quidam</strong></span> <span class='ocrx_word' id='word_1_220' title='bbox 452 2567 621 2630; x_wconf 78' lang='lat' dir='ltr'><strong>Christiani</strong></span> <span class='ocrx_word' id='word_1_221' title='bbox 637 2568 805 2631; x_wconf 90' lang='lat' dir='ltr'><strong>voluerunt</strong></span> <span class='ocrx_word' id='word_1_222' title='bbox 822 2567 910 2631; x_wconf 91' lang='lat' dir='ltr'><strong>Chri·</strong></span> <span class='ocrx_word' id='word_1_223' title='bbox 963 2570 1159 2652; x_wconf 90' lang='lat' dir='ltr'><strong>mulgatione</strong></span> <span class='ocrx_word' id='word_1_224' title='bbox 1183 2570 1302 2632; x_wconf 87' lang='lat' dir='ltr'><strong>recenti</strong></span> <span class='ocrx_word' id='word_1_225' title='bbox 1323 2569 1357 2631; x_wconf 91' lang='lat' dir='ltr'><strong>in</strong></span> <span class='ocrx_word' id='word_1_226' title='bbox 1386 2569 1452 2631; x_wconf 92' lang='lat' dir='ltr'><strong>suis</strong></span> <span class='ocrx_word' id='word_1_227' title='bbox 1480 2569 1609 2650; x_wconf 91' lang='lat' dir='ltr'><strong>scriptis</strong></span> <span class='ocrx_word' id='word_1_228' title='bbox 1638 2568 1713 2631; x_wconf 90' lang='lat' dir='ltr'><strong>sub-</strong></span> 
     </span>
    </p>
   </div>
   <div class='ocr_carea' id='block_1_3' title="bbox 158 2664 1714 3144">
    <p class='ocr_par' dir='ltr' id='par_1_5' title="bbox 158 2664 1714 3144">
     <span class='ocr_line' id='line_1_22' title="bbox 158 2664 1713 2753; baseline 0.001 -26"><span class='ocrx_word' id='word_1_229' title='bbox 158 2674 241 2727; x_wconf 92' lang='lat' dir='ltr'><strong>stum</strong></span> <span class='ocrx_word' id='word_1_230' title='bbox 267 2664 477 2728; x_wconf 88' lang='lat' dir='ltr'><strong>immoderate</strong></span> <span class='ocrx_word' id='word_1_231' title='bbox 497 2664 658 2743; x_wconf 83' lang='lat' dir='ltr'><strong>extollere,</strong></span> <span class='ocrx_word' id='word_1_232' title='bbox 675 2665 708 2727; x_wconf 91' lang='lat' dir='ltr'><strong>in</strong></span> <span class='ocrx_word' id='word_1_233' title='bbox 734 2674 855 2728; x_wconf 90' lang='lat' dir='ltr'><strong>tantum</strong></span> <span class='ocrx_word' id='word_1_234' title='bbox 875 2674 910 2728; x_wconf 92' lang='lat' dir='ltr'><strong>ut</strong></span> <span class='ocrx_word' id='word_1_235' title='bbox 949 2669 1141 2753; x_wconf 85' lang='lat' dir='ltr'><strong>¹ticuissent,</strong></span> <span class='ocrx_word' id='word_1_236' title='bbox 1156 2668 1423 2748; x_wconf 90' lang='lat' dir='ltr'><strong>quemadmodum</strong></span> <span class='ocrx_word' id='word_1_237' title='bbox 1449 2686 1508 2730; x_wconf 88' lang='lat' dir='ltr'><strong>uec</strong></span> <span class='ocrx_word' id='word_1_238' title='bbox 1532 2668 1572 2730; x_wconf 92' lang='lat' dir='ltr'><strong>de</strong></span> <span class='ocrx_word' id='word_1_239' title='bbox 1597 2666 1713 2729; x_wconf 89' lang='lat' dir='ltr'><strong>ceteris</strong></span> 
     </span>
     <span class='ocr_line' id='line_1_23' title="bbox 158 2762 1711 2848; baseline -0.001 -19"><span class='ocrx_word' id='word_1_240' title='bbox 158 2784 230 2829; x_wconf 87' lang='lat' dir='ltr'><strong>eum</strong></span> <span class='ocrx_word' id='word_1_241' title='bbox 257 2771 438 2827; x_wconf 87' lang='lat' dir='ltr'><strong>assererent</strong></span> <span class='ocrx_word' id='word_1_242' title='bbox 461 2782 573 2826; x_wconf 91' lang='lat' dir='ltr'><strong>verum</strong></span> <span class='ocrx_word' id='word_1_243' title='bbox 595 2764 707 2843; x_wconf 88' lang='lat' dir='ltr'><strong>Deum,</strong></span> <span class='ocrx_word' id='word_1_244' title='bbox 728 2762 909 2825; x_wconf 88' lang='lat' dir='ltr'><strong>nullatcnus</strong></span> <span class='ocrx_word' id='word_1_245' title='bbox 963 2767 1124 2831; x_wconf 91' lang='lat' dir='ltr'><strong>erroribus</strong></span> <span class='ocrx_word' id='word_1_246' title='bbox 1148 2762 1442 2848; x_wconf 78' lang='lat' dir='ltr'><strong>atque&#39;heresibus</strong></span> <span class='ocrx_word' id='word_1_247' title='bbox 1465 2774 1577 2828; x_wconf 88' lang='lat' dir='ltr'><strong>contra</strong></span> <span class='ocrx_word' id='word_1_248' title='bbox 1600 2783 1711 2827; x_wconf 90' lang='lat' dir='ltr'><strong>verum</strong></span> 
     </span>
     <span class='ocr_line' id='line_1_24' title="bbox 160 2861 1714 2948; baseline -0.001 -21"><span class='ocrx_word' id='word_1_249' title='bbox 160 2861 394 2927; x_wconf 85' lang='lat' dir='ltr'><strong>conlinxissenl</strong></span> <span class='ocrx_word' id='word_1_250' title='bbox 423 2880 495 2924; x_wconf 91' lang='lat' dir='ltr'><strong>eum</strong></span> <span class='ocrx_word' id='word_1_251' title='bbox 530 2870 594 2924; x_wconf 90' lang='lat' dir='ltr'><strong>tam</strong></span> <span class='ocrx_word' id='word_1_252' title='bbox 629 2861 840 2943; x_wconf 90' lang='lat' dir='ltr'><strong>ignominiose</strong></span> <span class='ocrx_word' id='word_1_253' title='bbox 872 2881 909 2923; x_wconf 89' lang='lat' dir='ltr'><strong>ac</strong></span> <span class='ocrx_word' id='word_1_254' title='bbox 963 2865 1170 2948; x_wconf 84' lang='lat' dir='ltr'><strong>Evangelium</strong></span> <span class='ocrx_word' id='word_1_255' title='bbox 1199 2864 1233 2926; x_wconf 92' lang='lat' dir='ltr'><strong>in</strong></span> <span class='ocrx_word' id='word_1_256' title='bbox 1260 2864 1326 2927; x_wconf 91' lang='lat' dir='ltr'><strong>suis</strong></span> <span class='ocrx_word' id='word_1_257' title='bbox 1358 2863 1523 2927; x_wconf 85' lang='lat' dir='ltr'><strong>codicibus</strong></span> <span class='ocrx_word' id='word_1_258' title='bbox 1552 2863 1714 2929; x_wconf 89' lang='lat' dir='ltr'><strong>conticue-</strong></span> 
     </span>
     <span class='ocr_line' id='line_1_25' title="bbox 160 2959 1714 3043; baseline 0 -19"><span class='ocrx_word' id='word_1_259' title='bbox 160 2960 297 3043; x_wconf 87' lang='lat' dir='ltr'><strong>turpiter</strong></span> <span class='ocrx_word' id='word_1_260' title='bbox 324 2959 514 3023; x_wconf 86' lang='lat' dir='ltr'><strong>crucilixum</strong></span> <span class='ocrx_word' id='word_1_261' title='bbox 545 2968 578 3021; x_wconf 89' lang='lat' dir='ltr'><strong>ut</strong></span> <span class='ocrx_word' id='word_1_262' title='bbox 605 2960 637 3021; x_wconf 93' lang='lat' dir='ltr'><strong>iu</strong></span> <span class='ocrx_word' id='word_1_263' title='bbox 665 2959 837 3040; x_wconf 83' lang='lat' dir='ltr'><strong>Evangelio</strong></span> <span class='ocrx_word' id='word_1_264' title='bbox 863 2978 911 3021; x_wconf 91' lang='lat' dir='ltr'><strong>re-</strong></span> <span class='ocrx_word' id='word_1_265' title='bbox 964 2972 1049 3043; x_wconf 89' lang='lat' dir='ltr'><strong>runt,</strong></span> <span class='ocrx_word' id='word_1_266' title='bbox 1074 2965 1138 3026; x_wconf 90' lang='lat' dir='ltr'><strong>imo</strong></span> <span class='ocrx_word' id='word_1_267' title='bbox 1162 2963 1237 3025; x_wconf 90' lang='lat' dir='ltr'><strong>talia</strong></span> <span class='ocrx_word' id='word_1_268' title='bbox 1259 2962 1368 3024; x_wconf 90' lang='lat' dir='ltr'><strong>omnia</strong></span> <span class='ocrx_word' id='word_1_269' title='bbox 1390 2962 1635 3043; x_wconf 88' lang='lat' dir='ltr'><strong>diligentissime</strong></span> <span class='ocrx_word' id='word_1_270' title='bbox 1659 2962 1714 3024; x_wconf 89' lang='lat' dir='ltr'><strong>de·</strong></span> 
     </span>
     <span class='ocr_line' id='line_1_26' title="bbox 159 3056 1713 3144; baseline -0.001 -22"><span class='ocrx_word' id='word_1_271' title='bbox 159 3060 277 3122; x_wconf 86' lang='lat' dir='ltr'><strong>citatur</strong></span> <span class='ocrx_word' id='word_1_272' title='bbox 302 3058 489 3141; x_wconf 89' lang='lat' dir='ltr'><strong>:quiahoc</strong></span> <span class='ocrx_word' id='word_1_273' title='bbox 514 3058 679 3142; x_wconf 87' lang='lat' dir='ltr'><strong>potissime</strong></span> <span class='ocrx_word' id='word_1_274' title='bbox 704 3065 797 3140; x_wconf 89' lang='lat' dir='ltr'><strong>auget</strong></span> <span class='ocrx_word' id='word_1_275' title='bbox 821 3056 909 3119; x_wconf 91' lang='lat' dir='ltr'><strong>dilli-</strong></span> <span class='ocrx_word' id='word_1_276' title='bbox 925 3066 947 3128; x_wconf 83' lang='lat' dir='ltr'><strong>C</strong></span> <span class='ocrx_word' id='word_1_277' title='bbox 964 3062 1169 3144; x_wconf 89' lang='lat' dir='ltr'><strong>scripsemnt.</strong></span> <span class='ocrx_word' id='word_1_278' title='bbox 1190 3061 1292 3136; x_wconf 83' lang='lat' dir='ltr'><strong>Quum</strong></span> <span class='ocrx_word' id='word_1_279' title='bbox 1316 3080 1392 3142; x_wconf 92' lang='lat' dir='ltr'><strong>ergo</strong></span> <span class='ocrx_word' id='word_1_280' title='bbox 1416 3061 1524 3142; x_wconf 85' lang='lat' dir='ltr'><strong>nullus</strong></span> <span class='ocrx_word' id='word_1_281' title='bbox 1546 3061 1713 3123; x_wconf 89' lang='lat' dir='ltr'><strong>doctorum</strong></span> 
     </span>
    </p>
   </div>
   <div class='ocr_carea' id='block_1_4' title="bbox 157 3157 1721 5405">
    <p class='ocr_par' dir='ltr' id='par_1_6' title="bbox 157 3157 1721 5405">
     <span class='ocr_line' id='line_1_27' title="bbox 159 3157 1713 3241; baseline -0.002 -19"><span class='ocrx_word' id='word_1_282' title='bbox 159 3159 313 3222; x_wconf 86' lang='lat' dir='ltr'><strong>cultatem</strong></span> <span class='ocrx_word' id='word_1_283' title='bbox 343 3157 493 3220; x_wconf 89' lang='lat' dir='ltr'><strong>credendi</strong></span> <span class='ocrx_word' id='word_1_284' title='bbox 521 3157 604 3239; x_wconf 88' lang='lat' dir='ltr'><strong>quod</strong></span> <span class='ocrx_word' id='word_1_285' title='bbox 639 3158 707 3238; x_wconf 90' lang='lat' dir='ltr'><strong>ipse</strong></span> <span class='ocrx_word' id='word_1_286' title='bbox 743 3157 785 3219; x_wconf 89' lang='lat' dir='ltr'><strong>sit</strong></span> <span class='ocrx_word' id='word_1_287' title='bbox 815 3175 909 3218; x_wconf 86' lang='lat' dir='ltr'><strong>verus</strong></span> <span class='ocrx_word' id='word_1_288' title='bbox 963 3161 1108 3224; x_wconf 81' lang='lat' dir='ltr'><strong>fidelium</strong></span> <span class='ocrx_word' id='word_1_289' title='bbox 1128 3161 1203 3222; x_wconf 90' lang='lat' dir='ltr'><strong>inde</strong></span> <span class='ocrx_word' id='word_1_290' title='bbox 1225 3158 1460 3241; x_wconf 87' lang='lat' dir='ltr'><strong>conscripserit,</strong></span> <span class='ocrx_word' id='word_1_291' title='bbox 1476 3178 1535 3220; x_wconf 90' lang='lat' dir='ltr'><strong>nec</strong></span> <span class='ocrx_word' id='word_1_292' title='bbox 1552 3159 1585 3220; x_wconf 92' lang='lat' dir='ltr'><strong>iu</strong></span> <span class='ocrx_word' id='word_1_293' title='bbox 1607 3158 1713 3240; x_wconf 86' lang='lat' dir='ltr'><strong>aliqua</strong></span> 
     </span>
     <span class='ocr_line' id='line_1_28' title="bbox 158 3255 1714 3338; baseline -0.001 -18"><span class='ocrx_word' id='word_1_294' title='bbox 158 3259 253 3336; x_wconf 88' lang='lat' dir='ltr'><strong>Deus,</strong></span> <span class='ocrx_word' id='word_1_295' title='bbox 271 3266 305 3320; x_wconf 91' lang='lat' dir='ltr'><strong>et</strong></span> <span class='ocrx_word' id='word_1_296' title='bbox 329 3256 479 3319; x_wconf 88' lang='lat' dir='ltr'><strong>indecens</strong></span> <span class='ocrx_word' id='word_1_297' title='bbox 503 3275 574 3318; x_wconf 90' lang='lat' dir='ltr'><strong>esse</strong></span> <span class='ocrx_word' id='word_1_298' title='bbox 598 3255 724 3318; x_wconf 90' lang='lat' dir='ltr'><strong>videtur</strong></span> <span class='ocrx_word' id='word_1_299' title='bbox 745 3255 909 3336; x_wconf 91' lang='lat' dir='ltr'><strong>unigenito</strong></span> <span class='ocrx_word' id='word_1_300' title='bbox 963 3259 1213 3325; x_wconf 90' lang='lat' dir='ltr'><strong>Christianorum</strong></span> <span class='ocrx_word' id='word_1_301' title='bbox 1238 3257 1371 3320; x_wconf 90' lang='lat' dir='ltr'><strong>historia</strong></span> <span class='ocrx_word' id='word_1_302' title='bbox 1395 3256 1469 3320; x_wconf 91' lang='lat' dir='ltr'><strong>inde</strong></span> <span class='ocrx_word' id='word_1_303' title='bbox 1494 3257 1628 3338; x_wconf 89' lang='lat' dir='ltr'><strong>legatur,</strong></span> <span class='ocrx_word' id='word_1_304' title='bbox 1645 3275 1714 3318; x_wconf 88' lang='lat' dir='ltr'><strong>cer·</strong></span> 
     </span>
     <span class='ocr_line' id='line_1_29' title="bbox 158 3354 1713 3437; baseline -0.004 -17"><span class='ocrx_word' id='word_1_305' title='bbox 158 3357 211 3420; x_wconf 82' lang='lat' dir='ltr'><strong>uei</strong></span> <span class='ocrx_word' id='word_1_306' title='bbox 227 3355 312 3418; x_wconf 87' lang='lat' dir='ltr'><strong>Filio</strong></span> <span class='ocrx_word' id='word_1_307' title='bbox 327 3355 369 3417; x_wconf 88' lang='lat' dir='ltr'><strong>itn</strong></span> <span class='ocrx_word' id='word_1_308' title='bbox 385 3354 632 3432; x_wconf 78' lang='lat' dir='ltr'><strong>trucidarilmo,</strong></span> <span class='ocrx_word' id='word_1_309' title='bbox 649 3354 721 3417; x_wconf 89' lang='lat' dir='ltr'><strong>dato</strong></span> <span class='ocrx_word' id='word_1_310' title='bbox 735 3354 820 3435; x_wconf 91' lang='lat' dir='ltr'><strong>quod</strong></span> <span class='ocrx_word' id='word_1_311' title='bbox 836 3372 909 3415; x_wconf 90' lang='lat' dir='ltr'><strong>vere</strong></span> <span class='ocrx_word' id='word_1_312' title='bbox 964 3365 1031 3419; x_wconf 91' lang='lat' dir='ltr'><strong>tum</strong></span> <span class='ocrx_word' id='word_1_313' title='bbox 1056 3363 1105 3418; x_wconf 91' lang='lat' dir='ltr'><strong>est</strong></span> <span class='ocrx_word' id='word_1_314' title='bbox 1132 3355 1216 3437; x_wconf 89' lang='lat' dir='ltr'><strong>qnod</strong></span> <span class='ocrx_word' id='word_1_315' title='bbox 1240 3355 1313 3416; x_wconf 94' lang='lat' dir='ltr'><strong>talis</strong></span> <span class='ocrx_word' id='word_1_316' title='bbox 1338 3354 1470 3417; x_wconf 87' lang='lat' dir='ltr'><strong>assertio</strong></span> <span class='ocrx_word' id='word_1_317' title='bbox 1495 3373 1560 3417; x_wconf 92' lang='lat' dir='ltr'><strong>nou</strong></span> <span class='ocrx_word' id='word_1_318' title='bbox 1585 3354 1627 3416; x_wconf 90' lang='lat' dir='ltr'><strong>sit</strong></span> <span class='ocrx_word' id='word_1_319' title='bbox 1651 3354 1713 3415; x_wconf 91' lang='lat' dir='ltr'><strong>nisi</strong></span> 
     </span>
     <span class='ocr_line' id='line_1_30' title="bbox 157 3450 1714 3534; baseline -0.001 -18"><span class='ocrx_word' id='word_1_320' title='bbox 157 3453 255 3516; x_wconf 84' lang='lat' dir='ltr'><strong>luerit</strong></span> <span class='ocrx_word' id='word_1_321' title='bbox 271 3451 455 3529; x_wconf 80' lang='lat' dir='ltr'><strong>crucifixus,</strong></span> <span class='ocrx_word' id='word_1_322' title='bbox 472 3452 577 3533; x_wconf 91' lang='lat' dir='ltr'><strong>potius</strong></span> <span class='ocrx_word' id='word_1_323' title='bbox 592 3450 833 3530; x_wconf 84' lang='lat' dir='ltr'><strong>conliurissent,</strong></span> <span class='ocrx_word' id='word_1_324' title='bbox 850 3450 910 3512; x_wconf 89' lang='lat' dir='ltr'><strong>sic·</strong></span> <span class='ocrx_word' id='word_1_325' title='bbox 965 3455 1041 3518; x_wconf 88' lang='lat' dir='ltr'><strong>rude</strong></span> <span class='ocrx_word' id='word_1_326' title='bbox 1066 3453 1319 3534; x_wconf 86' lang='lat' dir='ltr'><strong>sacrilegumque</strong></span> <span class='ocrx_word' id='word_1_327' title='bbox 1342 3452 1556 3530; x_wconf 88' lang='lat' dir='ltr'><strong>mendacium,</strong></span> <span class='ocrx_word' id='word_1_328' title='bbox 1573 3460 1605 3514; x_wconf 90' lang='lat' dir='ltr'><strong>et</strong></span> <span class='ocrx_word' id='word_1_329' title='bbox 1623 3469 1714 3515; x_wconf 81' lang='lat' dir='ltr'><strong>exeo·</strong></span> 
     </span>
     <span class='ocr_line' id='line_1_31' title="bbox 160 3547 1714 3635; baseline -0.001 -23"><span class='ocrx_word' id='word_1_330' title='bbox 160 3560 191 3612; x_wconf 94' lang='lat' dir='ltr'><strong>ut</strong></span> <span class='ocrx_word' id='word_1_331' title='bbox 207 3570 267 3614; x_wconf 91' lang='lat' dir='ltr'><strong>vos</strong></span> <span class='ocrx_word' id='word_1_332' title='bbox 283 3548 419 3631; x_wconf 90' lang='lat' dir='ltr'><strong>lingitis,</strong></span> <span class='ocrx_word' id='word_1_333' title='bbox 435 3549 520 3630; x_wconf 89' lang='lat' dir='ltr'><strong>quod</strong></span> <span class='ocrx_word' id='word_1_334' title='bbox 540 3567 603 3611; x_wconf 93' lang='lat' dir='ltr'><strong>non</strong></span> <span class='ocrx_word' id='word_1_335' title='bbox 625 3547 704 3630; x_wconf 88' lang='lat' dir='ltr'><strong>ipse,</strong></span> <span class='ocrx_word' id='word_1_336' title='bbox 721 3548 775 3610; x_wconf 93' lang='lat' dir='ltr'><strong>sed</strong></span> <span class='ocrx_word' id='word_1_337' title='bbox 796 3547 910 3609; x_wconf 89' lang='lat' dir='ltr'><strong>similis</strong></span> <span class='ocrx_word' id='word_1_338' title='bbox 964 3553 1098 3635; x_wconf 88' lang='lat' dir='ltr'><strong>gitatum</strong></span> <span class='ocrx_word' id='word_1_339' title='bbox 1113 3551 1303 3633; x_wconf 77' lang='lat' dir='ltr'><strong>figmentum</strong></span> <span class='ocrx_word' id='word_1_340' title='bbox 1325 3551 1546 3614; x_wconf 81' lang='lat' dir='ltr'><strong>hereticorum</strong></span> <span class='ocrx_word' id='word_1_341' title='bbox 1562 3559 1595 3614; x_wconf 90' lang='lat' dir='ltr'><strong>et</strong></span> <span class='ocrx_word' id='word_1_342' title='bbox 1608 3549 1714 3612; x_wconf 86' lang='lat' dir='ltr'><strong>Sarra-</strong></span> 
     </span>
     <span class='ocr_line' id='line_1_32' title="bbox 160 3646 1713 3732; baseline -0.002 -19"><span class='ocrx_word' id='word_1_343' title='bbox 160 3652 231 3732; x_wconf 86' lang='lat' dir='ltr'><strong>ejus</strong></span> <span class='ocrx_word' id='word_1_344' title='bbox 255 3649 334 3712; x_wconf 89' lang='lat' dir='ltr'><strong>talia</strong></span> <span class='ocrx_word' id='word_1_345' title='bbox 354 3656 438 3710; x_wconf 90' lang='lat' dir='ltr'><strong>esset</strong></span> <span class='ocrx_word' id='word_1_346' title='bbox 458 3666 581 3728; x_wconf 92' lang='lat' dir='ltr'><strong>passus.</strong></span> <span class='ocrx_word' id='word_1_347' title='bbox 965 3668 1128 3713; x_wconf 89' lang='lat' dir='ltr'><strong>cenorum.</strong></span> <span class='ocrx_word' id='word_1_348' title='bbox 1145 3685 1185 3695; x_wconf 88' lang='lat'><strong>·-</strong></span> <span class='ocrx_word' id='word_1_349' title='bbox 1206 3649 1360 3731; x_wconf 87' lang='lat' dir='ltr'><strong>Amplius,</strong></span> <span class='ocrx_word' id='word_1_350' title='bbox 1377 3668 1475 3731; x_wconf 91' lang='lat' dir='ltr'><strong>quum</strong></span> <span class='ocrx_word' id='word_1_351' title='bbox 1499 3649 1607 3711; x_wconf 86' lang='lat' dir='ltr'><strong>omnia</strong></span> <span class='ocrx_word' id='word_1_352' title='bbox 1632 3646 1713 3710; x_wconf 76' lang='lat' dir='ltr'><strong>iule</strong></span> 
     </span>
     <span class='ocr_line' id='line_1_33' title="bbox 200 3744 1712 3830; baseline -0.003 -18"><span class='ocrx_word' id='word_1_353' title='bbox 200 3750 368 3826; x_wconf 83' lang='lat' dir='ltr'><strong>Preterea,</strong></span> <span class='ocrx_word' id='word_1_354' title='bbox 394 3747 435 3809; x_wconf 90' lang='lat' dir='ltr'><strong>ab</strong></span> <span class='ocrx_word' id='word_1_355' title='bbox 459 3746 587 3810; x_wconf 82' lang='lat' dir='ltr'><strong>exordio</strong></span> <span class='ocrx_word' id='word_1_356' title='bbox 611 3745 802 3826; x_wconf 87' lang='lat' dir='ltr'><strong>evangelice</strong></span> <span class='ocrx_word' id='word_1_357' title='bbox 831 3744 910 3826; x_wconf 90' lang='lat' dir='ltr'><strong>legis</strong></span> <span class='ocrx_word' id='word_1_358' title='bbox 965 3751 1058 3826; x_wconf 89' lang='lat' dir='ltr'><strong>riora,</strong></span> <span class='ocrx_word' id='word_1_359' title='bbox 1086 3748 1260 3830; x_wconf 72' lang='lat' dir='ltr'><strong>presertim</strong></span> <span class='ocrx_word' id='word_1_360' title='bbox 1286 3757 1374 3829; x_wconf 88' lang='lat' dir='ltr'><strong>gesta</strong></span> <span class='ocrx_word' id='word_1_361' title='bbox 1397 3748 1574 3827; x_wconf 90' lang='lat' dir='ltr'><strong>hominum,</strong></span> <span class='ocrx_word' id='word_1_362' title='bbox 1596 3746 1712 3810; x_wconf 86' lang='lat' dir='ltr'><strong>divine</strong></span> 
     </span>
     <span class='ocr_line' id='line_1_34' title="bbox 161 3843 1713 3931; baseline -0.003 -21"><span class='ocrx_word' id='word_1_363' title='bbox 161 3848 252 3930; x_wconf 89' lang='lat' dir='ltr'><strong>plebs</strong></span> <span class='ocrx_word' id='word_1_364' title='bbox 273 3846 447 3910; x_wconf 87' lang='lat' dir='ltr'><strong>christiana</strong></span> <span class='ocrx_word' id='word_1_365' title='bbox 466 3844 576 3907; x_wconf 91' lang='lat' dir='ltr'><strong>habuit</strong></span> <span class='ocrx_word' id='word_1_366' title='bbox 595 3863 669 3907; x_wconf 92' lang='lat' dir='ltr'><strong>suos</strong></span> <span class='ocrx_word' id='word_1_367' title='bbox 683 3845 827 3907; x_wconf 87' lang='lat' dir='ltr'><strong>doctores</strong></span> <span class='ocrx_word' id='word_1_368' title='bbox 843 3843 911 3905; x_wconf 93' lang='lat' dir='ltr'><strong>ubi·</strong></span> <span class='ocrx_word' id='word_1_369' title='bbox 965 3847 1173 3931; x_wconf 74' lang='lat' dir='ltr'><strong>providentie</strong></span> <span class='ocrx_word' id='word_1_370' title='bbox 1198 3845 1262 3908; x_wconf 90' lang='lat' dir='ltr'><strong>siut</strong></span> <span class='ocrx_word' id='word_1_371' title='bbox 1286 3846 1441 3928; x_wconf 81' lang='lat' dir='ltr'><strong>subjecte,</strong></span> <span class='ocrx_word' id='word_1_372' title='bbox 1462 3846 1545 3908; x_wconf 88' lang='lat' dir='ltr'><strong>Deus</strong></span> <span class='ocrx_word' id='word_1_373' title='bbox 1569 3845 1713 3927; x_wconf 74' lang='lat' dir='ltr'><strong>omnipe</strong></span> 
     </span>
     <span class='ocr_line' id='line_1_35' title="bbox 160 3941 1712 4028; baseline -0.003 -20"><span class='ocrx_word' id='word_1_374' title='bbox 160 3964 222 4028; x_wconf 89' lang='lat' dir='ltr'><strong>que</strong></span> <span class='ocrx_word' id='word_1_375' title='bbox 247 3953 406 4008; x_wconf 87' lang='lat' dir='ltr'><strong>terrarum</strong></span> <span class='ocrx_word' id='word_1_376' title='bbox 434 3951 546 4025; x_wconf 84' lang='lat' dir='ltr'><strong>preter</strong></span> <span class='ocrx_word' id='word_1_377' title='bbox 571 3941 747 4022; x_wconf 90' lang='lat' dir='ltr'><strong>Apostolos.</strong></span> <span class='ocrx_word' id='word_1_378' title='bbox 773 3941 910 4016; x_wconf 88' lang='lat' dir='ltr'><strong>Quorum</strong></span> <span class='ocrx_word' id='word_1_379' title='bbox 965 3954 1035 4009; x_wconf 88' lang='lat' dir='ltr'><strong>tens</strong></span> <span class='ocrx_word' id='word_1_380' title='bbox 1063 3953 1095 4008; x_wconf 90' lang='lat' dir='ltr'><strong>et</strong></span> <span class='ocrx_word' id='word_1_381' title='bbox 1118 3945 1274 4023; x_wconf 80' lang='lat' dir='ltr'><strong>excelsus,</strong></span> <span class='ocrx_word' id='word_1_382' title='bbox 1302 3944 1357 4025; x_wconf 88' lang='lat' dir='ltr'><strong>qui</strong></span> <span class='ocrx_word' id='word_1_383' title='bbox 1385 3962 1447 4007; x_wconf 92' lang='lat' dir='ltr'><strong>uon</strong></span> <span class='ocrx_word' id='word_1_384' title='bbox 1472 3943 1590 4006; x_wconf 91' lang='lat' dir='ltr'><strong>lrustra</strong></span> <span class='ocrx_word' id='word_1_385' title='bbox 1612 3943 1712 4006; x_wconf 91' lang='lat' dir='ltr'><strong>homi-</strong></span> 
     </span>
     <span class='ocr_line' id='line_1_36' title="bbox 160 4039 1713 4125; baseline -0.003 -19"><span class='ocrx_word' id='word_1_386' title='bbox 160 4045 331 4108; x_wconf 87' lang='lat' dir='ltr'><strong>docterum</strong></span> <span class='ocrx_word' id='word_1_387' title='bbox 348 4041 465 4124; x_wconf 88' lang='lat' dir='ltr'><strong>scripta</strong></span> <span class='ocrx_word' id='word_1_388' title='bbox 479 4059 578 4123; x_wconf 86' lang='lat' dir='ltr'><strong>usque</strong></span> <span class='ocrx_word' id='word_1_389' title='bbox 593 4040 625 4102; x_wconf 90' lang='lat' dir='ltr'><strong>in</strong></span> <span class='ocrx_word' id='word_1_390' title='bbox 641 4059 780 4122; x_wconf 76' lang='lat' dir='ltr'><strong>presens</strong></span> <span class='ocrx_word' id='word_1_391' title='bbox 794 4039 912 4102; x_wconf 91' lang='lat' dir='ltr'><strong>haben·</strong></span> <span class='ocrx_word' id='word_1_392' title='bbox 965 4044 1060 4106; x_wconf 91' lang='lat' dir='ltr'><strong>nibus</strong></span> <span class='ocrx_word' id='word_1_393' title='bbox 1088 4043 1234 4125; x_wconf 91' lang='lat' dir='ltr'><strong>prestitit</strong></span> <span class='ocrx_word' id='word_1_394' title='bbox 1262 4042 1358 4124; x_wconf 89' lang='lat' dir='ltr'><strong>leges,</strong></span> <span class='ocrx_word' id='word_1_395' title='bbox 1380 4042 1483 4124; x_wconf 90' lang='lat' dir='ltr'><strong>legem</strong></span> <span class='ocrx_word' id='word_1_396' title='bbox 1507 4061 1526 4103; x_wconf 92' lang='lat' dir='ltr'><strong>a</strong></span> <span class='ocrx_word' id='word_1_397' title='bbox 1550 4061 1584 4104; x_wconf 91' lang='lat' dir='ltr'><strong>se</strong></span> <span class='ocrx_word' id='word_1_398' title='bbox 1608 4042 1713 4104; x_wconf 88' lang='lat' dir='ltr'><strong>datam</strong></span> 
     </span>
     <span class='ocr_line' id='line_1_37' title="bbox 160 4137 1712 4227; baseline -0.003 -22"><span class='ocrx_word' id='word_1_399' title='bbox 160 4153 221 4224; x_wconf 89' lang='lat' dir='ltr'><strong>tur,</strong></span> <span class='ocrx_word' id='word_1_400' title='bbox 241 4140 421 4227; x_wconf 83' lang='lat' dir='ltr'><strong>presertim</strong></span> <span class='ocrx_word' id='word_1_401' title='bbox 443 4139 606 4202; x_wconf 90' lang='lat' dir='ltr'><strong>volumina</strong></span> <span class='ocrx_word' id='word_1_402' title='bbox 630 4139 730 4202; x_wconf 93' lang='lat' dir='ltr'><strong>divini</strong></span> <span class='ocrx_word' id='word_1_403' title='bbox 752 4146 784 4201; x_wconf 90' lang='lat' dir='ltr'><strong>et</strong></span> <span class='ocrx_word' id='word_1_404' title='bbox 804 4137 910 4218; x_wconf 90' lang='lat' dir='ltr'><strong>magni</strong></span> <span class='ocrx_word' id='word_1_405' title='bbox 966 4141 1085 4224; x_wconf 93' lang='lat' dir='ltr'><strong>populo</strong></span> <span class='ocrx_word' id='word_1_406' title='bbox 1113 4140 1303 4222; x_wconf 90' lang='lat' dir='ltr'><strong>cuicumque</strong></span> <span class='ocrx_word' id='word_1_407' title='bbox 1331 4148 1437 4202; x_wconf 90' lang='lat' dir='ltr'><strong>tuetur</strong></span> <span class='ocrx_word' id='word_1_408' title='bbox 1464 4149 1495 4202; x_wconf 89' lang='lat' dir='ltr'><strong>et</strong></span> <span class='ocrx_word' id='word_1_409' title='bbox 1518 4138 1712 4216; x_wconf 84' lang='lat' dir='ltr'><strong>manifestat,</strong></span> 
     </span>
     <span class='ocr_line' id='line_1_38' title="bbox 159 4236 1711 4324; baseline -0.003 -21"><span class='ocrx_word' id='word_1_410' title='bbox 159 4239 306 4324; x_wconf 81' lang='lat' dir='ltr'><strong>Dionysii</strong></span> <span class='ocrx_word' id='word_1_411' title='bbox 318 4263 325 4302; x_wconf 74' lang='grc' dir='ltr'>ι</span> <span class='ocrx_word' id='word_1_412' title='bbox 336 4237 390 4321; x_wconf 90' lang='lat' dir='ltr'><strong>qui</strong></span> <span class='ocrx_word' id='word_1_413' title='bbox 405 4239 445 4301; x_wconf 91' lang='lat' dir='ltr'><strong>ab</strong></span> <span class='ocrx_word' id='word_1_414' title='bbox 459 4236 602 4320; x_wconf 89' lang='lat' dir='ltr'><strong>apostolo</strong></span> <span class='ocrx_word' id='word_1_415' title='bbox 617 4236 711 4300; x_wconf 90' lang='lat' dir='ltr'><strong>Paulo</strong></span> <span class='ocrx_word' id='word_1_416' title='bbox 726 4255 910 4315; x_wconf 90' lang='lat' dir='ltr'><strong>conversus,</strong></span> <span class='ocrx_word' id='word_1_417' title='bbox 927 4237 951 4298; x_wconf 89' lang='lat' dir='ltr'>D</span> <span class='ocrx_word' id='word_1_418' title='bbox 967 4250 1060 4322; x_wconf 86' lang='lat' dir='ltr'><strong>atque</strong></span> <span class='ocrx_word' id='word_1_419' title='bbox 1076 4240 1110 4300; x_wconf 93' lang='lat' dir='ltr'><strong>in</strong></span> <span class='ocrx_word' id='word_1_420' title='bbox 1127 4259 1183 4301; x_wconf 90' lang='lat' dir='ltr'><strong>sua</strong></span> <span class='ocrx_word' id='word_1_421' title='bbox 1198 4239 1334 4320; x_wconf 87' lang='lat' dir='ltr'><strong>puritate</strong></span> <span class='ocrx_word' id='word_1_422' title='bbox 1349 4238 1505 4301; x_wconf 88' lang='lat' dir='ltr'><strong>illibatam</strong></span> <span class='ocrx_word' id='word_1_423' title='bbox 1520 4246 1688 4301; x_wconf 87' lang='lat' dir='ltr'><strong>conservat</strong></span> <span class='ocrx_word' id='word_1_424' title='bbox 1704 4259 1711 4298; x_wconf 92' lang='lat'><strong>:</strong></span> 
     </span>
     <span class='ocr_line' id='line_1_39' title="bbox 160 4333 1714 4412; baseline -0.005 -10"><span class='ocrx_word' id='word_1_425' title='bbox 160 4350 233 4404; x_wconf 86' lang='lat' dir='ltr'><strong>ante</strong></span> <span class='ocrx_word' id='word_1_426' title='bbox 263 4357 356 4400; x_wconf 90' lang='lat' dir='ltr'><strong>suam</strong></span> <span class='ocrx_word' id='word_1_427' title='bbox 392 4336 633 4400; x_wconf 88' lang='lat' dir='ltr'><strong>conversionem</strong></span> <span class='ocrx_word' id='word_1_428' title='bbox 671 4337 731 4399; x_wconf 94' lang='lat' dir='ltr'><strong>luit</strong></span> <span class='ocrx_word' id='word_1_429' title='bbox 766 4335 912 4398; x_wconf 93' lang='lat' dir='ltr'><strong>sublimis</strong></span> <span class='ocrx_word' id='word_1_430' title='bbox 967 4338 1044 4402; x_wconf 87' lang='lat' dir='ltr'><strong>alias</strong></span> <span class='ocrx_word' id='word_1_431' title='bbox 1060 4337 1177 4399; x_wconf 91' lang='lat' dir='ltr'><strong>lrustra</strong></span> <span class='ocrx_word' id='word_1_432' title='bbox 1191 4338 1240 4399; x_wconf 87' lang='lat' dir='ltr'><strong>lex</strong></span> <span class='ocrx_word' id='word_1_433' title='bbox 1254 4337 1426 4398; x_wconf 90' lang='lat' dir='ltr'><strong>donaretur</strong></span> <span class='ocrx_word' id='word_1_434' title='bbox 1447 4335 1487 4398; x_wconf 91' lang='lat' dir='ltr'><strong>ab</strong></span> <span class='ocrx_word' id='word_1_435' title='bbox 1507 4355 1558 4412; x_wconf 89' lang='lat' dir='ltr'><strong>eo,</strong></span> <span class='ocrx_word' id='word_1_436' title='bbox 1574 4354 1633 4397; x_wconf 89' lang='lat' dir='ltr'><strong>nec</strong></span> <span class='ocrx_word' id='word_1_437' title='bbox 1649 4333 1714 4396; x_wconf 90' lang='lat' dir='ltr'><strong>sul-</strong></span> 
     </span>
     <span class='ocr_line' id='line_1_40' title="bbox 160 4431 1712 4521; baseline -0.006 -18"><span class='ocrx_word' id='word_1_438' title='bbox 160 4434 912 4521; x_wconf 72' lang='lat' dir='ltr'><strong>prolundissimusquephilosophus300uversus</strong></span> <span class='ocrx_word' id='word_1_439' title='bbox 967 4437 1117 4499; x_wconf 89' lang='lat' dir='ltr'><strong>licienter</strong></span> <span class='ocrx_word' id='word_1_440' title='bbox 1140 4434 1321 4516; x_wconf 87' lang='lat' dir='ltr'><strong>provideret</strong></span> <span class='ocrx_word' id='word_1_441' title='bbox 1344 4433 1438 4496; x_wconf 90' lang='lat' dir='ltr'><strong>saluti</strong></span> <span class='ocrx_word' id='word_1_442' title='bbox 1462 4434 1619 4496; x_wconf 88' lang='lat' dir='ltr'><strong>humane.</strong></span> <span class='ocrx_word' id='word_1_443' title='bbox 1645 4431 1712 4496; x_wconf 90' lang='lat' dir='ltr'><strong>Nou</strong></span> 
     </span>
     <span class='ocr_line' id='line_1_41' title="bbox 160 4531 1713 4616; baseline -0.005 -16"><span class='ocrx_word' id='word_1_444' title='bbox 160 4545 269 4600; x_wconf 89' lang='lat' dir='ltr'><strong>autem</strong></span> <span class='ocrx_word' id='word_1_445' title='bbox 297 4535 335 4597; x_wconf 90' lang='lat' dir='ltr'><strong>ad</strong></span> <span class='ocrx_word' id='word_1_446' title='bbox 361 4533 531 4610; x_wconf 86' lang='lat' dir='ltr'><strong>Christum,</strong></span> <span class='ocrx_word' id='word_1_447' title='bbox 548 4533 648 4596; x_wconf 92' lang='lat' dir='ltr'><strong>edidit</strong></span> <span class='ocrx_word' id='word_1_448' title='bbox 666 4534 764 4596; x_wconf 91' lang='lat' dir='ltr'><strong>libros</strong></span> <span class='ocrx_word' id='word_1_449' title='bbox 784 4533 911 4611; x_wconf 90' lang='lat' dir='ltr'><strong>multos,</strong></span> <span class='ocrx_word' id='word_1_450' title='bbox 968 4553 1043 4616; x_wconf 85' lang='lat' dir='ltr'><strong>ergo</strong></span> <span class='ocrx_word' id='word_1_451' title='bbox 1066 4533 1214 4616; x_wconf 90' lang='lat' dir='ltr'><strong>permisit</strong></span> <span class='ocrx_word' id='word_1_452' title='bbox 1236 4532 1452 4614; x_wconf 89' lang='lat' dir='ltr'><strong>evangelicam</strong></span> <span class='ocrx_word' id='word_1_453' title='bbox 1476 4531 1590 4594; x_wconf 94' lang='lat' dir='ltr'><strong>Christi</strong></span> <span class='ocrx_word' id='word_1_454' title='bbox 1610 4531 1713 4612; x_wconf 90' lang='lat' dir='ltr'><strong>legem</strong></span> 
     </span>
     <span class='ocr_line' id='line_1_42' title="bbox 160 4630 1716 4717; baseline -0.004 -21"><span class='ocrx_word' id='word_1_455' title='bbox 160 4636 225 4698; x_wconf 91' lang='lat' dir='ltr'><strong>imo</strong></span> <span class='ocrx_word' id='word_1_456' title='bbox 241 4633 418 4717; x_wconf 83' lang='lat' dir='ltr'><strong>specialem</strong></span> <span class='ocrx_word' id='word_1_457' title='bbox 438 4632 478 4694; x_wconf 91' lang='lat' dir='ltr'><strong>de</strong></span> <span class='ocrx_word' id='word_1_458' title='bbox 499 4651 623 4694; x_wconf 90' lang='lat' dir='ltr'><strong>summa</strong></span> <span class='ocrx_word' id='word_1_459' title='bbox 637 4632 811 4706; x_wconf 82' lang='lat' dir='ltr'><strong>Trinitate3</strong></span> <span class='ocrx_word' id='word_1_460' title='bbox 828 4641 859 4694; x_wconf 91' lang='lat' dir='ltr'><strong>et</strong></span> <span class='ocrx_word' id='word_1_461' title='bbox 881 4631 913 4693; x_wconf 91' lang='lat' dir='ltr'><strong>in</strong></span> <span class='ocrx_word' id='word_1_462' title='bbox 969 4635 1023 4696; x_wconf 91' lang='lat' dir='ltr'><strong>toti</strong></span> <span class='ocrx_word' id='word_1_463' title='bbox 1050 4632 1169 4694; x_wconf 91' lang='lat' dir='ltr'><strong>mundo</strong></span> <span class='ocrx_word' id='word_1_464' title='bbox 1193 4631 1395 4712; x_wconf 62' lang='lat' dir='ltr'><strong>praedicatam</strong></span> <span class='ocrx_word' id='word_1_465' title='bbox 1424 4630 1471 4692; x_wconf 93' lang='lat' dir='ltr'><strong>sic</strong></span> <span class='ocrx_word' id='word_1_466' title='bbox 1498 4631 1659 4710; x_wconf 90' lang='lat' dir='ltr'><strong>cormmpi</strong></span> <span class='ocrx_word' id='word_1_467' title='bbox 1684 4637 1716 4690; x_wconf 90' lang='lat' dir='ltr'><strong>et</strong></span> 
     </span>
     <span class='ocr_line' id='line_1_43' title="bbox 162 4729 1652 4810; baseline -0.005 -13"><span class='ocrx_word' id='word_1_468' title='bbox 162 4733 316 4798; x_wconf 89' lang='lat' dir='ltr'><strong>omnibus</strong></span> <span class='ocrx_word' id='word_1_469' title='bbox 341 4730 428 4794; x_wconf 90' lang='lat' dir='ltr'><strong>libris</strong></span> <span class='ocrx_word' id='word_1_470' title='bbox 453 4731 531 4810; x_wconf 90' lang='lat' dir='ltr'><strong>suis,</strong></span> <span class='ocrx_word' id='word_1_471' title='bbox 546 4731 586 4794; x_wconf 88' lang='lat' dir='ltr'><strong>de</strong></span> <span class='ocrx_word' id='word_1_472' title='bbox 610 4730 721 4794; x_wconf 88' lang='lat' dir='ltr'><strong>Christi</strong></span> <span class='ocrx_word' id='word_1_473' title='bbox 744 4731 859 4794; x_wconf 88' lang='lat' dir='ltr'><strong>deitate</strong></span> <span class='ocrx_word' id='word_1_474' title='bbox 884 4739 915 4792; x_wconf 92' lang='lat' dir='ltr'><strong>et</strong></span> <span class='ocrx_word' id='word_1_475' title='bbox 970 4731 1148 4806; x_wconf 88' lang='lat' dir='ltr'><strong>lalsilicari,</strong></span> <span class='ocrx_word' id='word_1_476' title='bbox 1165 4730 1247 4792; x_wconf 89' lang='lat' dir='ltr'><strong>sicut</strong></span> <span class='ocrx_word' id='word_1_477' title='bbox 1268 4749 1328 4791; x_wconf 89' lang='lat' dir='ltr'><strong>nec</strong></span> <span class='ocrx_word' id='word_1_478' title='bbox 1350 4729 1453 4810; x_wconf 86' lang='lat' dir='ltr'><strong>legem</strong></span> <span class='ocrx_word' id='word_1_479' title='bbox 1474 4729 1652 4792; x_wconf 83' lang='lat' dir='ltr'><strong>Mosaicam.</strong></span> 
     </span>
     <span class='ocr_line' id='line_1_44' title="bbox 164 4827 1716 4915; baseline -0.004 -21"><span class='ocrx_word' id='word_1_480' title='bbox 164 4831 319 4915; x_wconf 86' lang='lat' dir='ltr'><strong>passione</strong></span> <span class='ocrx_word' id='word_1_481' title='bbox 347 4829 569 4910; x_wconf 87' lang='lat' dir='ltr'><strong>adorandaqua</strong></span> <span class='ocrx_word' id='word_1_482' title='bbox 597 4829 747 4892; x_wconf 81' lang='lat' dir='ltr'><strong>Trinitate</strong></span> <span class='ocrx_word' id='word_1_483' title='bbox 776 4829 917 4894; x_wconf 90' lang='lat' dir='ltr'><strong>lideliter</strong></span> <span class='ocrx_word' id='word_1_484' title='bbox 1012 4831 1174 4905; x_wconf 71' lang='lat' dir='ltr'><strong>Praeterea,</strong></span> <span class='ocrx_word' id='word_1_485' title='bbox 1190 4837 1363 4910; x_wconf 89' lang='lat' dir='ltr'><strong>atempore</strong></span> <span class='ocrx_word' id='word_1_486' title='bbox 1379 4827 1599 4909; x_wconf 89' lang='lat' dir='ltr'><strong>Apostolorum</strong></span> <span class='ocrx_word' id='word_1_487' title='bbox 1615 4845 1716 4907; x_wconf 88' lang='lat' dir='ltr'><strong>usqne</strong></span> 
     </span>
     <span class='ocr_line' id='line_1_45' title="bbox 163 4924 1719 5011; baseline -0.004 -19"><span class='ocrx_word' id='word_1_488' title='bbox 163 4951 200 4992; x_wconf 88' lang='lat' dir='ltr'><strong>ac</strong></span> <span class='ocrx_word' id='word_1_489' title='bbox 226 4927 387 4993; x_wconf 89' lang='lat' dir='ltr'><strong>catholice</strong></span> <span class='ocrx_word' id='word_1_490' title='bbox 411 4926 533 5005; x_wconf 88' lang='lat' dir='ltr'><strong>scribit,</strong></span> <span class='ocrx_word' id='word_1_491' title='bbox 556 4935 651 5008; x_wconf 86' lang='lat' dir='ltr'><strong>atque</strong></span> <span class='ocrx_word' id='word_1_492' title='bbox 675 4947 731 5010; x_wconf 89' lang='lat' dir='ltr'><strong>per</strong></span> <span class='ocrx_word' id='word_1_493' title='bbox 753 4927 917 5011; x_wconf 87' lang='lat' dir='ltr'><strong>Apostolo-</strong></span> <span class='ocrx_word' id='word_1_494' title='bbox 971 4929 1009 4992; x_wconf 87' lang='lat' dir='ltr'><strong>ad</strong></span> <span class='ocrx_word' id='word_1_495' title='bbox 1026 4936 1168 5008; x_wconf 92' lang='lat' dir='ltr'><strong>tempora</strong></span> <span class='ocrx_word' id='word_1_496' title='bbox 1182 4925 1379 4989; x_wconf 89' lang='lat' dir='ltr'><strong>Constantini</strong></span> <span class='ocrx_word' id='word_1_497' title='bbox 1396 4924 1594 5008; x_wconf 90' lang='lat' dir='ltr'><strong>imperatoris</strong></span> <span class='ocrx_word' id='word_1_498' title='bbox 1608 4933 1719 5006; x_wconf 91' lang='lat' dir='ltr'><strong>poten-</strong></span> 
     </span>
     <span class='ocr_line' id='line_1_46' title="bbox 165 5023 1718 5109; baseline -0.004 -17"><span class='ocrx_word' id='word_1_499' title='bbox 165 5048 235 5092; x_wconf 91' lang='lat' dir='ltr'><strong>rum</strong></span> <span class='ocrx_word' id='word_1_500' title='bbox 263 5026 364 5090; x_wconf 91' lang='lat' dir='ltr'><strong>verba</strong></span> <span class='ocrx_word' id='word_1_501' title='bbox 389 5045 425 5088; x_wconf 91' lang='lat' dir='ltr'><strong>ac</strong></span> <span class='ocrx_word' id='word_1_502' title='bbox 448 5027 650 5103; x_wconf 89' lang='lat' dir='ltr'><strong>documenta,</strong></span> <span class='ocrx_word' id='word_1_503' title='bbox 667 5045 723 5089; x_wconf 86' lang='lat' dir='ltr'><strong>sua</strong></span> <span class='ocrx_word' id='word_1_504' title='bbox 748 5027 916 5109; x_wconf 86' lang='lat' dir='ltr'><strong>probatae</strong></span> <span class='ocrx_word' id='word_1_505' title='bbox 971 5026 1100 5103; x_wconf 89' lang='lat' dir='ltr'><strong>tissimi,</strong></span> <span class='ocrx_word' id='word_1_506' title='bbox 1122 5027 1161 5087; x_wconf 91' lang='lat' dir='ltr'><strong>ad</strong></span> <span class='ocrx_word' id='word_1_507' title='bbox 1187 5025 1344 5087; x_wconf 91' lang='lat' dir='ltr'><strong>Christum</strong></span> <span class='ocrx_word' id='word_1_508' title='bbox 1369 5024 1503 5086; x_wconf 91' lang='lat' dir='ltr'><strong>multum</strong></span> <span class='ocrx_word' id='word_1_509' title='bbox 1529 5023 1718 5087; x_wconf 90' lang='lat' dir='ltr'><strong>miraculose</strong></span> 
     </span>
     <span class='ocr_line' id='line_1_47' title="bbox 166 5122 1721 5207; baseline -0.005 -15"><span class='ocrx_word' id='word_1_510' title='bbox 166 5128 298 5192; x_wconf 83' lang='lat' dir='ltr'><strong>roborat</strong></span> <span class='ocrx_word' id='word_1_511' title='bbox 328 5125 456 5206; x_wconf 87' lang='lat' dir='ltr'><strong>scripta.</strong></span> <span class='ocrx_word' id='word_1_512' title='bbox 482 5159 523 5170; x_wconf 92' lang='lat'><em>-</em></span> <span class='ocrx_word' id='word_1_513' title='bbox 550 5125 706 5207; x_wconf 89' lang='lat' dir='ltr'><strong>Amplius,</strong></span> <span class='ocrx_word' id='word_1_514' title='bbox 732 5144 842 5188; x_wconf 89' lang='lat' dir='ltr'><strong>omues</strong></span> <span class='ocrx_word' id='word_1_515' title='bbox 870 5127 919 5188; x_wconf 92' lang='lat' dir='ltr'><strong>hi·</strong></span> <span class='ocrx_word' id='word_1_516' title='bbox 973 5125 1129 5204; x_wconf 88' lang='lat' dir='ltr'><strong>conversi,</strong></span> <span class='ocrx_word' id='word_1_517' title='bbox 1146 5123 1236 5206; x_wconf 89' lang='lat' dir='ltr'><strong>plebs</strong></span> <span class='ocrx_word' id='word_1_518' title='bbox 1260 5123 1435 5185; x_wconf 87' lang='lat' dir='ltr'><strong>christiana</strong></span> <span class='ocrx_word' id='word_1_519' title='bbox 1458 5122 1593 5185; x_wconf 90' lang='lat' dir='ltr'><strong>assiduis</strong></span> <span class='ocrx_word' id='word_1_520' title='bbox 1614 5140 1721 5202; x_wconf 89' lang='lat' dir='ltr'><strong>perse-</strong></span> 
     </span>
     <span class='ocr_line' id='line_1_48' title="bbox 165 5220 1720 5305; baseline -0.004 -16"><span class='ocrx_word' id='word_1_521' title='bbox 165 5227 274 5290; x_wconf 85' lang='lat' dir='ltr'><strong>storie</strong></span> <span class='ocrx_word' id='word_1_522' title='bbox 305 5232 337 5288; x_wconf 90' lang='lat' dir='ltr'><strong>et</strong></span> <span class='ocrx_word' id='word_1_523' title='bbox 361 5222 520 5287; x_wconf 84' lang='lat' dir='ltr'><strong>chronice</strong></span> <span class='ocrx_word' id='word_1_524' title='bbox 544 5241 580 5285; x_wconf 88' lang='lat' dir='ltr'><strong>ac</strong></span> <span class='ocrx_word' id='word_1_525' title='bbox 606 5223 746 5305; x_wconf 86' lang='lat' dir='ltr'><strong>legende</strong></span> <span class='ocrx_word' id='word_1_526' title='bbox 770 5224 919 5287; x_wconf 82' lang='lat' dir='ltr'><strong>Christis·</strong></span> <span class='ocrx_word' id='word_1_527' title='bbox 974 5225 1156 5287; x_wconf 89' lang='lat' dir='ltr'><strong>cutionibus</strong></span> <span class='ocrx_word' id='word_1_528' title='bbox 1173 5222 1339 5300; x_wconf 90' lang='lat' dir='ltr'><strong>laboravit,</strong></span> <span class='ocrx_word' id='word_1_529' title='bbox 1356 5230 1388 5284; x_wconf 91' lang='lat' dir='ltr'><strong>et</strong></span> <span class='ocrx_word' id='word_1_530' title='bbox 1409 5220 1655 5284; x_wconf 90' lang='lat' dir='ltr'><strong>innumerabiles</strong></span> <span class='ocrx_word' id='word_1_531' title='bbox 1671 5220 1720 5283; x_wconf 91' lang='lat' dir='ltr'><strong>lu-</strong></span> 
     </span>
     <span class='ocr_line' id='line_1_49' title="bbox 165 5319 1720 5405; baseline -0.004 -15"><span class='ocrx_word' id='word_1_532' title='bbox 165 5344 284 5390; x_wconf 89' lang='lat' dir='ltr'><strong>narum</strong></span> <span class='ocrx_word' id='word_1_533' title='bbox 314 5321 514 5387; x_wconf 88' lang='lat' dir='ltr'><strong>concorditer</strong></span> <span class='ocrx_word' id='word_1_534' title='bbox 537 5329 761 5405; x_wconf 85' lang='lat' dir='ltr'><strong>protestantur,</strong></span> <span class='ocrx_word' id='word_1_535' title='bbox 788 5323 872 5405; x_wconf 89' lang='lat' dir='ltr'><strong>quod</strong></span> <span class='ocrx_word' id='word_1_536' title='bbox 901 5343 919 5386; x_wconf 91' lang='lat' dir='ltr'><strong>a</strong></span> <span class='ocrx_word' id='word_1_537' title='bbox 975 5331 1069 5387; x_wconf 89' lang='lat' dir='ltr'><strong>erunt</strong></span> <span class='ocrx_word' id='word_1_538' title='bbox 1087 5321 1239 5399; x_wconf 87' lang='lat' dir='ltr'><strong>heretici,</strong></span> <span class='ocrx_word' id='word_1_539' title='bbox 1260 5339 1396 5402; x_wconf 90' lang='lat' dir='ltr'><strong>quorum</strong></span> <span class='ocrx_word' id='word_1_540' title='bbox 1420 5320 1509 5382; x_wconf 89' lang='lat' dir='ltr'><strong>multi</strong></span> <span class='ocrx_word' id='word_1_541' title='bbox 1529 5319 1720 5384; x_wconf 86' lang='lat' dir='ltr'><strong>beatissime</strong></span> 
     </span>
    </p>
   </div>
   <div class='ocr_carea' id='block_1_5' title="bbox 0 0 2169 6244">
    <p class='ocr_par' dir='ltr' id='par_1_7' title="bbox 0 0 2169 6244">
     <span class='ocr_line' id='line_1_50' title="bbox 0 0 2169 6244; baseline 0 0"><span class='ocrx_word' id='word_1_542' title='bbox 0 0 2169 6244; x_wconf 95' lang='lat' dir='ltr'><strong> </strong></span> 
     </span>
    </p>
   </div>
  </div>
 </body>
</html>
