4309 6250
501 515 621 565 acarna
640 516 808 563 ranrrorarr
826 516 998 573 assonam,
1020 517 1109 564 arnan
1130 520 1172 564 rv.
1194 536 1236 549 -
1254 520 1326 566 aar.
1349 520 1390 566 xv
1660 503 1717 567 sel

165 682 197 747 S.
215 682 373 749 Hermetis
392 687 537 770 martyris
557 687 753 752 suscitavita
769 687 912 751 mortuis.
930 687 956 749 A
971 707 1041 751 cam
1056 697 1200 772 tempore
1213 692 1435 774 Apostolorum
1457 690 1668 755 sacratissima
1683 710 1720 755 ac

165 782 301 847 Sanctus
321 786 431 849 doctor
454 786 662 869 Hieronymus
686 797 758 870 post
781 794 915 850 mortem
972 786 1209 853 ferventissima
1243 790 1337 853 llario
1372 789 1555 871 llagdalene
1594 790 1721 853 cunctis

164 901 257 945 suam
279 884 375 946 simul
397 885 564 948 suscitavit
584 894 649 949 tres
670 893 809 949 mortuos
831 909 838 946 :
859 884 914 967 qui
971 886 1156 950 Christianis
1185 888 1324 951 ostendit
1349 912 1356 950 :
1383 907 1455 970 qum
1481 889 1515 951 iu
1540 888 1721 952 vastissima

164 980 356 1063 resuscitati,
373 984 549 1047 retulerunt
564 984 595 1047 S.
612 983 728 1066 Cyrillo
744 983 914 1067 impiorum
971 1004 1090 1064 eremo,
1106 986 1193 1049 omni
1210 986 1350 1050 humano
1363 987 1515 1049 destituta
1530 987 1653 1068 solatio,
1670 988 1722 1050 tri-

162 1088 323 1143 tormeuta
355 1100 425 1163 quaa
460 1082 616 1146 videraut.
645 1082 914 1146 Gloriosissimam
969 1082 1057 1164 ginta
1078 1084 1172 1147 annis
1193 1085 1369 1167 angelicam
1390 1086 1510 1148 ducens
1535 1086 1643 1166 vitam,
1660 1104 1720 1150 nec

161 1178 309 1241 Ursulum
325 1181 480 1262 reginam,
498 1181 654 1263 virginem
673 1200 710 1244 ac
731 1188 911 1263 martyrem,
969 1181 1065 1244 alicui
1086 1182 1166 1268 visa,
1182 1182 1326 1263 quotidie
1347 1183 1566 1264 corporalibus
1591 1184 1719 1247 auribus

160 1277 297 1359 ejusque
322 1279 617 1361 praestantissimam
647 1280 842 1357 societatem,
870 1279 914 1341 vi·
970 1281 1147 1344 coelestium
1162 1281 1285 1345 audivit
1304 1290 1455 1345 cantuum
1477 1281 1629 1345 melodias
1650 1284 1721 1345 dul-

158 1374 280 1438 delicet
313 1376 462 1441 undecim
496 1377 594 1440 millia
626 1377 801 1459 virginum,
831 1378 913 1439 lleus
970 1378 1137 1456 cissimas3
1154 1380 1306 1461 omnique
1327 1379 1513 1461 dissenties
1534 1380 1574 1442 ab
1596 1381 1720 1463 angelis

157 1472 338 1536 altissimus
363 1474 500 1557 copiosis
521 1475 715 1557 glorificavit
738 1476 910 1539 miraculis.
970 1477 1089 1539 sanctis
1114 1478 1147 1540 in
1172 1498 1246 1541 aere
1270 1478 1445 1557 levabatur,
1472 1486 1567 1561 atque
1591 1479 1718 1543 illorum

157 1572 257 1635 Porro
271 1574 311 1635 de
326 1573 437 1655 signis,
455 1574 626 1637 virtutihus
641 1582 736 1657 atque
751 1575 912 1637 miraculis
970 1575 1130 1639 consortio
1152 1586 1182 1639 et
1203 1576 1305 1640 allatu
1326 1578 1452 1640 assidue
1474 1576 1648 1641 fruebatur.

156 1689 294 1733 summas
316 1680 348 1733 et
366 1673 628 1756 incomparabilis
649 1673 783 1755 virginis
799 1674 911 1753 Mariae,
1008 1673 1079 1737 Post
1105 1675 1187 1737 hanc
1215 1674 1277 1738 luit
1304 1676 1336 1738 S.
1364 1676 1488 1756 Paulus,
1514 1676 1568 1757 qui
1596 1677 1719 1759 primus

155 1768 272 1831 matris
288 1768 416 1849 Christi,
433 1770 508 1833 editi
524 1780 599 1833 sunt
613 1772 685 1834 lihri
707 1772 912 1855 quamplures
968 1770 1086 1835 dicitur
1110 1774 1253 1836 eremita.
1270 1774 1327 1848 Qui
1352 1792 1452 1854 quum
1474 1775 1613 1839 sedecim
1635 1784 1719 1839 esset

155 1867 249 1929 omni
273 1868 403 1933 veritate
426 1869 593 1952 pollentes.
928 1872 952 1934 B
967 1890 1136 1950 annorum,
1146 1872 1283 1954 perrexit
1297 1873 1331 1934 in
1346 1873 1615 1956 eremum‚ibique
1631 1876 1718 1938 solus

150 2012 152 2015 -
198 1965 239 2027 Et
269 1966 418 2049 breviter,
444 1976 626 2032 sanctorum
650 1968 909 2045 Christianorum,
968 1969 1027 2032 soli
1042 1970 1106 2033 Deo
1123 1972 1385 2051 vacans,cunctis
1400 1971 1584 2035 hominibus
1600 1972 1718 2036 mansit

157 2064 216 2145 qui
239 2064 300 2127 ista
322 2074 354 2128 et
375 2066 554 2129 consimilia
576 2074 649 2129 sunt
673 2067 793 2149 operati
818 2066 912 2129 mira·
968 2068 1159 2150 incognitus,
1186 2088 1351 2151 quousque
1379 2068 1483 2133 factus
1511 2080 1559 2134 est
1588 2081 1716 2135 centum

158 2162 246 2241 cula,
274 2164 328 2245 qui
358 2183 454 2246 super
478 2184 575 2247 aquas
600 2165 853 2244 ambulaverunt,
881 2173 912 2228 et
967 2167 1183 2249 tredecimque
1211 2187 1379 2231 annorum.
1405 2170 1493 2231 l'unc
1522 2170 1609 2231 enim
1633 2171 1716 2233 Deus

156 2260 271 2342 lingua
290 2262 430 2324 abscissa
450 2262 546 2326 locuti
567 2272 652 2341 sunt,
668 2271 699 2326 et
718 2282 777 2326 nec
796 2282 814 2325 a
834 2261 911 2326 feris
967 2264 997 2327 S.
1017 2265 1155 2329 Antonio
1177 2265 1316 2329 eremita
1335 2266 1375 2329 de
1395 2268 1425 2330 S.
1449 2267 1544 2330 Paulo
1563 2268 1717 2331 revelavit

156 2378 266 2441 neque
290 2359 330 2423 ab
356 2360 429 2443 igne
454 2362 525 2424 laedi
550 2369 731 2443 potuerunt,
750 2361 911 2444 multaque
967 2364 1050 2445 quod
1066 2363 1168 2441 latuit,
1187 2372 1219 2426 et
1232 2365 1371 2447 perrexit
1385 2366 1425 2428 ad
1440 2366 1582 2429 Paulum.
1599 2367 1716 2442 Quum-

155 2458 222 2521 alia
237 2457 385 2521 fecerunt
405 2460 536 2539 similia,
554 2460 724 2524 multitudo
742 2469 844 2524 exstat
864 2461 911 2524 iu-
966 2480 1028 2543 que
1049 2462 1326 2545 colloquerentur,
1344 2483 1458 2527 corvus
1480 2464 1640 2547 integrum
1665 2485 1717 2547 pa·

155 2557 371 2621 numerabilis
396 2558 499 2622 nohis.
527 2558 588 2623 Sed
613 2559 673 2622 ista
698 2560 760 2643 piis
788 2560 911 2623 audito·
967 2580 1040 2623 uem
1060 2562 1174 2624 detulit
1188 2562 1245 2625 eis.
1263 2562 1347 2624 Dixit
1364 2562 1462 2645 igitur
1480 2562 1594 2627 Paulus
1611 2587 1618 2626 :
1636 2565 1716 2627 Vere

156 2656 246 2718 rihus
267 2653 419 2719 sulficere
440 2658 553 2721 merito
578 2666 710 2739 possunt
734 2678 771 2721 ac
794 2658 911 2722 debent
966 2659 1068 2723 honus
1083 2660 1247 2723 Dominus.
1263 2661 1431 2744 Sexaginta
1445 2662 1520 2724 anni
1543 2671 1616 2725 sunt
1629 2664 1715 2745 quod

156 2754 196 2815 ad
221 2751 300 2816 lidei
318 2754 502 2819 christiane
523 2774 700 2818 assensum.
965 2758 1107 2839 quotidie
1130 2760 1297 2823 dimidium
1322 2779 1438 2842 panem
1466 2761 1595 2843 accepi;
1619 2762 1716 2825 hodie

966 2866 1095 2940 propter
1110 2867 1199 2921 tuum
1222 2858 1394 2921 adventum
1416 2858 1540 2941 integer
1559 2860 1652 2922 datus
1667 2869 1715 2923 est

966 2957 1068 3038 panis.
1085 2956 1187 3031 Quum
1207 2965 1314 3021 autem
1333 2957 1447 3020 Paulus
1466 2958 1601 3039 genibus
1619 2958 1714 3023 flexis

363 3030 607 3094 ARTICULUS
631 3030 706 3095 XV·
928 3060 949 3123 C
965 3056 1084 3119 orando
1100 3055 1248 3139 spiritum
1262 3056 1455 3138 tradidisset,
1464 3057 1544 3120 vidit
1558 3059 1714 3122 Antonius

154 3173 205 3232 De
226 3178 432 3230 sacrosancta
457 3173 698 3232 conversatione
721 3179 908 3231 sanctorum
964 3154 1104 3216 animam
1127 3154 1198 3236 Olus
1218 3156 1259 3218 ab
1280 3155 1403 3237 angelis
1427 3154 1502 3219 fimi
1527 3157 1560 3219 in
1582 3157 1711 3221 “Dium-

264 3267 404 3336 patrum
420 3261 456 3318 in
470 3279 576 3319 eremo
590 3279 628 3319 ae
642 3261 797 3320 aliorum.
964 3252 1036 3314 Post
1050 3252 1111 3316 hoc
1134 3253 1245 3316 volens
1259 3252 1294 3315 B.
1310 3253 1465 3316 Antonius
1485 3254 1623 3335 sepelire
1643 3274 1716 3317 san·

965 3351 1141 3414 ctissimum
1156 3351 1299 3431 Paulum,
1316 3371 1414 3433 quum
1429 3371 1494 3416 non
1508 3353 1640 3416 haberet
1654 3353 1715 3418 fos·

232 3443 494 3508 lhllldllllOllUll
512 3443 617 3508 dicere
642 3445 746 3508 solent
770 3445 910 3528 philoso
965 3449 1096 3530 serium,
1113 3451 1317 3514 contristatus
1332 3459 1379 3513 est
1394 3451 1498 3532 valde,
1513 3451 1587 3534 quia
1608 3453 1715 3536 sepul-

157 3445 228 3656 Ο
245 3543 301 3624 phi
316 3543 401 3623 quod
417 3541 559 3624 operatio
581 3544 684 3624 arguit
699 3542 846 3623 formam,
863 3545 908 3608 sio
965 3567 1054 3610 crum
1069 3547 1175 3612 facere
1190 3568 1256 3613 non
1277 3549 1412 3614 valebat.
1429 3550 1468 3613 lit
1488 3567 1564 3613 ecce
1583 3560 1714 3633 repente

152 3645 296 3706 dicimus
320 3641 404 3724 quod
430 3641 628 3704 conversatio
657 3643 768 3723 pandit
792 3641 905 3725 legem.
964 3647 1027 3709 duo
1049 3647 1158 3710 leones
1181 3667 1220 3710 ex
1243 3647 1387 3712 interiori
1414 3648 1583 3712 solitudine
1604 3669 1715 3713 accur-

151 3741 311 3822 Denique,
341 3748 377 3802 ut
407 3739 590 3803 Aristoteles
626 3739 776 3820 loquitur,
807 3741 906 3804 virtus
965 3754 1082 3825 rentes,
1099 3746 1185 3808 circa
1207 3748 1303 3828 pedes
1324 3746 1467 3809 defuncti
1483 3748 1712 3827 accubuerunt,

153 3840 199 3902 rei
231 3837 406 3901 attenditur
432 3855 532 3918 penes
560 3837 732 3900 maximum
762 3837 793 3900 in
822 3839 907 3920 quod
964 3843 1085 3925 ingenti
1111 3842 1242 3906 fremitu
1268 3845 1440 3925 rugientes,
1466 3853 1561 3928 atque
1586 3855 1620 3909 ut
1646 3856 1715 3929 pot·

151 3945 272 4021 potest.
289 3935 448 3998 Attendite
469 3954 556 4016 ergo,
573 3954 593 3999 o
613 3937 790 4017 Sarraoeoi,
805 3937 907 4018 qualis
963 3951 1053 4004 erant
1071 3941 1415 4006 lamentantesllcinde
1429 3943 1561 4006 humum
1580 3945 1714 4028 pedibus

152 4035 254 4099 fuerit
283 4034 349 4098 vita
373 4032 501 4096 illorum
525 4033 578 4115 qui
601 4031 691 4114 juxta
713 4033 828 4098 Christi
853 4036 909 4099 do
963 4039 1030 4102 suis
1052 4039 1242 4122 scalpentes,
1259 4048 1368 4123 aptum
1390 4043 1515 4124 corpori
1539 4053 1648 4107 sancto
1667 4043 1714 4107 fe·

153 4135 306 4212 ctrinam,
340 4131 475 4194 consilia
509 4139 541 4194 et
575 4141 732 4214 precepta
766 4132 907 4214 perfecte
963 4145 1075 4202 cerunt
1097 4139 1291 4220 sepulcrum.
1315 4139 1446 4221 flosque
1467 4142 1637 4205 Antonium
1660 4162 1712 4206 ac·

154 4239 232 4294 sunt
246 4229 532 4295 conversati'lales
548 4229 764 4292 indubitanter
777 4231 946 4301 fueruntD
963 4238 1123 4316 cedentes,
1139 4255 1253 4299 manus
1272 4237 1342 4318 ejus
1363 4245 1395 4300 et
1416 4239 1512 4320 podes
1533 4238 1708 4322 lingebant,

152 4330 199 4393 illi
231 4328 424 4392 divinissimi
456 4327 595 4391 eremite
627 4329 680 4410 qui
711 4329 744 4391 in
771 4330 906 4394 diversis
962 4335 1087 4416 dejecta
1101 4353 1228 4416 quoque
1250 4335 1386 4415 cervice,
1402 4337 1494 4417 quasi
1515 4336 1711 4404 benedictio-

153 4427 395 4506 solitudinihus,
425 4427 459 4489 in
487 4427 587 4490 antris
615 4447 652 4490 ac
681 4428 817 4508 cellulis,
842 4430 905 4494 Deo
961 4447 1035 4496 narn
1057 4434 1097 4496 ab
1119 4453 1156 4498 eo
1178 4434 1348 4516 petebant3
1365 4436 1590 4518 benedixitque
1611 4438 1658 4501 eis
1679 4447 1711 4502 et

152 4527 312 4590 altissimo
341 4535 373 4589 ot
395 4535 513 4590 aeterno
537 4525 708 4609 purissima
732 4547 769 4590 ac
794 4529 906 4591 arden·
961 4531 1048 4595 abire
1070 4532 1232 4615 praecepit.

152 4627 281 4690 tissima
308 4633 414 4687 mente
443 4625 556 4688 intenti
586 4625 637 4687 die
665 4645 703 4688 ac
735 4633 827 4690 nocte
856 4626 905 4689 fu·
1000 4631 1153 4694 Praetcrea
1181 4631 1249 4712 ipse
1274 4631 1474 4695 beatissimus
1502 4643 1591 4716 pater
1615 4639 1709 4701 Anto·

151 4735 259 4804 erunt,
286 4725 419 4802 orando,
449 4724 643 4804 meditando,
673 4725 838 4807 psallendo
866 4746 903 4790 ac
960 4729 1045 4808 nius,
1073 4730 1124 4791 vir
1150 4730 1330 4812 apostoliea
1359 4732 1546 4814 sanctitatis,
1572 4735 1709 4800 infinitis

152 4823 413 4906 contemplando,
442 4823 482 4886 ab
512 4821 599 4886 omni
629 4831 753 4886 terrena
786 4825 904 4888 sollici·
960 4827 1064 4890 clarus
1081 4827 1254 4905 miraculis,
1272 4829 1392 4911 totique
1414 4833 1533 4895 mundo
1553 4831 1706 4915 famosus,

151 4925 277 5001 tudine,
293 4923 334 4985 ab
347 4921 433 4986 omni
453 4920 595 4984 seculari
616 4921 846 5004 inquietudine,
863 4924 902 4986 ab
960 4945 1060 5008 usque
1075 4927 1115 4989 ad
1130 4945 1249 4989 annum
1264 4929 1473 4991 centesimum
1488 4931 1645 4993 decimum
1663 4933 1709 4994 vi-

151 5023 240 5086 omni
256 5021 376 5084 carnali
392 5019 564 5084 affectione
579 5020 669 5082 liberi
690 5029 721 5082 et
740 5021 900 5101 abstracti,
959 5025 1004 5086 xit
1020 5024 1051 5086 in
1067 5043 1186 5103 eremo,
1202 5033 1292 5106 pater
1307 5026 1587 5090 innumerabilium
1603 5049 1709 5094 mona·

152 5122 293 5184 humana
308 5119 443 5182 vitantes
458 5117 628 5199 colloquia,
645 5126 739 5201 atque
760 5121 903 5202 angelica
960 5123 1103 5185 chorum.
1124 5123 1182 5197 Qui
1202 5123 1326 5186 Arianis
1350 5133 1381 5186 et
1405 5126 1528 5188 cunctis
1549 5127 1707 5191 hereticis

153 5218 340 5301 frequenter
360 5217 513 5280 hahentes
534 5217 683 5299 alloquii.
961 5220 1172 5285 invictissime
1197 5222 1324 5300 restitit,
1346 5223 1583 5306 prophetiaeque
1605 5228 1706 5307 gratia

195 5319 283 5381 llauc
308 5317 405 5382 vitam
431 5317 685 5381 anachoreticam
708 5338 746 5382 ac
767 5321 905 5384 eremiti·
961 5321 1075 5404 plenus
1103 5319 1175 5382 fuit.
1201 5320 1291 5382 Hunc
1318 5321 1489 5385 Antonium
1518 5322 1605 5387 circa
1632 5344 1708 5390 con·
