4309 6250
366 517 407 563 D!
427 514 590 564 ntoamtrn
610 515 648 562 Π
668 516 816 563 Leonteus
837 516 865 563 Β.
887 517 916 561 V.
940 518 1056 574 lhllll,
1077 517 1167 565 tresn
1186 518 1220 563 ll·
1243 536 1283 547 -
1303 518 1374 565 ant.
1397 518 1486 582 mil,
1508 519 1583 566 ΠΝ
1706 501 1747 565 99

960 685 986 747 Α
1002 686 1208 750 eminentiam
1227 686 1459 751 virtuositatem
1473 697 1506 751 et
1520 690 1668 752 meritum
1683 709 1748 753 sue

375 744 622 810 ARTICULUS
645 744 772 807 xxm·
1000 736 1241 868 compassionis,
1257 805 1320 867 qua
1342 786 1474 869 patienti
1497 788 1577 851 Filio
1599 786 1749 849 fidelissi·

193 892 347 959 Qualiter
367 892 600 967 benignissima
619 892 712 967 uirgo
728 890 841 951 Μανία
859 889 947 947 dica·
1001 901 1051 943 me
1066 901 1103 945 ac
1117 882 1323 945 acerbissime
1338 884 1750 961 condolendo,excellenter

237 988 294 1038 tur
313 981 434 1039 mundi
456 981 632 1049 salvatrtv,
648 999 686 1039 ae
709 978 798 1039 Filio
819 996 873 1035 suo
897 996 947 1035 co·
1000 981 1177 1062 promeruit
1191 989 1225 1043 ut
1239 1000 1296 1062 per
1311 982 1492 1063 ipsam,hoc
1507 990 1556 1045 est
1566 1001 1623 1063 per
1637 1002 1748 1064 preces

235 1077 370 1143 Operam
387 1070 422 1127 2⁸²²
439 1070 558 1128 mundi
573 1068 803 1145 redemt’lt'fflw·
1000 1078 1070 1159 ejus
1098 1098 1135 1141 ac
1163 1076 1287 1156 merita,
1313 1079 1415 1142 virtus
1443 1100 1480 1143 ac
1505 1081 1653 1142 meritum
1678 1100 1749 1163 pas-

1000 1174 1100 1237 sionis
1127 1175 1241 1238 Christi
1269 1176 1524 1239 communicetur
1551 1176 1745 1241 hominibus.

38 1282 136 1327 narrt.
162 1299 180 1337 t,
266 1275 424 1336 OCABIS
453 1292 568 1333 nemen
601 1273 673 1350 ejus
699 1274 809 1333 lesum
838 1291 849 1329 :
880 1272 946 1345 ipae
999 1272 1069 1353 Ipsa
1089 1292 1217 1355 quoque
1238 1273 1285 1335 eis
1306 1274 1361 1354 qui
1383 1293 1402 1335 a
1423 1274 1525 1355 gratia
1543 1273 1658 1336 Christi
1678 1293 1749 1356 pro-

30 1348 55 1388 ²¹
278 1374 364 1429 enim
394 1374 519 1431 saluum
542 1372 642 1447 societ
662 1372 819 1446 populum
849 1387 945 1428 suum
1000 1370 1079 1451 lapsi
1108 1378 1192 1449 sunt,
1223 1390 1331 1434 rursus
1359 1379 1509 1454 procurat
1535 1372 1691 1451 eamdem,
1717 1380 1749 1435 et

194 1488 215 1527 a
238 1470 379 1545 peccatis
405 1488 528 1529 eorum.
554 1466 646 1530 Solus
674 1465 861 1547 Unigenitus
889 1464 944 1527 Ilei
1000 1488 1133 1550 regnum
1155 1468 1379 1532 misericordie
1403 1470 1430 1531 ei
1456 1469 1662 1532 commissum
1686 1478 1745 1533 est.

196 1573 329 1629 vocatur
342 1573 375 1629 et
389 1574 438 1627 est
451 1565 563 1627 mundi
578 1565 732 1644 Salvator,
749 1564 809 1626 hoc
824 1570 872 1625 est
887 1563 944 1625 hu·
999 1566 1086 1629 Unde
1103 1567 1171 1649 ipsa
1191 1576 1240 1630 est
1254 1568 1416 1648 singulare
1437 1587 1473 1631 ac
1489 1568 1746 1649 potentissimum

195 1664 282 1727 mani
297 1664 425 1746 generis
441 1664 621 1746 redemptor
642 1682 678 1725 ac
699 1662 860 1741 liberator,
877 1670 943 1723 tan-
998 1663 1158 1746 relugium
1173 1666 1380 1748 perditorum,
1394 1686 1466 1747 spes
1481 1667 1683 1745 miserorum,
1694 1667 1749 1729 ed·

194 1780 291 1843 quam
313 1762 368 1842 qui
390 1761 527 1843 pretium
551 1761 646 1825 solvit
667 1780 724 1843 pro
745 1760 943 1842 captivorum
999 1772 1111 1825 vocata
1134 1772 1166 1825 ct
1190 1763 1423 1827 reconciliatrix
1448 1765 1593 1828 omnium
1622 1765 1748 1847 iniquo-

194 1858 426 1941 redemptione,
446 1878 479 1922 se
501 1859 606 1942 ipsum
626 1877 683 1941 pro
704 1857 767 1919 illis
790 1858 942 1919 tradendo
957 1860 980 1923 B
998 1882 1067 1923 rum
1083 1863 1124 1925 ad
1138 1882 1208 1925 eam
1223 1862 1491 1945 confugientium.
1502 1864 1645 1945 [lenique
1660 1872 1747 1927 tanta

194 1957 229 2019 in
257 1965 403 2036 mortem,
434 1975 591 2038 suumque
620 1956 808 2038 sanguinem
836 1956 943 2019 elfun-
998 1968 1047 2023 est
1074 1959 1239 2041 plenitudo
1267 1970 1299 2024 et
1327 1960 1535 2024 exuberantia
1562 1963 1746 2025 meritorum

193 2056 298 2118 dendo
320 2056 389 2119 :ita
408 2056 494 2136 quod
516 2055 616 2117 virtus
637 2063 669 2117 et
690 2054 846 2117 idoneitas
868 2072 943 2117 con·
997 2058 1151 2141 piissimas
1170 2058 1319 2139 Virginis,
1342 2060 1427 2140 quod
1451 2068 1482 2121 et
1506 2060 1623 2123 virtute
1646 2060 1747 2141 ipsius

193 2154 343 2217 veniebat
356 2154 428 2235 ejus
442 2152 629 2215 humanitati
646 2171 684 2215 ex
698 2152 814 2214 deitate
830 2152 941 2229 uuita3
997 2158 1080 2219 Deus
1093 2157 1296 2238 omnipotens
1307 2157 1456 2219 omnibns
1471 2158 1564 2222 nobis
1579 2158 1747 2221 miseretur

192 2252 262 2333 ipsa
282 2271 358 2315 vero
384 2250 570 2331 satisfactio,
587 2250 737 2313 meritum
756 2268 792 2313 ae
813 2249 940 2329 solutio,
997 2274 1033 2317 ac
1056 2255 1216 2332 subvenit,
1238 2264 1269 2317 et
1290 2256 1360 2337 ipsa
1381 2254 1461 2318 illud
1482 2257 1622 2337 Apostoli
1644 2256 1747 2318 excel-

193 2358 363 2431 assumptat
378 2348 579 2411 humanitati.
597 2348 711 2428 Sieque
733 2348 841 2429 passio
855 2346 943 2409 Chri·
998 2353 1174 2416 lentissime
1190 2355 1290 2434 potuit
1312 2354 1479 2435 protestari
1498 2377 1505 2416 ε
1522 2354 1688 2435 Adimpleo
1708 2373 1745 2415 ea
1760 2368 1899 2419 cenatas

193 2447 235 2509 sti
257 2466 315 2529 per
340 2447 468 2509 modum
495 2465 598 2509 causae
626 2445 877 2507 instrumentalis
905 2463 942 2508 ae
997 2469 1066 2531 quat
1096 2451 1211 2513 desunt
1238 2452 1422 2531 passionum
1450 2450 1565 2513 Christi
1592 2452 1624 2513 in
1650 2469 1745 2514 carne

192 2543 364 2607 meritorie
386 2552 434 2605 est
455 2562 551 2606 eausa
572 2551 687 2607 nostre
714 2542 942 2624 redemptionis
997 2568 1079 2625 mea,
1096 2568 1153 2631 pro
1168 2567 1300 2630 corpore
1315 2548 1397 2630 ejus,
1414 2549 1498 2631 quod
1513 2558 1562 2611 est
1579 2548 1744 2628 Ecclesia3

192 2652 289 2724 atque
324 2642 446 2705 salutis.
477 2642 713 2721 Verumtamen,
744 2641 826 2703 sieut
859 2640 943 2702 lactu
998 2648 1139 2727 itemque
1155 2670 1162 2708 :
1180 2646 1307 2710 Gaudeo
1322 2647 1355 2708 in
1377 2646 1578 2727 passionibus
1593 2647 1674 2710 meis
1688 2666 1746 2729 pro
1761 2670 1853 2715 reum.

42 2760 179 2808 eante.
193 2748 243 2803 est
276 2749 384 2804 nostra
419 2740 554 2823 perditio
583 2740 719 2803 muliere
754 2747 942 2821 suggerente
998 2745 1272 2828 vobishmphus,
1296 2745 1321 2806 si
1343 2745 1439 2807 Paulo
1460 2744 1576 2807 Christi
1599 2744 1747 2808 ministro

193 2846 226 2900 et
246 2846 450 2921 cooperante,
465 2857 535 2920 quae
557 2838 662 2900 virum
685 2838 809 2899 induxit
829 2838 868 2899 ad
890 2856 943 2899 ve
998 2844 1089 2906 licuit
1109 2843 1216 2906 dicere
1237 2843 1276 2905 de
1298 2843 1425 2918 Judaeis,
1446 2842 1483 2904 Ct
1502 2842 1607 2906 salvos
1631 2842 1747 2905 laciam
1761 2868 1891 2916 noenu.

193 2935 243 2997 titi
271 2954 361 2997 esum
389 2935 533 3015 tructus,
557 2936 601 2999 sic
630 2944 738 2999 nostra
768 2935 943 3016 redemptio
997 2942 1121 3023 aliquos
1137 2962 1174 3003 ex
1188 2942 1235 3003 eis
1249 2964 1256 3003 :
1268 2950 1387 3021 quanto
1402 2940 1504 3022 magis
1518 2940 1747 3021 potentissime

192 3052 251 3115 per
277 3032 431 3097 leminam
458 3042 507 3096 est
534 3033 662 3097 allecta.
692 3033 818 3097 Etenim
847 3033 943 3114 Virgo
959 3037 982 3101 C
998 3040 1085 3102 Matri
1105 3040 1220 3102 Christi
1246 3039 1439 3101 adscribitur
1462 3040 1546 3119 quod
1572 3038 1614 3100 sit
1636 3058 1747 3102 eorum

191 3132 365 3214 purissima
385 3133 626 3214 Redemptorem
649 3132 742 3195 nobis
762 3131 940 3215 produxit:
998 3139 1148 3201 salvatrix
1175 3138 1291 3220 quibus
1320 3137 1537 3200 indesinenter
1565 3137 1745 3215 auxiliatur,

192 3230 258 3294 imo
281 3239 313 3292 et
334 3249 398 3294 sue
421 3233 534 3294 merito
556 3232 732 3295 sanctitatis
746 3232 786 3294 de
801 3250 942 3314 congruo
997 3255 1055 3320 pro
1084 3255 1220 3318 quorum
1249 3235 1440 3300 sollicitatur
1467 3237 1580 3314 salute,
1610 3253 1746 3316 quorum

193 3329 285 3392 nobis
314 3328 489 3410 promeruit
512 3329 733 3413 Redemptoris
756 3330 939 3392 adventum.
997 3343 1046 3396 est
1070 3333 1260 3397 fidelissima
1287 3334 1452 3413 advocata,
1478 3332 1747 3396 affectuosissima

192 3427 281 3500 Quod
295 3434 402 3488 autem
416 3433 465 3488 est
486 3445 580 3490 causa
602 3446 717 3508 cause,
733 3427 851 3490 dicitur
871 3447 941 3492 esse
997 3440 1109 3513 mater,
1126 3431 1361 3495 reconciliatrix
1380 3431 1537 3513 piissima,
1553 3431 1692 3512 adjutrix
1715 3437 1748 3493 et

192 3542 289 3586 eausa
310 3525 443 3587 musati.
996 3529 1168 3612 protectrix
1190 3529 1339 3592 assiduat

231 3619 269 3682 Et
282 3620 429 3702 quamvis
443 3619 542 3682 Filius
556 3620 696 3703 Virginis
719 3623 759 3686 sit
778 3629 810 3686 et
829 3621 940 3685 mundi

191 3727 326 3798 creator,
346 3736 411 3782 non
437 3726 543 3781 umen
568 3719 610 3782 ob
632 3718 693 3783 boe
716 3721 786 3802 ipsa
810 3729 941 3784 vocatur

190 3817 302 3879 mundi
318 3815 453 3879 creatrix
470 3839 476 3878 :
494 3817 569 3898 quia
581 3818 696 3900 Jcreare
718 3837 756 3881 ex
774 3819 940 3881 divinitate
1168 3800 1413 3865 ARTICULUS
1441 3800 1567 3864 XXIV·

190 3914 343 3996 ⁰⁰¹¹¹ll3tit
363 3913 498 3992 Chslswr
521 3934 616 3997 ‘luam
638 3934 702 3979 ¹¹⁰⁰
724 3917 860 3998 suml)Sit
880 3934 939 3979 ¹¹⁶⁰
996 3949 1101 4015 Quam
1135 3949 1365 4008 conuenienter
1397 3950 1511 4009 Maria
1547 3947 1745 4023 dignissima

190 4013 286 4075 habet
298 4033 318 4075 a
332 4013 448 4089 blatre3
466 4014 621 4076 redimere
643 4023 749 4078 autem
764 4023 796 4077 ct
816 4015 939 4078 salvare
1034 4047 1246 4112 noncupetur
1274 4039 1394 4096 mundi
1425 4037 1656 4096 illuminante
1672 4057 1687 4104 ,·
1713 4045 1744 4096 et

190 4112 285 4174 modo
304 4118 465 4192 praetacto,
481 4130 519 4174 ex
534 4112 730 4175 humanitate
745 4133 802 4175 sut
816 4113 939 4177 Christo
1033 4129 1074 4186 de
1093 4127 1257 4203 beneficiis
1273 4127 1364 4185 nodis
1379 4145 1442 4202 per
1461 4127 1564 4202 ipsum
1582 4127 1720 4187 collatis.

190 4208 393 4272 adscribitur.
410 4209 635 4272 Verumtamen
657 4211 779 4273 salvare
795 4229 852 4294 per
872 4231 939 4276 mo·
955 4215 979 4276 D

189 4307 265 4370 dum
290 4325 395 4370 causae
419 4307 606 4388 principalis
630 4315 662 4370 et
685 4307 870 4388 allicientiS,
891 4319 939 4373 ut·
1062 4314 1202 4375 (rosum
1217 4312 1319 4370 radice
1341 4319 1492 4387 otpertus
1511 4311 1632 4380 David,
1648 4314 1885 4388 stellatum,

189 4414 267 4489 puta
278 4406 940 4488 peccatadimittendo,gratiaminfunden·
1073 4410 1245 4486 splendido
1256 4418 1286 4468 et
1298 4407 1564 4469 matutinalnter
1574 4407 1742 4490 privilegia
1756 4395 1789 4438 ¹⁶·

190 4505 231 4568 do
246 4523 283 4568 ae
298 4505 434 4567 satutem
455 4523 562 4568 veram
581 4507 771 4588 prestando,
787 4509 940 4590 competit
993 4507 1146 4590 virginee
1166 4505 1255 4568 Matri
1276 4523 1439 4586 concessa,
1455 4505 1637 4568 continetur
1656 4506 1741 4587 quod

190 4603 313 4668 Christo
329 4621 367 4666 ex
387 4602 563 4666 divinitatis
585 4613 708 4684 natura,
725 4605 808 4668 sicut
828 4615 860 4668 et
881 4608 937 4671 toti
993 4607 1063 4689 ipsa
1083 4613 1131 4669 est
1150 4603 1241 4666 stella
1264 4603 1373 4680 maris,
1390 4603 1421 4665 id
1445 4611 1495 4665 est
1517 4603 1686 4685 procellosi
1710 4612 1743 4667 et

191 4699 479 4783 superbeatissimae
513 4700 668 4782 Trinitati,
698 4711 730 4766 et
765 4704 937 4786 unicuique
992 4703 1126 4785 inquieti
1154 4701 1265 4765 mundi
1300 4700 1404 4780 istius,
1434 4700 1583 4764 videlicet
1611 4701 1741 4764 humani

28 4800 306 4872 1·.m,at.divinte
328 4798 483 4879 Personae,
503 4799 591 4880 juxta
614 4801 693 4866 illud
717 4802 806 4866 Isaiae
827 4827 834 4866 ι
856 4804 937 4868 Deus
992 4801 1118 4884 generis
1133 4801 1167 4863 in
1181 4800 1243 4865 hoc
1262 4802 1378 4864 seculo
1398 4800 1642 4882 peregrinantis,
1658 4801 1743 4882 peri·

188 4897 293 4978 justus
307 4905 340 4959 et
356 4896 483 4959 salvans
499 4915 562 4960 non
584 4907 633 4961 est
645 4907 759 4981 prater
780 4919 831 4964 me
845 4923 852 4980 3
868 4902 938 4982 jux·
992 4900 1133 4963 clitantis
1146 4918 1183 4961 ac
1195 4897 1641 4972 deviantis.Quemadmodum
1654 4897 1740 4960 enim

17 5019 175 5069 omnm.
189 5001 281 5074 taque
297 4992 378 5055 illud
392 4991 471 5054 Osee
488 4993 573 5074 :Ego
588 4995 740 5058 Dominam
754 4997 836 5059 Deus
852 5005 935 5074 tuus,
992 4998 1025 5060 in
1040 4997 1242 5060 firmamento
1257 4994 1348 5057 stella
1362 4995 1417 5056 illa
1430 5013 1501 5076 qnae
1515 4993 1631 5056 dicitur
1649 4992 1741 5056 stelle

187 5099 218 5154 et
238 5093 382 5154 salvator
404 5108 467 5153 non
488 5099 537 5154 est
557 5101 671 5174 prater
691 5113 755 5156 me.
992 5095 1155 5172 maris,est
1168 5092 1231 5156 situ
1246 5091 1393 5154 sublimis
1407 5101 1439 5154 et
1453 5092 1541 5154 velut
1552 5091 1737 5170 immobilis,

223 5190 372 5271 Insuper,
403 5187 619 5252 amantissima
646 5190 700 5254 Ilei
729 5191 824 5274 Virgo
852 5193 939 5256 Chri·
992 5201 1166 5273 nautasque
1193 5191 1336 5272 dirigens
1361 5198 1393 5253 et
1415 5189 1576 5252 attrahens
1605 5187 1737 5269 sermm,

184 5288 296 5352 stilera
310 5285 379 5350 diei
395 5293 498 5368 potest
512 5287 621 5350 mundi
643 5289 793 5352 salvatrix
808 5299 938 5374 propter
992 5299 1023 5354 et
1038 5291 1123 5354 circa
1142 5289 1244 5372 ipsam
1264 5289 1351 5352 orbis
1373 5297 1536 5366 versatur3
1553 5288 1598 5350 sic
1619 5288 1739 5370 optima
