4309 6250
496 501 615 548 deum
634 502 803 551 ruminio!
823 502 997 558 rianomt,
1018 503 1108 550 tram
1129 504 1160 551 ii.
1183 521 1224 534 ···
1243 505 1312 552 aar.
1337 504 1391 552 iliii

162 668 956 852 hifimbbfltiftlitzlffitf
1163 731 1408 797 teucrus
1435 731 1530 796 v111-

161 884 261 947 super
274 884 387 929 omnes
401 867 537 930 mobiles
551 867 662 945 eoelos,
677 878 788 950 estque
803 869 915 932 imme
972 879 1076 944 Quam
1103 880 1219 939 vitiosa
1239 889 1336 958 atquc
1359 881 1559 940 damnabitis
1582 882 1626 941 sit
1651 881 1720 940 vita

160 962 239 1040 hile,
256 972 290 1026 et
304 972 435 1029 vocatur
448 985 646 1048 empyreum,
659 966 691 1028 id
707 975 755 1030 est
769 967 912 1049 igneum,
996 967 1259 1028 Sarracenorum
1273 978 1303 1028 et
1317 971 1465 1030 omnium
1476 972 1693 1048 perfidorum.

159 1081 228 1124 non
250 1081 271 1124 a
293 1062 410 1140 calore,
427 1063 482 1126 sed
507 1064 688 1145 splendore.
706 1066 771 1128 Hoc
795 1065 914 1128 eoelum

159 1166 212 1221 est
225 1161 402 1242 quantitate
416 1162 659 1244 permaximum,
667 1172 699 1226 et
709 1164 793 1235 inter
806 1163 915 1227 omnia
1041 1159 1162 1224 iiNthi
1178 1161 1331 1227 virtutum
1347 1165 1591 1228 fundamentum
1612 1173 1660 1226 est
1681 1161 1721 1227 fi·

160 1277 298 1340 eorpora
311 1260 449 1323 maxime
468 1260 614 1342 simplex,
631 1281 747 1343 pumm
769 1281 806 1324 ac
828 1261 916 1324 nobi·
1055 1259 1123 1322 dee.
1141 1259 1211 1342 ipsa
1226 1261 1312 1324 enim
1328 1261 1442 1326 rationi
1461 1261 1600 1326 ostendit
1619 1261 1719 1324 finem

160 1357 204 1419 ie.
221 1357 257 1418 ln
271 1358 364 1438 cujus
379 1377 504 1422 summo
519 1360 636 1422 residet
649 1359 803 1439 Christus,
816 1369 849 1422 et
862 1359 914 1422 die
970 1357 1009 1419 ad
1024 1377 1119 1439 quem
1134 1359 1242 1421 omnia
1256 1378 1352 1441 opera
1367 1369 1441 1424 sunt
1452 1360 1719 1441 ordinanda‚qua·

159 1455 360 1518 ascensionis
375 1475 440 1518 suae
453 1456 596 1518 aseendit
609 1457 643 1518 in
659 1456 738 1520 iilud
752 1481 759 1518 :
773 1465 916 1540 propter·
971 1463 1063 1518 tenus
1084 1473 1178 1520 omne
1200 1476 1280 1539 opus
1298 1459 1382 1540 quod
1403 1458 1539 1540 agimus,
1556 1466 1641 1522 recta
1660 1458 1718 1520 liat

160 1571 202 1614 ea
216 1552 311 1615 eiecti
326 1561 359 1615 et
372 1553 479 1615 Sancti
494 1553 565 1634 ejus
579 1563 675 1617 erunt
689 1555 734 1616 ibi
750 1575 859 1618 secum
881 1555 915 1618 in
971 1553 1146 1617 intentione
1171 1575 1208 1618 ao
1233 1556 1340 1620 debito
1361 1557 1438 1620 line.
1463 1557 1552 1620 Fides
1573 1575 1648 1639 ergo
1669 1566 1718 1620 est

161 1651 408 1734 sempiternum.
424 1652 511 1716 Unde
534 1653 567 1714 in
587 1653 709 1716 loanne
729 1655 769 1716 ad
790 1654 913 1717 Patrem
970 1651 1078 1714 iumen
1100 1660 1132 1714 et
1153 1653 1264 1716 oculus
1286 1654 1441 1718 rationis:
1459 1657 1542 1718 unde
1563 1655 1618 1736 qui
1639 1654 1716 1718 fidei

36 1780 148 1815 amm..
162 1751 209 1813 ait
227 1774 233 1811 :
251 1749 352 1828 Pater,
367 1769 449 1831 quos
466 1751 581 1814 dedisti
602 1751 694 1830 mihi,
712 1753 785 1816 voio
804 1761 839 1815 ut
859 1752 914 1816 ubi
970 1759 1057 1813 carot
1093 1750 1221 1830 virtute,
1252 1753 1330 1815 nihii
1363 1753 1562 1817 meritorium
1591 1754 1716 1836 [leoque

25 1834 53 1870 ⁴·
160 1868 236 1910 sum
260 1867 332 1931 ego,
357 1857 390 1912 et
412 1849 460 1913 iili
483 1850 548 1912 sint
571 1869 711 1927 mecum,
727 1859 762 1913 ut
785 1851 914 1913 videant
932 1853 955 1914 B
971 1849 1123 1930 placitum
1151 1859 1309 1932 operatur.
1339 1850 1412 1915 ideo
1439 1853 1534 1916 isaias
1563 1853 1717 1936 prophete

161 1947 342 2009 claritatem
358 1966 474 2025 meam,
489 1967 586 2029 quam
600 1947 716 2010 dedisti
731 1949 823 2029 mihi,
839 1949 914 2030 quia
969 1945 1088 2009 effatur
1117 1971 1124 2010 :
1154 1947 1211 2023 Qui
1240 1947 1422 2014 incredulus
1454 1959 1513 2028 est,
1543 1950 1716 2014 infideliter
1730 1975 1762 2018 n.
1776 1989 1820 2026 xxi,
1834 1979 1855 2020 a.

160 2044 303 2108 dilexisti
331 2065 384 2108 me
408 2053 482 2108 ante
506 2047 764 2110 constitutionem
790 2047 912 2110 mundi.
969 2044 1045 2126 agit.
1061 2046 1208 2110 iiabacue
1222 2065 1349 2130 quoque
1364 2050 1519 2132 propheta
1535 2073 1542 2111 :
1560 2049 1639 2113 Ecce
1654 2051 1716 2131 (in-
1730 2075 1862 2126 amnt.

161 2143 204 2205 Et
218 2163 329 2206 rursus
342 2142 421 2206 dixit
434 2143 602 2226 discipulis
616 2144 683 2207 suis
699 2169 706 2207 :
724 2145 811 2208 Vade
825 2165 916 2228 pora·
968 2143 1051 2222 quit)
1075 2143 1129 2224 qui
1156 2145 1339 2209 increduius
1361 2155 1420 2224 est,
1437 2166 1501 2210 non
1525 2148 1587 2210 erit
1608 2149 1715 2212 anima

25 2227 32 2254 '
64 2257 69 2266 ·
163 2263 199 2305 re
224 2242 317 2306 vobis
341 2242 460 2320 locum,
477 2251 512 2304 ut
535 2243 588 2306 ubi
613 2262 684 2306 sum
708 2263 779 2326 ego,
800 2253 834 2307 et
856 2263 914 2307 vos
969 2241 1041 2321 ejus
1061 2251 1147 2305 reeta
1168 2243 1200 2304 in
1222 2245 1413 2327 semetipso;
1428 2245 1533 2326 justus
1553 2257 1658 2310 autem
1682 2248 1714 2310 in

160 2340 245 2403 sitis.
970 2359 1026 2402 sua
1041 2339 1107 2403 fide
1123 2341 1218 2404 vivet.
1237 2342 1316 2405 iiiuc
1332 2342 1446 2407 Paulus
1465 2345 1510 2408 ait
1527 2347 1689 2428 apostolus
1707 2370 1713 2408 :

201 2438 609 2518 pisinuntensium
628 2440 660 2502 in
683 2438 831 2522 paradiso
852 2449 914 2503 ten
968 2436 1068 2500 Omne
1084 2439 1168 2520 quod
1183 2458 1248 2502 non
1261 2449 1310 2503 est
1323 2460 1360 2504 ex
1376 2441 1452 2520 fide,
1469 2452 1634 2524 peceatum
1655 2453 1713 2507 est.
1738 2467 1801 2512 rom.
1816 2481 1858 2518 nv.

158 2537 255 2599 nestri
294 2535 435 2615 fuerunt,
471 2539 599 2618 quando
636 2539 739 2602 adhue
775 2539 913 2602 viatores
968 2533 1099 2618 Exque
1124 2537 1213 2618 sequi
1238 2538 1372 2618 videtur,
1399 2540 1483 2620 quod
1507 2540 1654 2606 infideles
1682 2543 1715 2605 in
1730 2532 1764 2572 ²³·

156 2644 263 2714 erant,
279 2635 421 2698 nondum
437 2637 531 2698 beati.
547 2635 621 2699 ideo
635 2637 801 2719 paradisus
817 2647 914 2701 terre·
968 2633 1055 2696 omni
1071 2643 1143 2697 actu
1159 2654 1216 2698 suo
1231 2636 1330 2700 Deum
1346 2637 1523 2702 offendant.
1531 2640 1590 2702 Sed
1606 2641 1717 2704 adver·

157 2734 237 2796 stris
258 2752 324 2796 non
345 2742 394 2796 est
413 2733 631 2797 habitaculum
652 2735 830 2800 beatorum.
969 2733 1111 2811 tendum,
1127 2735 1211 2814 quod
1238 2733 1438 2799 infidelitatis
1462 2747 1640 2820 peecatum,
1662 2739 1717 2802 bo

198 2833 365 2896 Postremo
380 2839 413 2894 et
432 2831 464 2894 id
483 2832 574 2895 vobis
597 2833 822 2914 innotescat,o
843 2833 914 2898 Sar·
968 2849 1045 2892 num
1060 2840 1180 2896 naturas
1195 2852 1258 2896 non
1275 2843 1377 2917 potest
1391 2853 1519 2918 prorsus
1534 2856 1717 2920 eorrumpe-

158 2930 283 3007 raceni,
298 2931 384 3012 quod
409 2947 543 3012 corpora
564 2932 751 2996 Sanetomm
773 2941 845 3016 post
866 2953 914 2996 re·
968 2948 1012 2992 re.
1029 2929 1150 2994 idcireo
1169 2931 1318 2995 infideles
1337 2933 1442 2996 faeere
1464 2945 1598 3017 possunt
1619 2955 1715 3020 opera

159 3029 393 3092 surrectionem
426 3030 566 3093 futuram
598 3049 800 3114 nequaquam
835 3032 914 3094 seri·
928 3027 954 3092 C
967 3028 1074 3109 alique
1090 3029 1171 3092 hona
1186 3048 1223 3092 ex
1238 3033 1412 3112 genere,ad
1427 3051 1497 3114 quae
1513 3054 1546 3096 se
1561 3035 1715 3098 naturalis

159 3148 274 3191 earum
311 3129 449 3191 vestium
483 3148 715 3211 aureorumque
751 3130 912 3213 torquium
968 3127 1108 3190 extendit
1123 3129 1273 3210 potentia,
1290 3138 1321 3191 et
1335 3150 1406 3211 quae
1420 3140 1495 3194 sunt
1508 3134 1548 3195 de
1563 3134 1716 3197 naturalis

159 3228 354 3309 indigebunt
366 3236 492 3304 ornatu,
504 3228 579 3309 quia
592 3230 782 3308 (secundum
797 3228 914 3293 doetri-
968 3225 1139 3289 dictamine
1155 3227 1297 3304 rationis,
1315 3228 1474 3309 videlicet,
1492 3232 1647 3295 honorare
1662 3252 1715 3315 pa-

62 3357 88 3386 or
108 3358 144 3395 n,
160 3346 239 3388 nam
253 3325 341 3387 Pauli
356 3325 506 3407 apostoli)
523 3334 660 3407 quatuor
677 3326 805 3390 dotibus
824 3327 856 3390 in
879 3347 913 3390 se
969 3332 1085 3404 rentes,
1102 3324 1199 3388 ileum
1215 3326 1349 3389 naturali
1366 3346 1472 3391 amore
1492 3328 1635 3411 diligere,
1652 3332 1716 3395 eie-

161 3424 243 3507 ipsis
277 3424 493 3505 pulcherrime
524 3424 733 3505 ornabuntur,
764 3426 913 3489 videlicet
968 3440 1136 3505 emosynas
1164 3425 1251 3487 dere.
1278 3425 1365 3488 Talia
1393 3445 1469 3508 ergo
1498 3430 1620 3509 agendo
1651 3449 1714 3493 non

160 3521 324 3586 ineffabili
352 3522 508 3602 claritate,
535 3531 687 3605 perpetua
711 3524 915 3606 impassibili·
968 3528 1113 3602 peccant,
1131 3522 1303 3585 dummodo
1325 3542 1363 3585 ee
1386 3526 1425 3586 ad
1446 3523 1547 3587 finem
1573 3526 1714 3608 perfidiae

162 3630 238 3699 tate,
255 3620 458 3683 velocissima
471 3621 625 3702 agilitate,
641 3630 674 3685 et
687 3622 768 3685 mira
790 3622 914 3686 subtili·
968 3638 1033 3681 susa
1051 3638 1116 3681 non
1135 3620 1304 3683 ordinent:
1322 3624 1406 3703 quod
1432 3624 1458 3685 si
1481 3624 1626 3705 fecerint,
1643 3644 1715 3707 pec-

160 3730 238 3783 tate.
265 3719 366 3782 Erunt
390 3719 500 3801 utique
527 3720 663 3783 clariora
691 3718 913 3803 volocioraque
968 3724 1052 3779 eant.
1073 3718 1191 3800 itaque,
1214 3719 1240 3781 si
1265 3720 1457 3783 Sarracenos
1482 3723 1713 3804 peregrinetur,

160 3820 231 3882 sole
246 3827 279 3881 et
291 3818 418 3881 eunctis
436 3818 606 3897 sideribus,
622 3819 698 3900 quia
718 3829 750 3881 et
769 3820 913 3883 Christus
967 3816 1186 3898 eleemosynas
1209 3818 1371 3899 largiatur,
1393 3828 1472 3898 oret,
1489 3828 1636 3902 parentes
1661 3823 1716 3885 ho-

94 3950 145 3987 u..
162 3917 233 3999 ipse
249 3925 405 3979 testatur:
423 3915 692 3997 Fuigebuntjusti
708 3918 792 3980 siout
809 3918 857 3981 soi
878 3917 911 3979 in
969 3921 1070 3993 noret,
1097 3934 1152 3977 seu
1176 3914 1338 3996 quidpiam
1365 3916 1426 3979 tale
1448 3919 1615 4001 peregerit,
1640 3939 1716 4002 qua-

49 4030 55 4037 ·
161 4034 264 4096 regno
285 4015 385 4077 Patris
405 4034 528 4077 eorum.
551 4014 623 4077 ilaec
644 4014 784 4079 breviter
804 4024 910 4097 tango,
969 4018 1061 4073 tenus
1096 4012 1135 4073 ad
1172 4012 1259 4074 iliam
1295 4022 1454 4076 mereatur
1489 4016 1715 4080 beatitudinem

159 4134 265 4195 quum
280 4123 384 4175 tamen
400 4114 439 4175 de
455 4113 515 4174 ista
530 4112 663 4175 materia
678 4114 768 4195 plura
789 4116 913 4196 possint
968 4109 1134 4191 pervenire
1162 4128 1232 4191 qum
1264 4108 1296 4171 in
1325 4112 1480 4176 Aieorano
1508 4115 1714 4197 promittitur,

159 4213 261 4275 scribi
286 4210 501 4293 pulcherrima
524 4220 618 4293 atque
642 4214 830 4291 verissima;
857 4213 912 4276 sed
928 4214 952 4275 D
968 4205 1107 4289 graviter
1122 4216 1232 4289 peccat
1250 4230 1256 4269 :
1273 4226 1337 4270 non
1353 4210 1437 4290 quod
1451 4229 1532 4292 opus
1551 4212 1717 4294 hujusmo-

159 4310 311 4374 brevitati
334 4310 526 4373 studendum
547 4317 606 4372 est.
819 4330 836 4353 ·
968 4306 1000 4368 di
1016 4305 1056 4366 sit
1070 4306 1189 4367 maium
1213 4306 1245 4368 in
1268 4326 1313 4383 se,
1331 4327 1386 4369 seu
1407 4318 1561 4389 quantum
1581 4312 1620 4373 ad
1642 4312 1716 4376 suh-

201 4408 394 4490 immerge,
411 4407 623 4486 oSarraceni,
640 4406 822 4490 comparate
840 4408 914 4473 bea·
969 4404 1117 4466 stantiam
1138 4404 1224 4485 facti,
1246 4406 1300 4468 sed
1326 4408 1476 4487 quoniam
1501 4408 1583 4471 mala
1607 4410 1647 4473 iit
1669 4411 1717 4473 in-

159 4507 333 4569 titudinem
368 4505 457 4567 iiiam
491 4506 734 4588 spurcissimam
769 4507 860 4570 vobis
893 4528 912 4571 a
968 4501 1110 4565 tentione
1135 4511 1229 4583 atque
1257 4503 1399 4568 indebito
1423 4524 1460 4569 ae
1487 4506 1611 4589 perfido
1635 4507 1713 4573 fine.

158 4604 309 4689 principe
323 4603 519 4667 carnalitatis
534 4612 629 4684 atque
644 4604 786 4667 libidinis
807 4626 915 4689 repro-
968 4601 1103 4663 intentio
1118 4610 1223 4664 autem
1239 4602 1393 4684 imprimit
1408 4605 1548 4686 speciem
1570 4608 1658 4688 operi
1673 4633 1680 4687 ;
1697 4629 1716 4672 a

158 4705 308 4784 missam,
333 4704 374 4765 ad
403 4702 633 4765 beatimdinem
661 4702 754 4765 istam
782 4705 915 4786 purissi-
970 4701 1036 4762 fine
1057 4718 1182 4781 quoque
1205 4702 1420 4765 denominatio
1442 4705 1588 4768 sumitur.

159 4820 262 4881 mam,
277 4799 467 4863 deiformem
481 4808 514 4862 et
527 4800 801 4887 supernaturalem
822 4804 914 4866 nobis
1008 4798 1088 4861 ilinc
1119 4798 1289 4861 innotescit
1312 4819 1407 4881 quam
1434 4802 1547 4866 vitiosa
1570 4824 1607 4867 ae
1628 4805 1716 4868 dam·

160 4920 179 4962 a
201 4897 327 4962 Christo
346 4898 509 4980 unigenito
534 4898 612 4961 Filio
635 4898 691 4961 Dei
715 4900 912 4982 pollicitam;
970 4897 1084 4960 nabilis
1104 4898 1145 4959 sit
1165 4896 1345 4961 infidelium
1363 4900 1436 4963 vita.
1454 4901 1617 4982 Siquidem
1639 4924 1716 4967 eun·

160 4992 603 5075 etvidetequantasitinter
622 4994 725 5076 legem
745 4995 861 5058 Christi
882 5006 914 5060 et
969 5006 1020 5059 eta
1048 4997 1097 5059 vei
1129 5016 1209 5077 pene
1237 5006 1353 5060 cuncte
1377 5018 1446 5081 quae
1478 5020 1511 5063 se
1537 5001 1618 5064 bene
1644 5022 1716 5084 age-

161 5093 277 5157 iiahon
306 5092 467 5170 distantia,
492 5102 587 5174 atque
610 5093 697 5155 omni
722 5094 860 5158 vanitate
882 5105 915 5159 et
969 5114 1003 5157 re
1023 5094 1228 5173 arbitrantur,
1250 5098 1288 5158 ad
1316 5116 1379 5159 suae
1406 5098 1549 5178 perfidie
1574 5099 1717 5163 referunt

159 5191 303 5255 falsitate
318 5190 451 5268 relictis,
466 5190 507 5253 ad
521 5190 713 5272 evangeliea
731 5193 810 5274 legis
829 5194 914 5276 puri·
970 5194 1071 5257 finem
1098 5218 1104 5255 :
1131 5192 1284 5273 referunt,
1310 5194 1450 5278 inquam,
1480 5206 1553 5259 actu
1583 5198 1632 5260 vei
1662 5199 1715 5262 ha·

160 5299 263 5355 tatem
284 5308 322 5353 ae
343 5289 509 5353 veritatem
531 5288 704 5373 confugite.
970 5292 1051 5355 bitu.
