4309 6250
441 486 501 553 ua
782 509 902 558 comm
922 504 1091 559 ιιιιιιιιιιι
1110 508 1281 569 uanam,
1304 510 1393 557 amm
1412 511 1454 557 ιι.
1478 527 1517 541 -
1536 510 1608 559 ιιι.
1631 512 1654 559 ιι

440 677 535 743 navit.
552 680 618 755 Quo
633 682 729 763 lacto,
745 684 845 766 aperti
865 692 940 747 sunt
959 683 1042 761 coeli,
1060 684 1191 747 descen·
1205 682 1231 745 Α
1245 683 1332 747 omni
1357 683 1526 748 devotione
1549 692 1582 747 et
1607 684 1854 770 compunctione
1877 684 1988 767 plenis-

441 777 550 860 ditque
574 779 711 861 Spiritus
734 782 869 845 Sanctus
897 782 1053 865 corporali
1083 782 1191 864 specie
1244 782 1334 861 sima,
1356 782 1396 845 de
1424 782 1537 847 Christi
1560 784 1707 867 passione
1731 785 1920 849 vaticinatus
1943 792 1989 846 est

440 876 525 939 sicut
538 878 687 941 columba
702 879 734 941 in
750 880 878 963 ipsum3
894 889 927 943 et
947 900 1008 944 vox
1029 880 1130 944 Patris
1151 881 1190 944 de
1245 880 1466 944 sanctissimus
1489 882 1585 946 isaias
1602 907 1610 945 ε
1626 884 1667 947 de
1692 904 1755 966 qua
1778 882 1889 958 David,
1909 882 1988 945 lere-

441 975 522 1038 coelo
536 976 684 1058 intonuit,
701 978 812 1042 dicens
830 1004 836 1041 :
853 979 911 1043 llic
925 988 973 1043 est
987 980 1086 1043 Filius
1101 1000 1190 1043 meus
1244 979 1337 1057 mias,
1353 980 1461 1041 Daniel
1477 980 1595 1063 aliique
1609 982 1773 1064 Propheta
1788 981 1882 1064 plura
1896 980 1986 1044 locuti

440 1074 587 1152 dilectus,
618 1075 650 1137 in
679 1094 742 1157 quo
771 1077 851 1139 mibi
881 1078 1070 1159 complacui.
1102 1079 1190 1141 Tunc
1245 1086 1330 1156 sunt,
1346 1085 1503 1159 utsupra,
1520 1079 1770 1159 librosecundo,
1786 1089 1836 1143 est
1854 1079 2091 1142 intr-odanam

441 1173 592 1236 Dominus
607 1174 697 1237 lesus
712 1175 866 1257 Christus,
883 1185 917 1239 nt
933 1178 1030 1240 vitam
1051 1178 1191 1241 eremiti·
1244 1185 1342 1238 etum.
1368 1210 1408 1221 —
1435 1175 1658 1256 Conformiter,
1684 1177 1777 1240 valde
1805 1178 1905 1240 altum
1930 1185 1986 1248 est,

443 1290 513 1334 cam
532 1292 569 1334 ac
588 1272 760 1336 solitariam
780 1275 909 1337 doceret
933 1284 965 1338 et
987 1277 1188 1387 approbaret,
1244 1274 1328 1356 quod
1343 1274 1505 1355 Pmpbetae
1527 1276 1819 1356 praenuntiaremnt
1840 1275 1988 1337 mundum

304 1385 421 1432 aurata
423 1369 571 1440 ,intravit
594 1372 764 1454 desertum,
781 1381 813 1436 et
835 1373 929 1436 luit
922 1395 954 1437 ιιι
979 1394 1016 1439 eo
1038 1374 1190 1456 jejunans
1243 1371 1452 1454 judicandum
1467 1374 1723 1437 esseaChristo
1717 1373 1989 1455 ‚abjectumvero

296 1448 427 1563 ,Ἥζο
443 1471 652 1552 quadraginta
671 1471 785 1535 diebus
804 1493 840 1535 ac
860 1475 1068 1556 quadraginta
1091 1476 1191 1537 nocti-
1244 1479 1277 1533 et
1290 1469 1423 1549 humile,
1439 1472 1548 1551 quod
1540 1490 1608 1553 lpse
1629 1472 1772 1535 Christus
1794 1471 1835 1535 ab
1857 1471 1990 1535 homini-

443 1568 513 1647 bus,
534 1570 661 1651 penitus
685 1570 730 1633 nil
757 1572 972 1635 manducans·
965 1574 1190 1655 ,tentavitque
1244 1569 1304 1632 bus
1324 1568 1531 1650 judicaretur.

443 1686 516 1730 eum
540 1668 695 1747 diaboluS,
722 1670 778 1733 scd
804 1671 906 1735 victus
931 1671 1096 1735 abscessit.
1116 1672 1191 1736 Erat
1283 1669 1434 1733 Praeterea
1454 1669 1562 1732 istud'
1553 1689 1588 1731 ιιι
1605 1669 1770 1752 scripturis
1792 1669 1871 1732 novi
1891 1670 1990 1731 'lesta-

442 1776 548 1829 autem
568 1766 708 1830 Christus
727 1766 772 1830 ibi
797 1788 869 1832 cum
894 1769 1006 1833 bestiis
1031 1770 1141 1851 eremi,
1159 1780 1191 1834 et
1244 1769 1355 1846 menti,
1386 1768 1561 1849 prasertim
1590 1768 1623 1830 in
1652 1768 1839 1850 Evangelio,
1870 1768 1990 1849 plenius

442 1865 546 1947 angeli
562 1864 784 1929 ministrabant
797 1868 837 1929 ei.
854 1867 973 1942 Quibus
989 1869 1136 1951 peractis,
1150 1870 1188 1932 ad
1207 1866 1231 1929 B
1244 1867 1472 1930 consideratur.
1483 1866 1682 1929 Altissimum
1698 1867 1819 1929 etenim
1834 1866 1896 1929 tuit
1908 1868 1990 1949 quod

441 1962 589 2027 homines
605 1964 707 2044 rediit,
720 1971 752 2027 at
766 1964 893 2049 publice
909 1967 1081 2048 praedicare
1095 1976 1190 2049 atque
1244 1964 1368 2028 Gabriel
1384 1966 1517 2046 angelus
1530 1966 1607 2028 dixit
1629 1967 1668 2029 de
1690 1966 1815 2029 Christo
1831 1990 1839 2028 ε
1856 1966 1912 2029 llic
1932 1966 1991 2029 erit
2010 1991 2111 2039 rata

442 2061 597 2124 miracula
617 2062 741 2145 operari
763 2081 892 2127 exorsus
914 2073 972 2128 est.
1244 2083 1389 2145 magnus,
1413 2073 1445 2127 et
1467 2064 1565 2127 Filius
1590 2063 1744 2127 hltissimi
1769 2065 1945 2143 vocabitur,
1961 2074 1992 2126 et

1245 2161 1390 2243 regnabit
1411 2163 1444 2224 in
1470 2163 1565 2226 domo
1587 2162 1683 2226 Jacob
1702 2162 1735 2224 in
1756 2171 1926 2240 aeternum,
1949 2170 1990 2241 et,

1244 2260 1314 2341 lpse
1329 2246 1564 2323 salvum'iaciet
1578 2260 1732 2342 populum
1747 2280 1840 2323 suum
1854 2281 1874 2323 a
1887 2280 1992 2342 pecca-
2013 2290 2105 2333 m,

659 2353 904 2419 ARTICULUS
930 2355 973 2417 ll.
1245 2359 1286 2421 tis
1301 2378 1422 2421 eorum.
1438 2359 1517 2422 ltem
1532 2359 1813 2441 praeclarissimum
1828 2360 1889 2422 luit
1908 2361 1992 2440 qnod
2004 2354 2033 2395 ²¹·

1244 2465 1309 2519 tam
1324 2457 1447 2521 Christo
1461 2457 1631 2539 baptizato,
1648 2476 1746 2538 quam
1760 2476 1799 2521 eo
1814 2477 1922 2521 coram
1941 2459 1992 2520 tri·

1244 2555 1304 2618 hus
1318 2555 1490 2637 Apostolis,
1505 2555 1609 2637 lloyse
1630 2564 1662 2618 et
1681 2556 1750 2618 lilla
1770 2557 1991 2639 presentibus,

443 2504 536 2570 Quod
550 2502 633 2562 sicut
654 2503 690 2561 in
705 2502 833 2562 Christo
848 2511 894 2562 cst
913 2505 1037 2578 duplam
1054 2512 1190 2569 natura,

483 2592 632 2651 cr'delicet
649 2592 812 2651 divz‘taae
832 2592 989 2661 humanu,
1006 2594 1053 2651 ita
1075 2594 1109 2651 ira
1128 2600 1191 2651 toto

482 2681 661 2756 Eneapelio
675 2689 722 2739 est
736 2683 885 2759 quadam
903 2682 990 2741 miro
1009 2690 1106 2759 atque
1116 2684 1192 2757 ραι.
1244 2653 1482 2735 transfigurato,
1498 2654 1581 2717 Deus
1595 2654 1686 2717 Pater
1701 2662 1833 2717 testatus
1847 2664 1921 2717 est:
1937 2654 1992 2718 llic
2017 2680 2102 2782 pn*

481 2770 646 2829 cherrima
660 2778 904 2844 contemperant
907 2790 939 2829 ,α
892 2771 1145 2831 JJJJJJJmJJJm
1160 2779 1223 2829 02
1245 2760 1293 2815 est
1317 2752 1416 2814 Filius
1440 2771 1530 2815 meus
1555 2752 1750 2832 carissimus,
1767 2753 1801 2815 in
1825 2772 1888 2835 quo
1913 2747 2055 2815 mihi¹³³¹

482 2860 660 2918 humilium
683 2860 727 2917 aci
749 2861 897 2917 eumdem
918 2877 979 2933 per
981 2861 1191 2919 timentium·
1245 2852 1325 2929 bone
1340 2850 1548 2933 complacui,
1540 2869 1646 2932 ipsum
1660 2851 1778 2915 audite.
1787 2852 1838 2914 Sic
1853 2871 1990 2933 quoque,

482 2949 569 3027 quod
586 2948 734 3007 haretici
751 2956 783 3006 et
801 2949 900 3007 etiam
918 2949 1040 3009 Malaca
1060 2968 1123 3007 non
1142 2958 1191 3007 at·
1245 2949 1328 3030 qnod
1343 2967 1381 3011 eo
1402 2949 1476 3012 nato
1497 2949 1643 3031 angelica
1661 2949 1789 3031 agmina
1808 2950 1909 3013 Deum
1929 2951 1993 3012 lau·
2010 2968 2109 3014 ιιιιιι,
2129 3019 2130 3024 ,

483 3040 660 3106 tendentes,
675 3037 868 3111 multiplici!
870 3056 906 3097 er
920 3046 1127 3097 erraverunt.
1205 3042 1227 3106 C
1245 3048 1352 3109 dantia
1366 3055 1602 3130 apparuerunt3
1619 3049 1704 3130 quod
1719 3048 1825 3130 angeli
1848 3048 1878 3111 ej
1902 3048 1993 3111 mini.
2006 3036 2109 3138 mm,

1116 3215 1120 3221 ,
1246 3155 1445 3226 straverunt3
1462 3148 1546 3228 quod
1566 3155 1631 3209 tam
1651 3146 1898 3210 innumerabilia
1919 3147 2034 3210 lecito.
2129 3228 2130 3237 ἵ

508 3243 561 3305 ΑΜ
575 3243 608 3304 in
625 3243 723 3305 veteri
739 3261 831 3324 quam
848 3243 881 3305 in
898 3261 980 3306 novo
991 3245 1192 3306 Testamenta
1245 3246 1410 3325 miracula,
1426 3254 1458 3308 et
1481 3246 1560 3308 mari
1583 3245 1752 3327 imperavit
1770 3266 1807 3309 ac
1830 3247 1947 3324 ventis,
1962 3255 1993 3309 et
2015 3263 2063 3308 ma
2076 3275 2109 3305 «a,
2129 3254 2131 3301 ss

522 3341 665 3422 quadam
694 3341 857 3422 altissima,
885 3350 916 3404 et
943 3342 1018 3404 item
1047 3343 1190 3424 quaedam
1246 3363 1341 3425 super
1355 3363 1452 3425 aquas
1469 3343 1564 3406 maris
1577 3343 1718 3421 incessit,
1728 3345 1900 3425 omniaque
1915 3344 1994 3406 lutu-
2005 3331 2065 3434 ‘ju
2077 3401 2108 3429 m,

444 3441 570 3521 abjecta
591 3449 684 3522 atque
702 3440 881 3502 humillima
906 3441 944 3502 de
968 3440 1090 3503 Christo
1115 3441 1193 3502 scri·
1246 3463 1281 3504 ra
1295 3451 1326 3504 et
1341 3442 1484 3505 cordium
1500 3461 1616 3504 arcana
1631 3442 1801 3523 cognovit3
1822 3442 1909 3522 quod
1931 3460 1992 3505 non
2005 3457 2034 3496 ιι.
2129 3434 2130 3485 3

445 3541 574 3605 buntur.
599 3539 718 3621 Nempe
746 3539 936 3602 altissimum
966 3548 1013 3602 est
1040 3540 1124 3621 quod
1152 3541 1193 3602 de
1247 3541 1349 3603 solum
1364 3540 1495 3618 orando,
1511 3540 1566 3602 sed
1582 3540 1679 3603 etiam
1694 3540 1882 3621 imperando
1901 3541 1995 3602 mira·

296 3659 328 3702 n.
341 3671 369 3710 a,
380 3663 429 3710 ar.
444 3638 568 3728 Christo
581 3638 676 3700 lsaias
698 3639 852 3720 propheta
873 3637 1018 3718 pradlxit
1036 3662 1042 3699 :
1060 3638 1193 3701 Vocabi-
1247 3638 1319 3702 cula
1333 3638 1420 3718 lecit,
1436 3648 1578 3701 mortuos
1592 3639 1769 3714 suscitavit,
1786 3639 1853 3701 suis
1868 3656 1993 3720 quoqne

444 3748 496 3801 tur
510 3756 627 3800 nomen
646 3737 728 3817 ejus,
744 3735 958 3814 Admirabilis,
976 3736 1191 3814 Consiliarius,
1247 3737 1414 3818 discipulis
1430 3745 1619 3819 potestatem
1634 3736 1721 3798 dedit
1740 3736 1881 3799 faciendi
1903 3737 1995 3798 mira·

444 3837 537 3913 Deus,
554 3835 665 3913 Fortis,
684 3833 773 3896 Pater
788 3833 886 3896 futuri
902 3834 1008 3896 saculi
1014 3834 1193 3916 ‚Princeps
1247 3836 1332 3914 cula,
1348 3834 1444 3898 etiam
1470 3835 1570 3898 multo
1588 3834 1681 3917 plura
1700 3855 1737 3898 ac
1757 3835 1881 3945 majora
1900 3854 1993 3916 qnam
2017 3853 2084 3897 aa

445 3935 554 4046 pacisJ
572 3931 837 4014 multiplicabitur
861 3933 931 4014 ejus
957 3933 1138 4014 imperium,
1162 3941 1195 3996 et
1249 3936 1385 4016 ipsemet
1397 3933 1493 3995 iecit
1486 3933 1594 4014 ,quod
1611 3942 1683 4014 post
1700 3933 1883 4015 passionem
1906 3932 2036 3996 suamm

444 4035 533 4117 pacis
548 4032 689 4096 nouerit
707 4031 795 4094 sinis.
812 4032 889 4094 ltem
909 4033 993 4112 quod
1009 4033 1048 4095 de
1063 4051 1101 4094 eo
1115 4032 1195 4094 dixit
1250 4031 1421 4095 resurrexit
1449 4031 1540 4094 tertia
1567 4031 1629 4109 die,
1656 4039 1783 4112 tamque
1811 4029 1996 4112 frequenter

331 4155 350 4196 a
370 4155 429 4204 ιι,
444 4131 588 4195 Michaeas
608 4130 762 4211 propheta
779 4152 785 4189 :
802 4128 954 4209 Egressus
976 4129 1046 4210 ejus
1067 4150 1086 4192 a
1109 4130 1195 4210 prin·
1249 4131 1395 4213 apparuit
1409 4129 1476 4192 suis
1490 4129 1612 4210 electis,
1629 4138 1662 4192 et
1681 4148 1788 4192 coram
1809 4130 1857 4192 eis
1879 4131 1913 4192 in
1935 4149 1996 4193 coe·

445 4230 542 4312 cipio,
559 4249 577 4292 a
597 4229 710 4291 diebus
732 4227 936 4306 atemitatis3
953 4236 985 4290 et
1008 4228 1195 4309 magnilica-
1209 4229 1233 4291 D
1250 4231 1315 4293 lum
1332 4229 1484 4308 ascendit,
1500 4237 1594 4312 atque
1610 4228 1731 4292 eisdem
1746 4229 1899 4311 Spiritum
1921 4231 1995 4293 San-

448 4329 533 4392 bltur
554 4329 586 4390 in
608 4327 713 4390 medio
740 4326 894 4388 universa
920 4336 1020 4389 terra.
1036 4327 1195 4408 llultaque
1250 4339 1335 4392 ctum
1360 4328 1458 4407 misit,
1474 4327 1619 4390 omnium
1644 4328 1826 4410 linguarum
1849 4347 1888 4390 ac
1915 4327 1997 4391 Scri·

446 4427 521 4491 talia
545 4428 585 4489 de
610 4424 733 4488 Christo
757 4424 853 4487 locuti
880 4434 954 4487 sunt
978 4425 1088 4503 David,
1112 4425 1195 4488 lere·
1250 4435 1412 4508 pturarum
1428 4427 1474 4489 eis
1490 4433 1621 4508 repente
1643 4425 1816 4488 infundens
1838 4426 1993 4500 notitiam,

447 4527 538 4604 mias,
554 4524 676 4601 Daniel,
694 4531 724 4586 et
740 4523 794 4585 alii
811 4523 904 4586 Vates
923 4524 1024 4586 sancti
1042 4548 1049 4585 ε
1068 4544 1106 4586 ex
1126 4525 1196 4606 qui·
1250 4536 1281 4590 et
1304 4545 1362 4607 per
1386 4544 1496 4588 eorum
1524 4524 1779 4606 praedicationes,
1806 4524 1941 4589 virtutes
1967 4534 1998 4587 et

349 4647 430 4687 ιιι.
446 4626 506 4688 bus
525 4625 558 4686 in
583 4622 685 4704 primo
714 4622 822 4685 libello
851 4622 983 4703 probata
1007 4631 1055 4685 est
1079 4622 1194 4685 Christi
1250 4625 1343 4705 signa
1369 4623 1579 4687 idololatriam
1608 4623 1748 4705 undique
1776 4623 1993 4705 exstirpavit:

446 4723 609 4788 divinitas.
636 4721 730 4784 Porro
759 4720 920 4801 abjectum
947 4729 977 4784 ct
1002 4721 1124 4783 humile
1147 4730 1196 4783 est
1249 4723 1316 4785 haec
1341 4729 1373 4784 et
1397 4722 1496 4784 multa
1521 4721 1639 4784 similia
1666 4740 1736 4802 qua
1765 4721 1798 4783 in
1824 4721 1996 4804 Scripturis

302 4842 429 4892 ranas-s.
446 4824 531 4906 qnod
542 4823 648 4886 denuo
662 4820 707 4882 ait
721 4818 815 4882 lsaias
831 4820 870 4881 de
885 4818 1007 4883 Christo
1024 4843 1032 4883 :
1049 4820 1195 4882 Vidimus
1249 4819 1367 4882 sanctis
1395 4819 1435 4881 de
1462 4818 1585 4883 Christo
1609 4818 1790 4902 conscripta
1813 4827 1900 4899 sunt,
1926 4839 1997 4883 vere

446 4941 519 4986 eum
534 4921 720 5002 despectum
735 4926 767 4980 et
781 4917 990 4980 novissimum
1006 4918 1197 4998 virorum,et
1250 4918 1405 4981 altissima
1426 4918 1686 4998 comprobantur.

449 5019 665 5105 reputavimus
684 5037 756 5081 cum
779 5017 870 5098 quasi
891 5016 1050 5099 leprosum
1070 5025 1102 5080 et
1126 5037 1197 5098 per·
1290 5017 1384 5080 Porro
1399 5015 1534 5079 humilia
1548 5034 1675 5097 quoque
1689 5017 1729 5079 de
1744 5015 1815 5099 ipso
1829 5017 1995 5098 leguntur:
2071 5077 2104 5120 μ

450 5138 578 5184 cussum
600 5137 618 5179 a
641 5117 705 5178 Deo
729 5124 760 5178 et
783 5114 1008 5194 humiliatnm3
1031 5135 1106 5178 vere
1130 5116 1198 5179 lan·
1250 5125 1285 5179 ut
1299 5115 1384 5196 quod
1398 5135 1437 5178 ex
1451 5133 1590 5197 paupere
1604 5114 1747 5196 puella,
1738 5135 1773 5178 m
1788 5135 1888 5196 parvo
1910 5115 1999 5198 oppi·
2009 5086 2088 5190 Ἠ
2079 5143 2109 5180 ιι

445 5237 561 5302 guaros
576 5223 701 5278 nostros
716 5214 784 5295 ipse
799 5213 881 5293 tulit,
888 5223 920 5276 et
935 5215 1058 5278 dolores
1073 5222 1197 5277 nostros
1250 5215 1291 5277 do
1305 5213 1425 5295 vilique
1439 5212 1564 5276 stabulo
1578 5221 1672 5275 natus
1685 5222 1748 5276 est·
1742 5214 1891 5294 ‚quod
1862 5233 1999 5278 circum-
2010 5206 2109 5318 W:

447 5319 517 5401 ipse
542 5312 690 5398 portavit.
707 5313 779 5376 llaec
801 5331 937 5393 namque
957 5321 988 5376 et
1012 5313 1112 5376 multa
1136 5312 1198 5376 alia
1251 5313 1349 5392 alsus,
1364 5312 1552 5394 baptizatus,
1574 5319 1712 5376 tentatus
1735 5321 1803 5376 est·
1795 5315 1908 5396 ,quod
1932 5275 2072 5390 esu-Ji
