4309 6250
478 503 598 554 maran
619 501 788 550 immorari
806 500 980 556 annonari,
1002 501 1091 548 nmen
1113 501 1147 546 n.
1169 519 1209 530 -
1230 502 1300 548 aar.
1323 501 1398 548 mv
1650 482 1710 548 ata

33 687 145 738 tabet-¹,
157 675 278 739 ludaeis
297 700 306 739 ε
322 674 390 739 Non
412 682 463 738 est
481 673 560 738 mihi
582 674 728 738 voluntas
750 673 784 734 in
805 670 907 749 vobis,
923 672 948 734 Α
964 671 1160 753 evangelicis
1175 671 1281 734 verbis
1300 672 1468 736 contraria.
1486 671 1645 754 Scriptum
1665 679 1714 734 est

158 782 191 838 et
205 794 324 838 manus
338 793 403 839 non
417 772 590 854 suscipiam
605 771 645 834 de
666 790 763 834 manu
782 778 907 846 vestra,
964 769 1050 832 enim
1064 793 1072 832 ι
1085 770 1175 834 Pater
1189 789 1283 834 omne
1294 769 1452 852 judicium
1467 770 1555 834 dedit
1569 769 1662 848 fiilio,
1678 778 1713 832 ut
1739 793 1822 838 tuan.
1837 809 1859 846 v,

159 872 201 934 ah
214 881 288 936 ortu
302 872 388 935 euim
403 871 481 935 solis
496 871 650 953 usquead
665 885 828 946 occasum,
845 885 910 929 ma·
963 886 1075 931 omnes
1101 866 1315 932 honorificent
1340 868 1455 932 Filium
1482 870 1565 932 sicut
1585 867 1713 932 honori·
1727 861 1761 909 ²²·
1771 861 1804 902 ²³·

158 985 260 1048 gnum
276 974 326 1029 est
339 985 457 1030 nomen
472 983 580 1028 meum
595 963 628 1026 in
647 962 808 1046 gentihus,
824 970 857 1024 et
875 960 908 1023 iu
963 966 1064 1029 licant
1077 967 1216 1044 Patrem;
1228 965 1281 1048 qul
1298 986 1361 1030 non
1376 967 1570 1032 honorificat
1583 965 1711 1044 Filium,

158 1065 250 1128 omni
270 1065 341 1128 loco
360 1062 561 1127 sacrificatur
578 1070 612 1126 et
628 1061 764 1126 offertur
787 1059 910 1124 nomini
963 1083 1028 1128 nou
1052 1063 1246 1128 honorificat
1269 1063 1404 1142 Patrem,
1420 1065 1476 1146 qui
1499 1065 1587 1128 misit
1607 1064 1710 1127 illum.

157 1181 233 1226 meo
251 1162 371 1226 oblatio
393 1161 523 1224 munda.
538 1160 620 1224 flinc
644 1159 751 1241 itaque
774 1177 850 1221 vare
869 1157 910 1220 fi·
962 1161 1002 1224 Et
1015 1162 1112 1225 verba
1127 1163 1195 1224 haec
1210 1161 1353 1224 Christus
1374 1162 1506 1245 protulit
1524 1163 1565 1224 de
1580 1181 1614 1226 se
1628 1162 1710 1245 ipso,

30 757 56 799 if,
69 757 99 794 tt.

157 1261 249 1324 deles
268 1280 333 1324 nou
353 1268 480 1342 oportet
499 1259 546 1322 ire
566 1259 607 1322 ad
625 1257 779 1340 templum
794 1256 910 1319 ffechae
964 1269 999 1323 ut
1012 1260 1209 1342 evangelista
1223 1260 1360 1324 loannes
1380 1267 1524 1324 testatur.
1541 1261 1575 1324 ln
1597 1261 1713 1342 quihus
1728 1275 1786 1320 rora.
1799 1278 1831 1320 rs.

157 1379 257 1422 causa
286 1357 438 1422 orationis
464 1365 497 1421 et
523 1356 763 1432 immolationis,
793 1355 848 1418 sed
876 1354 908 1416 in
964 1377 998 1422 se
1012 1359 1122 1423 docuit
1142 1359 1362 1422 honorandum
1378 1359 1581 1423 veneratione
1601 1360 1712 1439 latriae,

157 1456 249 1520 omui
276 1457 347 1520 loco
374 1464 407 1520 et
431 1455 550 1539 templo
574 1453 825 1518 Christianorum
851 1452 910 1515 rite
963 1457 1231 1539 quemadmodum
1246 1456 1336 1520 Pater
1357 1457 1413 1519 illa
1433 1457 1636 1521 veneratione
1658 1459 1715 1522 ho-

157 1556 312 1618 adoratur
331 1563 364 1616 et
384 1553 499 1618 colitur
519 1553 614 1616 Deus.
963 1563 1096 1618 noratur
1116 1563 1148 1617 et
1170 1554 1296 1619 colitur.

197 1651 348 1734 Amplius
362 1651 395 1715 in
411 1652 473 1714 isto
486 1649 628 1734 capitulo
642 1648 742 1713 multa
761 1647 910 1711 sublimia
1003 1653 1123 1716 Rursus
1147 1651 1289 1734 loquitur
1309 1652 1451 1716 Christus
1473 1677 1479 1714 :
1500 1653 1713 1734 Quocumque
1729 1677 1785 1724 rau.
1800 1681 1833 1722 n.

28 1752 198 1814 n.1..a.=.de
213 1750 340 1815 Christo
353 1750 547 1831 scribuntur,
562 1767 633 1833 quse
651 1747 798 1829 superius
812 1746 911 1808 intro·
964 1750 1076 1815 fecerit
1090 1751 1191 1829 Pater,
1208 1751 1274 1814 hac
1291 1759 1322 1814 et
1337 1751 1432 1815 Filius
1455 1751 1602 1815 similiter
1622 1750 1709 1816 facit.

158 1850 257 1912 ducta
274 1850 435 1912 recordor.
452 1849 678 1910 Verumtamen
691 1845 836 1927 quedam
850 1843 910 1907 fal·
927 1842 1009 1912 Blix
1028 1850 1089 1913 hoc
1116 1856 1202 1931 patet
1225 1849 1309 1930 quod
1330 1849 1428 1913 Patris
1446 1859 1478 1912 et
1496 1848 1568 1913 hilii
1590 1850 1631 1912 sit
1649 1869 1713 1913 nna

157 1968 193 2010 sa
228 1967 269 2010 ac
299 1946 444 2010 fabulosa
473 1946 660 2024 miscentur,
695 1961 766 2024 quaa
794 1943 909 2026 partim
964 1954 997 2010 at
1016 1948 1128 2010 eadem
1150 1947 1291 2030 operatio
1313 1948 1351 2011 ad
1373 1956 1470 2010 extra.
1488 1947 1574 2011 Unde
1594 1947 1712 2010 ibidem

32 2075 142 2123 rhoffi,
156 2045 336 2128 praehabita
350 2055 423 2108 sunt
436 2068 445 2124 ;
460 2053 493 2108 et
506 2063 591 2107 nuuc
604 2042 667 2106 alia
681 2049 820 2124 tangam.
832 2040 910 2104 Nam
965 2044 1171 2127 subjungitur
1201 2069 1207 2106 :
1238 2045 1325 2108 Siout
1352 2045 1438 2108 enim
1465 2045 1555 2108 Pater
1583 2046 1713 2109 suscitat
1727 2061 1785 2106 rua.
1799 2065 1833 2107 n.

26 2152 68 2179 ¹'¹¹·
155 2145 278 2207 dicitur
295 2144 348 2207 hic
365 2167 373 2205 ε
390 2148 454 2206 Deo
472 2165 493 2204 a
509 2145 593 2204 viru
608 2143 748 2202 vestibus
761 2142 845 2200 olbis
860 2143 911 2200 in·
965 2152 1108 2206 mortuos
1123 2151 1154 2206 et
1168 2142 1324 2223 vivificat,
1334 2142 1379 2205 sio
1394 2142 1536 2207 ciiiilius
1551 2163 1630 2226 quos
1645 2145 1715 2207 vult

154 2245 251 2302 dutis
265 2252 488 2321 querentem
505 2243 589 2299 inse
603 2240 822 2317 nuntiumque
836 2235 912 2315 (sci-
965 2240 1120 2303 vivificat.
1151 2240 1422 2316 Quemadmodum
1450 2259 1526 2324 ergo
1555 2242 1653 2305 Patris
1683 2251 1714 2306 et

154 2339 234 2402 licet
251 2339 428 2418 Christum)
446 2341 629 2408 crederent,
645 2338 883 2412 responderunt
898 2355 911 2396 ··
966 2339 1035 2402 iiiii
1061 2346 1110 2402 est
1134 2339 1275 2421 operatio
1300 2358 1363 2402 una
1386 2359 1422 2402 ac
1447 2339 1594 2418 indivisa,
1617 2339 1714 2405 itaet

153 2441 346 2508 Credimus,
361 2448 392 2498 et
406 2446 443 2498 tu
459 2439 549 2497 testis
561 2455 605 2496 es.
614 2437 741 2498 Deinde
754 2435 876 2494 eisdem
889 2453 911 2494 a
966 2457 1030 2501 una
1048 2437 1189 2520 potentia
1208 2457 1244 2500 ao
1265 2457 1328 2500 una
1347 2439 1496 2516 essentia,
1517 2439 1582 2503 imo
1601 2447 1632 2502 et
1651 2459 1714 2503 una

151 2539 233 2598 Iesu
251 2537 477 2616 quaerentibus
494 2555 540 2595 an
559 2538 647 2597 Deus
664 2551 807 2593 mensum
821 2536 912 2592 coete-
966 2535 1121 2618 sapientia
1137 2559 1144 2597 :
1161 2535 1312 2617 quoniam
1333 2535 1487 2619 quidquid
1510 2537 1653 2602 absolute
1667 2537 1715 2600 di·

151 2645 236 2696 stem
256 2653 359 2711 super
376 2654 428 2694 eos
443 2633 912 2710 manutenendum
965 2634 1059 2714 citur,
1090 2633 1171 2697 Patri
1205 2653 1243 2697 ae
1271 2633 1352 2698 fiilio
1380 2641 1412 2698 et
1439 2634 1570 2718 Spiritui
1599 2635 1715 2700 Sancto

152 2735 400 2811 responditsst
412 2734 549 2793 creditit
563 2733 599 2791 t'n
614 2730 731 2802 mam,
746 2731 855 2806 illm
870 2731 911 2789 fi·
965 2751 1136 2796 commune
1163 2740 1223 2811 est,
1253 2740 1284 2796 et
1312 2752 1411 2796 unum
1441 2733 1474 2796 in
1502 2733 1613 2797 tribus.
1641 2733 1714 2797 Sola

151 2842 249 2893 mete.
269 2833 346 2894 Illis
359 2840 468 2892 autem
482 2831 679 2898 dicentibus,
693 2830 846 2890 Volumus
860 2828 912 2886 in·
964 2832 1084 2914 quippe
1100 2831 1252 2894 relatione
1267 2829 1506 2913 distinguuntur
1520 2832 1561 2895 ab
1576 2831 1714 2896 invicem

151 2933 194 2990 de
211 2933 384 2992 comedere
400 2931 446 2989 ad
464 2937 650 2988 nostrorum
668 2929 820 2988 cordium
839 2945 911 2985 con·
964 2929 1092 3005 divinia,
1109 2936 1235 2991 eternae
1258 2938 1290 2992 et
1315 2928 1463 2992 increatae
1485 2929 1639 2993 Persona.
1656 2931 1714 2993 lle-

149 3031 394 3106 firmaft'onem,
416 3035 454 3086 ut
475 3046 576 3107 quum
598 3036 629 3086 te
649 3045 765 3086 oerum
784 3025 946 3091 divisset}
965 3027 1062 3109 nique
1091 3045 1187 3108 supra
1223 3025 1423 3089 abundanter
1457 3027 1624 3110 probatum
1653 3036 1861 3108 est‚ua.1,·n.1x.

151 3130 366 3197 sciverimus,
380 3146 453 3187 cum
469 3134 580 3187 nostro
594 3123 778 3185 testimonio
791 3127 911 3201 confir·
965 3124 1049 3207 quod
1064 3123 1207 3188 Christus
1221 3124 1331 3189 docuit
1344 3144 1414 3189 esse
1430 3144 1463 3188 se
1478 3145 1589 3189 verum
1602 3128 1712 3205 Deum,

151 3246 294 3287 memus.
311 3227 438 3286 Deinde
450 3227 555 3285 Deum
570 3224 721 3284 Christus
734 3223 843 3282 oravit
859 3241 870 3281 :
885 3224 912 3283 0
965 3223 1047 3285 Patri
1067 3222 1381 3300 consubstantialem,
1399 3232 1590 3287 coatemum
1611 3234 1642 3288 et
1664 3244 1716 3289 co-

151 3322 911 3394 Deus,mensamn0cecoeteuenrrtoue.01oem
965 3322 1131 3403 aequalem.
1149 3320 1235 3383 Unde
1249 3321 1333 3403 quod
1353 3321 1385 3383 in
1407 3322 1512 3384 verbis
1533 3324 1714 3386 memoratis

152 3423 442 3485 Deuaeuaudiens
455 3422 546 3480 didit
557 3422 645 3497 :Ego
659 3437 730 3479 eam
745 3420 814 3478 iltis
826 3436 910 3493 proe·
965 3418 1067 3482 fertur
1095 3419 1255 3481 Christum
1283 3420 1412 3498 dixisse,
1437 3422 1522 3503 quod
1552 3421 1621 3503 ipse
1650 3440 1715 3485 uon

153 3522 241 3583 bebo.
268 3519 356 3581 istud
379 3524 428 3581 est
455 3536 572 3581 uanum
596 3523 629 3580 et
651 3515 815 3579 frivolum.
842 3514 911 3579 Non
965 3526 1145 3599 penetraret
1171 3527 1293 3581 secreta
1312 3520 1415 3582 cordis
1437 3519 1504 3600 Dei,
1527 3522 1716 3584 mendosum

152 3619 244 3682 enim
268 3626 333 3681 tam
356 3615 496 3699 imperiti
517 3614 649 3678 fuerunt
669 3614 809 3696 Apostoli
833 3613 911 3695 quin
965 3625 1025 3696 est,
1041 3625 1073 3678 et
1095 3615 1200 3680 verbis
1221 3615 1337 3679 Christi
1359 3617 1562 3682 contrarium.
1580 3618 1649 3701 lpse
1671 3628 1716 3681 et·

152 3716 352 3800 agnoverint
372 3716 473 3778 mum
498 3732 569 3777 esse
594 3712 859 3796 omnipotentem,
879 3722 912 3775 et
965 3716 1051 3778 enim
1067 3716 1166 3778 Mum
1182 3714 1303 3778 Patrem
1327 3723 1389 3779 tam
1412 3715 1553 3799 perfecte
1574 3736 1610 3779 ac
1631 3735 1716 3780 corn-

152 3834 305 3879 mensam
319 3814 482 3878 coelestem
503 3812 552 3877 eis
566 3812 642 3875 dare
663 3820 835 3894 potentem.
851 3811 911 3874 Ne-
967 3814 1156 3897 prehensive
1172 3812 1337 3895 cognoscit
1350 3821 1384 3875 ut
1399 3813 1489 3877 Pater
1502 3815 1715 3880 eum.ldcirco

151 3930 218 3993 que
248 3910 393 3993 Apostoli
421 3910 627 3973 crediderunt
658 3908 857 3991 corporalem
892 3928 912 3970 a
966 3912 1010 3975 ait
1026 3935 1034 3973 ι
1051 3910 1149 3975 Nemo
1170 3911 1398 3990 novithitium,
1415 3912 1476 3973 uisi
1495 3911 1596 3994 Pater,
1612 3932 1715 3995 neque
1736 3941 1860 3997 magn,

153 4010 220 4073 lieo
247 4028 394 4073 mensam
415 4016 488 4091 post
509 4008 607 4071 vitem
629 4014 818 4088 presentem
841 4026 911 4088 per-
965 4009 1088 4073 Patrem
1107 4010 1180 4090 quis
1198 4008 1297 4087 novit,
1314 4009 1377 4071 nisi
1393 4009 1512 4089 Filius3
1529 4018 1560 4072 et
1580 4030 1688 4073 rursus
1705 4034 1712 4074 :
1729 4006 1762 4048 ²⁷·

153 4110 266 4190 cipere
284 4132 291 4169 :
310 4108 394 4170 unde
418 4116 477 4170 uec
503 4106 576 4169 talis
600 4124 719 4169 mensae
739 4114 911 4187 pregusta-
965 4108 1088 4171 Patrem
1104 4126 1170 4171 non
1186 4106 1267 4169 vidit
1282 4107 1462 4189 quisquam,
1478 4108 1541 4170 nisi
1555 4108 1583 4171 is
1598 4110 1652 4191 qui
1667 4118 1716 4172 est
1740 4132 1861 4185 raanan.

153 4208 281 4270 tionem
303 4204 486 4287 petebant·
924 4206 1073 4283 liabeo,
1091 4206 1142 4268 hio
1166 4206 1246 4269 vidit
1261 4205 1393 4269 Patrem.
1410 4206 1443 4269 ln
1460 4206 1576 4288 quihus
1596 4208 1713 4287 verbis,
1729 4199 1763 4240 ⁴⁶·

194 4305 437 4385 Consequentur
457 4302 511 4367 hic
531 4303 650 4366 dicitur
666 4326 673 4363 :
690 4306 756 4365 Deo
770 4304 910 4373 dicente,
964 4325 1022 4388 per
1035 4324 1109 4367 curn
1125 4304 1179 4387 qui
1201 4311 1250 4367 est
1270 4305 1378 4383 allae,
1395 4303 1537 4368 Christus
1560 4304 1716 4369 intellexit

154 4404 415 4475 olemunde
427 4404 537 4479 fiti,tu
550 4404 712 4477 persuade
724 4401 911 4461 hominibus
966 4422 999 4465 se
1023 4402 1140 4485 ipsum.
1167 4401 1283 4465 lterum
1308 4402 1442 4465 habetur
1466 4426 1473 4464 :
1497 4402 1595 4466 Deum
1621 4423 1850 4479 nomentanae.

153 4522 196 4563 ne
210 4506 282 4562 loco
297 4502 361 4563 Dei
374 4510 405 4561 te
418 4510 449 4561 et
464 4509 603 4560 matrem
622 4508 715 4560 tuam
732 4502 815 4559 duos
828 4502 911 4561 Deos
965 4501 1045 4563 vidit
1068 4519 1230 4582 unquam;
1252 4500 1435 4582 unigenitus
1457 4501 1566 4581 iilius,
1587 4503 1642 4585 qui
1667 4511 1716 4566 est

152 4603 298 4661 babeant
318 4607 350 4659 et
368 4599 770 4674 venerentur,·rerpondit
790 4600 910 4659 lesus:
966 4598 1000 4661 in
1028 4599 1102 4661 sinu
1129 4597 1239 4675 Patris,
1270 4598 1338 4679 ipse
1372 4600 1542 4663 enarravit.
1573 4600 1714 4665 Christus

151 4700 252 4762 Nolit
265 4702 355 4761 laeua
369 4706 406 4758 ut
419 4716 476 4773 eye
490 4698 573 4775 quid
587 4706 713 4773 preter
731 4715 846 4756 cerum
859 4699 910 4756 di·
965 4716 1041 4779 ergo
1062 4696 1249 4778 Unigenitus
1271 4696 1326 4758 Dei
1347 4697 1514 4777 exsistens,
1534 4699 1589 4779 qui
1610 4708 1660 4763 est
1681 4700 1714 4763 iu

150 4819 225 4858 cam
236 4819 253 4868 ,·
266 4806 298 4857 et
312 4798 344 4857 si
355 4798 494 4873 protuli,
510 4804 548 4855 tu
562 4797 649 4855 nosti
663 4815 675 4855 .·
689 4796 769 4874 quia
790 4802 827 4854 tu
841 4814 909 4855 cor·
966 4798 1051 4873 sinu,
1072 4794 1103 4858 id
1124 4803 1173 4857 est
1191 4794 1223 4857 in
1246 4801 1364 4875 mente,
1384 4796 1494 4859 aeterui
1514 4796 1625 4876 Patris,
1647 4806 1715 4861 tan·

151 4900 207 4959 dis
221 4899 292 4956 mei
305 4915 430 4956 arcena
441 4903 607 4971 penetras,
622 4914 678 4971 epo
693 4914 769 4955 vero
791 4896 843 4954 tui
856 4914 910 4953 ne·
966 4912 1062 4975 quarn
1079 4892 1216 4957 Verbum
1240 4902 1378 4975 paterna
1400 4894 1528 4973 mentis,
1545 4894 1644 4959 Mum
1659 4897 1714 4961 Pa-

152 5016 337 5077 quaquam.
355 4996 481 5055 Tuscis
499 4996 551 5053 nil
570 5014 620 5053 me
638 4994 825 5053 bominibus
843 4996 912 5053 nisi
966 5001 1047 5055 trem
1076 4992 1170 5073 plena
1198 4992 1330 5054 omniuo
1358 4993 1532 5073 cognoscit.
1558 4994 1603 5057 Ad
1629 4997 1713 5076 quod

152 5098 319 5157 mandata
336 5102 394 5154 tua
413 5094 550 5163 dixisse,
563 5094 685 5153 scilicet
706 5094 793 5171 quod
806 5095 910 5154 Deum
966 5088 1292 5174 probandum,omnia
1307 5098 1436 5171 possent
1451 5090 1557 5155 induci
1573 5110 1631 5173 per
1644 5112 1714 5174 que

152 5211 433 5255 meumucruum
447 5191 640 5251 innocentet
654 5193 804 5251 adorent.
967 5207 1062 5272 supra
1097 5189 1264 5270 probatum
1300 5197 1348 5251 est
1375 5189 1461 5270 quod
1496 5190 1638 5253 Christus
1673 5178 1857 5285 stafili*

195 5292 263 5357 Ista
278 5297 355 5353 sunt
370 5289 465 5353 verba
479 5286 631 5368 conficta,
639 5288 800 5368 haeretica,
815 5296 911 5371 atque
967 5288 1061 5351 Deus.
1079 5286 1122 5351 De
1136 5304 1200 5370 quo
1214 5286 1350 5351 loannes
1364 5287 1476 5351 asserit
1488 5310 1495 5350 ε
1505 5288 1539 5351 lu
1554 5288 1714 5375 principio
1728 5313 1859 5369 ioannes.
