4309 6250
527 504 647 553 cauma
668 505 837 554 rmrmraa
856 505 1027 565 senemr,
1044 507 1134 554 crasa
1154 507 1186 554 u.
1210 525 1251 538 -
1270 507 1342 555 aar.
1364 509 1397 556 ιι
1680 491 1738 558 att

88 694 160 738 am.
190 674 336 738 ascendit
349 674 470 757 ldoyses
485 675 519 739 in
533 675 686 739 verticem
701 675 818 739 montis
832 675 938 740 Sinai:
955 679 978 741 Α
994 685 1099 760 potest
1122 679 1258 760 salvari3
1284 686 1315 744 et
1339 678 1422 742 sicut
1444 677 1477 741 in
1501 678 1583 742 coelo
1607 685 1656 742 est
1679 697 1743 742 uua

50 762 173 868 {ff'xgm'
189 789 255 853 quc
269 771 314 834 ibi
328 791 449 835 moram
464 781 589 854 agente,
606 771 668 835 titii
689 771 785 836 lsrael
804 773 939 836 vitulum
992 776 1135 840 Ecclesia
1151 777 1361 859 triumphem,
1378 777 1421 839 ita
1443 775 1475 838 in
1499 775 1591 838 terris
1610 784 1658 840 est
1680 795 1743 841 una

52 887 89 926 r-s.
187 869 414 933 adoraverunt.
430 869 531 944 Quum
547 869 655 952 itaque
674 870 734 933 tuti
752 870 847 934 lsrael
867 879 940 934 ante
992 875 1135 938 Ecclesia
1150 875 1301 954 militans,
1320 874 1412 956 cujus
1427 894 1491 937 una
1506 883 1555 937 est
1569 873 1662 954 fides,
1679 892 1743 938 una

188 969 273 1030 hanc
293 968 511 1031 adorationem
530 967 752 1032 abhorruerint
769 969 825 1032 Dei
844 988 941 1053 appa·
993 990 1078 1055 spes,
1096 991 1221 1054 unaque
1243 973 1369 1036 caritas.

187 1065 337 1129 riticnem
352 1075 385 1128 et
399 1065 638 1146 allocutionem,
654 1073 778 1128 certum
791 1074 841 1128 est
854 1067 938 1146 quod
1032 1069 1176 1152 Amplius
1205 1070 1306 1133 lertur
1335 1070 1369 1132 in
1395 1069 1455 1133 isto
1480 1068 1631 1151 capitulo,
1657 1070 1742 1151 quod

187 1172 261 1244 post
280 1164 500 1227 adorationem
521 1164 615 1227 istam
640 1182 705 1226 non
727 1164 876 1226 dixerunt
899 1165 939 1228 ad
991 1169 1069 1228 dum
1086 1170 1211 1248 aliquis
1218 1171 1323 1247 jnata
1338 1171 1455 1246 dopma
1469 1170 1533 1231 Dei
1546 1169 1742 1228 homicidam

187 1261 316 1344 lloysen
331 1261 466 1326 seualle
481 1263 683 1344 acquiescere
697 1262 804 1325 verbis
824 1262 936 1344 ipsius,
991 1267 1181 1343 ipnoratum
1195 1269 1380 1344 patefacere
1391 1267 1569 1336 studuerit,
1575 1275 1740 1328 mortuum

47 1375 172 1420 riuum.
186 1359 251 1422 nisi
264 1359 364 1422 Deum
380 1359 535 1424 viderent.
546 1359 679 1444 Insuper
694 1359 727 1422 in
740 1349 848 1422 Exodo
862 1358 939 1442 legi-
990 1383 1065 1424 cum
1094 1365 1208 1444 aliqua
1236 1383 1339 1425 oaccoe
1367 1365 1549 1438 interfectae
1572 1365 1742 1440 particula

186 1466 241 1521 tur
253 1458 522 1541 quemadmodum
542 1458 646 1540 Moyse
664 1458 705 1520 de
723 1465 831 1521 monte
849 1457 937 1522 Sinai
991 1467 1106 1538 tangat
1130 1481 1142 1521 .·
1162 1462 1209 1522 sic
1232 1463 1320 1522 enim
1344 1462 1521 1522 suscitatus
1544 1480 1614 1522 rem
1636 1462 1742 1538 ipsum

185 1557 353 1636 redeunte,
382 1564 477 1638 atque
511 1556 694 1620 idololatras
727 1556 800 1619 illos
833 1557 939 1619 redar-
990 1559 1141 1620 auretio.
1158 1558 1243 1622 Istud
1264 1557 1409 1640 imperite
1430 1567 1525 1640 atque
1546 1557 1741 1622 mendaciter

183 1662 305 1736 guente
332 1653 533 1736 vitulumque
557 1655 804 1732 comminuente,
830 1654 938 1717 nullus
992 1656 1152 1719 recitetur.
1180 1657 1332 1738 Tangitur
1356 1657 1441 1720 enim
1467 1656 1521 1719 hic
1544 1665 1740 1741 preceptum

184 1753 324 1816 audebat
347 1750 377 1814 ei
401 1752 561 1831 resistere,
586 1771 647 1816 nec
672 1753 787 1816 durum
815 1753 937 1835 aliquid
991 1753 1046 1814 liei
1074 1755 1160 1835 quod
1186 1755 1218 1817 in
1243 1755 1487 1818 Deuteronomio
1512 1755 1657 1834 habetur,
1684 1757 1738 1820 scd
1768 1782 1886 1834 renna,

133 1855 139 1862 '
184 1851 393 1934 respondere.
409 1849 489 1914 Nam
502 1859 535 1915 et
549 1851 662 1932 viginti
677 1851 738 1914 tria
753 1850 853 1914 millia
868 1851 938 1914 illo-
953 1854 977 1917 B
991 1851 1085 1935 longe
1113 1853 1206 1917 aliter
1231 1854 1273 1918 ibi
1300 1873 1395 1936 quarn
1421 1853 1473 1917 hic
1499 1853 1654 1934 refertum
1680 1875 1739 1919 nec
1754 1850 1801 1894 Η·

184 1968 271 2028 rum,
285 1947 419 2031 jubente
437 1949 552 2030 ldoyse,
567 1957 697 2032 prepter
718 1949 823 2012 scelus
843 1948 935 2030 illud,
990 1950 1109 2014 dicitur
1129 1951 1174 2014 ibi
1199 1953 1282 2034 quod
1309 1961 1452 2016 mortuus
1477 1953 1582 2016 taliter
1607 1953 1649 2016 sit
1673 1961 1740 2018 tan-

182 2047 318 2112 luerunt
347 2067 367 2111 a
394 2045 472 2110 siliis
500 2047 596 2112 lsrael
621 2047 712 2112 nullo
741 2057 937 2132 repugnante
989 2051 1125 2132 gendos,
1141 2070 1200 2117 nec
1215 2051 1311 2115 etiam
1326 2052 1410 2133 quod
1425 2051 1472 2115 sic
1488 2061 1590 2116 mutus
1604 2053 1741 2118 resusci-

181 2145 291 2210 cccisa
308 2169 316 2209 ε
332 2165 396 2228 quo
417 2143 513 2225 lacte,
529 2146 585 2210 alii
606 2147 834 2229 poenituerunt.
991 2149 1121 2228 tabitur,
1141 2152 1289 2233 quodque
1312 2151 1528 2230 resuscitatus,
1550 2173 1567 2212 u
1594 2152 1741 2216 edocebit

222 2245 347 2308 Rursus
374 2245 408 2306 in
437 2245 498 2308 isto
526 2244 668 2327 capitulo
696 2244 826 2325 dicitur,
851 2246 937 2328 quod
992 2267 1059 2310 rem
1082 2247 1184 2331 ipsam
1210 2271 1238 2328 u,
1264 2249 1435 2314 indicando
1463 2249 1611 2314 videlicet
1633 2269 1652 2314 a
1675 2269 1740 2332 quo

180 2345 266 2403 dum
279 2345 349 2419 filii
361 2346 469 2406 Israel
477 2345 636 2421 petissent
649 2364 669 2404 a
683 2347 750 2406 Deo
764 2363 880 2404 carnes
893 2345 939 2404 ad
990 2347 1117 2410 eccisus
1139 2347 1191 2411 sit.
1208 2347 1271 2412 Nec
1292 2367 1432 2429 unquam
1452 2346 1572 2412 lactum
1595 2349 1640 2412 sic
1662 2349 1742 2432 legi·

179 2444 468 2513 manducandum,
482 2446 571 2505 Deus
584 2444 632 2502 eir
646 2445 814 2518 respondit
832 2452 870 2502 at
883 2445 938 2502 de-
991 2455 1053 2508 tur.
1069 2445 1271 2529 Experientia
1284 2465 1411 2529 quoque
1430 2447 1559 2510 doceret
1572 2448 1658 2529 quod
1678 2467 1739 2512 nec

180 2543 377 2600 scenderent
393 2542 430 2600 in
442 2543 638 2620 AE’pyptum,
654 2543 703 2600 itn'
716 2551 826 2601 aetum
840 2561 937 2602 suum
992 2545 1086 2607 modo
1101 2545 1147 2608 sic
1163 2545 1266 2608 lieret.
1284 2545 1424 2620 Qualiter
1439 2564 1515 2609 vero
1536 2547 1570 2607 in
1591 2546 1742 2611 Deutero-

180 2640 371 2714 suscepturi
374 2659 390 2708 ,·
403 2641 513 2719 eisque
526 2641 806 2710 descendentibus,
818 2641 873 2699 ira
886 2659 937 2700 su·
991 2643 1099 2707 nomio
1119 2653 1311 2726 preceptum
1336 2645 1418 2707 istud
1445 2645 1597 2724 tradatur,
1613 2645 1742 2727 prolixi·

177 2739 336 2812 peruenit
360 2739 490 2799 eisdern
506 2737 594 2800 Istud
617 2746 667 2800 est
689 2745 800 2801 centra
824 2737 938 2800 verita·
991 2749 1087 2804 tatem
1112 2743 1229 2823 vitans,
1257 2743 1392 2806 recitare
1421 2742 1544 2807 omitto.
1572 2743 1604 2806 Si
1634 2754 1740 2808 antem

49 2859 166 2904 ,umes
182 2843 249 2896 tem
265 2854 364 2898 sacras
377 2835 560 2917 Scriptura,
576 2836 651 2918 quia
671 2837 705 2899 in
726 2835 937 2900 Numererum
990 2837 1146 2901 llaltomet
1160 2839 1267 2902 docuit
1282 2839 1365 2901 istud
1382 2857 1439 2922 per
1453 2840 1583 2902 modum
1603 2841 1741 2923 proprie

43 2925 72 2962 ¹²
180 2933 268 2996 libro
282 2933 411 3015 legitur,
427 2935 511 3015 quod
531 2953 631 3016 quum
651 2935 711 2998 lilii
729 2935 825 2998 lsrael
846 2953 937 2998 esum
991 2937 1181 3014 traditionis,
1203 2945 1326 3000 certum
1349 2945 1397 2999 est
1421 2925 1517 3019 quun'
1532 2938 1566 3000 in
1590 2957 1648 3001 sua
1671 2939 1741 3022 lege

116 3035 129 3046 ‘
181 3030 333 3094 earnium
353 3032 568 3114 postulassent
584 3053 605 3095 a
622 3033 738 3115 lloyse,
761 3041 793 3096 et
815 3035 937 3115 lloyses
953 3037 976 3100 C
990 3054 1055 3100 non
1078 3035 1172 3099 lieret
1197 3035 1393 3099 resuscitatio
1414 3055 1473 3099 nec
1493 3036 1647 3100 indicatio
1668 3037 1740 3100 talis

180 3132 349 3195 retulisset
375 3132 563 3214 petitionem
592 3133 721 3196 illorum
755 3134 794 3195 ad
823 3134 934 3213 ltcum,
990 3137 1157 3215 veraciter,
1178 3136 1328 3217 quoniam
1353 3144 1551 3199 mortuorum
1575 3136 1741 3200 suscitatio

179 3230 331 3313 protinus
354 3231 438 3293 Deus
460 3231 539 3295 dixit
559 3232 600 3295 ad
623 3231 749 3313 lluysen
771 3232 882 3295 :Vade
904 3242 938 3296 et
989 3232 1063 3296 lieri
1085 3234 1196 3315 nequit
1216 3233 1279 3296 nisi
1301 3252 1320 3295 a
1341 3233 1415 3296 Deo.

179 3328 234 3392 die
249 3328 370 3411 popule
387 3352 394 3390 :
411 3328 676 3410 Sanctificamini,
692 3349 763 3392 cras
776 3329 863 3393 enim
882 3332 937 3395 da·
1028 3332 1148 3395 Eodem
1173 3330 1314 3414 capitulo
1344 3331 1460 3415 legitur
1485 3354 1493 3394 ε
1517 3334 1642 3395 Dicunt
1667 3335 1739 3415 qui·

179 3428 224 3489 ltu
246 3427 340 3491 vobis
361 3446 475 3489 carnes
494 3428 535 3491 ad
556 3428 799 3492 comedendum.
815 3429 935 3493 Deinde
988 3433 1078 3502 dam,
1093 3432 1255 3491 neminem
1271 3432 1340 3491 nisi
1351 3433 1504 3491 Judaeum
1523 3440 1582 3491 aut
1602 3433 1741 3493 Christi-

64 3550 117 3593 ιω,
130 3554 164 3594 n,
178 3524 378 3588 describitur
389 3525 434 3589 ibi
448 3527 717 3608 quemadmodum
737 3526 803 3589 illis
823 3546 935 3591 carnea
988 3548 1091 3590 anam
1111 3531 1339 3607 inpressorum
1359 3530 1566 3605 paradisum.
1594 3532 1687 3599 Quod
1709 3533 1740 3591 si

179 3623 365 3703 edentibus,
381 3624 464 3686 [leus
478 3625 653 3706 plagaverit
666 3643 733 3704 eos,
747 3624 837 3705 juxta
854 3624 935 3689 illud
988 3648 1101 3690 aerum
1127 3639 1186 3700 est,
1205 3630 1481 3690 dernenstratione
1499 3630 1648 3706 probent.
1669 3628 1737 3693 lam

53 3748 166 3798 rama..
180 3724 216 3785 in
240 3722 369 3787 Psalmo
390 3746 398 3784 ε
419 3724 532 3786 Adhuc
553 3742 635 3787 esce
654 3742 765 3787 eorum
789 3734 879 3786 erant
900 3725 934 3788 in
988 3746 1085 3808 supra
1099 3736 1261 3792 ostensum
1281 3734 1328 3789 est
1348 3745 1406 3809 per
1426 3726 1550 3789 divinas
1571 3727 1737 3809 utriusque
1765 3754 1883 3807 aagffl,

42 3813 116 3857 ²⁰³¹·
179 3840 238 3885 ore
267 3821 422 3902 ipsorum,
448 3830 481 3884 et
507 3822 556 3885 ira
583 3822 639 3885 llei
667 3822 812 3885 ascendit
839 3842 936 3907 super
987 3826 1180 3889 Testamenti
1200 3826 1389 3907 Scripturas,
1410 3833 1443 3887 et
1465 3825 1548 3888 Deus
1567 3845 1625 3908 per
1643 3826 1737 3890 inuu-
1752 3832 1795 3863 ¹'¹·

179 3938 251 3983 ees.
987 3924 1154 3989 merabllia
1169 3925 1323 3988 mimeula
1341 3924 1376 3987 in
1395 3923 1579 4006 evangelica
1599 3923 1668 4008 lege
1689 3925 1737 3993 la·

220 4018 342 4082 lterum
358 4019 392 4081 in
411 4018 516 4102 primo
533 4018 596 4083 istc
613 4019 750 4083 habetur
768 4020 932 4103 capitulo:
988 4033 1039 4087 cta
1059 4032 1192 4087 testatus
1213 4031 1272 4104 est,
1294 4023 1456 4086 neminem
1478 4032 1550 4105 post
1570 4024 1734 4106 Evangelii

178 4120 364 4181 Sciendum
375 4121 577 4197 peruratiter
591 4121 747 4200 paeoniam
761 4122 867 4181 mnnis
885 4141 935 4181 re-
987 4122 1238 4205 divulgationem
1254 4140 1346 4204 posse
1360 4122 1487 4199 salvari,
1502 4122 1565 4185 nisi
1581 4124 1735 4187 veraciter

177 4228 231 4279 cte
252 4218 607 4287 circumducimus
626 4220 694 4279 siae
712 4221 933 4291 Christianus,
947 4226 973 4289 l)
988 4221 1208 4284 christianum.
1229 4220 1369 4303 Denique
1394 4218 1473 4281 milti
1498 4219 1624 4282 videtur
1648 4220 1732 4302 quod

178 4336 239 4377 seu
264 4320 334 4394 tepe
356 4336 415 4377 nea
440 4318 567 4388 relicta,
591 4318 627 4377 in
653 4319 757 4379 aliam
786 4320 933 4390 tendens,
986 4320 1098 4383 llahon
1121 4320 1161 4383 sit
1187 4318 1244 4383 sibi
1268 4318 1327 4401 ipsi
1351 4319 1443 4399 quasi
1468 4316 1587 4399 ubique
1611 4328 1736 4383 contra-

177 4416 416 4476 indubitanter
441 4417 595 4477 diuinum
627 4425 822 4497 coequatur
847 4436 933 4477 ame
987 4418 1064 4481 rius.
1072 4418 1236 4501 Siquidem
1251 4417 1284 4482 in
1299 4416 1408 4481 multis
1423 4416 1571 4481 alcorani
1587 4418 1735 4501 capitulis

177 4534 264 4575 rem.
283 4513 370 4576 Istud
394 4523 441 4577 est
466 4514 651 4578 hereticum
675 4523 707 4577 et
731 4515 931 4595 mendosum,
986 4518 1109 4581 ludaeos
1124 4518 1165 4581 ob
1180 4536 1270 4581 suam
1284 4515 1540 4580 incredulitatem
1562 4526 1657 4599 alque
1677 4519 1737 4583 du·

175 4612 334 4693 queniam
357 4614 461 4696 primo
482 4621 629 4694 unctam,
644 4614 777 4677 articulo
790 4614 934 4677 sextode-
987 4616 1091 4679 ritiam
1106 4616 1219 4679 asserit
1232 4615 1365 4679 omnino
1379 4634 1397 4677 a
1411 4615 1475 4679 Deo
1489 4615 1642 4697 abjectus.
1655 4618 1736 4693 Quo·

175 4712 277 4792 cimo,
292 4720 342 4775 est
362 4720 525 4776 ostensum
546 4713 632 4795 quod
653 4713 834 4776 observatio
855 4712 932 4776 lidei
986 4715 1081 4778 modo
1102 4716 1199 4797 igitur
1219 4714 1403 4797 paradisum
1424 4714 1612 4777 intrabuntl

174 4810 363 4873 christianae
390 4810 532 4894 legisque
560 4812 765 4893 evangelice,
790 4813 833 4875 sit
861 4819 932 4893 post
1024 4815 1170 4897 Amplius
1194 4815 1306 4877 eodem
1334 4812 1471 4896 capitulo
1501 4814 1618 4877 dicitur
1643 4838 1650 4876 ε
1675 4819 1734 4877 Ju-

173 4909 390 4991 Evangelium
414 4910 613 4993 divulgatum
643 4911 769 4973 cunctis
792 4911 932 4974 homini·
983 4918 1064 4977 daia
1085 4924 1115 4974 et
1132 4915 1331 4976 Christianis
1349 4933 1483 4975 summm
1505 4916 1734 4975 controversia

172 5008 237 5071 ltus
252 5009 436 5072 necessaria
449 5011 489 5073 ad
504 5011 640 5074 salutem
656 5035 664 5072 ι
681 5012 725 5075 ita
743 5014 829 5093 quod
849 5010 932 5075 sicut
984 5018 1027 5076 lis
1050 5014 1182 5075 incidit.
1204 5016 1302 5075 Alter
1324 5014 1412 5073 enim
1437 5016 1580 5073 alterum
1604 5014 1733 5074 nultius

173 5116 323 5190 tempore
337 5108 454 5171 diluvii
467 5110 574 5173 nullus
595 5118 683 5174 extra
703 5130 810 5174 arcam
831 5112 891 5174 tuit
911 5130 930 5175 a
983 5134 1049 5175 ease
1063 5114 1144 5190 lepis
1157 5114 1320 5190 affirmat.
1337 5114 1483 5179 Quorum
1502 5112 1593 5171 litem
1608 5112 1645 5171 iu
1663 5112 1731 5171 alio

173 5206 302 5269 diluvio
322 5216 543 5287 praeservatur,
563 5208 609 5271 sic
631 5217 774 5293 tempere
794 5228 932 5292 evange-
983 5216 1099 5274 aoecuto
1113 5212 1248 5271 dirimet
1262 5212 1357 5271 Deua.
1374 5208 1460 5271 lstud
1478 5208 1662 5291 frequenter
1675 5207 1731 5271 lra-

174 5305 249 5369 licas
269 5304 352 5388 legis
371 5305 481 5369 nullus
503 5316 591 5371 extra
613 5306 790 5373 Ecclesiam
813 5310 929 5374 Christi
984 5312 1077 5373 betur
1098 5310 1133 5372 in
1158 5308 1324 5371 Alcorano.
1347 5306 1408 5370 Sed
1432 5307 1514 5386 dico,
1537 5307 1622 5391 quod
1646 5306 1729 5371 lleus
