4309 6250
418 491 458 539 bs
479 492 643 540 DlGNlTlll'li
665 492 701 537 ΕΤ
721 492 870 538 LAUDIBUS
892 494 919 537 B-
943 493 971 536 V.
994 493 1112 550 ΙΛΒΙΔΞ,
1134 493 1222 539 tanta
1244 495 1263 539 l.
1285 511 1327 523 ·-
1346 495 1417 540 All'l’.
1440 495 1537 541 xxvtu
1715 477 1755 540 53

203 667 313 724 tenera
328 661 550 744 compassione
566 669 729 738 matema3
745 667 777 724 et
796 659 950 738 residens,
966 659 991 722 Α
1008 660 1054 722 ria
1068 669 1100 724 et
1113 661 1295 739 bonore,de
1309 662 1515 726 humanitatis
1528 664 1643 727 Gbristi
1657 664 1757 727 subli-

203 760 309 842 posuit
334 779 469 843 puerum
494 761 526 823 in
552 759 674 843 gremio
698 777 766 835 suo,
784 759 952 822 involvens
1006 759 1146 822 mationa
1169 759 1378 824 ineffabiliter
1398 779 1528 843 prorsus
1549 763 1755 844 gaudentium
1827 752 1832 760 ’

204 877 276 921 eum
292 858 475 940 panniculis
490 858 582 922 solito
605 859 710 922 modo.
726 857 845 933 Quibus
867 875 953 920 com·
1006 875 1043 918 oo
1074 857 1137 920 [leo
1165 857 1321 922 altissimo
1349 860 1555 923 devotissime
1583 860 1757 942 regratian-

204 956 310 1038 pletis,
337 957 465 1020 intravit
489 977 597 1035 senex,
622 963 654 1020 et
676 965 880 1040 prosternens
905 975 950 1034 se,
1007 955 1102 1017 tiumt
1115 955 1253 1033 Etenim,
1261 957 1288 1018 si
1303 957 1443 1038 gaudent
1456 957 1496 1020 de
1509 975 1575 1020 uno
1589 967 1755 1040 peccatore
1769 970 1901 1022 taucto-

206 1073 339 1136 puerum
365 1055 507 1118 adoravit
530 1055 664 1136 genibus
692 1053 796 1131 flexis,
824 1053 952 1136 plorans
1007 1052 1227 1136 poeuiteutiam
1243 1053 1393 1134 faciente,
1409 1063 1563 1136 quantum
1578 1055 1756 1138 gloriaban-

206 1171 271 1234 prae
285 1153 412 1234 gaudio.
428 1153 500 1216 llaec
515 1153 585 1216 loco
601 1152 810 1235 praeallegato.
1007 1159 1059 1213 tur
1076 1152 1116 1214 de
1134 1150 1283 1214 omuibus
1301 1153 1368 1234 jam
1390 1153 1567 1233 praetactisf
1581 1154 1754 1232 Postremo,

31 1260 193 1312 meamea.
246 1249 485 1331 OBetblebem‚
502 1250 614 1314 civitas
632 1250 686 1312 Dei
709 1249 837 1327 summi,
853 1268 953 1332 quan·
1008 1248 1151 1332 patribus
1175 1250 1294 1312 sanctis
1319 1250 1353 1312 in
1378 1250 1477 1314 limbo
1500 1250 1584 1315 facta
1608 1259 1657 1315 eat
1679 1259 1756 1316 tnnc

205 1355 275 1410 tum
290 1348 423 1410 exaltata
438 1367 484 1428 es,
493 1349 569 1411 dum
584 1348 673 1411 lesus
688 1347 842 1426 Christus,
855 1347 953 1410 filias
1010 1345 1186 1410 consolatio
1207 1366 1334 1430 magua.

204 1446 272 1524 Ilei,
290 1454 383 1509 uatus
396 1454 445 1509 est
458 1445 492 1508 in
508 1445 591 1509 te10
605 1445 831 1528 gloriosissima
845 1445 951 1527 Virgo,

204 1563 224 1608 o
246 1543 434 1607 dulcissima
451 1552 483 1608 et
501 1544 534 1607 in
554 1552 706 1608 eternum
731 1543 953 1606 benedictissi-

203 1661 257 1705 ma
272 1641 363 1723 virgo
376 1642 481 1719 ldaria,
497 1641 574 1724 quid
592 1640 650 1704 tibi
672 1641 823 1704 retribuet
844 1641 951 1722 bomo,
1164 1609 1409 1676 ARTIGULUS
1438 1611 1597 1676 XXVIII·

203 1739 281 1822 quid
297 1739 445 1804 maehina
460 1740 666 1820 mundi‚quid
682 1739 874 1802 universitas
890 1759 953 1804 cre·
1056 1759 1105 1818 De
1133 1759 1342 1819 mirabilibus
1355 1757 1429 1822 'nei
1453 1761 1490 1819 in
1517 1761 1708 1821 dalmaciam

203 1845 313 1916 sturae,
330 1856 387 1920 pro
401 1838 488 1902 omni
503 1838 587 1902 bono
608 1838 692 1920 quod
714 1856 773 1918 per
793 1845 822 1900 fe
843 1839 951 1902 datum
966 1839 990 1901 B
1134 1866 1173 1906 uc
1182 1848 1336 1922 piissima
1350 1849 1464 1910 Maria
1473 1852 1631 1926 peractis.

203 1943 252 1998 est
267 1937 397 2010 mundo,
408 1935 582 2016 presertim
597 1935 705 2017 generi
721 1936 860 2000 humano
874 1936 952 1998 olim

203 2033 391 2114 deperditol
406 2032 525 2115 Nempe
540 2053 578 2096 ex
594 2041 635 2110 fe,
651 2052 671 2097 o
685 2033 779 2097 unica
796 2033 852 2096 bei
875 2051 953 2116 prae-
1069 2037 1236 2098 REAVIT
1250 2036 1412 2096 Dominus
1433 2054 1550 2096 novum
1575 2055 1675 2112 super
1694 2045 1757 2096 ter·
1782 2065 1897 2116 mm„

203 2131 398 2194 electissima
422 2149 550 2212 sponsa,
567 2139 670 2194 ortum
689 2139 738 2195 est
762 2131 882 2195 mundo
905 2132 953 2194 lu-
1085 2156 1158 2196 rom
1183 2155 1196 2193 .·
1220 2131 1365 2194 mulier*
1386 2135 1606 2194 circumdabit
1634 2136 1755 2196 etrum.
1771 2129 1806 2215 ξ’·
1841 2191 1846 2200 ,

203 2248 279 2291 men
312 2237 478 2306 nmmum,
508 2229 593 2290 salus
622 2237 786 2311 perpetua,
815 2229 954 2292 salvator
1008 2233 1160 2312 Quamvis
1173 2231 1376 2312 omnipotens
1391 2231 1473 2294 Deus
1493 2231 1534 2295 ab
1552 2233 1682 2296 exordio
1703 2251 1760 2295 se
1790 2192 1878 2248 'm

203 2326 378 2408 perfectus,
394 2327 496 2390 bonor
517 2327 702 2390 immensus.
719 2325 763 2390 Er
787 2335 817 2390 te
842 2335 874 2390 et
896 2346 954 2410 per
1009 2335 1155 2398 culorum
1175 2329 1276 2392 multo
1290 2337 1321 2391 et
1335 2349 1450 2412 magua
1472 2328 1629 2392 mirabilia
1649 2347 1761 2411 opera-

74 2447 112 2488 1⁸.
122 2447 189 2494 ma.
204 2433 236 2487 te
251 2432 344 2486 natus
359 2444 395 2487 ac
410 2426 502 2487 datus
517 2433 565 2487 est
579 2424 670 2488 nobis
685 2424 870 2506 Unigenitus
885 2425 952 2501 Dei,
1008 2439 1058 2495 tus
1092 2436 1255 2505 noscatur,
1280 2427 1314 2488 in
1338 2426 1559 2490 universorum
1588 2427 1758 2507 creatione,

203 2522 345 2604 Angelus
365 2523 472 2604 magni
492 2522 629 2599 consilii,
645 2522 859 2600 Admirabile,
875 2521 955 2586 Gon·
1009 2527 1227 2604 distinctione,
1249 2533 1376 2601 ornatu,
1402 2524 1435 2586 in
1459 2524 1600 2606 generali
1624 2524 1759 2602 diluvio,

203 2621 355 2698 siliarius,
373 2621 467 2700 Deus,
482 2621 592 2698 Fortis,
610 2620 700 2684 Pater
713 2619 812 2683 futuri
833 2621 951 2698 saeculi,
1010 2627 1042 2689 in
1060 2625 1229 2690 eductione
1244 2622 1384 2686 filiorum
1399 2621 1495 2684 lsrael
1514 2641 1552 2686 ex
1566 2622 1711 2704 AEgypto,
1726 2623 1760 2686 in

35 2739 187 2790 ramus.
202 2719 354 2801 Princeps
369 2719 469 2801 pacis,
485 2719 567 2782 Deus
582 2719 674 2782 fortis
695 2727 727 2782 et
747 2727 871 2801 potens,
886 2719 950 2783 Rex
1008 2723 1200 2787 deductione
1220 2738 1330 2784 eorum
1352 2740 1410 2802 per
1430 2739 1585 2798 eremum,
1602 2720 1636 2782 in
1663 2720 1761 2784 intro-

203 2817 325 2900 gloriae,
351 2816 452 2880 vietor
476 2816 604 2894 diaboli,
630 2825 791 2897 reparator
815 2817 954 2880 bominis
1009 2821 1158 2884 ductione
1182 2836 1293 2881 eorum
1313 2817 1347 2879 in
1367 2825 1482 2880 terram
1507 2817 1710 2899 promissam,
1726 2819 1759 2882 in

208 2915 302 2997 lapsi,
328 2913 401 2977 fons
429 2913 546 2996 gratia),
572 2915 664 2977 dator
687 2914 837 2976 virtutum
864 2939 871 2975 :
898 2934 955 2996 per
1009 2919 1106 2982 totius
1128 2917 1284 3000 regimine
1303 2915 1570 2996 universimque
1593 2935 1652 2999 per
1674 2917 1760 2981 viros

204 3031 300 3094 quem
320 3030 339 3074 a
358 3019 513 3094 potestate
536 3013 715 3074 demonum
741 3013 953 3094 servituteque
973 3015 1150 3093 Gsanctos,
1167 3033 1224 3096 per
1237 3031 1318 3095 qnos
1332 3013 1366 3074 iu
1382 3013 1453 3094 lege
1473 3014 1590 3094 scripta
1611 3022 1644 3076 et
1664 3033 1760 3077 evau-

115 3147 154 3175 ,ι
205 3111 353 3175 vitiorum
380 3108 545 3190 redempti,
572 3108 646 3172 faeti
674 3130 783 3171 sumus
808 3109 861 3173 Dei
891 3109 953 3173 filii
1009 3114 1113 3197 gelica
1132 3113 1197 3194 egit
1216 3109 1461 3173 innumerabilia
1482 3109 1584 3191 sigua,
1601 3119 1757 3192 portenta,

71 3228 77 3239 ·
110 3227 146 3301 eg·
164 3217 300 3307 n'atque
329 3208 475 3287 heredes,
505 3217 537 3269 et
564 3208 651 3269 cives
681 3208 820 3270 coelestis
850 3208 951 3289 regni,
1009 3213 1183 3287 miracula,
1210 3218 1317 3272 umen
1342 3209 1409 3271 baeo
1434 3209 1544 3273 omnia
1567 3228 1625 3291 per
1653 3228 1760 3292 respe-

205 3326 291 3370 nunc
315 3306 445 3389 quidem
471 3306 503 3367 in
527 3324 608 3387 spo3
633 3305 775 3387 adepturi
801 3314 846 3369 tot
870 3306 953 3369 bona
1008 3321 1095 3375 ctum
1120 3311 1160 3372 ad
1185 3307 1343 3370 mirabilia
1367 3315 1399 3368 et
1423 3307 1759 3389 incomprehensibilia

202 3406 236 3469 in
267 3425 312 3483 re,
339 3404 366 3467 si
393 3403 537 3484 piissimo
566 3403 768 3484 Redemptori
797 3403 952 3467 fuerimus
1008 3427 1079 3490 qum
1098 3409 1131 3469 in
1156 3406 1385 3489 gloriosissima
1409 3424 1446 3467 ac
1470 3405 1678 3467 dilectissima
1701 3426 1759 3470 sua

202 3504 295 3588 grati.
1008 3507 1103 3569 Maria
1127 3504 1249 3582 effecit,
1274 3522 1374 3585 parva
1401 3503 1551 3565 videntur
1577 3503 1758 3585 modicique

242 3602 266 3665 0
282 3602 404 3683 optima
418 3607 450 3663 et
459 3600 726 3663 excellentissima
740 3600 830 3681 virgo
843 3600 949 3681 Maria,
1008 3604 1144 3667 decoris.

203 3720 274 3783 quar
291 3700 410 3762 mundo
432 3716 525 3761 saum
546 3697 712 3761 ostendisti
735 3698 896 3780 opificem,
913 3719 950 3762 ex
1048 3701 1168 3781 Nempe
1189 3700 1221 3762 in
1242 3718 1280 3761 ea
1299 3707 1332 3761 et
1355 3716 1413 3779 per
1435 3717 1516 3775 eam,
1534 3698 1599 3763 imo
1623 3720 1661 3763 ex
1685 3700 1755 3781 ejus

204 3820 265 3882 qua
284 3798 367 3861 Deus
387 3806 523 3861 aeternus
542 3796 645 3859 faetus
664 3806 713 3860 est
732 3796 837 3860 infans
858 3798 950 3861 unius
1008 3799 1196 3877 substantia,
1212 3797 1384 3859 constituta
1405 3805 1454 3861 est
1474 3816 1538 3860 uua
1559 3816 1695 3880 persona
1716 3819 1754 3862 ex

204 3898 278 3975 diei,
299 3904 419 3977 quanto
443 3896 559 3978 gaudio
585 3895 753 3959 letificasti
778 3898 894 3960 coelum
920 3906 951 3961 et
1007 3918 1041 3961 re
1055 3906 1172 3960 aeterna
1191 3904 1223 3957 et
1244 3896 1395 3973 increata,
1411 3903 1442 3957 et
1461 3914 1499 3957 ex
1518 3902 1622 3958 creata
1641 3905 1755 3959 natura

204 4004 333 4071 terram,
354 3996 429 4057 dum
456 3992 510 4055 Dei
536 3993 649 4057 lilium
674 3994 824 4076 peperisti
839 4004 845 4057 l
863 3996 950 4059 Tunc
1006 3995 1157 4057 bumana.
1172 3994 1244 4075 lpsa
1260 3993 1407 4074 concepit
1425 4001 1457 4054 et
1475 3992 1586 4074 gennit
1607 3994 1754 4075 praeexsi-

51 4103 114 4145 Luc-
132 4094 352 4174 ¹atoquidem
386 4092 519 4173 angelus
547 4100 675 4155 sanetus
705 4112 777 4155 mox
804 4094 952 4176 apparuit
1007 4102 1142 4155 stentem
1163 4100 1313 4153 aeternam
1338 4090 1623 4172 invariabilemque
1647 4112 1754 4174 perso-

43 4170 82 4208 ἰ’
206 4210 278 4253 cnm
294 4190 550 4273 splendidissimo
564 4190 636 4253 luce
652 4192 829 4271 pastoribus
846 4216 853 4253 ι
871 4192 950 4255 Ecce
966 4188 991 4252 b
1008 4210 1093 4268 nom,
1109 4198 1141 4253 et
1156 4190 1184 4251 is
1205 4208 1299 4269 quem
1318 4196 1403 4251 totus
1423 4208 1486 4251 noo
1508 4189 1594 4270 capit
1613 4210 1673 4253 nec
1693 4192 1755 4255 cir·

204 4288 381 4369 (inquiens)
399 4287 583 4369 evangelizo
606 4288 695 4351 vobis
715 4290 863 4370 gaudium
887 4310 952 4353 ma·
1007 4288 1224 4351 cumscribere
1253 4295 1356 4369 potest
1380 4286 1477 4364 orbis,
1504 4287 1537 4349 iu
1565 4288 1754 4353 beatissimae

205 4406 315 4469 gnum
333 4386 370 4449 Et
394 4386 538 4467 protinus
563 4386 646 4449 facta
669 4395 718 4449 est
741 4406 814 4451 cum
837 4392 951 4472 angelo
1007 4386 1147 4467 Virginis
1172 4392 1262 4447 utero
1280 4384 1408 4446 clausus
1428 4394 1487 4462 est,
1511 4385 1623 4449 fruitus
1643 4396 1675 4451 et
1695 4389 1755 4452 oir-

204 4485 373 4549 multitudo
387 4484 525 4547 coelestis
540 4483 708 4561 exercitus,
722 4486 781 4547 boc
796 4494 844 4548 est
859 4487 952 4549 iunu-
1007 4484 1231 4565 cumscriptus
1247 4482 1318 4563 lpsa
1332 4483 1479 4564 concepit
1497 4492 1592 4563 atque
1610 4486 1643 4547 iu
1664 4496 1754 4549 utero

205 4582 406 4646 merabilium
421 4580 534 4645 concio
549 4581 950 4663 angelorum,laudantium
1008 4582 1219 4645 circumdedit
1243 4600 1378 4663 puerum
1403 4582 1458 4662 qui
1484 4582 1586 4663 primo
1609 4584 1661 4647 die
1689 4604 1754 4647 suae

205 4682 302 4744 Deum
319 4688 414 4761 atoue
428 4679 604 4743 dicentium
622 4703 629 4741 :
646 4679 751 4744 Gloria
766 4681 798 4742 in
818 4682 951 4745 excelsis
1008 4680 1223 4762 conceptionis
1247 4679 1366 4742 exstitit
1393 4680 1443 4741 vir
1471 4681 1631 4763 perfectus
1658 4707 1666 4743 ε
1693 4683 1752 4760 vir,

204 4780 278 4843 Deo.
295 4778 484 4859 Oquantum
501 4777 562 4839 fuit
576 4786 650 4840 tunc
665 4780 816 4860 gaudium
834 4781 865 4841 in
881 4781 953 4841 uni·
1006 4780 1149 4861 iuquam,
1175 4797 1240 4840 nou
1269 4777 1411 4859 corporis
1439 4781 1624 4861 quantitate,
1650 4801 1754 4862 neque

204 4896 295 4940 versa
310 4876 411 4958 patria
425 4874 603 4955 beatorum,
620 4875 653 4937 in
668 4895 765 4957 regno
785 4877 949 4956 ooelorum,
1007 4884 1109 4955 aetate,
1127 4878 1182 4939 sed
1198 4876 1314 4939 mentis
1329 4876 1524 4957 perfectione
1539 4887 1570 4941 et
1585 4881 1672 4943 omni
1693 4881 1755 4942 vir-

203 4976 236 5037 in
252 4974 378 5038 cunctis
393 4972 560 5037 ordinibus
575 4974 772 5055 angelorum,
789 4976 828 5038 de
851 4976 953 5038 bomi—
1007 4983 1095 5052 tute,
1111 4976 1166 5056 qui
1185 4976 1296 5037 eodem
1323 4976 1453 5039 instanti
1477 4996 1541 5058 quo
1565 4979 1662 5059 coepit
1684 4998 1754 5041 esse

204 5094 280 5135 num
310 5071 541 5153 redemptione,
570 5072 610 5135 de
640 5090 703 5134 suaa
732 5072 952 5137 minorationis
1008 5074 1040 5135 in
1071 5082 1184 5136 natura
1212 5084 1387 5156 assumpta,
1417 5074 1520 5137 factus
1548 5084 1596 5137 est
1624 5076 1754 5139 Deitatis

204 5172 416 5253 reparatione,
445 5171 485 5233 de
513 5169 695 5232 divinorum
729 5171 951 5252 mysteriorum
1008 5171 1267 5253 comprehensor,
1297 5172 1408 5235 beatus
1441 5172 1473 5234 in
1506 5173 1662 5254 superiori
1690 5194 1753 5237 sue

204 5271 445 5354 adimpletione,
462 5270 502 5333 de
521 5267 710 5333 beatissime
725 5268 866 5351 Virginis
887 5270 953 5353 glo-
1008 5270 1123 5335 animae
1142 5270 1298 5353 portione,
1318 5270 1352 5333 ln
1375 5269 1624 5352 praeclarissimae
1644 5280 1753 5336 ventre
