<?xml version="1.0" encoding="UTF-8"?>
<!DOCTYPE html PUBLIC "-//W3C//DTD XHTML 1.0 Transitional//EN"
    "http://www.w3.org/TR/xhtml1/DTD/xhtml1-transitional.dtd">
<html xmlns="http://www.w3.org/1999/xhtml" xml:lang="en" lang="en">
 <head>
  <title>
</title>
<meta http-equiv="Content-Type" content="text/html;charset=utf-8" />
  <meta name='ocr-system' content='tesseract 3.04.00' />
  <meta name='ocr-capabilities' content='ocr_page ocr_carea ocr_par ocr_line ocrx_word'/>
</head>
<body>
  <div class='ocr_page' id='page_1' title='image "./doctorisecstati03unkngoog_0221.png"; bbox 0 0 4309 6250; ppageno 0'>
   <div class='ocr_carea' id='block_1_1' title="bbox 310 481 1719 562">
    <p class='ocr_par' dir='ltr' id='par_1_1' title="bbox 310 481 1719 562">
     <span class='ocr_line' id='line_1_1' title="bbox 310 481 1719 562; baseline -0.001 -12"><span class='ocrx_word' id='word_1_1' title='bbox 310 505 351 550; x_wconf 68' lang='lat' dir='ltr'><strong>DE</strong></span> <span class='ocrx_word' id='word_1_2' title='bbox 370 503 454 550; x_wconf 70' lang='grc' dir='ltr'><strong>10Βο</strong></span> <span class='ocrx_word' id='word_1_3' title='bbox 474 502 591 550; x_wconf 73' lang='lat' dir='ltr'>AGENDI</span> <span class='ocrx_word' id='word_1_4' title='bbox 612 501 845 562; x_wconf 68' lang='lat' dir='ltr'><strong>PROEESSIONBS,</strong></span> <span class='ocrx_word' id='word_1_5' title='bbox 869 501 1110 557; x_wconf 70' lang='lat' dir='ltr'><strong>sanctamque</strong></span> <span class='ocrx_word' id='word_1_6' title='bbox 1131 501 1360 548; x_wconf 77' lang='lat' dir='ltr'><strong>vananattontr.</strong></span> <span class='ocrx_word' id='word_1_7' title='bbox 1383 519 1422 530; x_wconf 88' lang='lat'>-</span> <span class='ocrx_word' id='word_1_8' title='bbox 1443 502 1513 549; x_wconf 76' lang='lat' dir='ltr'><strong>aar.</strong></span> <span class='ocrx_word' id='word_1_9' title='bbox 1537 502 1568 550; x_wconf 79' lang='lat' dir='ltr'><strong>Vl</strong></span> <span class='ocrx_word' id='word_1_10' title='bbox 1659 481 1719 548; x_wconf 67' lang='lat'><strong>203</strong></span> 
     </span>
    </p>
   </div>
   <div class='ocr_carea' id='block_1_2' title="bbox 165 672 1724 1054">
    <p class='ocr_par' dir='ltr' id='par_1_2' title="bbox 165 672 1724 854">
     <span class='ocr_line' id='line_1_2' title="bbox 165 672 1723 756; baseline -0.004 -16"><span class='ocrx_word' id='word_1_11' title='bbox 165 683 316 740; x_wconf 86' lang='lat' dir='ltr'><strong>asserunt</strong></span> <span class='ocrx_word' id='word_1_12' title='bbox 333 676 528 740; x_wconf 86' lang='lat' dir='ltr'><strong>llaimundus</strong></span> <span class='ocrx_word' id='word_1_13' title='bbox 548 675 664 756; x_wconf 91' lang='lat' dir='ltr'><strong>aliique</strong></span> <span class='ocrx_word' id='word_1_14' title='bbox 678 675 823 738; x_wconf 89' lang='lat' dir='ltr'><strong>doctores</strong></span> <span class='ocrx_word' id='word_1_15' title='bbox 842 691 917 738; x_wconf 91' lang='lat' dir='ltr'><strong>con·</strong></span> <span class='ocrx_word' id='word_1_16' title='bbox 932 674 957 736; x_wconf 86' lang='grc' dir='ltr'>Α</span> <span class='ocrx_word' id='word_1_17' title='bbox 973 673 1006 736; x_wconf 93' lang='lat' dir='ltr'><strong>in</strong></span> <span class='ocrx_word' id='word_1_18' title='bbox 1022 674 1111 736; x_wconf 89' lang='lat' dir='ltr'><strong>cultu</strong></span> <span class='ocrx_word' id='word_1_19' title='bbox 1126 673 1181 737; x_wconf 88' lang='lat' dir='ltr'><strong>Dei</strong></span> <span class='ocrx_word' id='word_1_20' title='bbox 1197 673 1408 756; x_wconf 82' lang='lat' dir='ltr'><strong>superfluum,</strong></span> <span class='ocrx_word' id='word_1_21' title='bbox 1421 673 1571 755; x_wconf 92' lang='lat' dir='ltr'><strong>quoniam</strong></span> <span class='ocrx_word' id='word_1_22' title='bbox 1588 673 1626 736; x_wconf 88' lang='lat' dir='ltr'><strong>ad</strong></span> <span class='ocrx_word' id='word_1_23' title='bbox 1642 672 1723 735; x_wconf 89' lang='lat' dir='ltr'><strong>inte-</strong></span> 
     </span>
     <span class='ocr_line' id='line_1_3' title="bbox 167 769 1724 854; baseline -0.003 -17"><span class='ocrx_word' id='word_1_24' title='bbox 167 775 319 838; x_wconf 87' lang='lat' dir='ltr'><strong>corditer.</strong></span> <span class='ocrx_word' id='word_1_25' title='bbox 972 773 1089 836; x_wconf 93' lang='lat' dir='ltr'><strong>riorem</strong></span> <span class='ocrx_word' id='word_1_26' title='bbox 1115 772 1170 835; x_wconf 86' lang='lat' dir='ltr'><strong>Dei</strong></span> <span class='ocrx_word' id='word_1_27' title='bbox 1192 773 1313 836; x_wconf 88' lang='lat' dir='ltr'><strong>cultum</strong></span> <span class='ocrx_word' id='word_1_28' title='bbox 1336 791 1400 836; x_wconf 90' lang='lat' dir='ltr'><strong>non</strong></span> <span class='ocrx_word' id='word_1_29' title='bbox 1421 772 1567 854; x_wconf 81' lang='lat' dir='ltr'>pertinet,</span> <span class='ocrx_word' id='word_1_30' title='bbox 1585 769 1668 834; x_wconf 80' lang='lat' dir='ltr'><strong>sidut</strong></span> <span class='ocrx_word' id='word_1_31' title='bbox 1692 778 1724 833; x_wconf 90' lang='lat' dir='ltr'><strong>et</strong></span> 
     </span>
    </p>

    <p class='ocr_par' dir='ltr' id='par_1_3' title="bbox 167 869 1724 1054">
     <span class='ocr_line' id='line_1_4' title="bbox 207 869 1724 954; baseline -0.003 -18"><span class='ocrx_word' id='word_1_32' title='bbox 207 873 338 936; x_wconf 83' lang='lat' dir='ltr'><strong>Constat</strong></span> <span class='ocrx_word' id='word_1_33' title='bbox 351 881 457 936; x_wconf 92' lang='lat' dir='ltr'><strong>antem</strong></span> <span class='ocrx_word' id='word_1_34' title='bbox 471 873 559 937; x_wconf 89' lang='lat' dir='ltr'><strong>omni</strong></span> <span class='ocrx_word' id='word_1_35' title='bbox 574 872 764 954; x_wconf 78' lang='lat' dir='ltr'><strong>intelligenti</strong></span> <span class='ocrx_word' id='word_1_36' title='bbox 780 871 918 953; x_wconf 86' lang='lat' dir='ltr'><strong>Scriptu-</strong></span> <span class='ocrx_word' id='word_1_37' title='bbox 972 872 1168 953; x_wconf 79' lang='lat' dir='ltr'><strong>Augustinus</strong></span> <span class='ocrx_word' id='word_1_38' title='bbox 1192 871 1224 933; x_wconf 93' lang='lat' dir='ltr'><strong>in</strong></span> <span class='ocrx_word' id='word_1_39' title='bbox 1246 871 1327 935; x_wconf 92' lang='lat' dir='ltr'><strong>libro</strong></span> <span class='ocrx_word' id='word_1_40' title='bbox 1347 873 1386 934; x_wconf 89' lang='lat' dir='ltr'><strong>de</strong></span> <span class='ocrx_word' id='word_1_41' title='bbox 1402 872 1484 934; x_wconf 81' lang='lat' dir='ltr'><strong>Vera</strong></span> <span class='ocrx_word' id='word_1_42' title='bbox 1506 869 1659 952; x_wconf 89' lang='lat' dir='ltr'><strong>religione</strong></span> <span class='ocrx_word' id='word_1_43' title='bbox 1679 877 1724 932; x_wconf 90' lang='lat' dir='ltr'><strong>te-</strong></span> 
     </span>
     <span class='ocr_line' id='line_1_5' title="bbox 167 968 1724 1054; baseline -0.001 -20"><span class='ocrx_word' id='word_1_44' title='bbox 167 993 229 1050; x_wconf 88' lang='lat' dir='ltr'><strong>ras,</strong></span> <span class='ocrx_word' id='word_1_45' title='bbox 247 973 333 1054; x_wconf 89' lang='lat' dir='ltr'><strong>quod</strong></span> <span class='ocrx_word' id='word_1_46' title='bbox 355 971 502 1054; x_wconf 89' lang='lat' dir='ltr'><strong>quamvis</strong></span> <span class='ocrx_word' id='word_1_47' title='bbox 519 971 552 1034; x_wconf 95' lang='lat' dir='ltr'><strong>in</strong></span> <span class='ocrx_word' id='word_1_48' title='bbox 571 972 660 1035; x_wconf 88' lang='lat' dir='ltr'><strong>omni</strong></span> <span class='ocrx_word' id='word_1_49' title='bbox 681 980 754 1036; x_wconf 85' lang='lat' dir='ltr'><strong>actu</strong></span> <span class='ocrx_word' id='word_1_50' title='bbox 778 972 918 1034; x_wconf 87' lang='lat' dir='ltr'><strong>bumana</strong></span> <span class='ocrx_word' id='word_1_51' title='bbox 972 978 1084 1032; x_wconf 89' lang='lat' dir='ltr'><strong>statur.</strong></span> <span class='ocrx_word' id='word_1_52' title='bbox 1101 970 1172 1032; x_wconf 75' lang='lat' dir='ltr'><strong>Hanc</strong></span> <span class='ocrx_word' id='word_1_53' title='bbox 1195 969 1340 1033; x_wconf 84' lang='lat' dir='ltr'><strong>Thomas.</strong></span> <span class='ocrx_word' id='word_1_54' title='bbox 1358 970 1459 1045; x_wconf 87' lang='lat' dir='ltr'><strong>Ouum</strong></span> <span class='ocrx_word' id='word_1_55' title='bbox 1484 987 1561 1050; x_wconf 90' lang='lat' dir='ltr'><strong>ergo</strong></span> <span class='ocrx_word' id='word_1_56' title='bbox 1586 968 1724 1050; x_wconf 77' lang='lat' dir='ltr'><strong>pretate</strong></span> 
     </span>
    </p>
   </div>
   <div class='ocr_carea' id='block_1_3' title="bbox 25 1066 1871 3417">
    <p class='ocr_par' dir='ltr' id='par_1_4' title="bbox 166 1066 1726 3027">
     <span class='ocr_line' id='line_1_6' title="bbox 167 1066 1725 1150; baseline -0.003 -18"><span class='ocrx_word' id='word_1_57' title='bbox 167 1071 306 1134; x_wconf 74' lang='lat' dir='ltr'><strong>vitanda</strong></span> <span class='ocrx_word' id='word_1_58' title='bbox 330 1072 395 1134; x_wconf 86' lang='lat' dir='ltr'><strong>sint</strong></span> <span class='ocrx_word' id='word_1_59' title='bbox 419 1070 575 1134; x_wconf 78' lang='lat' dir='ltr'><strong>universe</strong></span> <span class='ocrx_word' id='word_1_60' title='bbox 599 1069 787 1146; x_wconf 80' lang='lat' dir='ltr'><strong>insolentia,</strong></span> <span class='ocrx_word' id='word_1_61' title='bbox 809 1069 918 1132; x_wconf 89' lang='lat' dir='ltr'><strong>levita-</strong></span> <span class='ocrx_word' id='word_1_62' title='bbox 972 1067 1161 1146; x_wconf 85' lang='lat' dir='ltr'><strong>insolentiae,</strong></span> <span class='ocrx_word' id='word_1_63' title='bbox 1178 1067 1415 1148; x_wconf 79' lang='lat' dir='ltr'><strong>dissolutiones,</strong></span> <span class='ocrx_word' id='word_1_64' title='bbox 1437 1066 1609 1150; x_wconf 76' lang='lat' dir='ltr'><strong>pompatici</strong></span> <span class='ocrx_word' id='word_1_65' title='bbox 1629 1085 1725 1149; x_wconf 93' lang='lat' dir='ltr'><strong>appa-</strong></span> 
     </span>
     <span class='ocr_line' id='line_1_7' title="bbox 166 1164 1723 1250; baseline -0.002 -19"><span class='ocrx_word' id='word_1_66' title='bbox 166 1178 226 1247; x_wconf 86' lang='lat' dir='ltr'><strong>tes,</strong></span> <span class='ocrx_word' id='word_1_67' title='bbox 243 1169 480 1249; x_wconf 88' lang='lat' dir='ltr'><strong>dissolutiones,</strong></span> <span class='ocrx_word' id='word_1_68' title='bbox 498 1169 670 1250; x_wconf 76' lang='lat' dir='ltr'><strong>pompatici</strong></span> <span class='ocrx_word' id='word_1_69' title='bbox 691 1177 799 1250; x_wconf 90' lang='lat' dir='ltr'><strong>gestus</strong></span> <span class='ocrx_word' id='word_1_70' title='bbox 818 1176 850 1230; x_wconf 90' lang='lat' dir='ltr'><strong>et</strong></span> <span class='ocrx_word' id='word_1_71' title='bbox 869 1188 919 1230; x_wconf 91' lang='lat' dir='ltr'><strong>or·</strong></span> <span class='ocrx_word' id='word_1_72' title='bbox 972 1175 1070 1244; x_wconf 89' lang='lat' dir='ltr'><strong>ratus,</strong></span> <span class='ocrx_word' id='word_1_73' title='bbox 1090 1167 1274 1229; x_wconf 74' lang='lat' dir='ltr'><strong>inordinate</strong></span> <span class='ocrx_word' id='word_1_74' title='bbox 1290 1168 1467 1248; x_wconf 90' lang='lat' dir='ltr'><strong>potationes</strong></span> <span class='ocrx_word' id='word_1_75' title='bbox 1488 1175 1519 1229; x_wconf 88' lang='lat' dir='ltr'><strong>et</strong></span> <span class='ocrx_word' id='word_1_76' title='bbox 1538 1164 1723 1230; x_wconf 84' lang='lat' dir='ltr'><strong>consimiles</strong></span> 
     </span>
     <span class='ocr_line' id='line_1_8' title="bbox 166 1265 1722 1349; baseline -0.003 -19"><span class='ocrx_word' id='word_1_77' title='bbox 166 1277 261 1330; x_wconf 89' lang='lat' dir='ltr'><strong>natus</strong></span> <span class='ocrx_word' id='word_1_78' title='bbox 276 1268 316 1331; x_wconf 89' lang='lat' dir='ltr'><strong>ad</strong></span> <span class='ocrx_word' id='word_1_79' title='bbox 332 1267 498 1331; x_wconf 86' lang='lat' dir='ltr'><strong>libidinem</strong></span> <span class='ocrx_word' id='word_1_80' title='bbox 513 1275 734 1349; x_wconf 84' lang='lat' dir='ltr'><strong>pmrocautes,</strong></span> <span class='ocrx_word' id='word_1_81' title='bbox 747 1265 920 1347; x_wconf 77' lang='lat' dir='ltr'><strong>superflua</strong></span> <span class='ocrx_word' id='word_1_82' title='bbox 972 1265 1143 1328; x_wconf 80' lang='lat' dir='ltr'><strong>abusiones</strong></span> <span class='ocrx_word' id='word_1_83' title='bbox 1166 1285 1365 1347; x_wconf 90' lang='lat' dir='ltr'><strong>nequaquam</strong></span> <span class='ocrx_word' id='word_1_84' title='bbox 1388 1265 1568 1348; x_wconf 88' lang='lat' dir='ltr'><strong>pertineant</strong></span> <span class='ocrx_word' id='word_1_85' title='bbox 1588 1265 1626 1327; x_wconf 92' lang='lat' dir='ltr'><strong>ad</strong></span> <span class='ocrx_word' id='word_1_86' title='bbox 1649 1265 1722 1342; x_wconf 88' lang='lat' dir='ltr'><strong>boc,</strong></span> 
     </span>
     <span class='ocr_line' id='line_1_9' title="bbox 167 1362 1724 1447; baseline -0.002 -19"><span class='ocrx_word' id='word_1_87' title='bbox 167 1385 295 1447; x_wconf 92' lang='lat' dir='ltr'><strong>quoque</strong></span> <span class='ocrx_word' id='word_1_88' title='bbox 311 1373 343 1428; x_wconf 89' lang='lat' dir='ltr'><strong>et</strong></span> <span class='ocrx_word' id='word_1_89' title='bbox 357 1365 544 1428; x_wconf 73' lang='lat' dir='ltr'><strong>inordinatae</strong></span> <span class='ocrx_word' id='word_1_90' title='bbox 559 1365 735 1446; x_wconf 90' lang='lat' dir='ltr'><strong>potationes</strong></span> <span class='ocrx_word' id='word_1_91' title='bbox 756 1384 794 1428; x_wconf 88' lang='lat' dir='ltr'><strong>aa</strong></span> <span class='ocrx_word' id='word_1_92' title='bbox 816 1365 919 1428; x_wconf 79' lang='lat' dir='ltr'><strong>curio</strong></span> <span class='ocrx_word' id='word_1_93' title='bbox 971 1364 1055 1445; x_wconf 94' lang='lat' dir='ltr'><strong>quod</strong></span> <span class='ocrx_word' id='word_1_94' title='bbox 1079 1362 1175 1427; x_wconf 91' lang='lat' dir='ltr'><strong>bomo</strong></span> <span class='ocrx_word' id='word_1_95' title='bbox 1201 1383 1317 1445; x_wconf 91' lang='lat' dir='ltr'><strong>corpus</strong></span> <span class='ocrx_word' id='word_1_96' title='bbox 1341 1384 1433 1426; x_wconf 91' lang='lat' dir='ltr'><strong>suum</strong></span> <span class='ocrx_word' id='word_1_97' title='bbox 1458 1363 1598 1446; x_wconf 87' lang='lat' dir='ltr'><strong>perlecta</strong></span> <span class='ocrx_word' id='word_1_98' title='bbox 1624 1363 1724 1445; x_wconf 84' lang='lat' dir='ltr'><strong>subji-</strong></span> 
     </span>
     <span class='ocr_line' id='line_1_10' title="bbox 166 1461 1723 1544; baseline -0.002 -18"><span class='ocrx_word' id='word_1_99' title='bbox 166 1465 279 1527; x_wconf 83' lang='lat' dir='ltr'><strong>sitatcs</strong></span> <span class='ocrx_word' id='word_1_100' title='bbox 304 1464 427 1544; x_wconf 89' lang='lat' dir='ltr'><strong>inanes,</strong></span> <span class='ocrx_word' id='word_1_101' title='bbox 443 1463 580 1526; x_wconf 84' lang='lat' dir='ltr'><strong>maxime</strong></span> <span class='ocrx_word' id='word_1_102' title='bbox 604 1472 709 1526; x_wconf 93' lang='lat' dir='ltr'><strong>tamen</strong></span> <span class='ocrx_word' id='word_1_103' title='bbox 735 1464 864 1526; x_wconf 84' lang='lat' dir='ltr'><strong>vitanda</strong></span> <span class='ocrx_word' id='word_1_104' title='bbox 888 1471 920 1526; x_wconf 93' lang='lat' dir='ltr'><strong>et</strong></span> <span class='ocrx_word' id='word_1_105' title='bbox 973 1461 1038 1525; x_wconf 88' lang='lat' dir='ltr'><strong>ciat</strong></span> <span class='ocrx_word' id='word_1_106' title='bbox 1065 1462 1191 1542; x_wconf 78' lang='lat' dir='ltr'><strong>animae,</strong></span> <span class='ocrx_word' id='word_1_107' title='bbox 1222 1471 1253 1524; x_wconf 86' lang='lat' dir='ltr'><strong>et</strong></span> <span class='ocrx_word' id='word_1_108' title='bbox 1282 1463 1421 1526; x_wconf 92' lang='lat' dir='ltr'><strong>animam</strong></span> <span class='ocrx_word' id='word_1_109' title='bbox 1450 1464 1523 1540; x_wconf 87' lang='lat' dir='ltr'><strong>Deo,</strong></span> <span class='ocrx_word' id='word_1_110' title='bbox 1556 1463 1723 1544; x_wconf 90' lang='lat' dir='ltr'><strong>ipsumque</strong></span> 
     </span>
     <span class='ocr_line' id='line_1_11' title="bbox 167 1561 1725 1642; baseline -0.004 -15"><span class='ocrx_word' id='word_1_111' title='bbox 167 1563 383 1627; x_wconf 88' lang='lat' dir='ltr'><strong>abominanda</strong></span> <span class='ocrx_word' id='word_1_112' title='bbox 402 1571 477 1625; x_wconf 87' lang='lat' dir='ltr'><strong>sunt</strong></span> <span class='ocrx_word' id='word_1_113' title='bbox 493 1562 603 1626; x_wconf 91' lang='lat' dir='ltr'><strong>omnia</strong></span> <span class='ocrx_word' id='word_1_114' title='bbox 622 1562 681 1624; x_wconf 89' lang='lat' dir='ltr'><strong>ista</strong></span> <span class='ocrx_word' id='word_1_115' title='bbox 702 1563 736 1623; x_wconf 92' lang='lat' dir='ltr'><strong>in</strong></span> <span class='ocrx_word' id='word_1_116' title='bbox 761 1561 848 1624; x_wconf 90' lang='lat' dir='ltr'><strong>cultu</strong></span> <span class='ocrx_word' id='word_1_117' title='bbox 872 1563 920 1624; x_wconf 94' lang='lat' dir='ltr'><strong>di·</strong></span> <span class='ocrx_word' id='word_1_118' title='bbox 973 1561 1071 1623; x_wconf 87' lang='lat' dir='ltr'><strong>Deum</strong></span> <span class='ocrx_word' id='word_1_119' title='bbox 1088 1561 1338 1642; x_wconf 90' lang='lat' dir='ltr'><strong>omnipotentem</strong></span> <span class='ocrx_word' id='word_1_120' title='bbox 1359 1581 1432 1624; x_wconf 91' lang='lat' dir='ltr'><strong>cum</strong></span> <span class='ocrx_word' id='word_1_121' title='bbox 1452 1561 1557 1624; x_wconf 87' lang='lat' dir='ltr'><strong>debita</strong></span> <span class='ocrx_word' id='word_1_122' title='bbox 1577 1579 1725 1624; x_wconf 89' lang='lat' dir='ltr'><strong>reveren-</strong></span> 
     </span>
     <span class='ocr_line' id='line_1_12' title="bbox 168 1660 1722 1743; baseline -0.001 -21"><span class='ocrx_word' id='word_1_123' title='bbox 168 1661 257 1738; x_wconf 79' lang='lat' dir='ltr'><strong>aino,</strong></span> <span class='ocrx_word' id='word_1_124' title='bbox 275 1662 308 1723; x_wconf 92' lang='lat' dir='ltr'><strong>in</strong></span> <span class='ocrx_word' id='word_1_125' title='bbox 328 1660 587 1742; x_wconf 83' lang='lat' dir='ltr'><strong>processionibus</strong></span> <span class='ocrx_word' id='word_1_126' title='bbox 608 1661 738 1740; x_wconf 89' lang='lat' dir='ltr'><strong>sanctis,</strong></span> <span class='ocrx_word' id='word_1_127' title='bbox 755 1660 788 1722; x_wconf 92' lang='lat' dir='ltr'><strong>in</strong></span> <span class='ocrx_word' id='word_1_128' title='bbox 807 1661 920 1743; x_wconf 92' lang='lat' dir='ltr'><strong>depor-</strong></span> <span class='ocrx_word' id='word_1_129' title='bbox 973 1661 1016 1722; x_wconf 90' lang='lat' dir='ltr'><strong>tia</strong></span> <span class='ocrx_word' id='word_1_130' title='bbox 1030 1660 1188 1738; x_wconf 90' lang='lat' dir='ltr'><strong>colat,sed</strong></span> <span class='ocrx_word' id='word_1_131' title='bbox 1205 1661 1337 1723; x_wconf 91' lang='lat' dir='ltr'><strong>omnino</strong></span> <span class='ocrx_word' id='word_1_132' title='bbox 1353 1661 1403 1722; x_wconf 90' lang='lat' dir='ltr'><strong>bis</strong></span> <span class='ocrx_word' id='word_1_133' title='bbox 1418 1661 1511 1724; x_wconf 89' lang='lat' dir='ltr'><strong>bonis</strong></span> <span class='ocrx_word' id='word_1_134' title='bbox 1527 1668 1722 1741; x_wconf 88' lang='lat' dir='ltr'><strong>repugnent;</strong></span> 
     </span>
     <span class='ocr_line' id='line_1_13' title="bbox 170 1757 1723 1841; baseline -0.001 -18"><span class='ocrx_word' id='word_1_135' title='bbox 170 1759 344 1823; x_wconf 88' lang='lat' dir='ltr'><strong>tationibus</strong></span> <span class='ocrx_word' id='word_1_136' title='bbox 363 1759 570 1841; x_wconf 90' lang='lat' dir='ltr'><strong>reliquiarum</strong></span> <span class='ocrx_word' id='word_1_137' title='bbox 588 1768 622 1821; x_wconf 89' lang='lat' dir='ltr'><strong>et</strong></span> <span class='ocrx_word' id='word_1_138' title='bbox 641 1768 821 1822; x_wconf 86' lang='lat' dir='ltr'><strong>sanctarum</strong></span> <span class='ocrx_word' id='word_1_139' title='bbox 843 1759 920 1821; x_wconf 90' lang='lat' dir='ltr'><strong>ima·</strong></span> <span class='ocrx_word' id='word_1_140' title='bbox 975 1758 1046 1820; x_wconf 92' lang='lat' dir='ltr'><strong>luce</strong></span> <span class='ocrx_word' id='word_1_141' title='bbox 1061 1757 1179 1820; x_wconf 87' lang='lat' dir='ltr'><strong>elarius</strong></span> <span class='ocrx_word' id='word_1_142' title='bbox 1202 1758 1384 1834; x_wconf 86' lang='lat' dir='ltr'><strong>innotescit,</strong></span> <span class='ocrx_word' id='word_1_143' title='bbox 1401 1759 1485 1839; x_wconf 94' lang='lat' dir='ltr'><strong>quod</strong></span> <span class='ocrx_word' id='word_1_144' title='bbox 1502 1779 1555 1822; x_wconf 91' lang='lat' dir='ltr'><strong>eas</strong></span> <span class='ocrx_word' id='word_1_145' title='bbox 1576 1777 1723 1822; x_wconf 88' lang='lat' dir='ltr'><strong>exercere</strong></span> 
     </span>
     <span class='ocr_line' id='line_1_14' title="bbox 168 1855 1726 1940; baseline -0.002 -19"><span class='ocrx_word' id='word_1_146' title='bbox 168 1859 282 1939; x_wconf 91' lang='lat' dir='ltr'><strong>giuum</strong></span> <span class='ocrx_word' id='word_1_147' title='bbox 306 1866 339 1921; x_wconf 90' lang='lat' dir='ltr'><strong>et</strong></span> <span class='ocrx_word' id='word_1_148' title='bbox 362 1867 539 1922; x_wconf 89' lang='lat' dir='ltr'><strong>ceterorum</strong></span> <span class='ocrx_word' id='word_1_149' title='bbox 563 1877 738 1935; x_wconf 87' lang='lat' dir='ltr'><strong>sacrorum,</strong></span> <span class='ocrx_word' id='word_1_150' title='bbox 755 1857 919 1940; x_wconf 89' lang='lat' dir='ltr'><strong>potissime</strong></span> <span class='ocrx_word' id='word_1_151' title='bbox 934 1856 957 1918; x_wconf 89' lang='lat' dir='ltr'>B</span> <span class='ocrx_word' id='word_1_152' title='bbox 975 1855 1007 1918; x_wconf 91' lang='lat' dir='ltr'><strong>in</strong></span> <span class='ocrx_word' id='word_1_153' title='bbox 1038 1857 1295 1936; x_wconf 85' lang='lat' dir='ltr'><strong>processionibus</strong></span> <span class='ocrx_word' id='word_1_154' title='bbox 1320 1857 1652 1938; x_wconf 89' lang='lat' dir='ltr'><strong>deportationibusquc</strong></span> <span class='ocrx_word' id='word_1_155' title='bbox 1678 1877 1726 1918; x_wconf 90' lang='lat' dir='ltr'><strong>sa-</strong></span> 
     </span>
     <span class='ocr_line' id='line_1_15' title="bbox 169 1954 1723 2039; baseline -0.001 -20"><span class='ocrx_word' id='word_1_156' title='bbox 169 1958 202 2019; x_wconf 90' lang='lat' dir='ltr'><strong>in</strong></span> <span class='ocrx_word' id='word_1_157' title='bbox 239 1956 461 2039; x_wconf 77' lang='lat' dir='ltr'><strong>deportatione</strong></span> <span class='ocrx_word' id='word_1_158' title='bbox 495 1955 773 2038; x_wconf 87' lang='lat' dir='ltr'><strong>superdignissimi</strong></span> <span class='ocrx_word' id='word_1_159' title='bbox 807 1955 921 2018; x_wconf 85' lang='lat' dir='ltr'><strong>Sacra·</strong></span> <span class='ocrx_word' id='word_1_160' title='bbox 974 1973 1115 2033; x_wconf 90' lang='lat' dir='ltr'><strong>crorum,</strong></span> <span class='ocrx_word' id='word_1_161' title='bbox 1131 1955 1171 2017; x_wconf 91' lang='lat' dir='ltr'><strong>ab</strong></span> <span class='ocrx_word' id='word_1_162' title='bbox 1186 1954 1327 2018; x_wconf 85' lang='lat' dir='ltr'><strong>Ecclesia</strong></span> <span class='ocrx_word' id='word_1_163' title='bbox 1346 1955 1502 2018; x_wconf 90' lang='lat' dir='ltr'><strong>ordinatis</strong></span> <span class='ocrx_word' id='word_1_164' title='bbox 1516 1975 1553 2018; x_wconf 90' lang='lat' dir='ltr'><strong>ac</strong></span> <span class='ocrx_word' id='word_1_165' title='bbox 1569 1954 1723 2018; x_wconf 91' lang='lat' dir='ltr'><strong>institutis</strong></span> 
     </span>
     <span class='ocr_line' id='line_1_16' title="bbox 170 2053 1724 2136; baseline 0 -18"><span class='ocrx_word' id='word_1_166' title='bbox 170 2056 283 2118; x_wconf 90' lang='lat' dir='ltr'><strong>menti.</strong></span> <span class='ocrx_word' id='word_1_167' title='bbox 313 2055 435 2118; x_wconf 91' lang='lat' dir='ltr'><strong>ldcirco</strong></span> <span class='ocrx_word' id='word_1_168' title='bbox 462 2055 516 2135; x_wconf 94' lang='lat' dir='ltr'><strong>qui</strong></span> <span class='ocrx_word' id='word_1_169' title='bbox 545 2053 692 2136; x_wconf 79' lang='lat' dir='ltr'><strong>praelatas</strong></span> <span class='ocrx_word' id='word_1_170' title='bbox 711 2054 917 2131; x_wconf 81' lang='lat' dir='ltr'><strong>insolentias,</strong></span> <span class='ocrx_word' id='word_1_171' title='bbox 973 2053 1013 2116; x_wconf 90' lang='lat' dir='ltr'><strong>ad</strong></span> <span class='ocrx_word' id='word_1_172' title='bbox 1034 2053 1187 2115; x_wconf 89' lang='lat' dir='ltr'><strong>bonorem</strong></span> <span class='ocrx_word' id='word_1_173' title='bbox 1203 2062 1232 2116; x_wconf 89' lang='lat' dir='ltr'><strong>ct</strong></span> <span class='ocrx_word' id='word_1_174' title='bbox 1249 2053 1382 2135; x_wconf 90' lang='lat' dir='ltr'><strong>gloriam</strong></span> <span class='ocrx_word' id='word_1_175' title='bbox 1404 2054 1458 2116; x_wconf 86' lang='lat' dir='ltr'><strong>Dei</strong></span> <span class='ocrx_word' id='word_1_176' title='bbox 1479 2061 1573 2135; x_wconf 88' lang='lat' dir='ltr'><strong>atque</strong></span> <span class='ocrx_word' id='word_1_177' title='bbox 1594 2054 1724 2118; x_wconf 87' lang='lat' dir='ltr'><strong>Sancto-</strong></span> 
     </span>
     <span class='ocr_line' id='line_1_17' title="bbox 170 2151 1725 2234; baseline -0.001 -18"><span class='ocrx_word' id='word_1_178' title='bbox 170 2154 329 2233; x_wconf 76' lang='lat' dir='ltr'><strong>leaitetes,</strong></span> <span class='ocrx_word' id='word_1_179' title='bbox 357 2153 596 2231; x_wconf 86' lang='lat' dir='ltr'><strong>dissolutiones,</strong></span> <span class='ocrx_word' id='word_1_180' title='bbox 625 2161 746 2234; x_wconf 89' lang='lat' dir='ltr'><strong>gestus,</strong></span> <span class='ocrx_word' id='word_1_181' title='bbox 776 2162 918 2233; x_wconf 89' lang='lat' dir='ltr'><strong>ornatus,</strong></span> <span class='ocrx_word' id='word_1_182' title='bbox 974 2171 1057 2229; x_wconf 92' lang='lat' dir='ltr'><strong>rum,</strong></span> <span class='ocrx_word' id='word_1_183' title='bbox 1074 2153 1330 2232; x_wconf 85' lang='lat' dir='ltr'><strong>superstitiosum</strong></span> <span class='ocrx_word' id='word_1_184' title='bbox 1345 2161 1377 2216; x_wconf 90' lang='lat' dir='ltr'><strong>et</strong></span> <span class='ocrx_word' id='word_1_185' title='bbox 1396 2151 1594 2234; x_wconf 77' lang='lat' dir='ltr'><strong>superfluum</strong></span> <span class='ocrx_word' id='word_1_186' title='bbox 1617 2160 1649 2214; x_wconf 90' lang='lat' dir='ltr'><strong>et</strong></span> <span class='ocrx_word' id='word_1_187' title='bbox 1671 2172 1725 2234; x_wconf 93' lang='lat' dir='ltr'><strong>pe-</strong></span> 
     </span>
     <span class='ocr_line' id='line_1_18' title="bbox 170 2249 1725 2334; baseline 0 -21"><span class='ocrx_word' id='word_1_188' title='bbox 170 2253 359 2334; x_wconf 89' lang='lat' dir='ltr'><strong>potationes‚</strong></span> <span class='ocrx_word' id='word_1_189' title='bbox 367 2251 578 2329; x_wconf 87' lang='lat' dir='ltr'><strong>curiositates,</strong></span> <span class='ocrx_word' id='word_1_190' title='bbox 586 2251 841 2332; x_wconf 90' lang='lat' dir='ltr'><strong>processionibus</strong></span> <span class='ocrx_word' id='word_1_191' title='bbox 856 2251 920 2314; x_wconf 90' lang='lat' dir='ltr'><strong>suis</strong></span> <span class='ocrx_word' id='word_1_192' title='bbox 973 2251 1061 2313; x_wconf 91' lang='lat' dir='ltr'><strong>nitus</strong></span> <span class='ocrx_word' id='word_1_193' title='bbox 1076 2249 1226 2313; x_wconf 83' lang='lat' dir='ltr'><strong>vitiosum</strong></span> <span class='ocrx_word' id='word_1_194' title='bbox 1245 2271 1282 2314; x_wconf 90' lang='lat' dir='ltr'><strong>ac</strong></span> <span class='ocrx_word' id='word_1_195' title='bbox 1298 2251 1466 2314; x_wconf 87' lang='lat' dir='ltr'><strong>abusivum</strong></span> <span class='ocrx_word' id='word_1_196' title='bbox 1483 2250 1610 2314; x_wconf 85' lang='lat' dir='ltr'><strong>exsistat</strong></span> <span class='ocrx_word' id='word_1_197' title='bbox 1628 2275 1635 2313; x_wconf 80' lang='lat' dir='ltr'><em>z</em></span> <span class='ocrx_word' id='word_1_198' title='bbox 1655 2269 1725 2332; x_wconf 91' lang='lat' dir='ltr'><strong>pro-</strong></span> 
     </span>
     <span class='ocr_line' id='line_1_19' title="bbox 169 2349 1725 2433; baseline -0.002 -20"><span class='ocrx_word' id='word_1_199' title='bbox 169 2350 506 2433; x_wconf 89' lang='lat' dir='ltr'><strong>deportationibusque</strong></span> <span class='ocrx_word' id='word_1_200' title='bbox 541 2369 702 2412; x_wconf 89' lang='lat' dir='ltr'><strong>sacrorum</strong></span> <span class='ocrx_word' id='word_1_201' title='bbox 731 2351 918 2426; x_wconf 83' lang='lat' dir='ltr'><strong>admiscent,</strong></span> <span class='ocrx_word' id='word_1_202' title='bbox 975 2356 1046 2430; x_wconf 90' lang='lat' dir='ltr'><strong>pter</strong></span> <span class='ocrx_word' id='word_1_203' title='bbox 1063 2349 1147 2430; x_wconf 92' lang='lat' dir='ltr'><strong>quod</strong></span> <span class='ocrx_word' id='word_1_204' title='bbox 1168 2368 1186 2410; x_wconf 88' lang='lat' dir='ltr'><strong>a</strong></span> <span class='ocrx_word' id='word_1_205' title='bbox 1206 2349 1463 2430; x_wconf 89' lang='lat' dir='ltr'><strong>processionibus</strong></span> <span class='ocrx_word' id='word_1_206' title='bbox 1484 2357 1515 2412; x_wconf 90' lang='lat' dir='ltr'><strong>ct</strong></span> <span class='ocrx_word' id='word_1_207' title='bbox 1534 2349 1725 2429; x_wconf 79' lang='lat' dir='ltr'><strong>deportatio</strong></span> 
     </span>
     <span class='ocr_line' id='line_1_20' title="bbox 168 2445 1721 2530; baseline -0.001 -19"><span class='ocrx_word' id='word_1_208' title='bbox 168 2458 199 2511; x_wconf 90' lang='lat' dir='ltr'><strong>et</strong></span> <span class='ocrx_word' id='word_1_209' title='bbox 215 2469 275 2529; x_wconf 87' lang='lat' dir='ltr'><strong>per</strong></span> <span class='ocrx_word' id='word_1_210' title='bbox 295 2447 371 2511; x_wconf 89' lang='lat' dir='ltr'><strong>talia</strong></span> <span class='ocrx_word' id='word_1_211' title='bbox 389 2456 443 2510; x_wconf 91' lang='lat' dir='ltr'><strong>aut</strong></span> <span class='ocrx_word' id='word_1_212' title='bbox 463 2467 521 2530; x_wconf 93' lang='lat' dir='ltr'><strong>per</strong></span> <span class='ocrx_word' id='word_1_213' title='bbox 540 2449 684 2529; x_wconf 78' lang='lat' dir='ltr'><strong>quadam</strong></span> <span class='ocrx_word' id='word_1_214' title='bbox 708 2467 818 2511; x_wconf 90' lang='lat' dir='ltr'><strong>eorum</strong></span> <span class='ocrx_word' id='word_1_215' title='bbox 839 2449 921 2510; x_wconf 90' lang='lat' dir='ltr'><strong>arbi·</strong></span> <span class='ocrx_word' id='word_1_216' title='bbox 974 2445 1069 2508; x_wconf 90' lang='lat' dir='ltr'><strong>nibus</strong></span> <span class='ocrx_word' id='word_1_217' title='bbox 1085 2465 1246 2508; x_wconf 87' lang='lat' dir='ltr'><strong>sacrorum</strong></span> <span class='ocrx_word' id='word_1_218' title='bbox 1262 2467 1391 2530; x_wconf 90' lang='lat' dir='ltr'><strong>prorsus</strong></span> <span class='ocrx_word' id='word_1_219' title='bbox 1413 2455 1487 2510; x_wconf 91' lang='lat' dir='ltr'><strong>sunt</strong></span> <span class='ocrx_word' id='word_1_220' title='bbox 1508 2447 1721 2510; x_wconf 74' lang='lat' dir='ltr'><strong>excludenda.</strong></span> 
     </span>
     <span class='ocr_line' id='line_1_21' title="bbox 170 2545 919 2611; baseline 0 -3"><span class='ocrx_word' id='word_1_221' title='bbox 170 2555 295 2610; x_wconf 90' lang='lat' dir='ltr'><strong>trantur</strong></span> <span class='ocrx_word' id='word_1_222' title='bbox 321 2555 376 2609; x_wconf 86' lang='lat' dir='ltr'><strong>aut</strong></span> <span class='ocrx_word' id='word_1_223' title='bbox 403 2545 515 2609; x_wconf 86' lang='lat' dir='ltr'><strong>dicunt</strong></span> <span class='ocrx_word' id='word_1_224' title='bbox 543 2565 576 2608; x_wconf 90' lang='lat' dir='ltr'><strong>se</strong></span> <span class='ocrx_word' id='word_1_225' title='bbox 604 2548 708 2610; x_wconf 90' lang='lat' dir='ltr'><strong>colere</strong></span> <span class='ocrx_word' id='word_1_226' title='bbox 737 2547 835 2609; x_wconf 86' lang='lat' dir='ltr'><strong>Deum</strong></span> <span class='ocrx_word' id='word_1_227' title='bbox 866 2555 919 2611; x_wconf 89' lang='lat' dir='ltr'><strong>aut</strong></span> 
     </span>
     <span class='ocr_line' id='line_1_22' title="bbox 169 2644 922 2726; baseline -0.003 -19"><span class='ocrx_word' id='word_1_228' title='bbox 169 2646 328 2708; x_wconf 88' lang='lat' dir='ltr'><strong>bonorare</strong></span> <span class='ocrx_word' id='word_1_229' title='bbox 351 2645 483 2708; x_wconf 78' lang='lat' dir='ltr'><strong>Sanctus</strong></span> <span class='ocrx_word' id='word_1_230' title='bbox 502 2644 602 2726; x_wconf 93' lang='lat' dir='ltr'><strong>ipsius</strong></span> <span class='ocrx_word' id='word_1_231' title='bbox 621 2653 675 2707; x_wconf 94' lang='lat' dir='ltr'><strong>aut</strong></span> <span class='ocrx_word' id='word_1_232' title='bbox 694 2664 795 2723; x_wconf 90' lang='lat' dir='ltr'><strong>sacra,</strong></span> <span class='ocrx_word' id='word_1_233' title='bbox 812 2663 922 2725; x_wconf 90' lang='lat' dir='ltr'><strong>super·</strong></span> 
     </span>
     <span class='ocr_line' id='line_1_23' title="bbox 169 2744 921 2826; baseline -0.001 -21"><span class='ocrx_word' id='word_1_234' title='bbox 169 2745 294 2807; x_wconf 88' lang='lat' dir='ltr'><strong>stitiose</strong></span> <span class='ocrx_word' id='word_1_235' title='bbox 308 2763 344 2806; x_wconf 91' lang='lat' dir='ltr'><strong>se</strong></span> <span class='ocrx_word' id='word_1_236' title='bbox 357 2744 477 2806; x_wconf 90' lang='lat' dir='ltr'><strong>babent</strong></span> <span class='ocrx_word' id='word_1_237' title='bbox 493 2767 500 2804; x_wconf 92' lang='lat'>:</span> <span class='ocrx_word' id='word_1_238' title='bbox 517 2744 601 2826; x_wconf 92' lang='lat' dir='ltr'><strong>quod</strong></span> <span class='ocrx_word' id='word_1_239' title='bbox 618 2751 666 2806; x_wconf 91' lang='lat' dir='ltr'><strong>est</strong></span> <span class='ocrx_word' id='word_1_240' title='bbox 685 2744 777 2806; x_wconf 85' lang='lat' dir='ltr'><strong>valde</strong></span> <span class='ocrx_word' id='word_1_241' title='bbox 796 2744 921 2825; x_wconf 86' lang='lat' dir='ltr'><strong>pericu·</strong></span> 
     </span>
     <span class='ocr_line' id='line_1_24' title="bbox 170 2841 1725 2938; baseline -0.001 -16"><span class='ocrx_word' id='word_1_242' title='bbox 170 2843 287 2921; x_wconf 64' lang='lat' dir='ltr'><strong>¹⁰⁸¹¹¹¹¹v</strong></span> <span class='ocrx_word' id='word_1_243' title='bbox 303 2843 454 2923; x_wconf 59' lang='lat' dir='ltr'><strong>‘diffiniam</strong></span> <span class='ocrx_word' id='word_1_244' title='bbox 470 2841 651 2924; x_wconf 59' lang='lat' dir='ltr'><strong>⁸¹¹P0f3lill0</strong></span> <span class='ocrx_word' id='word_1_245' title='bbox 670 2862 708 2904; x_wconf 66' lang='lat'><strong>⁰¹</strong></span> <span class='ocrx_word' id='word_1_246' title='bbox 727 2860 786 2905; x_wconf 76' lang='lat'><strong>⁸¹¹⁰</strong></span> <span class='ocrx_word' id='word_1_247' title='bbox 803 2861 920 2923; x_wconf 57' lang='lat' dir='ltr'>genere</span> <span class='ocrx_word' id='word_1_248' title='bbox 975 2866 1094 2924; x_wconf 83' lang='lat' dir='ltr'><strong>Contra</strong></span> <span class='ocrx_word' id='word_1_249' title='bbox 1102 2871 1275 2938; x_wconf 67' lang='lat' dir='ltr'><strong>praeuectus</strong></span> <span class='ocrx_word' id='word_1_250' title='bbox 1283 2863 1725 2928; x_wconf 77' lang='lat' dir='ltr'><strong>abrasiones,inordinationes</strong></span> 
     </span>
     <span class='ocr_line' id='line_1_25' title="bbox 170 2941 1635 3027; baseline -0.001 -13"><span class='ocrx_word' id='word_1_251' title='bbox 170 2951 219 3004; x_wconf 83' lang='lat' dir='ltr'><strong>est</strong></span> <span class='ocrx_word' id='word_1_252' title='bbox 239 2950 407 3023; x_wconf 77' lang='lat' dir='ltr'><strong>peecatum</strong></span> <span class='ocrx_word' id='word_1_253' title='bbox 427 2941 572 3018; x_wconf 75' lang='lat' dir='ltr'><strong>menate,</strong></span> <span class='ocrx_word' id='word_1_254' title='bbox 588 2950 738 3022; x_wconf 78' lang='lat' dir='ltr'><strong>unquam</strong></span> <span class='ocrx_word' id='word_1_255' title='bbox 762 2941 922 3003; x_wconf 75' lang='lat' dir='ltr'><strong>contraria</strong></span> <span class='ocrx_word' id='word_1_256' title='bbox 1064 2963 1094 3012; x_wconf 78' lang='lat' dir='ltr'><strong>ec</strong></span> <span class='ocrx_word' id='word_1_257' title='bbox 1113 2953 1315 3020; x_wconf 70' lang='lat' dir='ltr'><strong>insolentias,</strong></span> <span class='ocrx_word' id='word_1_258' title='bbox 1331 2971 1371 3010; x_wconf 74' lang='lat' dir='ltr'><strong>ea</strong></span> <span class='ocrx_word' id='word_1_259' title='bbox 1387 2953 1635 3027; x_wconf 64' lang='lat' dir='ltr'><strong>carperemus.</strong></span> 
     </span>
    </p>

    <p class='ocr_par' dir='ltr' id='par_1_5' title="bbox 25 3038 959 3123">
     <span class='ocr_line' id='line_1_26' title="bbox 25 3038 959 3123; baseline 0 -18"><span class='ocrx_word' id='word_1_260' title='bbox 25 3063 155 3112; x_wconf 58' lang='lat' dir='ltr'><strong>carana:</strong></span> <span class='ocrx_word' id='word_1_261' title='bbox 171 3041 276 3123; x_wconf 85' lang='lat' dir='ltr'><strong>primo</strong></span> <span class='ocrx_word' id='word_1_262' title='bbox 291 3039 402 3103; x_wconf 83' lang='lat' dir='ltr'><strong>divino</strong></span> <span class='ocrx_word' id='word_1_263' title='bbox 416 3047 587 3122; x_wconf 75' lang='lat' dir='ltr'><strong>praecepto,</strong></span> <span class='ocrx_word' id='word_1_264' title='bbox 598 3057 661 3120; x_wconf 88' lang='lat' dir='ltr'><strong>quc</strong></span> <span class='ocrx_word' id='word_1_265' title='bbox 676 3038 805 3115; x_wconf 88' lang='lat' dir='ltr'><strong>dicitur,</strong></span> <span class='ocrx_word' id='word_1_266' title='bbox 818 3039 920 3102; x_wconf 87' lang='lat' dir='ltr'><strong>Unum</strong></span> <span class='ocrx_word' id='word_1_267' title='bbox 936 3042 959 3105; x_wconf 82' lang='lat' dir='ltr'>C</span> 
     </span>
    </p>

    <p class='ocr_par' dir='ltr' id='par_1_6' title="bbox 25 3131 1871 3417">
     <span class='ocr_line' id='line_1_27' title="bbox 25 3131 1871 3222; baseline 0 -21"><span class='ocrx_word' id='word_1_268' title='bbox 25 3140 44 3172; x_wconf 87' lang='lat'><strong>¹·</strong></span> <span class='ocrx_word' id='word_1_269' title='bbox 58 3131 90 3169; x_wconf 50' lang='lat' dir='ltr'><strong>m·</strong></span> <span class='ocrx_word' id='word_1_270' title='bbox 171 3140 242 3201; x_wconf 90' lang='lat' dir='ltr'><strong>cole</strong></span> <span class='ocrx_word' id='word_1_271' title='bbox 256 3140 357 3200; x_wconf 86' lang='lat' dir='ltr'><strong>Deum</strong></span> <span class='ocrx_word' id='word_1_272' title='bbox 375 3162 383 3201; x_wconf 74' lang='grc' dir='ltr'>ε</span> <span class='ocrx_word' id='word_1_273' title='bbox 400 3147 493 3219; x_wconf 93' lang='lat' dir='ltr'><strong>prout</strong></span> <span class='ocrx_word' id='word_1_274' title='bbox 508 3138 539 3199; x_wconf 94' lang='lat' dir='ltr'><strong>in</strong></span> <span class='ocrx_word' id='word_1_275' title='bbox 557 3138 637 3200; x_wconf 90' lang='lat' dir='ltr'><strong>libro</strong></span> <span class='ocrx_word' id='word_1_276' title='bbox 652 3138 691 3199; x_wconf 93' lang='lat' dir='ltr'><strong>de</strong></span> <span class='ocrx_word' id='word_1_277' title='bbox 707 3138 782 3200; x_wconf 84' lang='lat' dir='ltr'><strong>Fide</strong></span> <span class='ocrx_word' id='word_1_278' title='bbox 797 3146 828 3199; x_wconf 93' lang='lat' dir='ltr'><strong>et</strong></span> <span class='ocrx_word' id='word_1_279' title='bbox 844 3138 921 3219; x_wconf 89' lang='lat' dir='ltr'><strong>legi·</strong></span> <span class='ocrx_word' id='word_1_280' title='bbox 1038 3140 1239 3210; x_wconf 74' lang='lat' dir='ltr'><strong>RAETEREA,</strong></span> <span class='ocrx_word' id='word_1_281' title='bbox 1256 3140 1287 3201; x_wconf 93' lang='lat' dir='ltr'><strong>in</strong></span> <span class='ocrx_word' id='word_1_282' title='bbox 1310 3140 1453 3215; x_wconf 87' lang='lat' dir='ltr'><strong>Decreto,</strong></span> <span class='ocrx_word' id='word_1_283' title='bbox 1472 3141 1511 3201; x_wconf 91' lang='lat' dir='ltr'><strong>de</strong></span> <span class='ocrx_word' id='word_1_284' title='bbox 1532 3139 1726 3202; x_wconf 82' lang='lat' dir='ltr'><strong>Consecrati·</strong></span> <span class='ocrx_word' id='word_1_285' title='bbox 1753 3168 1837 3211; x_wconf 58' lang='lat' dir='ltr'><strong>nm,</strong></span> <span class='ocrx_word' id='word_1_286' title='bbox 1850 3182 1871 3222; x_wconf 64' lang='grc' dir='ltr'><strong>ρ,</strong></span> 
     </span>
     <span class='ocr_line' id='line_1_28' title="bbox 170 3233 1868 3325; baseline 0 -25"><span class='ocrx_word' id='word_1_287' title='bbox 170 3239 232 3301; x_wconf 90' lang='lat' dir='ltr'><strong>bus</strong></span> <span class='ocrx_word' id='word_1_288' title='bbox 257 3238 385 3319; x_wconf 91' lang='lat' dir='ltr'><strong>plenius</strong></span> <span class='ocrx_word' id='word_1_289' title='bbox 412 3238 503 3300; x_wconf 90' lang='lat' dir='ltr'><strong>docet</strong></span> <span class='ocrx_word' id='word_1_290' title='bbox 526 3236 703 3318; x_wconf 80' lang='lat' dir='ltr'><strong>profundus</strong></span> <span class='ocrx_word' id='word_1_291' title='bbox 728 3236 782 3299; x_wconf 92' lang='lat' dir='ltr'><strong>ille</strong></span> <span class='ocrx_word' id='word_1_292' title='bbox 811 3238 922 3300; x_wconf 91' lang='lat' dir='ltr'><strong>doctor</strong></span> <span class='ocrx_word' id='word_1_293' title='bbox 1051 3258 1124 3316; x_wconf 91' lang='lat' dir='ltr'><strong>one,</strong></span> <span class='ocrx_word' id='word_1_294' title='bbox 1139 3238 1340 3300; x_wconf 90' lang='lat' dir='ltr'><strong>distinctione</strong></span> <span class='ocrx_word' id='word_1_295' title='bbox 1357 3237 1387 3317; x_wconf 83' lang='lat'><strong>3,</strong></span> <span class='ocrx_word' id='word_1_296' title='bbox 1401 3237 1516 3299; x_wconf 87' lang='lat' dir='ltr'><strong>dicitur</strong></span> <span class='ocrx_word' id='word_1_297' title='bbox 1535 3256 1572 3299; x_wconf 87' lang='lat' dir='ltr'><strong>ex</strong></span> <span class='ocrx_word' id='word_1_298' title='bbox 1593 3238 1725 3301; x_wconf 88' lang='lat' dir='ltr'><strong>concilio</strong></span> <span class='ocrx_word' id='word_1_299' title='bbox 1739 3233 1834 3325; x_wconf 63' lang='lat'><strong>¹¹¹·,‘¹⁵⁵²·</strong></span> <span class='ocrx_word' id='word_1_300' title='bbox 1849 3235 1868 3281; x_wconf 77' lang='lat'><strong>³·</strong></span> 
     </span>
     <span class='ocr_line' id='line_1_29' title="bbox 171 3308 1794 3417; baseline 0 -18"><span class='ocrx_word' id='word_1_301' title='bbox 171 3336 362 3399; x_wconf 84' lang='lat' dir='ltr'><strong>Guillelmus</strong></span> <span class='ocrx_word' id='word_1_302' title='bbox 383 3334 578 3398; x_wconf 88' lang='lat' dir='ltr'><strong>Parisiensis.</strong></span> <span class='ocrx_word' id='word_1_303' title='bbox 977 3339 1128 3403; x_wconf 82' lang='lat' dir='ltr'><strong>Toletano</strong></span> <span class='ocrx_word' id='word_1_304' title='bbox 1142 3361 1149 3399; x_wconf 93' lang='lat'>:</span> <span class='ocrx_word' id='word_1_305' title='bbox 1162 3336 1341 3417; x_wconf 83' lang='lat' dir='ltr'><strong>lrreligiosa</strong></span> <span class='ocrx_word' id='word_1_306' title='bbox 1356 3338 1552 3400; x_wconf 88' lang='lat' dir='ltr'><strong>consuetudo</strong></span> <span class='ocrx_word' id='word_1_307' title='bbox 1568 3345 1616 3398; x_wconf 88' lang='lat' dir='ltr'><strong>est</strong></span> <span class='ocrx_word' id='word_1_308' title='bbox 1630 3356 1724 3417; x_wconf 93' lang='lat' dir='ltr'><strong>quam</strong></span> <span class='ocrx_word' id='word_1_309' title='bbox 1739 3308 1758 3339; x_wconf 43' lang='grc' dir='ltr'><strong>ε’</strong></span> <span class='ocrx_word' id='word_1_310' title='bbox 1774 3325 1794 3337; x_wconf 75' lang='grc'>”</span> 
     </span>
    </p>
   </div>
   <div class='ocr_carea' id='block_1_4' title="bbox 1185 2713 1512 2778">
    <p class='ocr_par' dir='ltr' id='par_1_7' title="bbox 1185 2713 1512 2778">
     <span class='ocr_line' id='line_1_30' title="bbox 1185 2713 1512 2778; baseline -0.006 -2"><span class='ocrx_word' id='word_1_311' title='bbox 1185 2713 1430 2778; x_wconf 80' lang='lat' dir='ltr'>ARTICULUS</span> <span class='ocrx_word' id='word_1_312' title='bbox 1457 2713 1512 2774; x_wconf 90' lang='lat' dir='ltr'><strong>VI.</strong></span> 
     </span>
    </p>
   </div>
   <div class='ocr_carea' id='block_1_5' title="bbox 25 3432 1872 5287">
    <p class='ocr_par' dir='ltr' id='par_1_8' title="bbox 25 3432 1726 3622">
     <span class='ocr_line' id='line_1_31' title="bbox 29 3432 1725 3519; baseline 0.001 -24"><span class='ocrx_word' id='word_1_313' title='bbox 29 3454 107 3495; x_wconf 62' lang='lat' dir='ltr'><strong>aa...</strong></span> <span class='ocrx_word' id='word_1_314' title='bbox 122 3454 155 3495; x_wconf 88' lang='lat' dir='ltr'><strong>u.</strong></span> <span class='ocrx_word' id='word_1_315' title='bbox 209 3435 357 3516; x_wconf 81' lang='lat' dir='ltr'><strong>insuper,</strong></span> <span class='ocrx_word' id='word_1_316' title='bbox 381 3432 581 3515; x_wconf 65' lang='lat' dir='ltr'><strong>praeallegato</strong></span> <span class='ocrx_word' id='word_1_317' title='bbox 609 3433 679 3496; x_wconf 87' lang='lat' dir='ltr'><strong>loco</strong></span> <span class='ocrx_word' id='word_1_318' title='bbox 707 3434 817 3496; x_wconf 88' lang='lat' dir='ltr'><strong>asserit</strong></span> <span class='ocrx_word' id='word_1_319' title='bbox 841 3434 922 3495; x_wconf 79' lang='lat' dir='ltr'><strong>Tho</strong></span> <span class='ocrx_word' id='word_1_320' title='bbox 976 3438 1092 3519; x_wconf 82' lang='lat' dir='ltr'><strong>vulgus</strong></span> <span class='ocrx_word' id='word_1_321' title='bbox 1113 3436 1145 3497; x_wconf 93' lang='lat' dir='ltr'><strong>in</strong></span> <span class='ocrx_word' id='word_1_322' title='bbox 1163 3436 1349 3496; x_wconf 88' lang='lat' dir='ltr'><strong>Sanctorum</strong></span> <span class='ocrx_word' id='word_1_323' title='bbox 1370 3434 1613 3497; x_wconf 80' lang='lat' dir='ltr'><strong>solennitatibus</strong></span> <span class='ocrx_word' id='word_1_324' title='bbox 1633 3454 1725 3515; x_wconf 89' lang='lat' dir='ltr'><strong>agere</strong></span> 
     </span>
     <span class='ocr_line' id='line_1_32' title="bbox 25 3518 1726 3622; baseline -0.001 -25"><span class='ocrx_word' id='word_1_325' title='bbox 25 3518 242 3622; x_wconf 46' lang='lat' dir='ltr'><strong>fff&#39;q·¹⁶¹&#39;&#39;&#39;naas</strong></span> <span class='ocrx_word' id='word_1_326' title='bbox 259 3532 411 3613; x_wconf 85' lang='lat' dir='ltr'><strong>:Aliquid</strong></span> <span class='ocrx_word' id='word_1_327' title='bbox 432 3532 551 3594; x_wconf 86' lang='lat' dir='ltr'><strong>dicitur</strong></span> <span class='ocrx_word' id='word_1_328' title='bbox 568 3532 767 3613; x_wconf 76' lang='lat' dir='ltr'><strong>superfluum</strong></span> <span class='ocrx_word' id='word_1_329' title='bbox 788 3532 922 3613; x_wconf 86' lang='lat' dir='ltr'><strong>duplici·</strong></span> <span class='ocrx_word' id='word_1_330' title='bbox 976 3535 1152 3611; x_wconf 82' lang='lat' dir='ltr'><strong>consuevit,</strong></span> <span class='ocrx_word' id='word_1_331' title='bbox 1173 3534 1247 3614; x_wconf 92' lang='lat' dir='ltr'><strong>quia</strong></span> <span class='ocrx_word' id='word_1_332' title='bbox 1267 3534 1411 3614; x_wconf 89' lang='lat' dir='ltr'><strong>turpibus</strong></span> <span class='ocrx_word' id='word_1_333' title='bbox 1434 3533 1651 3597; x_wconf 88' lang='lat' dir='ltr'><strong>saltationibus</strong></span> <span class='ocrx_word' id='word_1_334' title='bbox 1674 3554 1726 3596; x_wconf 88' lang='lat' dir='ltr'><strong>va-</strong></span> 
     </span>
    </p>

    <p class='ocr_par' dir='ltr' id='par_1_9' title="bbox 170 3630 1726 3714">
     <span class='ocr_line' id='line_1_33' title="bbox 170 3630 1726 3714; baseline -0.001 -19"><span class='ocrx_word' id='word_1_335' title='bbox 170 3645 232 3697; x_wconf 90' lang='lat' dir='ltr'><strong>ter.</strong></span> <span class='ocrx_word' id='word_1_336' title='bbox 248 3632 364 3711; x_wconf 88' lang='lat' dir='ltr'><strong>Primo,</strong></span> <span class='ocrx_word' id='word_1_337' title='bbox 380 3631 556 3693; x_wconf 89' lang='lat' dir='ltr'><strong>secundum</strong></span> <span class='ocrx_word' id='word_1_338' title='bbox 571 3630 779 3712; x_wconf 86' lang='lat' dir='ltr'><strong>quantitatem</strong></span> <span class='ocrx_word' id='word_1_339' title='bbox 796 3631 921 3693; x_wconf 91' lang='lat' dir='ltr'><strong>absolu·</strong></span> <span class='ocrx_word' id='word_1_340' title='bbox 976 3642 1073 3714; x_wconf 88' lang='lat' dir='ltr'><strong>cat,et</strong></span> <span class='ocrx_word' id='word_1_341' title='bbox 1091 3632 1308 3713; x_wconf 90' lang='lat' dir='ltr'><strong>religiosorum</strong></span> <span class='ocrx_word' id='word_1_342' title='bbox 1324 3631 1440 3693; x_wconf 88' lang='lat' dir='ltr'><strong>divinis</strong></span> <span class='ocrx_word' id='word_1_343' title='bbox 1455 3630 1579 3694; x_wconf 76' lang='lat' dir='ltr'><strong>Officiis</strong></span> <span class='ocrx_word' id='word_1_344' title='bbox 1595 3641 1726 3713; x_wconf 88' lang='lat' dir='ltr'><strong>perstre-</strong></span> 
     </span>
    </p>

    <p class='ocr_par' dir='ltr' id='par_1_10' title="bbox 171 3730 1727 3816">
     <span class='ocr_line' id='line_1_34' title="bbox 171 3730 1727 3816; baseline -0.002 -22"><span class='ocrx_word' id='word_1_345' title='bbox 171 3742 238 3795; x_wconf 90' lang='lat' dir='ltr'><strong>tam</strong></span> <span class='ocrx_word' id='word_1_346' title='bbox 261 3755 269 3792; x_wconf 75' lang='grc' dir='ltr'><strong>ε</strong></span> <span class='ocrx_word' id='word_1_347' title='bbox 294 3730 403 3810; x_wconf 91' lang='lat' dir='ltr'><strong>sicque</strong></span> <span class='ocrx_word' id='word_1_348' title='bbox 427 3730 461 3791; x_wconf 93' lang='lat' dir='ltr'><strong>in</strong></span> <span class='ocrx_word' id='word_1_349' title='bbox 484 3730 594 3792; x_wconf 83' lang='lat' dir='ltr'><strong>divino</strong></span> <span class='ocrx_word' id='word_1_350' title='bbox 617 3730 706 3792; x_wconf 92' lang='lat' dir='ltr'><strong>cultu</strong></span> <span class='ocrx_word' id='word_1_351' title='bbox 729 3747 794 3792; x_wconf 93' lang='lat' dir='ltr'><strong>non</strong></span> <span class='ocrx_word' id='word_1_352' title='bbox 818 3738 921 3811; x_wconf 86' lang='lat' dir='ltr'><strong>potest</strong></span> <span class='ocrx_word' id='word_1_353' title='bbox 976 3732 1120 3816; x_wconf 79' lang='lat' dir='ltr'><strong>pit3ideo</strong></span> <span class='ocrx_word' id='word_1_354' title='bbox 1135 3732 1195 3793; x_wconf 92' lang='lat' dir='ltr'><strong>hoc</strong></span> <span class='ocrx_word' id='word_1_355' title='bbox 1211 3730 1251 3793; x_wconf 93' lang='lat' dir='ltr'><strong>ab</strong></span> <span class='ocrx_word' id='word_1_356' title='bbox 1261 3730 1418 3791; x_wconf 86' lang='lat' dir='ltr'><strong>universis</strong></span> <span class='ocrx_word' id='word_1_357' title='bbox 1435 3730 1609 3810; x_wconf 84' lang='lat' dir='ltr'><strong>provinciis</strong></span> <span class='ocrx_word' id='word_1_358' title='bbox 1623 3730 1727 3812; x_wconf 89' lang='lat' dir='ltr'><strong>depel-</strong></span> 
     </span>
    </p>

    <p class='ocr_par' dir='ltr' id='par_1_11' title="bbox 169 3826 1724 3911">
     <span class='ocr_line' id='line_1_35' title="bbox 169 3826 1724 3911; baseline -0.003 -18"><span class='ocrx_word' id='word_1_359' title='bbox 169 3850 244 3893; x_wconf 89' lang='lat' dir='ltr'><strong>esse</strong></span> <span class='ocrx_word' id='word_1_360' title='bbox 263 3827 474 3911; x_wconf 80' lang='lat' dir='ltr'><strong>superfluum,</strong></span> <span class='ocrx_word' id='word_1_361' title='bbox 490 3827 641 3908; x_wconf 89' lang='lat' dir='ltr'><strong>quoniam</strong></span> <span class='ocrx_word' id='word_1_362' title='bbox 665 3828 819 3908; x_wconf 87' lang='lat' dir='ltr'><strong>quidquid</strong></span> <span class='ocrx_word' id='word_1_363' title='bbox 845 3826 918 3889; x_wconf 88' lang='lat' dir='ltr'><strong>boui</strong></span> <span class='ocrx_word' id='word_1_364' title='bbox 977 3832 1069 3893; x_wconf 88' lang='lat' dir='ltr'><strong>latur.</strong></span> <span class='ocrx_word' id='word_1_365' title='bbox 1077 3829 1178 3904; x_wconf 88' lang='lat' dir='ltr'><strong>Ouum</strong></span> <span class='ocrx_word' id='word_1_366' title='bbox 1194 3846 1268 3909; x_wconf 87' lang='lat' dir='ltr'><strong>ergo</strong></span> <span class='ocrx_word' id='word_1_367' title='bbox 1281 3848 1338 3909; x_wconf 89' lang='lat' dir='ltr'><strong>per</strong></span> <span class='ocrx_word' id='word_1_368' title='bbox 1352 3836 1515 3909; x_wconf 69' lang='lat' dir='ltr'><strong>praetactas</strong></span> <span class='ocrx_word' id='word_1_369' title='bbox 1530 3828 1724 3907; x_wconf 88' lang='lat' dir='ltr'><strong>insolentias,</strong></span> 
     </span>
    </p>

    <p class='ocr_par' dir='ltr' id='par_1_12' title="bbox 168 3923 1726 4008">
     <span class='ocr_line' id='line_1_36' title="bbox 168 3923 1726 4008; baseline 0 -19"><span class='ocrx_word' id='word_1_370' title='bbox 168 3926 333 4008; x_wconf 74' lang='lat' dir='ltr'><strong>egerimus</strong></span> <span class='ocrx_word' id='word_1_371' title='bbox 351 3934 406 3987; x_wconf 89' lang='lat' dir='ltr'><strong>ant</strong></span> <span class='ocrx_word' id='word_1_372' title='bbox 424 3923 529 3987; x_wconf 85' lang='lat' dir='ltr'><strong>lacere</strong></span> <span class='ocrx_word' id='word_1_373' title='bbox 550 3942 729 4004; x_wconf 92' lang='lat' dir='ltr'><strong>possumus,</strong></span> <span class='ocrx_word' id='word_1_374' title='bbox 747 3924 852 3985; x_wconf 92' lang='lat' dir='ltr'><strong>minus</strong></span> <span class='ocrx_word' id='word_1_375' title='bbox 874 3933 922 3985; x_wconf 88' lang='lat' dir='ltr'><strong>cst</strong></span> <span class='ocrx_word' id='word_1_376' title='bbox 976 3928 1214 4002; x_wconf 90' lang='lat' dir='ltr'><strong>dissolutiones,</strong></span> <span class='ocrx_word' id='word_1_377' title='bbox 1241 3927 1431 4008; x_wconf 90' lang='lat' dir='ltr'><strong>potationes,</strong></span> <span class='ocrx_word' id='word_1_378' title='bbox 1457 3926 1667 4003; x_wconf 87' lang='lat' dir='ltr'><strong>curiositates,</strong></span> <span class='ocrx_word' id='word_1_379' title='bbox 1696 3936 1726 3989; x_wconf 89' lang='lat' dir='ltr'><strong>ct</strong></span> 
     </span>
    </p>

    <p class='ocr_par' dir='ltr' id='par_1_13' title="bbox 168 4022 1727 4106">
     <span class='ocr_line' id='line_1_37' title="bbox 168 4022 1727 4106; baseline -0.001 -17"><span class='ocrx_word' id='word_1_380' title='bbox 168 4044 209 4089; x_wconf 86' lang='lat' dir='ltr'><strong>eo</strong></span> <span class='ocrx_word' id='word_1_381' title='bbox 224 4024 311 4106; x_wconf 91' lang='lat' dir='ltr'><strong>quod</strong></span> <span class='ocrx_word' id='word_1_382' title='bbox 326 4023 463 4087; x_wconf 88' lang='lat' dir='ltr'><strong>Creatori</strong></span> <span class='ocrx_word' id='word_1_383' title='bbox 477 4022 923 4085; x_wconf 89' lang='lat' dir='ltr'><strong>debemus.Secundodicitur</strong></span> <span class='ocrx_word' id='word_1_384' title='bbox 978 4026 1230 4089; x_wconf 89' lang='lat' dir='ltr'><strong>inordinationes</strong></span> <span class='ocrx_word' id='word_1_385' title='bbox 1266 4024 1460 4103; x_wconf 82' lang='lat' dir='ltr'><strong>consimiles,</strong></span> <span class='ocrx_word' id='word_1_386' title='bbox 1495 4026 1525 4087; x_wconf 90' lang='lat' dir='ltr'><strong>bi</strong></span> <span class='ocrx_word' id='word_1_387' title='bbox 1563 4024 1615 4105; x_wconf 91' lang='lat' dir='ltr'><strong>qui</strong></span> <span class='ocrx_word' id='word_1_388' title='bbox 1653 4026 1727 4088; x_wconf 89' lang='lat' dir='ltr'><strong>talia</strong></span> 
     </span>
    </p>

    <p class='ocr_par' dir='ltr' id='par_1_14' title="bbox 169 4120 1724 4207">
     <span class='ocr_line' id='line_1_38' title="bbox 169 4120 1724 4207; baseline -0.001 -20"><span class='ocrx_word' id='word_1_389' title='bbox 169 4123 294 4204; x_wconf 88' lang='lat' dir='ltr'><strong>aliquid</strong></span> <span class='ocrx_word' id='word_1_390' title='bbox 309 4121 507 4203; x_wconf 78' lang='lat' dir='ltr'><strong>superfluum</strong></span> <span class='ocrx_word' id='word_1_391' title='bbox 523 4122 698 4184; x_wconf 92' lang='lat' dir='ltr'><strong>secundum</strong></span> <span class='ocrx_word' id='word_1_392' title='bbox 713 4120 921 4201; x_wconf 84' lang='lat' dir='ltr'><strong>quantitatem</strong></span> <span class='ocrx_word' id='word_1_393' title='bbox 977 4133 1088 4207; x_wconf 83' lang='lat' dir='ltr'><strong>agunt,</strong></span> <span class='ocrx_word' id='word_1_394' title='bbox 1105 4144 1168 4185; x_wconf 94' lang='lat' dir='ltr'><strong>non</strong></span> <span class='ocrx_word' id='word_1_395' title='bbox 1185 4125 1286 4186; x_wconf 90' lang='lat' dir='ltr'><strong>solum</strong></span> <span class='ocrx_word' id='word_1_396' title='bbox 1304 4144 1336 4186; x_wconf 89' lang='lat' dir='ltr'><strong>se</strong></span> <span class='ocrx_word' id='word_1_397' title='bbox 1353 4124 1437 4205; x_wconf 91' lang='lat' dir='ltr'><strong>ipsos</strong></span> <span class='ocrx_word' id='word_1_398' title='bbox 1453 4143 1471 4185; x_wconf 90' lang='lat' dir='ltr'><strong>a</strong></span> <span class='ocrx_word' id='word_1_399' title='bbox 1486 4123 1548 4185; x_wconf 87' lang='lat' dir='ltr'><strong>Deo</strong></span> <span class='ocrx_word' id='word_1_400' title='bbox 1563 4124 1724 4205; x_wconf 89' lang='lat' dir='ltr'><strong>elongent,</strong></span> 
     </span>
    </p>

    <p class='ocr_par' dir='ltr' id='par_1_15' title="bbox 169 4220 1726 4305">
     <span class='ocr_line' id='line_1_39' title="bbox 169 4220 1726 4305; baseline 0 -20"><span class='ocrx_word' id='word_1_401' title='bbox 169 4220 402 4305; x_wconf 88' lang='lat' dir='ltr'><strong>proportionis,</strong></span> <span class='ocrx_word' id='word_1_402' title='bbox 420 4228 531 4301; x_wconf 86' lang='lat' dir='ltr'><strong>utputa</strong></span> <span class='ocrx_word' id='word_1_403' title='bbox 545 4221 628 4301; x_wconf 91' lang='lat' dir='ltr'><strong>quod</strong></span> <span class='ocrx_word' id='word_1_404' title='bbox 644 4228 771 4283; x_wconf 88' lang='lat' dir='ltr'><strong>nonest</strong></span> <span class='ocrx_word' id='word_1_405' title='bbox 792 4220 922 4301; x_wconf 88' lang='lat' dir='ltr'><strong>proprio</strong></span> <span class='ocrx_word' id='word_1_406' title='bbox 939 4222 963 4284; x_wconf 90' lang='lat' dir='ltr'><strong>l)</strong></span> <span class='ocrx_word' id='word_1_407' title='bbox 978 4224 1033 4286; x_wconf 90' lang='lat' dir='ltr'><strong>sed</strong></span> <span class='ocrx_word' id='word_1_408' title='bbox 1058 4232 1090 4285; x_wconf 92' lang='lat' dir='ltr'><strong>et</strong></span> <span class='ocrx_word' id='word_1_409' title='bbox 1115 4223 1302 4285; x_wconf 86' lang='lat' dir='ltr'><strong>devotorum</strong></span> <span class='ocrx_word' id='word_1_410' title='bbox 1328 4222 1488 4285; x_wconf 85' lang='lat' dir='ltr'><strong>orationes</strong></span> <span class='ocrx_word' id='word_1_411' title='bbox 1517 4242 1553 4283; x_wconf 91' lang='lat' dir='ltr'><strong>ac</strong></span> <span class='ocrx_word' id='word_1_412' title='bbox 1583 4222 1726 4285; x_wconf 90' lang='lat' dir='ltr'><strong>salubres</strong></span> 
     </span>
    </p>

    <p class='ocr_par' dir='ltr' id='par_1_16' title="bbox 168 4318 1726 4403">
     <span class='ocr_line' id='line_1_40' title="bbox 168 4318 1726 4403; baseline -0.001 -18"><span class='ocrx_word' id='word_1_413' title='bbox 168 4321 234 4385; x_wconf 88' lang='lat' dir='ltr'><strong>lini</strong></span> <span class='ocrx_word' id='word_1_414' title='bbox 261 4320 545 4403; x_wconf 89' lang='lat' dir='ltr'><strong>proportionatum.</strong></span> <span class='ocrx_word' id='word_1_415' title='bbox 572 4318 659 4381; x_wconf 80' lang='lat' dir='ltr'><strong>Finis</strong></span> <span class='ocrx_word' id='word_1_416' title='bbox 683 4328 789 4381; x_wconf 90' lang='lat' dir='ltr'><strong>autem</strong></span> <span class='ocrx_word' id='word_1_417' title='bbox 818 4320 922 4381; x_wconf 88' lang='lat' dir='ltr'><strong>cultus</strong></span> <span class='ocrx_word' id='word_1_418' title='bbox 978 4322 1203 4385; x_wconf 85' lang='lat' dir='ltr'><strong>meditationes</strong></span> <span class='ocrx_word' id='word_1_419' title='bbox 1233 4320 1420 4401; x_wconf 87' lang='lat' dir='ltr'><strong>impediant,</strong></span> <span class='ocrx_word' id='word_1_420' title='bbox 1447 4327 1478 4381; x_wconf 93' lang='lat' dir='ltr'><strong>et</strong></span> <span class='ocrx_word' id='word_1_421' title='bbox 1506 4320 1726 4400; x_wconf 88' lang='lat' dir='ltr'><strong>religiosorum</strong></span> 
     </span>
    </p>

    <p class='ocr_par' dir='ltr' id='par_1_17' title="bbox 167 4417 1726 4501">
     <span class='ocr_line' id='line_1_41' title="bbox 167 4417 1726 4501; baseline -0.001 -18"><span class='ocrx_word' id='word_1_422' title='bbox 167 4420 277 4483; x_wconf 83' lang='lat' dir='ltr'><strong>divini</strong></span> <span class='ocrx_word' id='word_1_423' title='bbox 293 4426 352 4495; x_wconf 90' lang='lat' dir='ltr'><strong>est,</strong></span> <span class='ocrx_word' id='word_1_424' title='bbox 369 4426 403 4481; x_wconf 92' lang='lat' dir='ltr'><strong>ut</strong></span> <span class='ocrx_word' id='word_1_425' title='bbox 417 4417 513 4481; x_wconf 91' lang='lat' dir='ltr'><strong>bomo</strong></span> <span class='ocrx_word' id='word_1_426' title='bbox 527 4436 561 4479; x_wconf 88' lang='lat' dir='ltr'><strong>se</strong></span> <span class='ocrx_word' id='word_1_427' title='bbox 575 4417 679 4499; x_wconf 91' lang='lat' dir='ltr'><strong>ipsum</strong></span> <span class='ocrx_word' id='word_1_428' title='bbox 699 4418 763 4481; x_wconf 82' lang='lat' dir='ltr'><strong>oea</strong></span> <span class='ocrx_word' id='word_1_429' title='bbox 785 4418 924 4481; x_wconf 88' lang='lat' dir='ltr'><strong>totaliter</strong></span> <span class='ocrx_word' id='word_1_430' title='bbox 977 4440 1014 4483; x_wconf 89' lang='lat' dir='ltr'><strong>ac</strong></span> <span class='ocrx_word' id='word_1_431' title='bbox 1037 4419 1249 4501; x_wconf 88' lang='lat' dir='ltr'><strong>spiritualium</strong></span> <span class='ocrx_word' id='word_1_432' title='bbox 1275 4418 1440 4480; x_wconf 87' lang='lat' dir='ltr'><strong>bominum</strong></span> <span class='ocrx_word' id='word_1_433' title='bbox 1465 4418 1498 4479; x_wconf 92' lang='lat' dir='ltr'><strong>in</strong></span> <span class='ocrx_word' id='word_1_434' title='bbox 1525 4419 1726 4500; x_wconf 90' lang='lat' dir='ltr'><strong>processione</strong></span> 
     </span>
    </p>

    <p class='ocr_par' dir='ltr' id='par_1_18' title="bbox 168 4516 1726 4599">
     <span class='ocr_line' id='line_1_42' title="bbox 168 4516 1726 4599; baseline -0.001 -18"><span class='ocrx_word' id='word_1_435' title='bbox 168 4518 277 4581; x_wconf 88' lang='lat' dir='ltr'><strong>tradat</strong></span> <span class='ocrx_word' id='word_1_436' title='bbox 297 4526 330 4579; x_wconf 90' lang='lat' dir='ltr'><strong>et</strong></span> <span class='ocrx_word' id='word_1_437' title='bbox 348 4516 475 4594; x_wconf 86' lang='lat' dir='ltr'><strong>aflerat,</strong></span> <span class='ocrx_word' id='word_1_438' title='bbox 493 4516 694 4598; x_wconf 86' lang='lat' dir='ltr'><strong>subjiciendo</strong></span> <span class='ocrx_word' id='word_1_439' title='bbox 714 4536 747 4579; x_wconf 92' lang='lat' dir='ltr'><strong>se</strong></span> <span class='ocrx_word' id='word_1_440' title='bbox 768 4517 797 4579; x_wconf 92' lang='lat' dir='ltr'><strong>ci</strong></span> <span class='ocrx_word' id='word_1_441' title='bbox 819 4516 923 4598; x_wconf 82' lang='lat' dir='ltr'><strong>perle-</strong></span> <span class='ocrx_word' id='word_1_442' title='bbox 977 4519 1076 4580; x_wconf 88' lang='lat' dir='ltr'><strong>Deum</strong></span> <span class='ocrx_word' id='word_1_443' title='bbox 1093 4517 1289 4580; x_wconf 87' lang='lat' dir='ltr'><strong>laudantium</strong></span> <span class='ocrx_word' id='word_1_444' title='bbox 1305 4516 1403 4578; x_wconf 88' lang='lat' dir='ltr'><strong>sacris</strong></span> <span class='ocrx_word' id='word_1_445' title='bbox 1419 4524 1617 4598; x_wconf 89' lang='lat' dir='ltr'><strong>perstrepant</strong></span> <span class='ocrx_word' id='word_1_446' title='bbox 1633 4526 1726 4599; x_wconf 86' lang='lat' dir='ltr'><strong>atque</strong></span> 
     </span>
    </p>

    <p class='ocr_par' dir='ltr' id='par_1_19' title="bbox 166 4613 1726 4697">
     <span class='ocr_line' id='line_1_43' title="bbox 166 4613 1726 4697; baseline -0.001 -16"><span class='ocrx_word' id='word_1_447' title='bbox 166 4627 221 4681; x_wconf 87' lang='lat' dir='ltr'><strong>ete</strong></span> <span class='ocrx_word' id='word_1_448' title='bbox 250 4624 355 4678; x_wconf 87' lang='lat' dir='ltr'><strong>mente</strong></span> <span class='ocrx_word' id='word_1_449' title='bbox 379 4624 411 4677; x_wconf 87' lang='lat' dir='ltr'><strong>et</strong></span> <span class='ocrx_word' id='word_1_450' title='bbox 434 4632 566 4695; x_wconf 88' lang='lat' dir='ltr'><strong>corpore</strong></span> <span class='ocrx_word' id='word_1_451' title='bbox 588 4637 595 4677; x_wconf 74' lang='grc' dir='ltr'><strong><em>ε</em></strong></span> <span class='ocrx_word' id='word_1_452' title='bbox 617 4615 701 4695; x_wconf 92' lang='lat' dir='ltr'><strong>quod</strong></span> <span class='ocrx_word' id='word_1_453' title='bbox 724 4613 763 4675; x_wconf 90' lang='lat' dir='ltr'><strong>lit</strong></span> <span class='ocrx_word' id='word_1_454' title='bbox 787 4614 863 4676; x_wconf 93' lang='lat' dir='ltr'><strong>dum</strong></span> <span class='ocrx_word' id='word_1_455' title='bbox 888 4634 922 4677; x_wconf 91' lang='lat' dir='ltr'><strong>se</strong></span> <span class='ocrx_word' id='word_1_456' title='bbox 978 4616 1156 4679; x_wconf 87' lang='lat' dir='ltr'><strong>molestiam</strong></span> <span class='ocrx_word' id='word_1_457' title='bbox 1175 4616 1331 4697; x_wconf 88' lang='lat' dir='ltr'><strong>ingerant,</strong></span> <span class='ocrx_word' id='word_1_458' title='bbox 1349 4622 1472 4677; x_wconf 89' lang='lat' dir='ltr'><strong>constat</strong></span> <span class='ocrx_word' id='word_1_459' title='bbox 1491 4617 1574 4695; x_wconf 93' lang='lat' dir='ltr'><strong>quod</strong></span> <span class='ocrx_word' id='word_1_460' title='bbox 1595 4618 1726 4679; x_wconf 93' lang='lat' dir='ltr'><strong>omnino</strong></span> 
     </span>
    </p>

    <p class='ocr_par' dir='ltr' id='par_1_20' title="bbox 166 4712 1603 4799">
     <span class='ocr_line' id='line_1_44' title="bbox 166 4712 1603 4799; baseline -0.002 -21"><span class='ocrx_word' id='word_1_461' title='bbox 166 4718 279 4799; x_wconf 89' lang='lat' dir='ltr'><strong>ipsum</strong></span> <span class='ocrx_word' id='word_1_462' title='bbox 295 4722 327 4776; x_wconf 87' lang='lat' dir='ltr'><strong>et</strong></span> <span class='ocrx_word' id='word_1_463' title='bbox 341 4722 457 4777; x_wconf 87' lang='lat' dir='ltr'><strong>cuncta</strong></span> <span class='ocrx_word' id='word_1_464' title='bbox 471 4732 540 4795; x_wconf 80' lang='lat' dir='ltr'><strong>qua</strong></span> <span class='ocrx_word' id='word_1_465' title='bbox 563 4712 659 4775; x_wconf 88' lang='lat' dir='ltr'><strong>babet</strong></span> <span class='ocrx_word' id='word_1_466' title='bbox 679 4732 716 4775; x_wconf 93' lang='lat' dir='ltr'><strong>ac</strong></span> <span class='ocrx_word' id='word_1_467' title='bbox 739 4713 804 4794; x_wconf 90' lang='lat' dir='ltr'><strong>agit</strong></span> <span class='ocrx_word' id='word_1_468' title='bbox 827 4713 923 4775; x_wconf 87' lang='lat' dir='ltr'><strong>relert</strong></span> <span class='ocrx_word' id='word_1_469' title='bbox 977 4717 1115 4779; x_wconf 72' lang='lat' dir='ltr'><strong>vitandae</strong></span> <span class='ocrx_word' id='word_1_470' title='bbox 1138 4714 1202 4777; x_wconf 86' lang='lat' dir='ltr'><strong>sint</strong></span> <span class='ocrx_word' id='word_1_471' title='bbox 1222 4722 1252 4776; x_wconf 90' lang='lat' dir='ltr'><strong>et</strong></span> <span class='ocrx_word' id='word_1_472' title='bbox 1276 4714 1395 4776; x_wconf 76' lang='lat' dir='ltr'><strong>vitiosae</strong></span> <span class='ocrx_word' id='word_1_473' title='bbox 1418 4714 1603 4791; x_wconf 81' lang='lat' dir='ltr'><strong>consistant,</strong></span> 
     </span>
    </p>

    <p class='ocr_par' dir='ltr' id='par_1_21' title="bbox 165 4811 1727 4894">
     <span class='ocr_line' id='line_1_45' title="bbox 165 4811 1727 4894; baseline -0.001 -17"><span class='ocrx_word' id='word_1_474' title='bbox 165 4816 207 4877; x_wconf 88' lang='lat' dir='ltr'><strong>ad</strong></span> <span class='ocrx_word' id='word_1_475' title='bbox 241 4813 375 4894; x_wconf 88' lang='lat' dir='ltr'><strong>gloriam</strong></span> <span class='ocrx_word' id='word_1_476' title='bbox 403 4812 470 4886; x_wconf 86' lang='lat' dir='ltr'><strong>Dei,</strong></span> <span class='ocrx_word' id='word_1_477' title='bbox 497 4830 613 4894; x_wconf 90' lang='lat' dir='ltr'><strong>corpus</strong></span> <span class='ocrx_word' id='word_1_478' title='bbox 642 4831 735 4874; x_wconf 89' lang='lat' dir='ltr'><strong>suurn</strong></span> <span class='ocrx_word' id='word_1_479' title='bbox 763 4812 922 4874; x_wconf 91' lang='lat' dir='ltr'><strong>domando</strong></span> <span class='ocrx_word' id='word_1_480' title='bbox 1018 4812 1162 4894; x_wconf 91' lang='lat' dir='ltr'><strong>lusupcr,</strong></span> <span class='ocrx_word' id='word_1_481' title='bbox 1183 4811 1265 4893; x_wconf 89' lang='lat' dir='ltr'><strong>Papa</strong></span> <span class='ocrx_word' id='word_1_482' title='bbox 1289 4812 1439 4873; x_wconf 87' lang='lat' dir='ltr'><strong>blartinus</strong></span> <span class='ocrx_word' id='word_1_483' title='bbox 1462 4812 1518 4884; x_wconf 84' lang='lat' dir='ltr'><strong>ait,</strong></span> <span class='ocrx_word' id='word_1_484' title='bbox 1539 4821 1570 4873; x_wconf 91' lang='lat' dir='ltr'><strong>ct</strong></span> <span class='ocrx_word' id='word_1_485' title='bbox 1593 4813 1727 4875; x_wconf 87' lang='lat' dir='ltr'><strong>habetur</strong></span> 
     </span>
    </p>

    <p class='ocr_par' dir='ltr' id='par_1_22' title="bbox 165 4909 1872 4999">
     <span class='ocr_line' id='line_1_46' title="bbox 165 4909 1872 4999; baseline -0.002 -23"><span class='ocrx_word' id='word_1_486' title='bbox 165 4923 199 4976; x_wconf 91' lang='lat' dir='ltr'><strong>et</strong></span> <span class='ocrx_word' id='word_1_487' title='bbox 219 4911 364 4975; x_wconf 86' lang='lat' dir='ltr'><strong>animam</strong></span> <span class='ocrx_word' id='word_1_488' title='bbox 390 4909 597 4987; x_wconf 87' lang='lat' dir='ltr'><strong>humiliando,</strong></span> <span class='ocrx_word' id='word_1_489' title='bbox 615 4930 651 4973; x_wconf 94' lang='lat' dir='ltr'><strong>ac</strong></span> <span class='ocrx_word' id='word_1_490' title='bbox 677 4910 775 4972; x_wconf 85' lang='lat' dir='ltr'><strong>Deum</strong></span> <span class='ocrx_word' id='word_1_491' title='bbox 800 4910 924 4990; x_wconf 84' lang='lat' dir='ltr'><strong>glorili-</strong></span> <span class='ocrx_word' id='word_1_492' title='bbox 979 4911 1010 4973; x_wconf 90' lang='lat' dir='ltr'><strong>in</strong></span> <span class='ocrx_word' id='word_1_493' title='bbox 1032 4912 1164 4973; x_wconf 87' lang='lat' dir='ltr'><strong>llccreto</strong></span> <span class='ocrx_word' id='word_1_494' title='bbox 1182 4934 1188 4972; x_wconf 96' lang='lat'><strong>:</strong></span> <span class='ocrx_word' id='word_1_495' title='bbox 1207 4910 1272 4972; x_wconf 83' lang='lat' dir='ltr'><strong>u&#39;on</strong></span> <span class='ocrx_word' id='word_1_496' title='bbox 1295 4912 1388 4971; x_wconf 88' lang='lat' dir='ltr'><strong>liceat</strong></span> <span class='ocrx_word' id='word_1_497' title='bbox 1409 4911 1440 4971; x_wconf 92' lang='lat' dir='ltr'><strong>in</strong></span> <span class='ocrx_word' id='word_1_498' title='bbox 1462 4910 1632 4974; x_wconf 86' lang='lat' dir='ltr'><strong>christiana</strong></span> <span class='ocrx_word' id='word_1_499' title='bbox 1655 4912 1727 4973; x_wconf 87' lang='lat' dir='ltr'><strong>reli·</strong></span> <span class='ocrx_word' id='word_1_500' title='bbox 1749 4947 1835 4999; x_wconf 55' lang='lat' dir='ltr'><strong>gg„</strong></span> <span class='ocrx_word' id='word_1_501' title='bbox 1851 4961 1872 4996; x_wconf 37' lang='lat'><strong>„⁸</strong></span> 
     </span>
    </p>

    <p class='ocr_par' dir='ltr' id='par_1_23' title="bbox 164 5008 1872 5287">
     <span class='ocr_line' id='line_1_47' title="bbox 166 5008 1872 5095; baseline -0.001 -20"><span class='ocrx_word' id='word_1_502' title='bbox 166 5011 287 5076; x_wconf 85' lang='lat' dir='ltr'><strong>cando.</strong></span> <span class='ocrx_word' id='word_1_503' title='bbox 304 5010 400 5071; x_wconf 89' lang='lat' dir='ltr'><strong>Porro</strong></span> <span class='ocrx_word' id='word_1_504' title='bbox 424 5008 579 5089; x_wconf 92' lang='lat' dir='ltr'><strong>quidquid</strong></span> <span class='ocrx_word' id='word_1_505' title='bbox 598 5009 637 5072; x_wconf 93' lang='lat' dir='ltr'><strong>ad</strong></span> <span class='ocrx_word' id='word_1_506' title='bbox 657 5009 711 5070; x_wconf 82' lang='lat' dir='ltr'><strong>llei</strong></span> <span class='ocrx_word' id='word_1_507' title='bbox 737 5008 869 5090; x_wconf 90' lang='lat' dir='ltr'><strong>gloriam</strong></span> <span class='ocrx_word' id='word_1_508' title='bbox 892 5017 923 5071; x_wconf 88' lang='lat' dir='ltr'><strong>et</strong></span> <span class='ocrx_word' id='word_1_509' title='bbox 977 5010 1072 5091; x_wconf 89' lang='lat' dir='ltr'><strong>gione</strong></span> <span class='ocrx_word' id='word_1_510' title='bbox 1088 5010 1213 5091; x_wconf 91' lang='lat' dir='ltr'><strong>iniquas</strong></span> <span class='ocrx_word' id='word_1_511' title='bbox 1228 5030 1320 5089; x_wconf 91' lang='lat' dir='ltr'><strong>agere</strong></span> <span class='ocrx_word' id='word_1_512' title='bbox 1342 5009 1561 5072; x_wconf 88' lang='lat' dir='ltr'><strong>observantias</strong></span> <span class='ocrx_word' id='word_1_513' title='bbox 1577 5011 1726 5075; x_wconf 89' lang='lat' dir='ltr'><strong>Calenda-</strong></span> <span class='ocrx_word' id='word_1_514' title='bbox 1741 5014 1872 5095; x_wconf 56' lang='lat' dir='ltr'><strong>{sufflo-</strong></span> 
     </span>
     <span class='ocr_line' id='line_1_48' title="bbox 164 5078 1841 5189; baseline -0.003 -14"><span class='ocrx_word' id='word_1_515' title='bbox 164 5114 327 5175; x_wconf 88' lang='lat' dir='ltr'><strong>bonorem</strong></span> <span class='ocrx_word' id='word_1_516' title='bbox 343 5126 408 5169; x_wconf 94' lang='lat' dir='ltr'><strong>non</strong></span> <span class='ocrx_word' id='word_1_517' title='bbox 423 5107 570 5187; x_wconf 86' lang='lat' dir='ltr'><strong>pertinet,</strong></span> <span class='ocrx_word' id='word_1_518' title='bbox 586 5126 690 5188; x_wconf 89' lang='lat' dir='ltr'><strong>neque</strong></span> <span class='ocrx_word' id='word_1_519' title='bbox 705 5108 744 5169; x_wconf 93' lang='lat' dir='ltr'><strong>ad</strong></span> <span class='ocrx_word' id='word_1_520' title='bbox 763 5107 823 5169; x_wconf 86' lang='lat' dir='ltr'><strong>boc</strong></span> <span class='ocrx_word' id='word_1_521' title='bbox 838 5108 922 5188; x_wconf 94' lang='lat' dir='ltr'><strong>quod</strong></span> <span class='ocrx_word' id='word_1_522' title='bbox 978 5127 1128 5185; x_wconf 87' lang='lat' dir='ltr'><strong>rum,nec</strong></span> <span class='ocrx_word' id='word_1_523' title='bbox 1145 5108 1231 5170; x_wconf 89' lang='lat' dir='ltr'><strong>lauro</strong></span> <span class='ocrx_word' id='word_1_524' title='bbox 1247 5116 1301 5169; x_wconf 90' lang='lat' dir='ltr'><strong>aut</strong></span> <span class='ocrx_word' id='word_1_525' title='bbox 1317 5106 1470 5169; x_wconf 85' lang='lat' dir='ltr'><strong>viridibus</strong></span> <span class='ocrx_word' id='word_1_526' title='bbox 1488 5108 1583 5169; x_wconf 90' lang='lat' dir='ltr'><strong>ramis</strong></span> <span class='ocrx_word' id='word_1_527' title='bbox 1599 5108 1726 5189; x_wconf 85' lang='lat' dir='ltr'><strong>cingere</strong></span> <span class='ocrx_word' id='word_1_528' title='bbox 1746 5096 1763 5127; x_wconf 80' lang='lat'><strong>¹&#39;</strong></span> <span class='ocrx_word' id='word_1_529' title='bbox 1779 5088 1797 5117; x_wconf 74' lang='lat'><strong>⁰&#39;</strong></span> <span class='ocrx_word' id='word_1_530' title='bbox 1810 5078 1841 5116; x_wconf 55' lang='grc' dir='ltr'><strong>η’</strong></span> 
     </span>
     <span class='ocr_line' id='line_1_49' title="bbox 164 5204 1727 5287; baseline -0.003 -14"><span class='ocrx_word' id='word_1_531' title='bbox 164 5208 279 5274; x_wconf 90' lang='lat' dir='ltr'><strong>anima</strong></span> <span class='ocrx_word' id='word_1_532' title='bbox 293 5206 358 5269; x_wconf 84' lang='lat' dir='ltr'><strong>Deo</strong></span> <span class='ocrx_word' id='word_1_533' title='bbox 372 5204 526 5267; x_wconf 88' lang='lat' dir='ltr'><strong>subdatur</strong></span> <span class='ocrx_word' id='word_1_534' title='bbox 540 5223 661 5286; x_wconf 90' lang='lat' dir='ltr'><strong>suoque</strong></span> <span class='ocrx_word' id='word_1_535' title='bbox 676 5205 801 5287; x_wconf 90' lang='lat' dir='ltr'><strong>corpori</strong></span> <span class='ocrx_word' id='word_1_536' title='bbox 822 5206 924 5267; x_wconf 90' lang='lat' dir='ltr'><strong>domi·</strong></span> <span class='ocrx_word' id='word_1_537' title='bbox 978 5208 1110 5283; x_wconf 67' lang='lat' dir='ltr'><strong>domos,</strong></span> <span class='ocrx_word' id='word_1_538' title='bbox 1135 5205 1239 5268; x_wconf 93' lang='lat' dir='ltr'><strong>omnis</strong></span> <span class='ocrx_word' id='word_1_539' title='bbox 1268 5204 1353 5268; x_wconf 91' lang='lat' dir='ltr'><strong>enim</strong></span> <span class='ocrx_word' id='word_1_540' title='bbox 1382 5205 1562 5268; x_wconf 86' lang='lat' dir='ltr'><strong>observatio</strong></span> <span class='ocrx_word' id='word_1_541' title='bbox 1592 5206 1651 5268; x_wconf 90' lang='lat' dir='ltr'><strong>ista</strong></span> <span class='ocrx_word' id='word_1_542' title='bbox 1679 5215 1727 5269; x_wconf 91' lang='lat' dir='ltr'><strong>cst</strong></span> 
     </span>
    </p>
   </div>
   <div class='ocr_carea' id='block_1_6' title="bbox 163 5303 1726 5389">
    <p class='ocr_par' dir='ltr' id='par_1_24' title="bbox 163 5303 1726 5389">
     <span class='ocr_line' id='line_1_50' title="bbox 163 5303 1726 5389; baseline -0.004 -16"><span class='ocrx_word' id='word_1_543' title='bbox 163 5317 284 5373; x_wconf 87' lang='lat' dir='ltr'><strong>netur:</strong></span> <span class='ocrx_word' id='word_1_544' title='bbox 299 5306 362 5369; x_wconf 88' lang='lat' dir='ltr'><strong>boc</strong></span> <span class='ocrx_word' id='word_1_545' title='bbox 377 5310 478 5367; x_wconf 84' lang='lat' dir='ltr'><strong>toturn</strong></span> <span class='ocrx_word' id='word_1_546' title='bbox 493 5312 542 5366; x_wconf 86' lang='lat' dir='ltr'><strong>est</strong></span> <span class='ocrx_word' id='word_1_547' title='bbox 554 5304 810 5386; x_wconf 90' lang='lat' dir='ltr'><strong>superstitiosum</strong></span> <span class='ocrx_word' id='word_1_548' title='bbox 827 5314 921 5386; x_wconf 89' lang='lat' dir='ltr'><strong>atque</strong></span> <span class='ocrx_word' id='word_1_549' title='bbox 979 5303 1234 5389; x_wconf 85' lang='lat' dir='ltr'><strong>paganorum.En</strong></span> <span class='ocrx_word' id='word_1_550' title='bbox 1248 5303 1365 5385; x_wconf 91' lang='lat' dir='ltr'><strong>quibus</strong></span> <span class='ocrx_word' id='word_1_551' title='bbox 1381 5304 1487 5366; x_wconf 90' lang='lat' dir='ltr'><strong>verbis</strong></span> <span class='ocrx_word' id='word_1_552' title='bbox 1502 5304 1629 5367; x_wconf 87' lang='lat' dir='ltr'><strong>elicitur</strong></span> <span class='ocrx_word' id='word_1_553' title='bbox 1642 5305 1726 5385; x_wconf 92' lang='lat' dir='ltr'><strong>quod</strong></span> 
     </span>
    </p>
   </div>
   <div class='ocr_carea' id='block_1_7' title="bbox 0 0 2160 6246">
    <p class='ocr_par' dir='ltr' id='par_1_25' title="bbox 0 0 2160 6246">
     <span class='ocr_line' id='line_1_51' title="bbox 0 0 2160 6246; baseline 0 0"><span class='ocrx_word' id='word_1_554' title='bbox 0 0 2160 6246; x_wconf 95' lang='lat' dir='ltr'><strong> </strong></span> 
     </span>
    </p>
   </div>
  </div>
 </body>
</html>
