4309 6250
165 511 286 560 acarna
308 514 393 560 rrrrn
414 511 673 560 smansmrronurr
692 513 800 568 oureus
821 511 910 559 cinca
930 511 1049 558 ιιιιιιιιι
1070 511 1141 560 vam
1164 512 1214 559 nst
1234 512 1385 560 annarnn.
1408 531 1449 543 —
1469 514 1538 560 aar.
1562 514 1594 560 rx
1661 494 1718 558 221

38 697 153 752 amma
166 681 323 762 pendunt,
339 691 375 746 nt
389 683 444 765 qui
459 683 493 746 in
512 682 660 747 sordibus
678 691 738 764 est,
754 682 917 746 sordescat
933 681 958 743 Α
973 681 1061 756 enon
1082 689 1131 746 est
1149 683 1279 748 omnino
1300 702 1481 762 erroneum,
1503 702 1602 764 quum
1626 698 1720 746 nemo

39 763 65 802 ¹¹·
166 779 283 844 adbuc.
299 781 463 844 Interdum
483 800 610 863 quoque
631 781 846 845 ellectusnon
869 800 918 843 se·
972 778 1093 861 absque
1108 781 1239 862 speciali
1256 781 1449 844 revelatione
1470 781 1635 844 divinasit
1653 799 1721 844 cer-

167 879 287 960 quitur,
303 880 368 943 Deo
391 881 592 962 probibente,
608 888 663 944 aut
687 880 830 944 daemone
852 899 916 943 non
972 885 1023 940 tus
1050 878 1090 940 de
1119 897 1176 940 sua
1194 878 1296 941 linali
1329 879 1513 956 salvatione,
1544 886 1576 940 et
1602 877 1636 939 in
1665 877 1721 940 Dei

166 985 294 1057 agente,
310 987 347 1040 ut
359 979 452 1060 plura
472 977 612 1060 requirat
633 978 764 1041 servitia
779 986 810 1041 et
826 978 917 1062 plura
972 975 1134 1038 voluntate
1159 985 1253 1060 atque
1278 977 1488 1058 dispositione
1512 975 1720 1057 providentia

165 1072 249 1136 liant
262 1093 359 1157 opera
373 1076 605 1158 superstitiosa.
622 1075 769 1139 &cundo
783 1082 918 1157 peccant
971 1093 1036 1137 suae
1059 1075 1102 1136 sit
1124 1075 1274 1138 exaudire
1297 1075 1473 1140 orationem
1497 1083 1552 1138 aut
1575 1093 1640 1137 non
1669 1093 1721 1137 ex-

165 1172 327 1236 abutendo
350 1173 446 1238 robus
470 1175 729 1256 praedictisque
753 1192 818 1238 non
842 1182 916 1236 sunt
970 1172 1090 1248 audire.
1121 1172 1185 1236 Nec
1213 1173 1317 1255 aliqua
1343 1173 1444 1236 oratio
1479 1171 1645 1236 eliicaoior
1673 1180 1721 1234 est

165 1272 204 1333 ad
229 1272 327 1335 talem
354 1271 510 1336 ellectum
539 1292 576 1336 ac
600 1272 702 1336 linem
726 1281 838 1336 creatae
861 1280 916 1334 aut
970 1269 1117 1333 Oratione
1142 1270 1315 1350 dominica,
1340 1271 1464 1334 scilicet
1487 1269 1576 1350 Pater
1600 1279 1717 1348 noster,
1734 1299 1876 1354 mma

165 1379 370 1451 consecratae,
387 1391 447 1434 uec
462 1371 581 1435 babent
603 1372 751 1434 virtutem
772 1372 812 1433 ad
828 1371 913 1434 talia.
969 1387 1065 1450 quam
1090 1369 1225 1451 ipsemet
1239 1369 1380 1432 Christus
1401 1369 1539 1432 edocuit.
1559 1369 1646 1444 Quod
1665 1389 1720 1432 au·
1736 1367 1768 1408 ¹³·
1795 1371 1799 1378 '

163 1467 236 1531 Haec
259 1477 334 1531 sunt
355 1469 453 1532 verba
474 1469 571 1553 hujus
592 1469 746 1552 magistri.
971 1476 1035 1529 tem
1049 1467 1240 1550 quibusdam
1255 1467 1378 1530 Sanctis
1393 1467 1510 1550 legitur
1523 1467 1718 1550 promissum

203 1568 294 1631 Circa
322 1587 393 1650 quaa
421 1569 502 1632 mibi
531 1569 658 1632 videtur
690 1569 810 1651 aliquid
845 1587 915 1632 csse
969 1566 1082 1644 abeo,
1099 1567 1182 1648 quod
1198 1567 1392 1648 quicumque
1412 1567 1632 1630 invocaverint
1650 1586 1717 1646 eos,

162 1666 358 1744 addendum,
378 1675 414 1728 ut
432 1685 522 1730 error
539 1667 666 1731 vitetur.
688 1667 777 1749 Aqua
794 1666 914 1730 etenim
970 1664 1179 1728 exaudientur
1199 1665 1249 1727 vel
1271 1664 1520 1746 adjuvabuntur,
1537 1665 1718 1746 intelligen-

162 1763 333 1827 benedicta
346 1765 513 1828 ordinatur
533 1765 573 1828 ad
587 1766 770 1829 daemonum
791 1785 915 1848 repres-
969 1763 1045 1825 dum
1079 1771 1138 1842 est,
1168 1762 1340 1826 dummodo
1368 1781 1406 1827 ex
1440 1783 1515 1827 vera
1549 1763 1718 1827 devotione

163 1863 288 1926 sionem
317 1883 354 1926 ac
377 1863 607 1946 expulsionem.
634 1865 797 1928 [temones
824 1883 912 1942 vero,
931 1865 1002 1928 Bet
1016 1861 1099 1924 sicut
1113 1869 1238 1944 oportet
1253 1861 1471 1926 invocaverint
1491 1880 1557 1940 eos,
1575 1862 1618 1925 ita
1632 1862 1716 1943 quod

163 1963 342 2024 secundum
370 1962 457 2044 qnod
484 1964 586 2026 sancti
611 1963 717 2026 Patres
746 1971 912 2040 testantur,
970 1978 1103 2043 capaces
1124 1968 1157 2024 et
1176 1959 1265 2042 digni
1288 1961 1364 2040 sint,
1384 1979 1443 2024 nec
1465 1960 1589 2025 obicem
1611 1961 1718 2042 gratita

163 2057 350 2141 frequenter
373 2079 407 2124 se
431 2061 568 2124 miscent
588 2061 840 2143 tempestatibus,
863 2081 915 2125 co-
969 2066 1100 2142 ponant.
1131 2059 1211 2122 llinc
1239 2059 1333 2122 etiam
1361 2058 1500 2141 graviter
1528 2066 1634 2122 errant
1661 2059 1716 2140 qui

162 2159 411 2237 resectionibus,
441 2159 589 2222 tonitruis
619 2182 626 2220 :
657 2160 778 2223 idcirco
804 2169 916 2224 contra
968 2157 1082 2221 dicunt
1107 2158 1192 2240 quod
1222 2177 1279 2240 per
1305 2177 1475 2220 numerum
1503 2165 1625 2220 certum
1648 2157 1719 2220 llis-

162 2259 238 2322 talia
264 2259 311 2322 uti
341 2261 547 2342 adspersione
567 2279 656 2342 aquae
679 2259 854 2324 benedicta
876 2279 915 2324 er
970 2276 1077 2320 sarum
1106 2257 1280 2320 redimatur
1311 2256 1417 2320 anima
1448 2257 1487 2318 de
1522 2256 1716 2339 purgatorio,

161 2356 229 2421 lide
249 2365 282 2421 et
300 2358 483 2437 devotione,
499 2368 628 2422 nonest
647 2359 913 2441 superstitiosum,
969 2355 1115 2437 quamvis
1142 2374 1200 2437 per
1228 2355 1316 2418 mille
1343 2373 1444 2420 annos
1475 2363 1529 2418 aut
1556 2351 1718 2437 usquein

162 2457 218 2519 sed
240 2457 421 2521 virtuosum
442 2465 537 2540 atque
558 2455 728 2521 laudabile.
749 2456 912 2536 Proterea,
971 2453 1071 2518 linem
1101 2455 1211 2518 mundi
1240 2453 1355 2518 luisset
1387 2456 1563 2537 torquenda
1598 2454 1631 2517 in
1667 2471 1716 2532 eo,

161 2556 310 2635 quamvis
334 2565 447 2620 cetera
471 2557 616 2638 quadam
637 2575 688 2620 res
709 2563 913 2637 consecrata,
971 2551 1149 2616 colorantes
1176 2553 1237 2618 boc
1265 2552 1449 2618 nominibus
1477 2573 1533 2618 seu
1558 2553 1720 2636 allegatio-

162 2673 227 2717 non
253 2655 319 2716 sint
344 2654 464 2718 directe
493 2655 533 2718 ad
562 2656 658 2735 ulem
681 2653 838 2718 ellectum
861 2657 916 2718 do
971 2650 1066 2714 nibus
1092 2650 1329 2734 Apostolorum,
1358 2653 1442 2734 quod
1472 2651 1520 2714 illi
1548 2651 1609 2716 boc
1645 2670 1719 2716 con-

160 2761 292 2834 putatae,
319 2753 346 2814 si
368 2761 475 2816 tamen
500 2753 573 2836 quis
594 2754 642 2816 eis
667 2761 773 2817 utatur
795 2755 836 2818 ad
849 2754 914 2836 ⁵llei
970 2758 1136 2812 cesserunt
1160 2773 1166 2812 :
1189 2750 1275 2832 quod
1298 2749 1424 2832 penitus
1447 2749 1564 2814 falsum
1588 2759 1646 2814 est.
1672 2750 1719 2814 Si-

161 2850 331 2933 bonorem,
354 2870 419 2915 non
440 2853 532 2935 quasi
553 2872 604 2917 res
624 2853 687 2917 illae
707 2853 845 2918 babeant
868 2853 917 2916 di·
969 2848 1090 2912 militer
1116 2849 1245 2931 quidam
1274 2849 1460 2913 adscribunt
1486 2849 1637 2933 Gregorio
1662 2870 1718 2914 scu

162 2959 249 3013 recte
269 2950 423 3013 virtutem
442 2951 483 3014 ad
503 2950 658 3015 ellectum
674 2951 843 3030 intentum,
859 2952 914 3014 sod
969 2947 1129 3011 Bemardo
1144 2955 1196 3010 aut
1206 2947 1279 3010 aliis
1294 2948 1417 3012 Sanctis
1429 2949 1572 3030 quadam
1588 2948 1715 3028 similia,

162 3056 196 3110 ut
210 3067 273 3131 per
285 3067 396 3112 earum
410 3069 504 3112 usum
519 3068 576 3112 seu
595 3049 651 3114 llei
672 3050 915 3114 honorationem
933 3049 956 3112 C
970 3053 1046 3130 puta
1058 3047 1144 3128 quod
1158 3047 1191 3108 iu
1206 3045 1347 3129 qualibet
1360 3046 1464 3128 blissa,
1480 3067 1543 3110 nna
1557 3047 1596 3110 ad
1610 3047 1718 3111 minus

161 3148 195 3209 in
217 3166 332 3211 aarum
352 3168 413 3211 usu
434 3148 652 3229 exsistentem,
667 3150 855 3231 impetretur
874 3150 916 3213 ab
969 3146 1076 3209 anima
1100 3146 1140 3209 de
1163 3145 1345 3229 purgatorio
1370 3145 1555 3226 redimatur,
1580 3154 1612 3211 et
1635 3167 1719 3211 uuus

161 3246 389 3328 Omnipotente
416 3239 541 3330 optatus
573 3246 731 3328 ellectus3
757 3267 822 3313 non
855 3248 916 3312 erit
971 3253 1120 3327 peccator
1134 3252 1347 3309 eonvertatur.
1364 3243 1478 3309 Dicunt
1498 3264 1624 3328 quoque
1640 3264 1720 3311 non-

161 3344 327 3425 illicitum,
352 3346 527 3409 dnmmodo
554 3366 632 3409 usus
656 3366 762 3409 rerum
787 3346 915 3410 illarum
970 3343 1063 3423 nulli,
1090 3344 1130 3406 de
1157 3343 1341 3425 quindecim
1368 3342 1459 3407 Pater
1486 3351 1605 3426 noster,
1634 3345 1717 3428 quod

161 3461 219 3524 pro
244 3442 301 3507 tali
326 3463 435 3523 causa,
455 3444 526 3509 loco
550 3452 582 3507 et
603 3452 757 3526 tempore,
780 3464 844 3509 non
869 3465 916 3509 re-
970 3462 1028 3524 por
1041 3461 1079 3505 ea
1092 3441 1277 3526 quindecim
1291 3442 1439 3507 homines
1454 3443 1719 3507 certitudinaliter

159 3550 286 3624 pugnet
306 3542 509 3607 bonorationi
530 3542 659 3606 divinas.
970 3548 1208 3619 convertantur,
1224 3548 1257 3603 et
1269 3540 1452 3623 quindecim
1467 3542 1581 3605 animm
1595 3543 1634 3605 de
1649 3562 1720 3625 pur·

199 3641 339 3723 Insuper
357 3640 468 3705 scribit
488 3642 574 3705 idem
595 3641 746 3724 magister
767 3666 775 3705 ι
796 3643 844 3707 Ad
865 3664 917 3707 su·
970 3640 1093 3721 galerio
1128 3639 1314 3720 liberentur,
1344 3647 1377 3703 et
1409 3639 1539 3703 totidem
1572 3641 1650 3724 justi
1684 3642 1718 3705 in

161 3740 385 3821 perstitionem
396 3739 536 3821 pertinet
550 3739 737 3823 ponderatio
752 3742 916 3806 bominum
969 3737 1096 3819 justitia
1110 3736 1353 3815 confirmentur,
1369 3738 1513 3801 dicentes
1533 3739 1618 3820 qnod
1633 3739 1719 3803 Gbri-

160 3839 200 3900 ad
224 3838 442 3920 equalitatem
462 3838 606 3920 siliginis
631 3848 742 3903 contra
769 3842 917 3905 morbum
971 3844 1039 3898 stus
1054 3836 1110 3899 illa
1123 3835 1307 3917 quindecim
1323 3836 1411 3899 Pater
1425 3844 1534 3900 noster
1548 3838 1717 3919 quemdam

161 3935 493 4015 caducum,erbibitio
507 3955 598 4017 aquae
611 3937 787 4001 benedicta
801 3940 918 4003 anima·
971 3934 1122 3999 devotum
1149 3934 1304 4013 docuerit,
1335 3944 1366 3997 et
1393 3953 1503 3998 eorum
1539 3935 1718 4001 eilicaoiam

160 4036 247 4099 libus
263 4035 367 4099 brutis
381 4043 491 4098 contra
508 4054 650 4099 morsum
673 4035 833 4118 luporum,
849 4057 918 4100 cre-
972 4032 1160 4115 revelaverit
1184 4032 1224 4097 ei.
1246 4032 1306 4095 Sed
1331 4052 1390 4096 nec
1408 4032 1520 4097 officio
1538 4034 1639 4097 ldissaa
1659 4056 1718 4099 nec

158 4135 281 4199 dulitas
292 4134 374 4216 quod
385 4142 494 4198 contm
507 4135 650 4199 dolorem
660 4136 802 4199 dentium
814 4136 917 4199 valeat
970 4132 1167 4196 orationibus
1188 4131 1441 4214 quibuscumque
1463 4133 1567 4195 taliter
1590 4130 1720 4216 alligata

160 4235 275 4299 clavus
309 4234 429 4298 infixus
459 4234 586 4316 parieti,
613 4242 668 4297 aut
699 4237 784 4317 quod
819 4236 917 4301 verba
931 4237 956 4299 Ι)
971 4238 1018 4294 est
1033 4238 1173 4313 potestas
1187 4229 1306 4311 divina,
1322 4250 1425 4313 neque
1441 4240 1505 4295 tarn
1520 4239 1625 4296 certus
1640 4231 1720 4297 elie·

158 4333 328 4416 Evangelii
348 4334 421 4416 plus
441 4352 499 4396 seu
517 4333 627 4397 minus
648 4333 802 4399 efficacia
820 4336 917 4399 habe
971 4340 1040 4393 ctus
1055 4350 1198 4393 annexus
1213 4339 1270 4393 est.
1288 4331 1358 4395 llec
1372 4350 1411 4394 ex
1425 4330 1625 4413 praeallegato
1645 4341 1720 4396 sunt

159 4441 226 4513 ant,
243 4434 273 4495 si
288 4433 469 4496 scribantur
482 4432 545 4497 alio
560 4440 704 4516 tempore
722 4453 818 4517 quam
839 4436 915 4497 dum
971 4438 1096 4512 sumpta
1119 4437 1263 4493 tractatu.

158 4532 370 4614 Evangelium
395 4531 430 4593 in
450 4531 589 4595 ecclesia
610 4531 737 4613 legitur.
761 4531 916 4597 Praeterea
1011 4528 1181 4609 Postremo,
1194 4528 1268 4591 huic
1284 4528 1369 4593 dicto
1383 4530 1422 4592 dc
1437 4536 1596 4593 certarum
1611 4531 1718 4595 valore

158 4633 247 4696 circa
263 4630 425 4695 orationes
443 4651 508 4695 non
523 4632 648 4695 modica
668 4633 853 4714 superstitio
868 4626 935 4698 re-'
969 4630 1145 4710 llissarnm,
1176 4629 1348 4693 concordat
1375 4630 1459 4712 quod
1488 4630 1521 4691 in
1550 4631 1716 4697 tractatulo

159 4732 296 4814 peritur.
307 4730 441 4793 Plurimi
455 4730 575 4793 etenim
589 4730 735 4809 credunt,
751 4734 836 4814 quod
851 4734 916 4796 sint
969 4730 1107 4811 quodam
1132 4748 1227 4811 super
1251 4728 1311 4792 boo
1336 4729 1419 4792 edito
1443 4728 1488 4793 ait
1510 4730 1639 4811 quidam
1663 4733 1719 4797 do·

159 4832 279 4913 aliquae
296 4828 458 4894 orationes
476 4848 534 4911 per
553 4847 632 4910 quas
652 4830 917 4895 certitudinaliter
969 4836 1038 4891 ctor
1051 4828 1202 4903 :Quidam
1217 4827 1392 4908 (inquiens)
1406 4846 1444 4891 er
1459 4827 1535 4893 ficta
1550 4830 1717 4895 devotione

159 4928 324 5012 autquasi
339 4928 527 5011 exquadam
549 4928 737 4991 necessitate
751 4929 916 4993 obtineant
969 4928 1089 5005 dieunt,
1116 4928 1200 5008 quod
1228 4928 1422 5009 quicumque
1450 4928 1561 5011 legerit
1590 4938 1635 4993 tot
1663 4940 1718 4993 aut

160 5030 319 5113 quidquid
336 5030 369 5091 in
384 5028 462 5110 ipsis
476 5027 627 5109 petierint
642 5051 649 5088 ε
666 5036 702 5090 ut
719 5029 805 5109 quod
820 5030 915 5111 Virgo
970 5036 1015 5091 tot
1033 5027 1152 5106 blissas,
1168 5046 1248 5108 quas
1275 5035 1390 5091 vocant
1413 5047 1537 5107 aureas,
1553 5047 1611 5110 pro
1631 5038 1717 5093 certa

162 5132 257 5193 beata
285 5137 340 5192 aut
368 5126 423 5189 alii
445 5126 554 5190 Sancti
582 5126 630 5189 eis
654 5128 853 5210 apparebunt
881 5129 915 5191 in
969 5127 1076 5189 anima
1103 5126 1137 5189 in
1167 5128 1348 5209 purgatorio
1376 5129 1557 5209 exsistente,
1588 5133 1717 5194 certitu-

162 5228 328 5308 extremis,
343 5236 376 5290 et
396 5226 482 5308 quod
502 5227 573 5289 sine
587 5228 813 5291 communione
834 5228 916 5293 mori
968 5226 1119 5289 dinaliter
1147 5226 1281 5290 redimet
1314 5246 1396 5310 eam,
1427 5228 1633 5293 attribuentes
1669 5232 1715 5295 illi

161 5347 227 5392 non
258 5333 420 5409 potentat,
449 5345 509 5389 uec
544 5327 577 5389 in
612 5335 743 5409 peccato
775 5326 912 5390 mortali.
969 5344 1103 5389 numero
1127 5325 1289 5388 llissarum
1317 5336 1372 5389 aut
1399 5328 1494 5391 certis
1521 5330 1715 5397 orationibus
