<?xml version="1.0" encoding="UTF-8"?>
<!DOCTYPE html PUBLIC "-//W3C//DTD XHTML 1.0 Transitional//EN"
    "http://www.w3.org/TR/xhtml1/DTD/xhtml1-transitional.dtd">
<html xmlns="http://www.w3.org/1999/xhtml" xml:lang="en" lang="en">
 <head>
  <title>
</title>
<meta http-equiv="Content-Type" content="text/html;charset=utf-8" />
  <meta name='ocr-system' content='tesseract 3.04.00' />
  <meta name='ocr-capabilities' content='ocr_page ocr_carea ocr_par ocr_line ocrx_word'/>
</head>
<body>
  <div class='ocr_page' id='page_1' title='image "./doctorisecstati03unkngoog_0646.png"; bbox 0 0 4309 6250; ppageno 0'>
   <div class='ocr_carea' id='block_1_1' title="bbox 456 475 1918 559">
    <p class='ocr_par' dir='ltr' id='par_1_1' title="bbox 456 475 1918 559">
     <span class='ocr_line' id='line_1_1' title="bbox 456 475 1918 559; baseline 0.004 -17"><span class='ocrx_word' id='word_1_1' title='bbox 456 475 517 542; x_wconf 77' lang='lat'><strong>6²0</strong></span> <span class='ocrx_word' id='word_1_2' title='bbox 557 497 597 544; x_wconf 88' lang='lat' dir='ltr'><strong>ur</strong></span> <span class='ocrx_word' id='word_1_3' title='bbox 617 497 825 547; x_wconf 75' lang='lat' dir='ltr'><strong>ermenoara</strong></span> <span class='ocrx_word' id='word_1_4' title='bbox 846 501 940 548; x_wconf 80' lang='lat' dir='ltr'><strong>suuni</strong></span> <span class='ocrx_word' id='word_1_5' title='bbox 961 499 1129 548; x_wconf 82' lang='lat' dir='ltr'><strong>rourrrrcrs</strong></span> <span class='ocrx_word' id='word_1_6' title='bbox 1149 501 1187 547; x_wconf 83' lang='lat' dir='ltr'><strong>rr</strong></span> <span class='ocrx_word' id='word_1_7' title='bbox 1207 501 1377 549; x_wconf 71' lang='lat' dir='ltr'><strong>onomius</strong></span> <span class='ocrx_word' id='word_1_8' title='bbox 1398 500 1537 559; x_wconf 79' lang='lat' dir='ltr'><strong>concito,</strong></span> <span class='ocrx_word' id='word_1_9' title='bbox 1559 501 1649 548; x_wconf 80' lang='lat' dir='ltr'><strong>suan</strong></span> <span class='ocrx_word' id='word_1_10' title='bbox 1667 501 1712 548; x_wconf 92' lang='grc' dir='ltr'><strong>ιιι.</strong></span> <span class='ocrx_word' id='word_1_11' title='bbox 1735 520 1777 532; x_wconf 89' lang='grc'><strong>-</strong></span> <span class='ocrx_word' id='word_1_12' title='bbox 1796 502 1866 548; x_wconf 75' lang='lat' dir='ltr'><strong>aar.</strong></span> <span class='ocrx_word' id='word_1_13' title='bbox 1887 503 1918 548; x_wconf 85' lang='lat' dir='ltr'><strong>rr</strong></span> 
     </span>
    </p>
   </div>
   <div class='ocr_carea' id='block_1_2' title="bbox 454 667 2077 3709">
    <p class='ocr_par' dir='ltr' id='par_1_2' title="bbox 454 667 2077 3709">
     <span class='ocr_line' id='line_1_2' title="bbox 458 667 1987 755; baseline 0.003 -25"><span class='ocrx_word' id='word_1_14' title='bbox 458 667 606 731; x_wconf 86' lang='lat' dir='ltr'><strong>novimus</strong></span> <span class='ocrx_word' id='word_1_15' title='bbox 622 671 816 750; x_wconf 77' lang='lat' dir='ltr'><strong>absentasse,</strong></span> <span class='ocrx_word' id='word_1_16' title='bbox 829 679 860 736; x_wconf 86' lang='lat' dir='ltr'><strong>et</strong></span> <span class='ocrx_word' id='word_1_17' title='bbox 875 671 967 735; x_wconf 91' lang='lat' dir='ltr'><strong>nobis</strong></span> <span class='ocrx_word' id='word_1_18' title='bbox 982 673 1096 735; x_wconf 94' lang='lat' dir='ltr'><strong>durum</strong></span> <span class='ocrx_word' id='word_1_19' title='bbox 1111 691 1204 754; x_wconf 72' lang='lat' dir='ltr'><strong>aegre-</strong></span> <span class='ocrx_word' id='word_1_20' title='bbox 1217 673 1243 735; x_wconf 80' lang='lat' dir='ltr'><strong>A</strong></span> <span class='ocrx_word' id='word_1_21' title='bbox 1257 673 1344 755; x_wconf 93' lang='lat' dir='ltr'><strong>poris</strong></span> <span class='ocrx_word' id='word_1_22' title='bbox 1378 674 1470 736; x_wconf 92' lang='lat' dir='ltr'><strong>ruine</strong></span> <span class='ocrx_word' id='word_1_23' title='bbox 1497 693 1536 736; x_wconf 86' lang='lat' dir='ltr'><strong>ex</strong></span> <span class='ocrx_word' id='word_1_24' title='bbox 1563 672 1623 736; x_wconf 90' lang='lat' dir='ltr'><strong>bac</strong></span> <span class='ocrx_word' id='word_1_25' title='bbox 1651 680 1852 737; x_wconf 89' lang='lat' dir='ltr'><strong>monstruosa</strong></span> <span class='ocrx_word' id='word_1_26' title='bbox 1876 674 1987 736; x_wconf 82' lang='lat' dir='ltr'><strong>ramula-</strong></span> 
     </span>
     <span class='ocr_line' id='line_1_3' title="bbox 458 766 1986 854; baseline 0.005 -27"><span class='ocrx_word' id='word_1_27' title='bbox 458 784 520 846; x_wconf 89' lang='lat' dir='ltr'><strong>que</strong></span> <span class='ocrx_word' id='word_1_28' title='bbox 542 766 709 832; x_wconf 80' lang='lat' dir='ltr'><strong>ferendum</strong></span> <span class='ocrx_word' id='word_1_29' title='bbox 734 769 796 852; x_wconf 93' lang='lat' dir='ltr'><strong>piis</strong></span> <span class='ocrx_word' id='word_1_30' title='bbox 820 770 934 833; x_wconf 90' lang='lat' dir='ltr'><strong>animis</strong></span> <span class='ocrx_word' id='word_1_31' title='bbox 959 771 1134 850; x_wconf 89' lang='lat' dir='ltr'><strong>videbatur,</strong></span> <span class='ocrx_word' id='word_1_32' title='bbox 1152 791 1204 834; x_wconf 90' lang='lat' dir='ltr'><strong>vc-</strong></span> <span class='ocrx_word' id='word_1_33' title='bbox 1258 771 1343 834; x_wconf 88' lang='lat' dir='ltr'><strong>tione</strong></span> <span class='ocrx_word' id='word_1_34' title='bbox 1377 770 1582 854; x_wconf 80' lang='lat' dir='ltr'>provenirent</span> <span class='ocrx_word' id='word_1_35' title='bbox 1610 791 1740 834; x_wconf 91' lang='lat' dir='ltr'><strong>necesse</strong></span> <span class='ocrx_word' id='word_1_36' title='bbox 1768 780 1826 834; x_wconf 89' lang='lat' dir='ltr'><strong>est.</strong></span> <span class='ocrx_word' id='word_1_37' title='bbox 1859 772 1917 834; x_wconf 86' lang='lat' dir='ltr'><strong>Sed</strong></span> <span class='ocrx_word' id='word_1_38' title='bbox 1941 793 1986 835; x_wconf 83' lang='lat' dir='ltr'><strong>sua</strong></span> 
     </span>
     <span class='ocr_line' id='line_1_4' title="bbox 458 870 1986 951; baseline 0.004 -23"><span class='ocrx_word' id='word_1_39' title='bbox 458 885 529 928; x_wconf 93' lang='lat' dir='ltr'><strong>rum</strong></span> <span class='ocrx_word' id='word_1_40' title='bbox 565 875 723 948; x_wconf 78' lang='lat' dir='ltr'><strong>pastorem</strong></span> <span class='ocrx_word' id='word_1_41' title='bbox 759 888 851 931; x_wconf 94' lang='lat' dir='ltr'><strong>suum</strong></span> <span class='ocrx_word' id='word_1_42' title='bbox 884 878 948 932; x_wconf 90' lang='lat' dir='ltr'><strong>tem</strong></span> <span class='ocrx_word' id='word_1_43' title='bbox 984 870 1101 932; x_wconf 80' lang='lat' dir='ltr'><strong>celebri</strong></span> <span class='ocrx_word' id='word_1_44' title='bbox 1129 888 1205 933; x_wconf 89' lang='lat' dir='ltr'><strong>con·</strong></span> <span class='ocrx_word' id='word_1_45' title='bbox 1257 871 1506 951; x_wconf 88' lang='lat' dir='ltr'><strong>unumquodque</strong></span> <span class='ocrx_word' id='word_1_46' title='bbox 1523 870 1656 933; x_wconf 84' lang='lat' dir='ltr'><strong>interius</strong></span> <span class='ocrx_word' id='word_1_47' title='bbox 1675 871 1853 933; x_wconf 81' lang='lat' dir='ltr'><strong>membrum</strong></span> <span class='ocrx_word' id='word_1_48' title='bbox 1870 871 1986 934; x_wconf 84' lang='lat' dir='ltr'><strong>vocatio</strong></span> 
     </span>
     <span class='ocr_line' id='line_1_5' title="bbox 457 965 1985 1051; baseline 0.004 -26"><span class='ocrx_word' id='word_1_49' title='bbox 457 965 623 1028; x_wconf 88' lang='lat' dir='ltr'><strong>vocatione</strong></span> <span class='ocrx_word' id='word_1_50' title='bbox 652 975 810 1048; x_wconf 87' lang='lat' dir='ltr'><strong>vocatum,</strong></span> <span class='ocrx_word' id='word_1_51' title='bbox 826 968 911 1032; x_wconf 90' lang='lat' dir='ltr'><strong>ovile</strong></span> <span class='ocrx_word' id='word_1_52' title='bbox 939 976 1002 1031; x_wconf 89' lang='lat' dir='ltr'><strong>tam</strong></span> <span class='ocrx_word' id='word_1_53' title='bbox 1031 968 1203 1051; x_wconf 88' lang='lat' dir='ltr'><strong>improvisa</strong></span> <span class='ocrx_word' id='word_1_54' title='bbox 1257 987 1299 1031; x_wconf 92' lang='lat' dir='ltr'><strong>ne</strong></span> <span class='ocrx_word' id='word_1_55' title='bbox 1324 977 1520 1048; x_wconf 85' lang='lat' dir='ltr'><strong>contentum,</strong></span> <span class='ocrx_word' id='word_1_56' title='bbox 1537 977 1572 1030; x_wconf 97' lang='lat' dir='ltr'><strong>ut</strong></span> <span class='ocrx_word' id='word_1_57' title='bbox 1596 968 1627 1030; x_wconf 94' lang='lat' dir='ltr'><strong>id</strong></span> <span class='ocrx_word' id='word_1_58' title='bbox 1653 969 1690 1031; x_wconf 90' lang='lat' dir='ltr'><strong>ad</strong></span> <span class='ocrx_word' id='word_1_59' title='bbox 1711 969 1796 1050; x_wconf 94' lang='lat' dir='ltr'><strong>quod</strong></span> <span class='ocrx_word' id='word_1_60' title='bbox 1821 969 1985 1050; x_wconf 85' lang='lat' dir='ltr'><strong>deputatum</strong></span> 
     </span>
     <span class='ocr_line' id='line_1_6' title="bbox 457 1061 1986 1148; baseline 0.005 -26"><span class='ocrx_word' id='word_1_61' title='bbox 457 1061 649 1143; x_wconf 87' lang='lat' dir='ltr'><strong>relinquere.</strong></span> <span class='ocrx_word' id='word_1_62' title='bbox 666 1065 730 1128; x_wconf 87' lang='lat' dir='ltr'><strong>lloo</strong></span> <span class='ocrx_word' id='word_1_63' title='bbox 753 1075 858 1128; x_wconf 91' lang='lat' dir='ltr'><strong>autem</strong></span> <span class='ocrx_word' id='word_1_64' title='bbox 880 1066 1000 1129; x_wconf 89' lang='lat' dir='ltr'><strong>dictum</strong></span> <span class='ocrx_word' id='word_1_65' title='bbox 1024 1075 1071 1129; x_wconf 91' lang='lat' dir='ltr'><strong>est</strong></span> <span class='ocrx_word' id='word_1_66' title='bbox 1091 1066 1124 1128; x_wconf 92' lang='lat' dir='ltr'><strong>io</strong></span> <span class='ocrx_word' id='word_1_67' title='bbox 1149 1066 1204 1130; x_wconf 85' lang='lat' dir='ltr'><strong>illa</strong></span> <span class='ocrx_word' id='word_1_68' title='bbox 1258 1075 1306 1129; x_wconf 90' lang='lat' dir='ltr'><strong>est</strong></span> <span class='ocrx_word' id='word_1_69' title='bbox 1326 1066 1485 1144; x_wconf 85' lang='lat' dir='ltr'><strong>cilicium,</strong></span> <span class='ocrx_word' id='word_1_70' title='bbox 1502 1067 1622 1148; x_wconf 82' lang='lat' dir='ltr'><strong>absque</strong></span> <span class='ocrx_word' id='word_1_71' title='bbox 1641 1067 1752 1130; x_wconf 88' lang='lat' dir='ltr'><strong>livoris</strong></span> <span class='ocrx_word' id='word_1_72' title='bbox 1771 1067 1915 1144; x_wconf 89' lang='lat' dir='ltr'><strong>stimulis,</strong></span> <span class='ocrx_word' id='word_1_73' title='bbox 1929 1069 1986 1130; x_wconf 84' lang='lat' dir='ltr'><strong>abs</strong></span> 
     </span>
     <span class='ocr_line' id='line_1_7' title="bbox 456 1159 1984 1248; baseline 0.005 -26"><span class='ocrx_word' id='word_1_74' title='bbox 456 1159 589 1241; x_wconf 87' lang='lat' dir='ltr'><strong>epistola</strong></span> <span class='ocrx_word' id='word_1_75' title='bbox 609 1162 648 1224; x_wconf 91' lang='lat' dir='ltr'><strong>de</strong></span> <span class='ocrx_word' id='word_1_76' title='bbox 673 1163 791 1226; x_wconf 87' lang='lat' dir='ltr'><strong>loanne</strong></span> <span class='ocrx_word' id='word_1_77' title='bbox 816 1165 909 1247; x_wconf 88' lang='lat' dir='ltr'><strong>Papa,</strong></span> <span class='ocrx_word' id='word_1_78' title='bbox 926 1164 981 1246; x_wconf 93' lang='lat' dir='ltr'><strong>qui</strong></span> <span class='ocrx_word' id='word_1_79' title='bbox 1005 1172 1127 1228; x_wconf 88' lang='lat' dir='ltr'><strong>mutato</strong></span> <span class='ocrx_word' id='word_1_80' title='bbox 1151 1166 1203 1227; x_wconf 92' lang='lat' dir='ltr'><strong>ba·</strong></span> <span class='ocrx_word' id='word_1_81' title='bbox 1257 1185 1319 1248; x_wconf 90' lang='lat' dir='ltr'><strong>que</strong></span> <span class='ocrx_word' id='word_1_82' title='bbox 1331 1165 1513 1230; x_wconf 91' lang='lat' dir='ltr'><strong>ambitionis</strong></span> <span class='ocrx_word' id='word_1_83' title='bbox 1527 1165 1796 1246; x_wconf 81' lang='lat' dir='ltr'><strong>ardorc‚l1deliter</strong></span> <span class='ocrx_word' id='word_1_84' title='bbox 1805 1175 1984 1248; x_wconf 80' lang='lat' dir='ltr'><strong>exsequatur,</strong></span> 
     </span>
     <span class='ocr_line' id='line_1_8' title="bbox 455 1257 1984 1328; baseline 0.004 -8"><span class='ocrx_word' id='word_1_85' title='bbox 455 1257 521 1320; x_wconf 91' lang='lat' dir='ltr'><strong>bitu</strong></span> <span class='ocrx_word' id='word_1_86' title='bbox 546 1259 627 1322; x_wconf 90' lang='lat' dir='ltr'><strong>clam</strong></span> <span class='ocrx_word' id='word_1_87' title='bbox 652 1261 800 1326; x_wconf 82' lang='lat' dir='ltr'><strong>discessit</strong></span> <span class='ocrx_word' id='word_1_88' title='bbox 823 1283 841 1326; x_wconf 92' lang='lat' dir='ltr'><strong>a</strong></span> <span class='ocrx_word' id='word_1_89' title='bbox 865 1262 1098 1327; x_wconf 87' lang='lat' dir='ltr'><strong>Cons&#39;tantiensi</strong></span> <span class='ocrx_word' id='word_1_90' title='bbox 1127 1282 1203 1327; x_wconf 91' lang='lat' dir='ltr'><strong>con·</strong></span> <span class='ocrx_word' id='word_1_91' title='bbox 1259 1264 1363 1328; x_wconf 91' lang='lat' dir='ltr'><strong>studio</strong></span> <span class='ocrx_word' id='word_1_92' title='bbox 1377 1281 1502 1327; x_wconf 88' lang='lat' dir='ltr'><strong>summo</strong></span> <span class='ocrx_word' id='word_1_93' title='bbox 1530 1272 1673 1328; x_wconf 87' lang='lat' dir='ltr'><strong>conetur.</strong></span> <span class='ocrx_word' id='word_1_94' title='bbox 1701 1265 1848 1327; x_wconf 84' lang='lat' dir='ltr'><strong>Cavetote</strong></span> <span class='ocrx_word' id='word_1_95' title='bbox 1874 1285 1912 1327; x_wconf 92' lang='lat' dir='ltr'><strong>ne</strong></span> <span class='ocrx_word' id='word_1_96' title='bbox 1937 1265 1984 1327; x_wconf 90' lang='lat' dir='ltr'><strong>sub</strong></span> 
     </span>
     <span class='ocr_line' id='line_1_9' title="bbox 455 1355 1984 1444; baseline 0.005 -26"><span class='ocrx_word' id='word_1_97' title='bbox 455 1355 539 1419; x_wconf 87' lang='lat' dir='ltr'><strong>cilio.</strong></span> <span class='ocrx_word' id='word_1_98' title='bbox 557 1358 671 1439; x_wconf 89' lang='lat' dir='ltr'><strong>Sicque</strong></span> <span class='ocrx_word' id='word_1_99' title='bbox 695 1361 728 1422; x_wconf 93' lang='lat' dir='ltr'><strong>in</strong></span> <span class='ocrx_word' id='word_1_100' title='bbox 753 1361 860 1424; x_wconf 87' lang='lat' dir='ltr'><strong>verbis</strong></span> <span class='ocrx_word' id='word_1_101' title='bbox 884 1361 1024 1443; x_wconf 79' lang='lat' dir='ltr'><strong>praelatis</strong></span> <span class='ocrx_word' id='word_1_102' title='bbox 1046 1363 1130 1444; x_wconf 89' lang='lat' dir='ltr'><strong>Papa</strong></span> <span class='ocrx_word' id='word_1_103' title='bbox 1149 1381 1203 1426; x_wconf 88' lang='lat' dir='ltr'><strong>vo·</strong></span> <span class='ocrx_word' id='word_1_104' title='bbox 1256 1364 1390 1426; x_wconf 84' lang='lat' dir='ltr'><strong>honeste</strong></span> <span class='ocrx_word' id='word_1_105' title='bbox 1412 1370 1444 1425; x_wconf 90' lang='lat' dir='ltr'><strong>et</strong></span> <span class='ocrx_word' id='word_1_106' title='bbox 1463 1361 1662 1426; x_wconf 89' lang='lat' dir='ltr'><strong>sanctissima</strong></span> <span class='ocrx_word' id='word_1_107' title='bbox 1682 1361 1910 1426; x_wconf 76' lang='lat' dir='ltr'><strong>reformationis</strong></span> <span class='ocrx_word' id='word_1_108' title='bbox 1931 1383 1984 1426; x_wconf 87' lang='lat' dir='ltr'><strong>me·</strong></span> 
     </span>
     <span class='ocr_line' id='line_1_10' title="bbox 456 1459 1983 1541; baseline 0.004 -25"><span class='ocrx_word' id='word_1_109' title='bbox 456 1463 545 1517; x_wconf 89' lang='lat' dir='ltr'><strong>catur</strong></span> <span class='ocrx_word' id='word_1_110' title='bbox 569 1475 662 1520; x_wconf 90' lang='lat' dir='ltr'><strong>verus</strong></span> <span class='ocrx_word' id='word_1_111' title='bbox 687 1467 794 1539; x_wconf 93' lang='lat' dir='ltr'><strong>pastor</strong></span> <span class='ocrx_word' id='word_1_112' title='bbox 818 1459 975 1541; x_wconf 84' lang='lat' dir='ltr'><strong>generalis</strong></span> <span class='ocrx_word' id='word_1_113' title='bbox 1003 1461 1146 1539; x_wconf 89' lang='lat' dir='ltr'><strong>concilii,</strong></span> <span class='ocrx_word' id='word_1_114' title='bbox 1171 1470 1203 1523; x_wconf 90' lang='lat' dir='ltr'><strong>et</strong></span> <span class='ocrx_word' id='word_1_115' title='bbox 1257 1461 1338 1538; x_wconf 90' lang='lat' dir='ltr'><strong>dela,</strong></span> <span class='ocrx_word' id='word_1_116' title='bbox 1355 1461 1448 1524; x_wconf 89' lang='lat' dir='ltr'><strong>letale</strong></span> <span class='ocrx_word' id='word_1_117' title='bbox 1473 1460 1696 1524; x_wconf 69' lang='lat' dir='ltr'><strong>inobedientia</strong></span> <span class='ocrx_word' id='word_1_118' title='bbox 1718 1461 1807 1524; x_wconf 90' lang='lat' dir='ltr'><strong>virus</strong></span> <span class='ocrx_word' id='word_1_119' title='bbox 1827 1461 1905 1524; x_wconf 85' lang='lat' dir='ltr'><strong>intra</strong></span> <span class='ocrx_word' id='word_1_120' title='bbox 1922 1480 1983 1524; x_wconf 91' lang='lat' dir='ltr'><strong>con·</strong></span> 
     </span>
     <span class='ocr_line' id='line_1_11' title="bbox 455 1551 1983 1638; baseline 0.005 -25"><span class='ocrx_word' id='word_1_121' title='bbox 455 1551 533 1615; x_wconf 94' lang='lat' dir='ltr'><strong>illud</strong></span> <span class='ocrx_word' id='word_1_122' title='bbox 549 1554 665 1618; x_wconf 93' lang='lat' dir='ltr'><strong>dieitur</strong></span> <span class='ocrx_word' id='word_1_123' title='bbox 678 1556 746 1638; x_wconf 90' lang='lat' dir='ltr'><strong>ejus</strong></span> <span class='ocrx_word' id='word_1_124' title='bbox 756 1557 934 1620; x_wconf 82' lang='lat' dir='ltr'><strong>ovileNam</strong></span> <span class='ocrx_word' id='word_1_125' title='bbox 950 1557 1095 1621; x_wconf 86' lang='lat' dir='ltr'><strong>subditur</strong></span> <span class='ocrx_word' id='word_1_126' title='bbox 1109 1559 1142 1621; x_wconf 93' lang='lat' dir='ltr'><strong>in</strong></span> <span class='ocrx_word' id='word_1_127' title='bbox 1155 1579 1204 1622; x_wconf 90' lang='lat' dir='ltr'><strong>ea·</strong></span> <span class='ocrx_word' id='word_1_128' title='bbox 1257 1559 1463 1624; x_wconf 83' lang='lat' dir='ltr'><strong>scientiarum</strong></span> <span class='ocrx_word' id='word_1_129' title='bbox 1489 1559 1625 1622; x_wconf 89' lang='lat' dir='ltr'><strong>latebras</strong></span> <span class='ocrx_word' id='word_1_130' title='bbox 1646 1578 1731 1622; x_wconf 74' lang='lat' dir='ltr'><strong>caeco</strong></span> <span class='ocrx_word' id='word_1_131' title='bbox 1752 1559 1983 1622; x_wconf 86' lang='lat' dir='ltr'><strong>admittatur-co</strong></span> 
     </span>
     <span class='ocr_line' id='line_1_12' title="bbox 455 1651 1982 1740; baseline 0.003 -26"><span class='ocrx_word' id='word_1_132' title='bbox 455 1651 526 1715; x_wconf 92' lang='lat' dir='ltr'><strong>dem</strong></span> <span class='ocrx_word' id='word_1_133' title='bbox 541 1654 744 1734; x_wconf 78' lang='lat' dir='ltr'><strong>epistolazdn</strong></span> <span class='ocrx_word' id='word_1_134' title='bbox 760 1656 843 1738; x_wconf 89' lang='lat' dir='ltr'><strong>apud</strong></span> <span class='ocrx_word' id='word_1_135' title='bbox 858 1657 1035 1739; x_wconf 85' lang='lat' dir='ltr'><strong>singulares</strong></span> <span class='ocrx_word' id='word_1_136' title='bbox 1051 1677 1201 1740; x_wconf 85' lang='lat' dir='ltr'><strong>personas</strong></span> <span class='ocrx_word' id='word_1_137' title='bbox 1257 1658 1334 1721; x_wconf 92' lang='lat' dir='ltr'><strong>lore.</strong></span> <span class='ocrx_word' id='word_1_138' title='bbox 1350 1657 1484 1720; x_wconf 91' lang='lat' dir='ltr'><strong>lnlerior</strong></span> <span class='ocrx_word' id='word_1_139' title='bbox 1507 1656 1642 1739; x_wconf 92' lang='lat' dir='ltr'><strong>quisque</strong></span> <span class='ocrx_word' id='word_1_140' title='bbox 1661 1657 1818 1740; x_wconf 91' lang='lat' dir='ltr'><strong>superiori</strong></span> <span class='ocrx_word' id='word_1_141' title='bbox 1841 1665 1871 1720; x_wconf 89' lang='lat' dir='ltr'><strong>et</strong></span> <span class='ocrx_word' id='word_1_142' title='bbox 1887 1677 1982 1721; x_wconf 86' lang='lat' dir='ltr'><strong>omnes</strong></span> 
     </span>
     <span class='ocr_line' id='line_1_13' title="bbox 455 1751 1983 1838; baseline 0.003 -24"><span class='ocrx_word' id='word_1_143' title='bbox 455 1751 589 1833; x_wconf 89' lang='lat' dir='ltr'><strong>amplior</strong></span> <span class='ocrx_word' id='word_1_144' title='bbox 607 1770 667 1833; x_wconf 91' lang='lat' dir='ltr'><strong>pax</strong></span> <span class='ocrx_word' id='word_1_145' title='bbox 690 1773 785 1835; x_wconf 89' lang='lat' dir='ltr'><strong>quam</strong></span> <span class='ocrx_word' id='word_1_146' title='bbox 805 1754 888 1835; x_wconf 93' lang='lat' dir='ltr'><strong>apud</strong></span> <span class='ocrx_word' id='word_1_147' title='bbox 908 1762 1004 1819; x_wconf 91' lang='lat' dir='ltr'><strong>totam</strong></span> <span class='ocrx_word' id='word_1_148' title='bbox 1024 1755 1203 1818; x_wconf 88' lang='lat' dir='ltr'><strong>virtualiter</strong></span> <span class='ocrx_word' id='word_1_149' title='bbox 1257 1775 1406 1838; x_wconf 92' lang='lat' dir='ltr'><strong>supremo</strong></span> <span class='ocrx_word' id='word_1_150' title='bbox 1420 1756 1580 1820; x_wconf 91' lang='lat' dir='ltr'><strong>obediant.</strong></span> <span class='ocrx_word' id='word_1_151' title='bbox 1596 1756 1634 1818; x_wconf 77' lang='lat' dir='ltr'><strong>lit</strong></span> <span class='ocrx_word' id='word_1_152' title='bbox 1648 1757 1731 1819; x_wconf 91' lang='lat' dir='ltr'><strong>sicut</strong></span> <span class='ocrx_word' id='word_1_153' title='bbox 1744 1757 1786 1820; x_wconf 92' lang='lat' dir='ltr'><strong>ab</strong></span> <span class='ocrx_word' id='word_1_154' title='bbox 1799 1755 1983 1819; x_wconf 81' lang='lat' dir='ltr'><strong>interioribus</strong></span> 
     </span>
     <span class='ocr_line' id='line_1_14' title="bbox 459 1849 1984 1936; baseline 0.003 -25"><span class='ocrx_word' id='word_1_155' title='bbox 459 1849 633 1913; x_wconf 86' lang='lat' dir='ltr'><strong>Ecclesiam</strong></span> <span class='ocrx_word' id='word_1_156' title='bbox 665 1852 835 1932; x_wconf 81' lang='lat' dir='ltr'><strong>quaereuda</strong></span> <span class='ocrx_word' id='word_1_157' title='bbox 868 1852 920 1931; x_wconf 88' lang='lat' dir='ltr'><strong>sit,</strong></span> <span class='ocrx_word' id='word_1_158' title='bbox 950 1854 1021 1935; x_wconf 94' lang='lat' dir='ltr'><strong>quis</strong></span> <span class='ocrx_word' id='word_1_159' title='bbox 1049 1849 1174 1917; x_wconf 88' lang='lat' dir='ltr'><strong>dubitet</strong></span> <span class='ocrx_word' id='word_1_160' title='bbox 1189 1857 1200 1916; x_wconf 86' lang='lat' dir='ltr'><strong>l</strong></span> <span class='ocrx_word' id='word_1_161' title='bbox 1219 1851 1354 1918; x_wconf 89' lang='lat' dir='ltr'><strong>Bvultis</strong></span> <span class='ocrx_word' id='word_1_162' title='bbox 1369 1855 1457 1918; x_wconf 90' lang='lat' dir='ltr'><strong>vobis</strong></span> <span class='ocrx_word' id='word_1_163' title='bbox 1472 1856 1634 1918; x_wconf 89' lang='lat' dir='ltr'><strong>obeditum</strong></span> <span class='ocrx_word' id='word_1_164' title='bbox 1650 1855 1701 1932; x_wconf 89' lang='lat' dir='ltr'><strong>iri,</strong></span> <span class='ocrx_word' id='word_1_165' title='bbox 1718 1855 1764 1918; x_wconf 94' lang='lat' dir='ltr'><strong>sic</strong></span> <span class='ocrx_word' id='word_1_166' title='bbox 1785 1863 1818 1918; x_wconf 87' lang='lat' dir='ltr'><strong>et</strong></span> <span class='ocrx_word' id='word_1_167' title='bbox 1835 1855 1984 1936; x_wconf 85' lang='lat' dir='ltr'><strong>superiori·</strong></span> 
     </span>
     <span class='ocr_line' id='line_1_15' title="bbox 455 1949 2077 2036; baseline 0.002 -26"><span class='ocrx_word' id='word_1_168' title='bbox 455 1949 562 2011; x_wconf 90' lang='lat' dir='ltr'><strong>Pastor</strong></span> <span class='ocrx_word' id='word_1_169' title='bbox 585 1957 690 2013; x_wconf 87' lang='lat' dir='ltr'><strong>autem</strong></span> <span class='ocrx_word' id='word_1_170' title='bbox 715 1970 810 2033; x_wconf 91' lang='lat' dir='ltr'><strong>super</strong></span> <span class='ocrx_word' id='word_1_171' title='bbox 835 1971 928 2015; x_wconf 91' lang='lat' dir='ltr'><strong>suum</strong></span> <span class='ocrx_word' id='word_1_172' title='bbox 953 1953 1037 2016; x_wconf 92' lang='lat' dir='ltr'><strong>ovile</strong></span> <span class='ocrx_word' id='word_1_173' title='bbox 1066 1962 1204 2034; x_wconf 90' lang='lat' dir='ltr'><strong>potesta-</strong></span> <span class='ocrx_word' id='word_1_174' title='bbox 1257 1955 1315 2017; x_wconf 93' lang='lat' dir='ltr'><strong>bus</strong></span> <span class='ocrx_word' id='word_1_175' title='bbox 1330 1953 1476 2016; x_wconf 90' lang='lat' dir='ltr'><strong>obedite:</strong></span> <span class='ocrx_word' id='word_1_176' title='bbox 1493 1973 1534 2016; x_wconf 90' lang='lat' dir='ltr'><strong>ne</strong></span> <span class='ocrx_word' id='word_1_177' title='bbox 1552 1954 1640 2034; x_wconf 87' lang='lat' dir='ltr'><strong>justo</strong></span> <span class='ocrx_word' id='word_1_178' title='bbox 1659 1953 1714 2017; x_wconf 94' lang='lat' dir='ltr'><strong>illo</strong></span> <span class='ocrx_word' id='word_1_179' title='bbox 1733 1954 1788 2016; x_wconf 84' lang='lat' dir='ltr'><strong>Dei</strong></span> <span class='ocrx_word' id='word_1_180' title='bbox 1802 1953 2077 2036; x_wconf 58' lang='lat' dir='ltr'><strong>iudicialesque.</strong></span> 
     </span>
     <span class='ocr_line' id='line_1_16' title="bbox 455 2047 1980 2136; baseline 0.005 -29"><span class='ocrx_word' id='word_1_181' title='bbox 455 2054 519 2108; x_wconf 89' lang='lat' dir='ltr'><strong>tem</strong></span> <span class='ocrx_word' id='word_1_182' title='bbox 542 2055 573 2110; x_wconf 91' lang='lat' dir='ltr'><strong>et</strong></span> <span class='ocrx_word' id='word_1_183' title='bbox 596 2047 852 2130; x_wconf 87' lang='lat' dir='ltr'><strong>jurisdictionem</strong></span> <span class='ocrx_word' id='word_1_184' title='bbox 874 2050 1013 2132; x_wconf 90' lang='lat' dir='ltr'><strong>aliquam</strong></span> <span class='ocrx_word' id='word_1_185' title='bbox 1036 2051 1140 2114; x_wconf 89' lang='lat' dir='ltr'><strong>babet.</strong></span> <span class='ocrx_word' id='word_1_186' title='bbox 1256 2072 1326 2134; x_wconf 79' lang='lat' dir='ltr'><strong>quae</strong></span> <span class='ocrx_word' id='word_1_187' title='bbox 1353 2053 1426 2136; x_wconf 92' lang='lat' dir='ltr'><strong>quis</strong></span> <span class='ocrx_word' id='word_1_188' title='bbox 1449 2061 1572 2135; x_wconf 88' lang='lat' dir='ltr'><strong>peccat,</strong></span> <span class='ocrx_word' id='word_1_189' title='bbox 1599 2072 1656 2133; x_wconf 93' lang='lat' dir='ltr'><strong>per</strong></span> <span class='ocrx_word' id='word_1_190' title='bbox 1678 2053 1746 2116; x_wconf 82' lang='lat' dir='ltr'><strong>baec</strong></span> <span class='ocrx_word' id='word_1_191' title='bbox 1770 2062 1802 2115; x_wconf 86' lang='lat' dir='ltr'><strong>et</strong></span> <span class='ocrx_word' id='word_1_192' title='bbox 1825 2060 1980 2134; x_wconf 85' lang='lat' dir='ltr'><strong>torquetur,</strong></span> 
     </span>
     <span class='ocr_line' id='line_1_17' title="bbox 495 2144 1982 2232; baseline 0.004 -26"><span class='ocrx_word' id='word_1_193' title='bbox 495 2144 647 2226; x_wconf 89' lang='lat' dir='ltr'><strong>Denique,</strong></span> <span class='ocrx_word' id='word_1_194' title='bbox 669 2146 797 2227; x_wconf 91' lang='lat' dir='ltr'><strong>quidem</strong></span> <span class='ocrx_word' id='word_1_195' title='bbox 821 2147 932 2210; x_wconf 90' lang='lat' dir='ltr'><strong>doctor</strong></span> <span class='ocrx_word' id='word_1_196' title='bbox 956 2149 1146 2230; x_wconf 77' lang='lat' dir='ltr'><strong>praecipuus,</strong></span> <span class='ocrx_word' id='word_1_197' title='bbox 1167 2151 1201 2211; x_wconf 93' lang='lat' dir='ltr'><strong>iu</strong></span> <span class='ocrx_word' id='word_1_198' title='bbox 1258 2152 1353 2215; x_wconf 89' lang='lat' dir='ltr'><strong>totius</strong></span> <span class='ocrx_word' id='word_1_199' title='bbox 1367 2152 1497 2214; x_wconf 91' lang='lat' dir='ltr'><strong>tandem</strong></span> <span class='ocrx_word' id='word_1_200' title='bbox 1512 2150 1702 2215; x_wconf 88' lang='lat' dir='ltr'><strong>obeditionis</strong></span> <span class='ocrx_word' id='word_1_201' title='bbox 1722 2151 1871 2214; x_wconf 88' lang='lat' dir='ltr'><strong>maneatis</strong></span> <span class='ocrx_word' id='word_1_202' title='bbox 1888 2170 1982 2232; x_wconf 84' lang='lat' dir='ltr'><strong>erper-</strong></span> 
     </span>
     <span class='ocr_line' id='line_1_18' title="bbox 455 2245 1983 2332; baseline 0.004 -27"><span class='ocrx_word' id='word_1_203' title='bbox 455 2245 591 2325; x_wconf 89' lang='lat' dir='ltr'><strong>quodam</strong></span> <span class='ocrx_word' id='word_1_204' title='bbox 611 2263 756 2308; x_wconf 90' lang='lat' dir='ltr'><strong>sermone</strong></span> <span class='ocrx_word' id='word_1_205' title='bbox 770 2265 866 2327; x_wconf 92' lang='lat' dir='ltr'><strong>quem</strong></span> <span class='ocrx_word' id='word_1_206' title='bbox 886 2246 963 2308; x_wconf 87' lang='lat' dir='ltr'><strong>lecit</strong></span> <span class='ocrx_word' id='word_1_207' title='bbox 980 2246 1012 2308; x_wconf 92' lang='lat' dir='ltr'><strong>in</strong></span> <span class='ocrx_word' id='word_1_208' title='bbox 1028 2247 1201 2310; x_wconf 81' lang='lat' dir='ltr'><strong>basileensi</strong></span> <span class='ocrx_word' id='word_1_209' title='bbox 1257 2259 1320 2327; x_wconf 87' lang='lat' dir='ltr'><strong>tes;</strong></span> <span class='ocrx_word' id='word_1_210' title='bbox 1337 2251 1461 2332; x_wconf 91' lang='lat' dir='ltr'><strong>istoque</strong></span> <span class='ocrx_word' id='word_1_211' title='bbox 1477 2259 1569 2332; x_wconf 89' lang='lat' dir='ltr'><strong>pacto</strong></span> <span class='ocrx_word' id='word_1_212' title='bbox 1589 2249 1732 2313; x_wconf 88' lang='lat' dir='ltr'><strong>Ecclesia</strong></span> <span class='ocrx_word' id='word_1_213' title='bbox 1750 2250 1818 2327; x_wconf 84' lang='lat' dir='ltr'><strong>Dei,</strong></span> <span class='ocrx_word' id='word_1_214' title='bbox 1834 2269 1899 2332; x_wconf 78' lang='lat' dir='ltr'><strong>qua</strong></span> <span class='ocrx_word' id='word_1_215' title='bbox 1913 2249 1983 2313; x_wconf 92' lang='lat' dir='ltr'><strong>ordi·</strong></span> 
     </span>
     <span class='ocr_line' id='line_1_19' title="bbox 456 2339 1982 2430; baseline 0.001 -24"><span class='ocrx_word' id='word_1_216' title='bbox 456 2341 605 2421; x_wconf 89' lang='lat' dir='ltr'><strong>coneilio,</strong></span> <span class='ocrx_word' id='word_1_217' title='bbox 622 2361 720 2423; x_wconf 95' lang='lat' dir='ltr'><strong>quum</strong></span> <span class='ocrx_word' id='word_1_218' title='bbox 742 2339 830 2407; x_wconf 93' lang='lat' dir='ltr'><strong>nullo</strong></span> <span class='ocrx_word' id='word_1_219' title='bbox 845 2343 1008 2408; x_wconf 87' lang='lat' dir='ltr'><strong>dubitante</strong></span> <span class='ocrx_word' id='word_1_220' title='bbox 1024 2344 1084 2407; x_wconf 86' lang='lat' dir='ltr'><strong>luit</strong></span> <span class='ocrx_word' id='word_1_221' title='bbox 1097 2346 1202 2409; x_wconf 91' lang='lat' dir='ltr'><strong>adbuc</strong></span> <span class='ocrx_word' id='word_1_222' title='bbox 1257 2358 1330 2412; x_wconf 89' lang='lat' dir='ltr'><strong>nata</strong></span> <span class='ocrx_word' id='word_1_223' title='bbox 1343 2350 1559 2412; x_wconf 90' lang='lat' dir='ltr'><strong>membrorum</strong></span> <span class='ocrx_word' id='word_1_224' title='bbox 1570 2368 1723 2430; x_wconf 82' lang='lat' dir='ltr'><strong>compage</strong></span> <span class='ocrx_word' id='word_1_225' title='bbox 1737 2347 1982 2428; x_wconf 85' lang='lat' dir='ltr'><strong>consistit‚veniat</strong></span> 
     </span>
     <span class='ocr_line' id='line_1_20' title="bbox 456 2441 1982 2530; baseline 0.005 -28"><span class='ocrx_word' id='word_1_226' title='bbox 456 2441 575 2503; x_wconf 90' lang='lat' dir='ltr'><strong>ibidem</strong></span> <span class='ocrx_word' id='word_1_227' title='bbox 598 2442 746 2522; x_wconf 78' lang='lat' dir='ltr'><strong>generale</strong></span> <span class='ocrx_word' id='word_1_228' title='bbox 770 2442 954 2522; x_wconf 90' lang='lat' dir='ltr'><strong>concilium,</strong></span> <span class='ocrx_word' id='word_1_229' title='bbox 976 2443 1021 2507; x_wconf 90' lang='lat' dir='ltr'><strong>sic</strong></span> <span class='ocrx_word' id='word_1_230' title='bbox 1046 2445 1129 2507; x_wconf 92' lang='lat' dir='ltr'><strong>inter</strong></span> <span class='ocrx_word' id='word_1_231' title='bbox 1151 2465 1203 2508; x_wconf 91' lang='lat' dir='ltr'><strong>ce·</strong></span> <span class='ocrx_word' id='word_1_232' title='bbox 1257 2447 1407 2530; x_wconf 89' lang='lat' dir='ltr'><strong>peritura,</strong></span> <span class='ocrx_word' id='word_1_233' title='bbox 1420 2455 1475 2510; x_wconf 92' lang='lat' dir='ltr'><strong>aut</strong></span> <span class='ocrx_word' id='word_1_234' title='bbox 1488 2447 1578 2528; x_wconf 88' lang='lat' dir='ltr'><strong>(quia</strong></span> <span class='ocrx_word' id='word_1_235' title='bbox 1591 2466 1756 2528; x_wconf 92' lang='lat' dir='ltr'><strong>nunquam</strong></span> <span class='ocrx_word' id='word_1_236' title='bbox 1771 2445 1982 2529; x_wconf 76' lang='lat' dir='ltr'><strong>peritura)gra·</strong></span> 
     </span>
     <span class='ocr_line' id='line_1_21' title="bbox 456 2539 1982 2628; baseline 0.003 -26"><span class='ocrx_word' id='word_1_237' title='bbox 456 2547 523 2602; x_wconf 91' lang='lat' dir='ltr'><strong>tera</strong></span> <span class='ocrx_word' id='word_1_238' title='bbox 543 2539 682 2620; x_wconf 91' lang='lat' dir='ltr'><strong>loquitur</strong></span> <span class='ocrx_word' id='word_1_239' title='bbox 698 2564 706 2602; x_wconf 73' lang='grc' dir='ltr'><strong>ι</strong></span> <span class='ocrx_word' id='word_1_240' title='bbox 722 2540 872 2614; x_wconf 82' lang='lat' dir='ltr'><strong>Quamvis</strong></span> <span class='ocrx_word' id='word_1_241' title='bbox 892 2540 958 2604; x_wconf 87' lang='lat' dir='ltr'><strong>iere</strong></span> <span class='ocrx_word' id='word_1_242' title='bbox 978 2561 1090 2604; x_wconf 92' lang='lat' dir='ltr'><strong>omnes</strong></span> <span class='ocrx_word' id='word_1_243' title='bbox 1109 2543 1201 2606; x_wconf 86' lang='lat' dir='ltr'><strong>vobis</strong></span> <span class='ocrx_word' id='word_1_244' title='bbox 1256 2545 1418 2609; x_wconf 83' lang='lat' dir='ltr'><strong>vissimum</strong></span> <span class='ocrx_word' id='word_1_245' title='bbox 1443 2553 1475 2608; x_wconf 91' lang='lat' dir='ltr'><strong>et</strong></span> <span class='ocrx_word' id='word_1_246' title='bbox 1495 2545 1602 2610; x_wconf 80' lang='lat' dir='ltr'><strong>forsan</strong></span> <span class='ocrx_word' id='word_1_247' title='bbox 1621 2545 1797 2608; x_wconf 87' lang='lat' dir='ltr'><strong>inauditam</strong></span> <span class='ocrx_word' id='word_1_248' title='bbox 1816 2564 1982 2628; x_wconf 86' lang='lat' dir='ltr'><strong>perpessura</strong></span> 
     </span>
     <span class='ocr_line' id='line_1_22' title="bbox 456 2636 1422 2727; baseline 0.007 -28"><span class='ocrx_word' id='word_1_249' title='bbox 456 2636 626 2700; x_wconf 80' lang='lat' dir='ltr'><strong>interiores</strong></span> <span class='ocrx_word' id='word_1_250' title='bbox 654 2657 691 2699; x_wconf 92' lang='lat' dir='ltr'><strong>ac</strong></span> <span class='ocrx_word' id='word_1_251' title='bbox 721 2637 864 2701; x_wconf 91' lang='lat' dir='ltr'><strong>subditos</strong></span> <span class='ocrx_word' id='word_1_252' title='bbox 897 2659 967 2702; x_wconf 88' lang='lat' dir='ltr'><strong>esse</strong></span> <span class='ocrx_word' id='word_1_253' title='bbox 996 2659 1199 2722; x_wconf 79' lang='lat' dir='ltr'><strong>cognoscam,</strong></span> <span class='ocrx_word' id='word_1_254' title='bbox 1255 2645 1422 2727; x_wconf 89' lang='lat' dir='ltr'><strong>jacturam.</strong></span> 
     </span>
     <span class='ocr_line' id='line_1_23' title="bbox 456 2737 1983 2820; baseline 0.003 -24"><span class='ocrx_word' id='word_1_255' title='bbox 456 2744 602 2818; x_wconf 89' lang='lat' dir='ltr'><strong>respectu</strong></span> <span class='ocrx_word' id='word_1_256' title='bbox 617 2754 751 2816; x_wconf 92' lang='lat' dir='ltr'><strong>quorum</strong></span> <span class='ocrx_word' id='word_1_257' title='bbox 767 2755 823 2800; x_wconf 90' lang='lat' dir='ltr'><strong>vos</strong></span> <span class='ocrx_word' id='word_1_258' title='bbox 843 2737 1021 2818; x_wconf 91' lang='lat' dir='ltr'><strong>superiores</strong></span> <span class='ocrx_word' id='word_1_259' title='bbox 1038 2739 1124 2820; x_wconf 86' lang='lat' dir='ltr'><strong>juste</strong></span> <span class='ocrx_word' id='word_1_260' title='bbox 1137 2739 1200 2803; x_wconf 90' lang='lat' dir='ltr'><strong>dici</strong></span> <span class='ocrx_word' id='word_1_261' title='bbox 1297 2743 1400 2806; x_wconf 88' lang='lat' dir='ltr'><strong>Verba</strong></span> <span class='ocrx_word' id='word_1_262' title='bbox 1414 2743 1481 2805; x_wconf 73' lang='lat' dir='ltr'><strong>baec</strong></span> <span class='ocrx_word' id='word_1_263' title='bbox 1497 2760 1561 2805; x_wconf 92' lang='lat' dir='ltr'><strong>non</strong></span> <span class='ocrx_word' id='word_1_264' title='bbox 1576 2740 1782 2805; x_wconf 87' lang='lat' dir='ltr'><strong>mediocriter</strong></span> <span class='ocrx_word' id='word_1_265' title='bbox 1795 2750 1866 2805; x_wconf 89' lang='lat' dir='ltr'><strong>sunt</strong></span> <span class='ocrx_word' id='word_1_266' title='bbox 1879 2750 1983 2804; x_wconf 81' lang='lat' dir='ltr'><strong>senten</strong></span> 
     </span>
     <span class='ocr_line' id='line_1_24' title="bbox 454 2833 1984 2923; baseline 0.003 -27"><span class='ocrx_word' id='word_1_267' title='bbox 454 2833 571 2897; x_wconf 90' lang='lat' dir='ltr'><strong>debere</strong></span> <span class='ocrx_word' id='word_1_268' title='bbox 586 2852 648 2897; x_wconf 91' lang='lat' dir='ltr'><strong>nou</strong></span> <span class='ocrx_word' id='word_1_269' title='bbox 666 2834 798 2896; x_wconf 92' lang='lat' dir='ltr'><strong>dubium</strong></span> <span class='ocrx_word' id='word_1_270' title='bbox 819 2843 876 2912; x_wconf 90' lang='lat' dir='ltr'><strong>est,</strong></span> <span class='ocrx_word' id='word_1_271' title='bbox 891 2853 1003 2898; x_wconf 87' lang='lat' dir='ltr'><strong>omues</strong></span> <span class='ocrx_word' id='word_1_272' title='bbox 1018 2845 1123 2899; x_wconf 89' lang='lat' dir='ltr'><strong>tamen</strong></span> <span class='ocrx_word' id='word_1_273' title='bbox 1145 2858 1201 2901; x_wconf 92' lang='lat' dir='ltr'><strong>vos</strong></span> <span class='ocrx_word' id='word_1_274' title='bbox 1256 2843 1336 2905; x_wconf 89' lang='lat' dir='ltr'><strong>tiosa</strong></span> <span class='ocrx_word' id='word_1_275' title='bbox 1352 2866 1359 2904; x_wconf 77' lang='grc' dir='ltr'><strong>ε</strong></span> <span class='ocrx_word' id='word_1_276' title='bbox 1377 2842 1409 2903; x_wconf 84' lang='grc' dir='ltr'><strong>ἰιι</strong></span> <span class='ocrx_word' id='word_1_277' title='bbox 1430 2841 1545 2923; x_wconf 90' lang='lat' dir='ltr'><strong>quibus</strong></span> <span class='ocrx_word' id='word_1_278' title='bbox 1566 2840 1745 2904; x_wconf 86' lang='lat' dir='ltr'><strong>ostenditur</strong></span> <span class='ocrx_word' id='word_1_279' title='bbox 1764 2840 1984 2904; x_wconf 86' lang='lat' dir='ltr'><strong>rationabiliter·</strong></span> 
     </span>
     <span class='ocr_line' id='line_1_25' title="bbox 455 2928 1982 3022; baseline 0.003 -27"><span class='ocrx_word' id='word_1_280' title='bbox 455 2932 634 3014; x_wconf 79' lang='lat' dir='ltr'><strong>interiores,</strong></span> <span class='ocrx_word' id='word_1_281' title='bbox 664 2951 775 2996; x_wconf 89' lang='lat' dir='ltr'><strong>omues</strong></span> <span class='ocrx_word' id='word_1_282' title='bbox 805 2934 922 2996; x_wconf 91' lang='lat' dir='ltr'><strong>subditi</strong></span> <span class='ocrx_word' id='word_1_283' title='bbox 952 2935 1027 2998; x_wconf 90' lang='lat' dir='ltr'><strong>estis</strong></span> <span class='ocrx_word' id='word_1_284' title='bbox 1055 2946 1201 3018; x_wconf 88' lang='lat' dir='ltr'><strong>respectu</strong></span> <span class='ocrx_word' id='word_1_285' title='bbox 1256 2959 1318 3022; x_wconf 90' lang='lat' dir='ltr'><strong>que</strong></span> <span class='ocrx_word' id='word_1_286' title='bbox 1342 2939 1504 3022; x_wconf 88' lang='lat' dir='ltr'><strong>probatur,</strong></span> <span class='ocrx_word' id='word_1_287' title='bbox 1520 2939 1605 3020; x_wconf 94' lang='lat' dir='ltr'><strong>quod</strong></span> <span class='ocrx_word' id='word_1_288' title='bbox 1630 2928 1801 3002; x_wconf 85' lang='lat' dir='ltr'><strong>occasione</strong></span> <span class='ocrx_word' id='word_1_289' title='bbox 1820 2937 1982 3002; x_wconf 82' lang='lat' dir='ltr'><strong>celebratio</strong></span> 
     </span>
     <span class='ocr_line' id='line_1_26' title="bbox 455 3031 1982 3120; baseline 0.002 -26"><span class='ocrx_word' id='word_1_290' title='bbox 455 3031 568 3112; x_wconf 87' lang='lat' dir='ltr'><strong>capitis</strong></span> <span class='ocrx_word' id='word_1_291' title='bbox 588 3032 697 3109; x_wconf 90' lang='lat' dir='ltr'><strong>vestri,</strong></span> <span class='ocrx_word' id='word_1_292' title='bbox 714 3032 833 3113; x_wconf 73' lang='lat' dir='ltr'><strong>prelati</strong></span> <span class='ocrx_word' id='word_1_293' title='bbox 856 3033 965 3112; x_wconf 87' lang='lat' dir='ltr'><strong>vestri,</strong></span> <span class='ocrx_word' id='word_1_294' title='bbox 982 3035 1070 3097; x_wconf 93' lang='lat' dir='ltr'><strong>unici</strong></span> <span class='ocrx_word' id='word_1_295' title='bbox 1093 3035 1126 3097; x_wconf 92' lang='lat' dir='ltr'><strong>in</strong></span> <span class='ocrx_word' id='word_1_296' title='bbox 1145 3035 1239 3097; x_wconf 71' lang='lat' dir='ltr'><strong>uec</strong></span> <span class='ocrx_word' id='word_1_297' title='bbox 1257 3039 1307 3101; x_wconf 94' lang='lat' dir='ltr'><strong>nis</strong></span> <span class='ocrx_word' id='word_1_298' title='bbox 1323 3037 1451 3101; x_wconf 92' lang='lat' dir='ltr'><strong>concilii</strong></span> <span class='ocrx_word' id='word_1_299' title='bbox 1467 3056 1530 3100; x_wconf 92' lang='lat' dir='ltr'><strong>non</strong></span> <span class='ocrx_word' id='word_1_300' title='bbox 1545 3038 1660 3100; x_wconf 89' lang='lat' dir='ltr'><strong>debeat</strong></span> <span class='ocrx_word' id='word_1_301' title='bbox 1673 3057 1707 3099; x_wconf 90' lang='lat' dir='ltr'><strong>se</strong></span> <span class='ocrx_word' id='word_1_302' title='bbox 1722 3038 1791 3120; x_wconf 89' lang='lat' dir='ltr'><strong>ipsa</strong></span> <span class='ocrx_word' id='word_1_303' title='bbox 1803 3035 1982 3119; x_wconf 73' lang='lat' dir='ltr'><strong>congregatio</strong></span> 
     </span>
     <span class='ocr_line' id='line_1_27' title="bbox 456 3128 1981 3210; baseline 0.001 -17"><span class='ocrx_word' id='word_1_304' title='bbox 456 3131 554 3194; x_wconf 86' lang='lat' dir='ltr'><strong>alesia</strong></span> <span class='ocrx_word' id='word_1_305' title='bbox 582 3128 636 3194; x_wconf 87' lang='lat' dir='ltr'><strong>Dei</strong></span> <span class='ocrx_word' id='word_1_306' title='bbox 666 3132 857 3210; x_wconf 82' lang='lat' dir='ltr'><strong>monarcbae,</strong></span> <span class='ocrx_word' id='word_1_307' title='bbox 884 3132 994 3195; x_wconf 83' lang='lat' dir='ltr'><strong>vicarii</strong></span> <span class='ocrx_word' id='word_1_308' title='bbox 1024 3133 1138 3197; x_wconf 85' lang='lat' dir='ltr'><strong>Christi</strong></span> <span class='ocrx_word' id='word_1_309' title='bbox 1170 3135 1202 3197; x_wconf 92' lang='lat' dir='ltr'><strong>in</strong></span> <span class='ocrx_word' id='word_1_310' title='bbox 1258 3136 1440 3201; x_wconf 87' lang='lat' dir='ltr'><strong>concilieris</strong></span> <span class='ocrx_word' id='word_1_311' title='bbox 1454 3138 1495 3199; x_wconf 88' lang='lat' dir='ltr'><strong>ab</strong></span> <span class='ocrx_word' id='word_1_312' title='bbox 1509 3136 1691 3200; x_wconf 90' lang='lat' dir='ltr'><strong>obedientia</strong></span> <span class='ocrx_word' id='word_1_313' title='bbox 1710 3137 1826 3199; x_wconf 89' lang='lat' dir='ltr'><strong>summi</strong></span> <span class='ocrx_word' id='word_1_314' title='bbox 1840 3134 1981 3199; x_wconf 80' lang='lat' dir='ltr'><strong>Pontificis</strong></span> 
     </span>
     <span class='ocr_line' id='line_1_28' title="bbox 455 3230 1980 3317; baseline -0.001 -25"><span class='ocrx_word' id='word_1_315' title='bbox 455 3230 559 3311; x_wconf 84' lang='lat' dir='ltr'><strong>terris,</strong></span> <span class='ocrx_word' id='word_1_316' title='bbox 576 3230 691 3293; x_wconf 90' lang='lat' dir='ltr'><strong>summi</strong></span> <span class='ocrx_word' id='word_1_317' title='bbox 713 3230 890 3294; x_wconf 80' lang='lat' dir='ltr'><strong>Pontitteis.</strong></span> <span class='ocrx_word' id='word_1_318' title='bbox 913 3232 976 3295; x_wconf 90' lang='lat' dir='ltr'><strong>Nee</strong></span> <span class='ocrx_word' id='word_1_319' title='bbox 1001 3234 1123 3295; x_wconf 71' lang='lat' dir='ltr'><strong>estimo</strong></span> <span class='ocrx_word' id='word_1_320' title='bbox 1147 3252 1204 3296; x_wconf 91' lang='lat' dir='ltr'><strong>vos</strong></span> <span class='ocrx_word' id='word_1_321' title='bbox 1257 3254 1387 3317; x_wconf 89' lang='lat' dir='ltr'><strong>prorsus</strong></span> <span class='ocrx_word' id='word_1_322' title='bbox 1410 3234 1607 3313; x_wconf 88' lang='lat' dir='ltr'><strong>subtrahere,</strong></span> <span class='ocrx_word' id='word_1_323' title='bbox 1625 3243 1700 3316; x_wconf 89' lang='lat' dir='ltr'><strong>puta</strong></span> <span class='ocrx_word' id='word_1_324' title='bbox 1723 3233 1758 3295; x_wconf 92' lang='lat' dir='ltr'><strong>in</strong></span> <span class='ocrx_word' id='word_1_325' title='bbox 1779 3233 1830 3296; x_wconf 90' lang='lat' dir='ltr'><strong>bis</strong></span> <span class='ocrx_word' id='word_1_326' title='bbox 1846 3253 1911 3315; x_wconf 80' lang='lat' dir='ltr'><strong>quac</strong></span> <span class='ocrx_word' id='word_1_327' title='bbox 1927 3251 1980 3295; x_wconf 92' lang='lat' dir='ltr'><strong>uon</strong></span> 
     </span>
     <span class='ocr_line' id='line_1_29' title="bbox 456 3328 1915 3414; baseline 0.001 -23"><span class='ocrx_word' id='word_1_328' title='bbox 456 3338 623 3411; x_wconf 89' lang='lat' dir='ltr'><strong>propterea</strong></span> <span class='ocrx_word' id='word_1_329' title='bbox 643 3336 698 3391; x_wconf 89' lang='lat' dir='ltr'><strong>aut</strong></span> <span class='ocrx_word' id='word_1_330' title='bbox 719 3328 848 3410; x_wconf 81' lang='lat' dir='ltr'><strong>indigne</strong></span> <span class='ocrx_word' id='word_1_331' title='bbox 868 3338 924 3392; x_wconf 87' lang='lat' dir='ltr'><strong>aut</strong></span> <span class='ocrx_word' id='word_1_332' title='bbox 944 3350 1025 3412; x_wconf 74' lang='lat' dir='ltr'><strong>aegre</strong></span> <span class='ocrx_word' id='word_1_333' title='bbox 1048 3331 1079 3393; x_wconf 94' lang='lat' dir='ltr'><strong>id</strong></span> <span class='ocrx_word' id='word_1_334' title='bbox 1104 3331 1200 3409; x_wconf 90' lang='lat' dir='ltr'><strong>lerre,</strong></span> <span class='ocrx_word' id='word_1_335' title='bbox 1258 3343 1332 3396; x_wconf 90' lang='lat' dir='ltr'><strong>sunt</strong></span> <span class='ocrx_word' id='word_1_336' title='bbox 1353 3333 1537 3414; x_wconf 88' lang='lat' dir='ltr'><strong>impeditiva</strong></span> <span class='ocrx_word' id='word_1_337' title='bbox 1558 3332 1633 3395; x_wconf 93' lang='lat' dir='ltr'><strong>boni</strong></span> <span class='ocrx_word' id='word_1_338' title='bbox 1655 3332 1758 3413; x_wconf 88' lang='lat' dir='ltr'><strong>ipsius</strong></span> <span class='ocrx_word' id='word_1_339' title='bbox 1781 3331 1915 3396; x_wconf 90' lang='lat' dir='ltr'><strong>concilii.</strong></span> 
     </span>
     <span class='ocr_line' id='line_1_30' title="bbox 456 3428 1202 3510; baseline 0.005 -20"><span class='ocrx_word' id='word_1_340' title='bbox 456 3428 606 3510; x_wconf 90' lang='lat' dir='ltr'><strong>quoniam</strong></span> <span class='ocrx_word' id='word_1_341' title='bbox 631 3428 771 3510; x_wconf 92' lang='lat' dir='ltr'><strong>quidem,</strong></span> <span class='ocrx_word' id='word_1_342' title='bbox 792 3436 827 3489; x_wconf 93' lang='lat' dir='ltr'><strong>ut</strong></span> <span class='ocrx_word' id='word_1_343' title='bbox 849 3430 992 3492; x_wconf 92' lang='lat' dir='ltr'><strong>omnium</strong></span> <span class='ocrx_word' id='word_1_344' title='bbox 1018 3439 1131 3493; x_wconf 89' lang='lat' dir='ltr'><strong>natura</strong></span> <span class='ocrx_word' id='word_1_345' title='bbox 1154 3439 1202 3494; x_wconf 93' lang='lat' dir='ltr'><strong>est</strong></span> 
     </span>
     <span class='ocr_line' id='line_1_31' title="bbox 456 3525 1200 3609; baseline 0.003 -20"><span class='ocrx_word' id='word_1_346' title='bbox 456 3526 644 3605; x_wconf 91' lang='lat' dir='ltr'><strong>mediorum,</strong></span> <span class='ocrx_word' id='word_1_347' title='bbox 674 3525 828 3607; x_wconf 90' lang='lat' dir='ltr'><strong>majorem</strong></span> <span class='ocrx_word' id='word_1_348' title='bbox 857 3527 951 3609; x_wconf 82' lang='lat' dir='ltr'><strong>longe</strong></span> <span class='ocrx_word' id='word_1_349' title='bbox 979 3529 1200 3592; x_wconf 86' lang='lat' dir='ltr'><strong>excellentiam</strong></span> 
     </span>
     <span class='ocr_line' id='line_1_32' title="bbox 455 3624 1794 3709; baseline 0.001 -23"><span class='ocrx_word' id='word_1_350' title='bbox 455 3633 510 3687; x_wconf 89' lang='lat' dir='ltr'><strong>aut</strong></span> <span class='ocrx_word' id='word_1_351' title='bbox 523 3624 750 3705; x_wconf 88' lang='lat' dir='ltr'><strong>perlectionem</strong></span> <span class='ocrx_word' id='word_1_352' title='bbox 771 3624 847 3687; x_wconf 90' lang='lat' dir='ltr'><strong>estis</strong></span> <span class='ocrx_word' id='word_1_353' title='bbox 866 3644 903 3687; x_wconf 81' lang='lat' dir='ltr'><strong>ex</strong></span> <span class='ocrx_word' id='word_1_354' title='bbox 923 3627 1140 3709; x_wconf 91' lang='lat' dir='ltr'><strong>propinquiori</strong></span> <span class='ocrx_word' id='word_1_355' title='bbox 1161 3629 1199 3690; x_wconf 93' lang='lat' dir='ltr'><strong>ad</strong></span> <span class='ocrx_word' id='word_1_356' title='bbox 1466 3624 1712 3689; x_wconf 81' lang='lat' dir='ltr'>ARTICULUS</span> <span class='ocrx_word' id='word_1_357' title='bbox 1736 3625 1794 3688; x_wconf 84' lang='lat' dir='ltr'><strong>vl.</strong></span> 
     </span>
    </p>
   </div>
   <div class='ocr_carea' id='block_1_3' title="bbox 455 3722 1983 3929">
    <p class='ocr_par' dir='ltr' id='par_1_3' title="bbox 455 3722 1983 3929">
     <span class='ocr_line' id='line_1_33' title="bbox 455 3722 1983 3841; baseline -0.001 -56"><span class='ocrx_word' id='word_1_358' title='bbox 455 3722 650 3805; x_wconf 89' lang='lat' dir='ltr'><strong>superiorem</strong></span> <span class='ocrx_word' id='word_1_359' title='bbox 673 3722 871 3803; x_wconf 82' lang='lat' dir='ltr'><strong>subjectione</strong></span> <span class='ocrx_word' id='word_1_360' title='bbox 892 3742 987 3805; x_wconf 88' lang='lat' dir='ltr'><strong>quam</strong></span> <span class='ocrx_word' id='word_1_361' title='bbox 1009 3744 1047 3787; x_wconf 86' lang='lat' dir='ltr'><strong>ex</strong></span> <span class='ocrx_word' id='word_1_362' title='bbox 1071 3725 1201 3789; x_wconf 90' lang='lat' dir='ltr'><strong>inlerio·</strong></span> <span class='ocrx_word' id='word_1_363' title='bbox 1258 3766 1470 3840; x_wconf 49' lang='lat' dir='ltr'><em>Confirmatio</em></span> <span class='ocrx_word' id='word_1_364' title='bbox 1482 3766 1765 3839; x_wconf 53' lang='lat' dir='ltr'><strong>prm-domm,</strong></span> <span class='ocrx_word' id='word_1_365' title='bbox 1779 3764 1983 3841; x_wconf 43' lang='lat' dir='ltr'><strong>dmm-den,</strong></span> 
     </span>
     <span class='ocr_line' id='line_1_34' title="bbox 455 3821 1981 3929; baseline -0.005 -44"><span class='ocrx_word' id='word_1_366' title='bbox 455 3840 525 3885; x_wconf 95' lang='lat' dir='ltr'><strong>rum</strong></span> <span class='ocrx_word' id='word_1_367' title='bbox 540 3821 756 3884; x_wconf 86' lang='lat' dir='ltr'><strong>dominatione</strong></span> <span class='ocrx_word' id='word_1_368' title='bbox 775 3821 888 3885; x_wconf 92' lang='lat' dir='ltr'><strong>sortiti.</strong></span> <span class='ocrx_word' id='word_1_369' title='bbox 907 3821 994 3885; x_wconf 92' lang='lat' dir='ltr'><strong>Sicut</strong></span> <span class='ocrx_word' id='word_1_370' title='bbox 1013 3832 1118 3885; x_wconf 91' lang='lat' dir='ltr'><strong>autem</strong></span> <span class='ocrx_word' id='word_1_371' title='bbox 1140 3845 1200 3887; x_wconf 91' lang='lat' dir='ltr'><strong>nec</strong></span> <span class='ocrx_word' id='word_1_372' title='bbox 1298 3856 1345 3914; x_wconf 60' lang='lat' dir='ltr'><strong>,ia</strong></span> <span class='ocrx_word' id='word_1_373' title='bbox 1373 3855 1495 3913; x_wconf 56' lang='lat' dir='ltr'><strong><em>summi</em></strong></span> <span class='ocrx_word' id='word_1_374' title='bbox 1518 3854 1691 3929; x_wconf 69' lang='lat' dir='ltr'><strong>Pontifices</strong></span> <span class='ocrx_word' id='word_1_375' title='bbox 1714 3872 1814 3929; x_wconf 56' lang='lat' dir='ltr'><strong><em>super</em></strong></span> <span class='ocrx_word' id='word_1_376' title='bbox 1837 3854 1981 3913; x_wconf 44' lang='lat' dir='ltr'><strong>unt-vem,</strong></span> 
     </span>
    </p>
   </div>
   <div class='ocr_carea' id='block_1_4' title="bbox 454 3922 1986 5385">
    <p class='ocr_par' dir='ltr' id='par_1_4' title="bbox 456 3922 1983 4102">
     <span class='ocr_line' id='line_1_35' title="bbox 456 3922 1983 4012; baseline -0.005 -9"><span class='ocrx_word' id='word_1_377' title='bbox 456 3940 594 4003; x_wconf 71' lang='lat' dir='ltr'><strong>P0⁵2¹¹⁰⁰</strong></span> <span class='ocrx_word' id='word_1_378' title='bbox 610 3939 806 3998; x_wconf 61' lang='lat' dir='ltr'><strong>manussssflss</strong></span> <span class='ocrx_word' id='word_1_379' title='bbox 822 3930 997 3983; x_wconf 67' lang='grc' dir='ltr'><strong>θθῑθΓΟΓῑΠΠ</strong></span> <span class='ocrx_word' id='word_1_380' title='bbox 1014 3922 1202 4004; x_wconf 45' lang='lat' dir='ltr'><strong>aliquam*</strong></span> <span class='ocrx_word' id='word_1_381' title='bbox 1297 3948 1360 4003; x_wconf 86' lang='lat' dir='ltr'><strong>lem</strong></span> <span class='ocrx_word' id='word_1_382' title='bbox 1389 3944 1580 4012; x_wconf 72' lang='lat' dir='ltr'><strong>Ecclesiam,</strong></span> <span class='ocrx_word' id='word_1_383' title='bbox 1608 3962 1649 4001; x_wconf 74' lang='lat' dir='ltr'><strong>ex</strong></span> <span class='ocrx_word' id='word_1_384' title='bbox 1679 3943 1779 4002; x_wconf 80' lang='lat' dir='ltr'><strong>dictis</strong></span> <span class='ocrx_word' id='word_1_385' title='bbox 1806 3938 1983 4004; x_wconf 81' lang='lat' dir='ltr'><strong>Cancellorit‘</strong></span> 
     </span>
     <span class='ocr_line' id='line_1_36' title="bbox 457 4017 1511 4102; baseline 0.003 -21"><span class='ocrx_word' id='word_1_386' title='bbox 457 4020 544 4102; x_wconf 91' lang='lat' dir='ltr'><strong>poris</strong></span> <span class='ocrx_word' id='word_1_387' title='bbox 574 4017 717 4081; x_wconf 89' lang='lat' dir='ltr'><strong>membra</strong></span> <span class='ocrx_word' id='word_1_388' title='bbox 745 4027 841 4098; x_wconf 91' lang='lat' dir='ltr'><strong>ceput</strong></span> <span class='ocrx_word' id='word_1_389' title='bbox 869 4037 938 4081; x_wconf 88' lang='lat' dir='ltr'><strong>esse</strong></span> <span class='ocrx_word' id='word_1_390' title='bbox 968 4030 1111 4101; x_wconf 91' lang='lat' dir='ltr'><strong>possunt,</strong></span> <span class='ocrx_word' id='word_1_391' title='bbox 1142 4041 1201 4084; x_wconf 89' lang='lat' dir='ltr'><strong>nec</strong></span> <span class='ocrx_word' id='word_1_392' title='bbox 1298 4034 1511 4095; x_wconf 64' lang='lat' dir='ltr'><strong>parisiensis,</strong></span> 
     </span>
    </p>

    <p class='ocr_par' dir='ltr' id='par_1_5' title="bbox 454 4116 1202 4201">
     <span class='ocr_line' id='line_1_37' title="bbox 454 4116 1202 4201; baseline 0.001 -21"><span class='ocrx_word' id='word_1_393' title='bbox 454 4125 622 4201; x_wconf 88' lang='lat' dir='ltr'><strong>propterca</strong></span> <span class='ocrx_word' id='word_1_394' title='bbox 640 4124 746 4179; x_wconf 86' lang='lat' dir='ltr'><strong>tamen</strong></span> <span class='ocrx_word' id='word_1_395' title='bbox 767 4134 830 4179; x_wconf 93' lang='lat' dir='ltr'><strong>non</strong></span> <span class='ocrx_word' id='word_1_396' title='bbox 850 4116 922 4178; x_wconf 91' lang='lat' dir='ltr'><strong>ideo</strong></span> <span class='ocrx_word' id='word_1_397' title='bbox 947 4135 1010 4179; x_wconf 90' lang='lat' dir='ltr'><strong>non</strong></span> <span class='ocrx_word' id='word_1_398' title='bbox 1035 4127 1109 4179; x_wconf 92' lang='lat' dir='ltr'><strong>sunt</strong></span> <span class='ocrx_word' id='word_1_399' title='bbox 1134 4138 1202 4181; x_wconf 92' lang='lat' dir='ltr'><strong>cor·</strong></span> 
     </span>
    </p>

    <p class='ocr_par' dir='ltr' id='par_1_6' title="bbox 454 4213 1986 5385">
     <span class='ocr_line' id='line_1_38' title="bbox 454 4213 1982 4299; baseline 0 -21"><span class='ocrx_word' id='word_1_400' title='bbox 454 4216 539 4299; x_wconf 90' lang='lat' dir='ltr'><strong>poris</strong></span> <span class='ocrx_word' id='word_1_401' title='bbox 555 4215 718 4292; x_wconf 82' lang='lat' dir='ltr'><strong>membra3</strong></span> <span class='ocrx_word' id='word_1_402' title='bbox 735 4214 780 4276; x_wconf 90' lang='lat' dir='ltr'><strong>sic</strong></span> <span class='ocrx_word' id='word_1_403' title='bbox 800 4233 859 4276; x_wconf 87' lang='lat' dir='ltr'><strong>nec</strong></span> <span class='ocrx_word' id='word_1_404' title='bbox 884 4233 995 4278; x_wconf 91' lang='lat' dir='ltr'><strong>omues</strong></span> <span class='ocrx_word' id='word_1_405' title='bbox 1010 4213 1242 4295; x_wconf 83' lang='lat' dir='ltr'><strong>cardinales,i)</strong></span> <span class='ocrx_word' id='word_1_406' title='bbox 1320 4220 1371 4282; x_wconf 86' lang='lat' dir='ltr'><strong>ER</strong></span> <span class='ocrx_word' id='word_1_407' title='bbox 1394 4218 1623 4281; x_wconf 78' lang='lat' dir='ltr'><strong>cancellarium</strong></span> <span class='ocrx_word' id='word_1_408' title='bbox 1648 4219 1857 4283; x_wconf 88' lang='lat' dir='ltr'><strong>Parisiensem</strong></span> <span class='ocrx_word' id='word_1_409' title='bbox 1883 4221 1912 4282; x_wconf 94' lang='lat' dir='ltr'><strong>in</strong></span> <span class='ocrx_word' id='word_1_410' title='bbox 1933 4218 1982 4279; x_wconf 91' lang='lat' dir='ltr'><strong>isto</strong></span> 
     </span>
     <span class='ocr_line' id='line_1_39' title="bbox 454 4313 1984 4401; baseline 0.001 -24"><span class='ocrx_word' id='word_1_411' title='bbox 454 4313 687 4396; x_wconf 89' lang='lat' dir='ltr'><strong>archiepiscopi</strong></span> <span class='ocrx_word' id='word_1_412' title='bbox 702 4322 757 4375; x_wconf 89' lang='lat' dir='ltr'><strong>aut</strong></span> <span class='ocrx_word' id='word_1_413' title='bbox 770 4313 924 4395; x_wconf 89' lang='lat' dir='ltr'><strong>episcopi,</strong></span> <span class='ocrx_word' id='word_1_414' title='bbox 941 4314 1030 4395; x_wconf 81' lang='lat' dir='ltr'><strong>Papae</strong></span> <span class='ocrx_word' id='word_1_415' title='bbox 1045 4334 1115 4378; x_wconf 89' lang='lat' dir='ltr'><strong>esse</strong></span> <span class='ocrx_word' id='word_1_416' title='bbox 1130 4334 1202 4396; x_wconf 93' lang='lat' dir='ltr'><strong>pus·</strong></span> <span class='ocrx_word' id='word_1_417' title='bbox 1334 4318 1488 4401; x_wconf 92' lang='lat' dir='ltr'><strong>opusculo</strong></span> <span class='ocrx_word' id='word_1_418' title='bbox 1504 4318 1648 4400; x_wconf 79' lang='lat' dir='ltr'><strong>intelligo</strong></span> <span class='ocrx_word' id='word_1_419' title='bbox 1662 4319 1825 4401; x_wconf 85' lang='lat' dir='ltr'><strong>egregium</strong></span> <span class='ocrx_word' id='word_1_420' title='bbox 1841 4319 1922 4382; x_wconf 90' lang='lat' dir='ltr'><strong>illurn</strong></span> <span class='ocrx_word' id='word_1_421' title='bbox 1940 4318 1984 4379; x_wconf 78' lang='lat' dir='ltr'><strong>de</strong></span> 
     </span>
     <span class='ocr_line' id='line_1_40' title="bbox 454 4411 1984 4499; baseline 0.001 -23"><span class='ocrx_word' id='word_1_422' title='bbox 454 4422 538 4491; x_wconf 89' lang='lat' dir='ltr'><strong>sunt,</strong></span> <span class='ocrx_word' id='word_1_423' title='bbox 556 4432 615 4476; x_wconf 89' lang='lat' dir='ltr'><strong>nee</strong></span> <span class='ocrx_word' id='word_1_424' title='bbox 639 4431 695 4475; x_wconf 88' lang='lat' dir='ltr'><strong>vos</strong></span> <span class='ocrx_word' id='word_1_425' title='bbox 722 4411 784 4493; x_wconf 92' lang='lat' dir='ltr'><strong>ipsi</strong></span> <span class='ocrx_word' id='word_1_426' title='bbox 808 4411 891 4491; x_wconf 90' lang='lat' dir='ltr'><strong>Papa</strong></span> <span class='ocrx_word' id='word_1_427' title='bbox 915 4431 985 4475; x_wconf 91' lang='lat' dir='ltr'><strong>esse</strong></span> <span class='ocrx_word' id='word_1_428' title='bbox 1010 4412 1154 4495; x_wconf 89' lang='lat' dir='ltr'><strong>potestis,</strong></span> <span class='ocrx_word' id='word_1_429' title='bbox 1171 4422 1203 4476; x_wconf 90' lang='lat' dir='ltr'><strong>et</strong></span> <span class='ocrx_word' id='word_1_430' title='bbox 1260 4427 1380 4480; x_wconf 89' lang='lat' dir='ltr'><strong>ctorem</strong></span> <span class='ocrx_word' id='word_1_431' title='bbox 1396 4418 1547 4480; x_wconf 86' lang='lat' dir='ltr'><strong>loannem</strong></span> <span class='ocrx_word' id='word_1_432' title='bbox 1563 4417 1602 4479; x_wconf 93' lang='lat' dir='ltr'><strong>de</strong></span> <span class='ocrx_word' id='word_1_433' title='bbox 1616 4417 1849 4499; x_wconf 88' lang='lat' dir='ltr'><strong>Gerson,qnem</strong></span> <span class='ocrx_word' id='word_1_434' title='bbox 1864 4436 1984 4482; x_wconf 89' lang='lat' dir='ltr'><strong>commu-</strong></span> 
     </span>
     <span class='ocr_line' id='line_1_41' title="bbox 456 4511 1984 4597; baseline 0.001 -22"><span class='ocrx_word' id='word_1_435' title='bbox 456 4511 556 4575; x_wconf 93' lang='lat' dir='ltr'><strong>nibilo</strong></span> <span class='ocrx_word' id='word_1_436' title='bbox 571 4511 678 4573; x_wconf 91' lang='lat' dir='ltr'><strong>minus</strong></span> <span class='ocrx_word' id='word_1_437' title='bbox 693 4517 859 4593; x_wconf 91' lang='lat' dir='ltr'><strong>propterea</strong></span> <span class='ocrx_word' id='word_1_438' title='bbox 874 4528 937 4572; x_wconf 91' lang='lat' dir='ltr'><strong>non</strong></span> <span class='ocrx_word' id='word_1_439' title='bbox 959 4511 1031 4573; x_wconf 89' lang='lat' dir='ltr'><strong>ideo</strong></span> <span class='ocrx_word' id='word_1_440' title='bbox 1047 4530 1111 4574; x_wconf 92' lang='lat' dir='ltr'><strong>non</strong></span> <span class='ocrx_word' id='word_1_441' title='bbox 1127 4512 1202 4575; x_wconf 87' lang='lat' dir='ltr'><strong>estis</strong></span> <span class='ocrx_word' id='word_1_442' title='bbox 1259 4516 1343 4578; x_wconf 88' lang='lat' dir='ltr'><strong>niter</strong></span> <span class='ocrx_word' id='word_1_443' title='bbox 1371 4516 1542 4578; x_wconf 88' lang='lat' dir='ltr'><strong>Gersouem</strong></span> <span class='ocrx_word' id='word_1_444' title='bbox 1572 4534 1724 4578; x_wconf 88' lang='lat' dir='ltr'><strong>vocamus</strong></span> <span class='ocrx_word' id='word_1_445' title='bbox 1751 4539 1758 4576; x_wconf 76' lang='grc' dir='ltr'><strong><em>ε</em></strong></span> <span class='ocrx_word' id='word_1_446' title='bbox 1786 4518 1841 4597; x_wconf 89' lang='lat' dir='ltr'><strong>qui</strong></span> <span class='ocrx_word' id='word_1_447' title='bbox 1864 4526 1984 4597; x_wconf 87' lang='lat' dir='ltr'><strong>tempore</strong></span> 
     </span>
     <span class='ocr_line' id='line_1_42' title="bbox 457 4609 1985 4694; baseline -0.002 -19"><span class='ocrx_word' id='word_1_448' title='bbox 457 4612 600 4694; x_wconf 90' lang='lat' dir='ltr'><strong>eorporis</strong></span> <span class='ocrx_word' id='word_1_449' title='bbox 620 4612 745 4694; x_wconf 79' lang='lat' dir='ltr'><strong>mystici</strong></span> <span class='ocrx_word' id='word_1_450' title='bbox 767 4609 920 4673; x_wconf 91' lang='lat' dir='ltr'><strong>membra.</strong></span> <span class='ocrx_word' id='word_1_451' title='bbox 937 4610 1091 4673; x_wconf 88' lang='lat' dir='ltr'><strong>lnleriora</strong></span> <span class='ocrx_word' id='word_1_452' title='bbox 1105 4630 1204 4673; x_wconf 92' lang='lat' dir='ltr'><strong>mem·</strong></span> <span class='ocrx_word' id='word_1_453' title='bbox 1260 4613 1511 4677; x_wconf 72' lang='lat' dir='ltr'><strong>constantiensis</strong></span> <span class='ocrx_word' id='word_1_454' title='bbox 1536 4613 1663 4676; x_wconf 89' lang='lat' dir='ltr'><strong>concilii</strong></span> <span class='ocrx_word' id='word_1_455' title='bbox 1688 4613 1811 4693; x_wconf 78' lang='lat' dir='ltr'><strong>floruit,</strong></span> <span class='ocrx_word' id='word_1_456' title='bbox 1828 4623 1859 4678; x_wconf 90' lang='lat' dir='ltr'><strong>et</strong></span> <span class='ocrx_word' id='word_1_457' title='bbox 1880 4616 1916 4677; x_wconf 90' lang='lat' dir='ltr'><strong>da</strong></span> <span class='ocrx_word' id='word_1_458' title='bbox 1937 4614 1985 4673; x_wconf 89' lang='lat' dir='ltr'><strong>ista</strong></span> 
     </span>
     <span class='ocr_line' id='line_1_43' title="bbox 457 4709 1986 4796; baseline -0.003 -22"><span class='ocrx_word' id='word_1_459' title='bbox 457 4712 515 4775; x_wconf 91' lang='lat' dir='ltr'><strong>bra</strong></span> <span class='ocrx_word' id='word_1_460' title='bbox 537 4731 575 4773; x_wconf 84' lang='lat' dir='ltr'><strong>ex</strong></span> <span class='ocrx_word' id='word_1_461' title='bbox 600 4718 712 4772; x_wconf 88' lang='lat' dir='ltr'><strong>natura</strong></span> <span class='ocrx_word' id='word_1_462' title='bbox 736 4710 892 4787; x_wconf 87' lang='lat' dir='ltr'><strong>venerari,</strong></span> <span class='ocrx_word' id='word_1_463' title='bbox 910 4727 973 4771; x_wconf 94' lang='lat' dir='ltr'><strong>non</strong></span> <span class='ocrx_word' id='word_1_464' title='bbox 994 4710 1096 4771; x_wconf 87' lang='lat' dir='ltr'><strong>zelare</strong></span> <span class='ocrx_word' id='word_1_465' title='bbox 1117 4712 1202 4790; x_wconf 92' lang='lat' dir='ltr'><strong>quod</strong></span> <span class='ocrx_word' id='word_1_466' title='bbox 1260 4713 1389 4775; x_wconf 89' lang='lat' dir='ltr'><strong>materie</strong></span> <span class='ocrx_word' id='word_1_467' title='bbox 1402 4712 1544 4774; x_wconf 87' lang='lat' dir='ltr'><strong>diversos</strong></span> <span class='ocrx_word' id='word_1_468' title='bbox 1559 4718 1708 4774; x_wconf 90' lang='lat' dir='ltr'><strong>tractatus</strong></span> <span class='ocrx_word' id='word_1_469' title='bbox 1723 4709 1986 4796; x_wconf 80' lang='lat' dir='ltr'><strong>composuitlieui·</strong></span> 
     </span>
     <span class='ocr_line' id='line_1_44' title="bbox 458 4806 1986 4892; baseline -0.003 -19"><span class='ocrx_word' id='word_1_470' title='bbox 458 4811 490 4873; x_wconf 93' lang='lat' dir='ltr'><strong>in</strong></span> <span class='ocrx_word' id='word_1_471' title='bbox 508 4809 724 4891; x_wconf 91' lang='lat' dir='ltr'><strong>superioribus</strong></span> <span class='ocrx_word' id='word_1_472' title='bbox 744 4808 863 4869; x_wconf 92' lang='lat' dir='ltr'><strong>bonum</strong></span> <span class='ocrx_word' id='word_1_473' title='bbox 883 4806 1022 4884; x_wconf 88' lang='lat' dir='ltr'><strong>videant,</strong></span> <span class='ocrx_word' id='word_1_474' title='bbox 1039 4826 1144 4889; x_wconf 93' lang='lat' dir='ltr'><strong>neque</strong></span> <span class='ocrx_word' id='word_1_475' title='bbox 1157 4809 1204 4870; x_wconf 92' lang='lat' dir='ltr'><strong>di·</strong></span> <span class='ocrx_word' id='word_1_476' title='bbox 1261 4829 1323 4892; x_wconf 92' lang='lat' dir='ltr'><strong>que</strong></span> <span class='ocrx_word' id='word_1_477' title='bbox 1337 4819 1412 4872; x_wconf 90' lang='lat' dir='ltr'><strong>suut</strong></span> <span class='ocrx_word' id='word_1_478' title='bbox 1425 4809 1542 4891; x_wconf 92' lang='lat' dir='ltr'><strong>quibus</strong></span> <span class='ocrx_word' id='word_1_479' title='bbox 1557 4809 1674 4891; x_wconf 90' lang='lat' dir='ltr'><strong>scripta</strong></span> <span class='ocrx_word' id='word_1_480' title='bbox 1690 4830 1760 4873; x_wconf 88' lang='lat' dir='ltr'><strong>mea</strong></span> <span class='ocrx_word' id='word_1_481' title='bbox 1779 4812 1920 4874; x_wconf 90' lang='lat' dir='ltr'><strong>videntur</strong></span> <span class='ocrx_word' id='word_1_482' title='bbox 1931 4818 1986 4871; x_wconf 84' lang='lat' dir='ltr'><strong>tan·</strong></span> 
     </span>
     <span class='ocr_line' id='line_1_45' title="bbox 457 4906 1984 4991; baseline -0.001 -21"><span class='ocrx_word' id='word_1_483' title='bbox 457 4909 622 4991; x_wconf 85' lang='lat' dir='ltr'><strong>gnioribus</strong></span> <span class='ocrx_word' id='word_1_484' title='bbox 648 4907 790 4970; x_wconf 88' lang='lat' dir='ltr'><strong>invidere</strong></span> <span class='ocrx_word' id='word_1_485' title='bbox 814 4913 868 4967; x_wconf 92' lang='lat' dir='ltr'><strong>aut</strong></span> <span class='ocrx_word' id='word_1_486' title='bbox 899 4906 1055 4986; x_wconf 80' lang='lat' dir='ltr'><strong>urajorum</strong></span> <span class='ocrx_word' id='word_1_487' title='bbox 1082 4907 1204 4970; x_wconf 90' lang='lat' dir='ltr'><strong>inhiare</strong></span> <span class='ocrx_word' id='word_1_488' title='bbox 1262 4910 1284 4971; x_wconf 94' lang='lat' dir='ltr'><strong>ti</strong></span> <span class='ocrx_word' id='word_1_489' title='bbox 1303 4908 1440 4971; x_wconf 87' lang='lat' dir='ltr'><strong>doctoris</strong></span> <span class='ocrx_word' id='word_1_490' title='bbox 1460 4908 1586 4990; x_wconf 90' lang='lat' dir='ltr'><strong>scriptis</strong></span> <span class='ocrx_word' id='word_1_491' title='bbox 1605 4910 1774 4972; x_wconf 89' lang='lat' dir='ltr'><strong>contraria.</strong></span> <span class='ocrx_word' id='word_1_492' title='bbox 1792 4911 1899 4974; x_wconf 85' lang='lat' dir='ltr'><strong>Fateor</strong></span> <span class='ocrx_word' id='word_1_493' title='bbox 1916 4906 1984 4989; x_wconf 87' lang='lat' dir='ltr'><strong>quod</strong></span> 
     </span>
     <span class='ocr_line' id='line_1_46' title="bbox 457 5004 1984 5087; baseline -0.003 -16"><span class='ocrx_word' id='word_1_494' title='bbox 457 5008 576 5071; x_wconf 85' lang='lat' dir='ltr'><strong>debent</strong></span> <span class='ocrx_word' id='word_1_495' title='bbox 601 5006 808 5087; x_wconf 81' lang='lat' dir='ltr'><strong>dignitatibus</strong></span> <span class='ocrx_word' id='word_1_496' title='bbox 833 5005 1025 5087; x_wconf 86' lang='lat' dir='ltr'><strong>usurpandis</strong></span> <span class='ocrx_word' id='word_1_497' title='bbox 1047 5030 1054 5067; x_wconf 89' lang='lat'>:</span> <span class='ocrx_word' id='word_1_498' title='bbox 1072 5006 1203 5087; x_wconf 89' lang='lat' dir='ltr'><strong>alioqui,</strong></span> <span class='ocrx_word' id='word_1_499' title='bbox 1261 5007 1421 5069; x_wconf 87' lang='lat' dir='ltr'><strong>interdum</strong></span> <span class='ocrx_word' id='word_1_500' title='bbox 1436 5006 1469 5068; x_wconf 91' lang='lat' dir='ltr'><strong>in</strong></span> <span class='ocrx_word' id='word_1_501' title='bbox 1485 5006 1590 5069; x_wconf 90' lang='lat' dir='ltr'><strong>verbis</strong></span> <span class='ocrx_word' id='word_1_502' title='bbox 1611 5008 1819 5072; x_wconf 90' lang='lat' dir='ltr'><strong>contrarietas</strong></span> <span class='ocrx_word' id='word_1_503' title='bbox 1834 5018 1927 5084; x_wconf 87' lang='lat' dir='ltr'><strong>sonet,</strong></span> <span class='ocrx_word' id='word_1_504' title='bbox 1940 5004 1984 5067; x_wconf 80' lang='lat' dir='ltr'><strong>sed</strong></span> 
     </span>
     <span class='ocr_line' id='line_1_47' title="bbox 458 5104 1982 5191; baseline -0.004 -21"><span class='ocrx_word' id='word_1_505' title='bbox 458 5108 484 5171; x_wconf 91' lang='lat' dir='ltr'><strong>si</strong></span> <span class='ocrx_word' id='word_1_506' title='bbox 507 5126 563 5191; x_wconf 89' lang='lat' dir='ltr'><strong>pes</strong></span> <span class='ocrx_word' id='word_1_507' title='bbox 585 5104 699 5185; x_wconf 86' lang='lat' dir='ltr'><strong>capitis</strong></span> <span class='ocrx_word' id='word_1_508' title='bbox 722 5111 753 5166; x_wconf 92' lang='lat' dir='ltr'><strong>et</strong></span> <span class='ocrx_word' id='word_1_509' title='bbox 774 5122 887 5165; x_wconf 88' lang='lat' dir='ltr'><strong>manus</strong></span> <span class='ocrx_word' id='word_1_510' title='bbox 909 5105 1072 5167; x_wconf 90' lang='lat' dir='ltr'><strong>oculorum</strong></span> <span class='ocrx_word' id='word_1_511' title='bbox 1095 5104 1206 5167; x_wconf 88' lang='lat' dir='ltr'><strong>ollicia</strong></span> <span class='ocrx_word' id='word_1_512' title='bbox 1262 5107 1295 5168; x_wconf 94' lang='lat' dir='ltr'><strong>in</strong></span> <span class='ocrx_word' id='word_1_513' title='bbox 1319 5125 1417 5169; x_wconf 90' lang='lat' dir='ltr'><strong>sensu</strong></span> <span class='ocrx_word' id='word_1_514' title='bbox 1444 5124 1514 5168; x_wconf 89' lang='lat' dir='ltr'><strong>csse</strong></span> <span class='ocrx_word' id='word_1_515' title='bbox 1542 5106 1799 5170; x_wconf 89' lang='lat' dir='ltr'><strong>concordantiam</strong></span> <span class='ocrx_word' id='word_1_516' title='bbox 1827 5106 1982 5171; x_wconf 85' lang='lat' dir='ltr'><strong>declarabo.</strong></span> 
     </span>
     <span class='ocr_line' id='line_1_48' title="bbox 457 5202 1982 5286; baseline -0.004 -17"><span class='ocrx_word' id='word_1_517' title='bbox 457 5206 507 5269; x_wconf 91' lang='lat' dir='ltr'><strong>vel</strong></span> <span class='ocrx_word' id='word_1_518' title='bbox 532 5205 670 5267; x_wconf 88' lang='lat' dir='ltr'><strong>zelarent</strong></span> <span class='ocrx_word' id='word_1_519' title='bbox 694 5203 745 5265; x_wconf 89' lang='lat' dir='ltr'><strong>vel</strong></span> <span class='ocrx_word' id='word_1_520' title='bbox 773 5202 932 5265; x_wconf 90' lang='lat' dir='ltr'><strong>ambirent</strong></span> <span class='ocrx_word' id='word_1_521' title='bbox 957 5202 1091 5265; x_wconf 89' lang='lat' dir='ltr'><strong>consilio</strong></span> <span class='ocrx_word' id='word_1_522' title='bbox 1121 5203 1206 5267; x_wconf 89' lang='lat' dir='ltr'><strong>inor·</strong></span> <span class='ocrx_word' id='word_1_523' title='bbox 1261 5204 1366 5267; x_wconf 91' lang='lat' dir='ltr'><strong>Primo</strong></span> <span class='ocrx_word' id='word_1_524' title='bbox 1391 5203 1488 5286; x_wconf 80' lang='lat' dir='ltr'><strong>igitur</strong></span> <span class='ocrx_word' id='word_1_525' title='bbox 1514 5205 1599 5268; x_wconf 89' lang='lat' dir='ltr'><strong>dicta</strong></span> <span class='ocrx_word' id='word_1_526' title='bbox 1621 5224 1693 5266; x_wconf 88' lang='lat' dir='ltr'><strong>mea</strong></span> <span class='ocrx_word' id='word_1_527' title='bbox 1715 5223 1773 5286; x_wconf 90' lang='lat' dir='ltr'><strong>per</strong></span> <span class='ocrx_word' id='word_1_528' title='bbox 1801 5205 1883 5267; x_wconf 91' lang='lat' dir='ltr'><strong>illius</strong></span> <span class='ocrx_word' id='word_1_529' title='bbox 1905 5202 1982 5266; x_wconf 84' lang='lat' dir='ltr'><strong>rerba</strong></span> 
     </span>
     <span class='ocr_line' id='line_1_49' title="bbox 457 5300 1981 5385; baseline -0.006 -17"><span class='ocrx_word' id='word_1_530' title='bbox 457 5305 577 5383; x_wconf 87' lang='lat' dir='ltr'><strong>dinato,</strong></span> <span class='ocrx_word' id='word_1_531' title='bbox 600 5300 747 5365; x_wconf 88' lang='lat' dir='ltr'><strong>conlusio</strong></span> <span class='ocrx_word' id='word_1_532' title='bbox 767 5308 799 5362; x_wconf 91' lang='lat' dir='ltr'><strong>et</strong></span> <span class='ocrx_word' id='word_1_533' title='bbox 822 5300 998 5363; x_wconf 89' lang='lat' dir='ltr'><strong>certissime</strong></span> <span class='ocrx_word' id='word_1_534' title='bbox 1021 5301 1115 5365; x_wconf 89' lang='lat' dir='ltr'><strong>totius</strong></span> <span class='ocrx_word' id='word_1_535' title='bbox 1136 5320 1205 5365; x_wconf 91' lang='lat' dir='ltr'><strong>cor·</strong></span> <span class='ocrx_word' id='word_1_536' title='bbox 1265 5303 1409 5385; x_wconf 90' lang='lat' dir='ltr'><strong>probare,</strong></span> <span class='ocrx_word' id='word_1_537' title='bbox 1426 5302 1623 5384; x_wconf 80' lang='lat' dir='ltr'><strong>deindeque</strong></span> <span class='ocrx_word' id='word_1_538' title='bbox 1637 5302 1671 5364; x_wconf 94' lang='lat' dir='ltr'><strong>in</strong></span> <span class='ocrx_word' id='word_1_539' title='bbox 1692 5302 1786 5366; x_wconf 90' lang='lat' dir='ltr'><strong>dictis</strong></span> <span class='ocrx_word' id='word_1_540' title='bbox 1801 5300 1981 5367; x_wconf 85' lang='lat' dir='ltr'><strong>illiusrerbis</strong></span> 
     </span>
    </p>
   </div>
   <div class='ocr_carea' id='block_1_5' title="bbox 0 0 2160 6244">
    <p class='ocr_par' dir='ltr' id='par_1_7' title="bbox 0 0 2160 6244">
     <span class='ocr_line' id='line_1_50' title="bbox 0 0 2160 6244; baseline 0 0"><span class='ocrx_word' id='word_1_541' title='bbox 0 0 2160 6244; x_wconf 95' lang='lat' dir='ltr'><strong> </strong></span> 
     </span>
    </p>
   </div>
  </div>
 </body>
</html>
