4309 6250
397 494 438 541 nr
458 494 622 542 nromrtrr
642 494 680 541 rr
700 494 849 543 muninus
869 496 897 539 a.
921 496 949 539 v.
972 494 1091 553 usura,
1113 494 1201 541 usne
1221 495 1255 541 u.
1277 512 1317 523 -
1337 494 1408 541 aar.
1430 494 1505 541 xxvi
1674 474 1731 541 tot

186 664 290 747 gloria
304 664 337 727 in
351 664 455 747 primo
474 684 532 731 suo
550 668 700 743 adventu,
716 666 756 737 ad
777 665 1029 729 redimendus
1050 684 1148 747 quam
1166 684 1205 727 er
1223 665 1353 748 publica
1373 665 1444 747 ejus
1468 664 1735 728 sermocinatione

187 763 401 827 dumludaeos
422 764 462 827 de
483 764 667 847 captivitate
681 764 860 846 temporali,
875 764 934 827 hu·
988 763 1149 845 cognovit.
1174 760 1239 826 Nec
1263 762 1423 845 ignoravit
1449 763 1534 843 quod
1562 762 1656 825 tertio
1682 761 1735 825 die

186 880 292 941 mana,
299 870 332 923 et
344 862 383 923 ad
399 863 596 944 regnandum
610 870 755 945 potenter
769 861 802 924 in
817 861 933 925 secuto
988 868 1180 942 resurgeret.

186 958 260 1038 isto,
276 968 370 1040 atque
394 960 433 1021 ad
457 959 694 1041 subjiciendum
718 958 854 1041 gentiles
878 960 933 1023 do-

186 1055 289 1121 minio
319 1058 508 1135 ludaeorum,
539 1066 574 1121 ut
602 1077 702 1140 usqne
731 1058 766 1119 in
793 1076 933 1139 praesens

185 1162 300 1236 putant
317 1156 472 1237 carnales,
492 1154 640 1219 excecati
660 1164 692 1219 et
710 1154 860 1219 obstinati
881 1155 934 1217 Ju—
1163 1132 1408 1198 ARTICULUS
1436 1133 1561 1197 XXVI·

185 1252 256 1315 dei.
274 1253 335 1317 Sed
353 1253 417 1317 fuit
435 1254 669 1336 sapientissima
687 1253 784 1335 Virgo
804 1252 844 1315 de
869 1252 933 1335 spi·
985 1285 1034 1344 D,
1052 1282 1322 1342 excellentissim,
1340 1281 1460 1343 Marioe
1477 1280 1668 1356 ,grimm
1686 1280 1738 1339 in·

184 1346 349 1410 ritualium
387 1348 530 1429 ⁰⁸¹⁸l⁰8⁰
567 1346 790 1422 lfflfllllafflfflr
827 1346 932 1409 ⁸⁰l⁰¹¹⁸
1026 1380 1189 1429 cremento
1213 1372 1250 1429 in
1269 1371 1365 1429 denis
1384 1370 1537 1444 Spiritus
1554 1368 1684 1437 Sancti,
1699 1368 1736 1427 in

184 1443 356 1527 prophetiis
370 1464 440 1509 08⁵8
459 1446 499 1509 do
517 1444 639 1529 duplici
658 1444 774 1508 Christi
793 1444 932 1507 adventu
1026 1461 1180 1519 missione
1188 1468 1218 1517 et
1229 1460 1395 1535 infusione
1406 1458 1547 1535 ejusdem
1556 1457 1734 1519 Paracleti.

184 1542 308 1606 locutos
319 1567 325 1605 :
336 1544 376 1606 de
390 1544 505 1626 primo,
522 1543 555 1606 in
570 1542 760 1621 humilitate,
770 1551 933 1627 pauperta-

182 1646 214 1702 te
233 1648 266 1702 et
279 1640 502 1721 occultatione,
510 1649 545 1704 ut
558 1641 755 1723 judicaretur
769 1650 801 1705 et
814 1650 933 1724 patere·
1063 1647 1093 1707 U
1095 1647 1162 1707 Ul!
1177 1646 1303 1703 venerit
1327 1646 1384 1704 itte
1402 1646 1553 1721 Spiritus
1572 1644 1735 1713 veritatis,
1749 1666 1883 1717 amm,

184 1746 257 1817 tnr;
273 1746 304 1801 et
319 1739 358 1801 de
374 1740 526 1818 secundo,
543 1740 576 1801 in
592 1740 758 1821 majestate
772 1748 804 1803 et
817 1740 929 1821 gloria,
1072 1744 1195 1801 docebit
1211 1762 1264 1801 eos
1281 1762 1407 1802 omnem
1426 1744 1609 1801 veritatem.
1625 1740 1739 1813 Quem·
1751 1732 1785 1773 ¹⁸·

183 1843 218 1897 ut
231 1836 354 1917 judicet
368 1837 555 1915 universos3
571 1845 604 1900 et
625 1838 701 1900 item
723 1838 806 1919 quod
829 1837 931 1921 primo
949 1837 974 1901 B
988 1840 1160 1904 admodum
1173 1838 1274 1901 Lucas
1289 1839 1484 1921 evangelista
1498 1839 1592 1901 docet
1605 1838 1640 1900 in
1654 1836 1739 1899 Acti·

184 1933 310 1997 veniret
323 1934 362 1997 ad
377 1935 609 2013 redimendum,
618 1954 682 1999 non
698 1936 800 1998 solum
814 1935 933 1999 lsraali-
988 1939 1165 2019 bus,quum
1176 1936 1319 2001 Christus
1331 1956 1437 2001 coram
1449 1936 1616 2019 discipulis
1632 1954 1739 1999 ascen·
1752 1963 1884 2013 mian,

184 2032 281 2095 ticam
303 2031 441 2115 plebem,
458 2034 513 2097 sed
532 2042 564 2098 et
584 2042 684 2097 totum
703 2052 805 2115 genus
823 2034 935 2095 huma·
987 2036 1087 2101 disset
1100 2056 1119 2099 a
1134 2043 1241 2099 monte
1262 2035 1377 2099 Oliveti
1400 2036 1433 2097 in
1455 2036 1584 2111 coelum,
1601 2033 1738 2115 regressi

185 2149 263 2193 num
298 2150 317 2193 a
351 2131 509 2213 spirituali
538 2130 721 2215 captivitate
750 2130 867 2195 diaboli
897 2150 933 2194 ac
989 2143 1063 2197 sunt
1091 2134 1166 2195 inde
1193 2134 1379 2213 Jerusalem,
1405 2141 1437 2195 et
1463 2134 1677 2195 ascenderunt
1704 2131 1738 2193 in

183 2229 263 2311 jugo
288 2228 422 2311 peccati.
444 2229 515 2292 llaec
539 2238 671 2293 noverat
699 2228 934 2313 speciosissima
989 2230 1265 2310 coenaculum,ubi
1281 2240 1357 2293 tunc
1371 2231 1419 2293 eis
1433 2230 1639 2294 novissimam
1655 2230 1740 2293 fece-

187 2345 224 2389 ac
239 2326 519 2408 morigeratissima
535 2326 649 2408 Virgo:
663 2326 783 2391 idcirco
798 2328 837 2389 ad
851 2326 935 2388 Chri·
990 2340 1037 2393 rat
1051 2328 1195 2393 Christus
1216 2347 1351 2393 coenam.
1368 2328 1406 2391 Et
1427 2328 1471 2391 ibi
1493 2328 1740 2410 perseverabant

186 2424 228 2487 sti
247 2424 420 2489 adventum
443 2424 612 2489 devotione
634 2424 857 2489 ardentissima
882 2425 936 2487 ad·
990 2427 1187 2491 unanimiter
1214 2427 1246 2489 in
1282 2428 1426 2491 oratione
1453 2444 1528 2489 cum
1553 2425 1741 2489 beatissima

185 2522 338 2605 spirabat.
989 2527 1085 2589 llatre
1101 2534 1134 2589 et
1148 2525 1290 2607 Virgine,
1306 2524 1442 2606 aliisque
1457 2524 1587 2587 feminis
1608 2524 1737 2602 sanctis,

228 2620 370 2702 Denique
405 2639 469 2685 non
504 2621 596 2685 latuit
630 2620 933 2684 illuminatissimum
991 2623 1162 2706 implentes
1176 2623 1261 2703 quod
1275 2622 1359 2703 apud
1374 2620 1491 2685 Lucam
1506 2620 1648 2683 Christus
1663 2620 1741 2703 legi-

184 2718 353 2781 Dominam
374 2720 459 2800 quod
483 2720 646 2803 Prophetis
672 2719 773 2801 patuit
798 2720 933 2799 cunctis,
990 2728 1042 2783 tur
1063 2720 1111 2783 eis
1133 2719 1269 2802 jussisse
1294 2743 1302 2781 ε
1327 2718 1404 2801 Ego,
1431 2718 1591 2799 inquiens,
1616 2718 1740 2781 mittam
1760 2736 1886 2788 emam.

185 2817 454 2898 quemadmodum
481 2816 512 2879 in
533 2817 664 2880 Actibus
689 2817 838 2900 princeps
862 2836 936 2899 apo-
990 2818 1184 2903 promissum
1200 2818 1300 2880 Patris
1322 2818 1384 2880 mei
1404 2818 1438 2879 in
1458 2835 1536 2895 vos3
1552 2835 1609 2880 vos
1634 2825 1740 2879 autem
1754 2802 1788 2844 ⁴⁹·

38 2937 167 2987 tennis.
185 2914 292 2977 stolici
308 2914 430 2978 ordinis
448 2914 493 2977 ait
509 2938 517 2977 ι
533 2914 615 2977 Deus
634 2914 688 2997 qui
711 2914 935 2997 praenuntiavit
990 2918 1098 2981 sedete
1118 2916 1151 2978 in
1174 2917 1314 2993 civitate,
1330 2916 1536 2997 quoadusque
1561 2913 1740 2977 induamini

185 3032 246 3095 per
259 3031 295 3075 os
309 3013 452 3076 omniurn
471 3014 697 3095 Prophetamm
720 3032 848 3075 suorum
871 3013 933 3095 pati
951 3012 973 3077 C
991 3016 1107 3079 virtute
1132 3034 1170 3077 ex
1193 3014 1269 3077 alto.
1286 3014 1404 3095 ltaque,
1424 3034 1443 3075 a
1466 3013 1519 3075 die
1543 3013 1740 3075 ascensionis

185 3110 347 3174 Christum
362 3131 467 3192 suum,
480 3110 625 3194 implevit
640 3110 697 3174 sic.
710 3110 846 3175 Noverat
859 3131 937 3192 quo
990 3134 1090 3196 usque
1113 3113 1146 3174 in
1171 3113 1281 3177 boram
1306 3112 1369 3175 diei
1395 3112 1596 3176 Pentecostes
1620 3111 1653 3173 in
1677 3130 1887 3192 quaretur«

187 3227 252 3289 que
274 3209 320 3290 (ni
341 3207 448 3289 fallor)
467 3209 600 3272 Domina
624 3209 862 3290 Prophetarum,
879 3229 936 3272 un·
990 3213 1143 3294 Spiritum
1166 3211 1317 3273 Sanctum
1339 3211 1470 3292 recepit,
1487 3209 1738 3274 sacratissimum
1752 3209 1798 3252 ἠ’

186 3307 333 3371 ctissime
361 3307 452 3388 virgo
479 3307 586 3384 Maria,
612 3307 697 3388 quod
725 3308 765 3371 de
794 3315 936 3390 tempore
989 3310 1068 3372 illud
1104 3309 1275 3390 collegium
1309 3308 1507 3372 orationibus
1540 3307 1738 3389 jeiuniisque

39 3425 172 3473 oannes
186 3406 345 3468 adventus
366 3405 480 3468 Christi
503 3405 690 3486 praedixerat
704 3404 827 3484 Daniel,
843 3415 874 3468 et
888 3406 937 3468 Ja-
988 3407 1195 3472 devotissime
1210 3406 1388 3486 insistebat,
1397 3426 1453 3487 per
1467 3406 1534 3468 haec
1548 3414 1580 3468 et
1594 3405 1738 3468 consimi-

39 3490 104 3592 ’ξω
187 3503 250 3567 coh
273 3503 453 3585 patriarcha
477 3503 511 3564 in
536 3501 661 3580 Genesi,
682 3502 750 3568 Non
775 3503 937 3566 auferetur
989 3505 1032 3568 lia
1053 3505 1204 3568 exercitia
1224 3513 1334 3568 sancta
1352 3504 1488 3582 iuterna,
1504 3504 1543 3566 ad
1563 3502 1737 3584 susceptio-

40 3615 69 3652 10-
186 3601 363 3684 (inquiens)
379 3609 538 3682 sceptrum
554 3601 593 3662 de
607 3601 696 3682 luda,
713 3602 813 3664 donec
830 3602 937 3665 veniat
989 3622 1062 3667 nem
1083 3604 1218 3686 Spiritus
1238 3602 1344 3666 Sancti
1370 3621 1404 3664 se
1428 3620 1619 3683 praeparans.
1642 3601 1738 3664 Porro

186 3699 243 3780 qui
274 3698 447 3762 mittendus
475 3705 523 3760 est
549 3721 555 3759 :
582 3699 666 3780 quod
695 3699 816 3780 optima
840 3699 936 3780 Virgo
989 3702 1164 3764 adveniens
1192 3700 1328 3783 Spiritus
1356 3699 1501 3776 Sanctus,
1528 3717 1738 3780 unumquem-

186 3797 269 3858 vidit
282 3796 434 3860 ablatum.
450 3795 576 3859 Etenim
591 3797 703 3860 honum
724 3797 935 3878 ignorantiam
988 3818 1050 3881 que
1075 3799 1203 3862 illomm
1232 3807 1320 3861 tanto
1349 3797 1508 3878 copiosius
1536 3797 1734 3878 adimplevit,

186 3894 351 3976 redarguit
374 3893 516 3956 Christus
541 3894 573 3956 in
598 3893 773 3972 Pharisaeis,
790 3895 902 3959 dicens
926 3917 933 3958 z
989 3907 1108 3981 quanto
1122 3897 1270 3979 capacior
1288 3895 1351 3958 fuit
1365 3915 1401 3958 ac
1421 3894 1549 3976 dignior
1568 3913 1665 3977 seque
1683 3895 1737 3957 de-

37 4009 170 4060 narium.
186 3995 284 4058 Facto
304 4012 448 4076 vespere,
463 3992 570 4056 dicitis
591 4017 598 4055 ι
619 3992 772 4056 Serenum
797 3994 868 4072 erit,
886 4013 937 4056 ru·
990 3995 1094 4060 votius
1121 3995 1321 4078 preparavit.
1345 3993 1430 4071 ldeo,
1453 3993 1537 4056 sicut
1560 3995 1628 4056 sola
1653 4013 1737 4056 sere-

37 4077 80 4114 Μ’
186 4093 365 4157 bicundum
381 4101 428 4154 est
443 4091 527 4155 enim
544 4092 659 4155 coelum
673 4114 681 4170 ;
697 4101 728 4154 et
742 4111 835 4155 mane
853 4116 859 4153 :
877 4093 936 4156 llo
989 4094 1124 4156 nissima
1147 4093 1236 4174 virgo
1260 4092 1353 4154 llaria
1377 4091 1492 4154 ceteris
1520 4090 1584 4153 illis
1612 4092 1737 4154 cunctis

184 4193 239 4255 die
264 4199 446 4273 tempestas,
464 4189 571 4252 rutilat
589 4191 674 4252 enim
693 4190 783 4252 triste
805 4190 932 4253 coelum.
950 4182 974 4243 D
989 4191 1051 4254 fuit
1066 4191 1275 4272 prestantior,
1292 4189 1449 4271 capacior,
1465 4188 1736 4270 excellentiusque

185 4291 313 4354 Faciem
329 4307 405 4370 ergo
420 4289 492 4351 coeli
507 4287 684 4368 dijudicare
702 4289 803 4351 nostis
820 4312 827 4350 :
845 4289 937 4370 signa
988 4289 1164 4370 disposita;
1181 4288 1228 4350 sic
1248 4287 1316 4350 sola
1336 4286 1408 4368 plus
1426 4287 1466 4349 de
1491 4287 1637 4368 supernis
1663 4286 1737 4348 cha-

184 4396 293 4452 autem
308 4397 487 4468 temporum
507 4405 571 4450 nou
590 4386 722 4468 potestis
744 4387 847 4450 sciret
863 4387 934 4450 llam
989 4387 1173 4450 rismatibus
1197 4393 1273 4448 tunc
1297 4384 1421 4449 collatis
1439 4405 1458 4447 a
1479 4385 1596 4467 Spiritu
1621 4385 1736 4447 Sancto

185 4488 293 4568 itaque
323 4485 500 4567 ignorantia
528 4484 621 4565 longe
650 4483 748 4548 fuisse
777 4485 936 4548 credenda
989 4485 1123 4566 accepit,
1140 4490 1233 4564 alque
1249 4503 1313 4564 prae
1327 4482 1475 4546 omnibus
1490 4483 1554 4544 illis
1570 4482 1604 4544 in
1623 4483 1737 4544 carita-

183 4595 234 4649 est
262 4606 280 4648 a
308 4583 542 4667 sapientissima
572 4591 677 4646 mente
706 4581 818 4646 llariae.
848 4585 933 4662 ldeo,
990 4583 1029 4644 tis
1046 4583 1168 4658 ardore,
1186 4581 1349 4662 sapientiae
1368 4581 1450 4654 luce,
1467 4579 1580 4642 notitia
1596 4580 1737 4662 Scriptu-

44 4698 74 4740 n.
85 4713 121 4745 η..
134 4703 167 4742 u
184 4685 271 4747 sicut
284 4687 378 4764 (teste
392 4681 572 4760 Ambrosio)
587 4682 664 4762 legit
679 4681 713 4744 in
733 4681 812 4746 lsaia
830 4707 836 4744 :
853 4683 934 4746 llcce
989 4700 1095 4744 rerum
1120 4680 1271 4760 omnique
1291 4679 1407 4741 virtute
1428 4677 1636 4740 ineffabiliter
1659 4686 1735 4741 tunc

185 4783 279 4865 virgo
307 4779 469 4862 concipiet
491 4787 522 4842 et
549 4779 651 4861 pariet
673 4779 799 4856 filium3
825 4781 871 4843 sic
902 4781 933 4842 in
989 4779 1135 4862 profecit.
1165 4779 1200 4840 ln
1232 4779 1316 4840 douo
1343 4794 1468 4857 quoque
1496 4775 1676 4858 linguarum
1705 4785 1737 4840 et

52 4895 106 4936 nu.
126 4910 168 4944 tut.
185 4882 298 4945 eodem
316 4879 393 4962 legit
407 4877 561 4959 Propheta
575 4901 582 4938 :
596 4877 737 4939 'fmdidit
752 4877 785 4940 in
800 4887 933 4940 mortem
988 4876 1174 4960 prophetica
1185 4875 1296 4956 gratia,
1306 4875 1338 4936 in
1350 4874 1541 4936 discretione
1554 4874 1734 4956 spirituum,

41 4961 70 5004 ¹²·
86 4963 104 5000 ⁵·
184 4981 325 5044 animam
342 4995 444 5056 suam,
460 4983 578 5038 etcum
594 4976 756 5038 sceleratis
771 4984 934 5058 reputatus
989 4984 1020 5039 et
1035 4973 1295 5056 interpretatione
1317 4992 1511 5051 sermonum,
1527 4972 1560 5037 id
1575 4983 1623 5036 est
1638 4972 1737 5036 facul-

183 5087 233 5144 est
246 5100 255 5154 ς
270 5077 458 5141 vulnemtus
472 5081 519 5136 est
534 5080 661 5154 propter
677 5073 859 5153 iniquitates
880 5093 935 5135 no·
989 5081 1051 5135 tate
1067 5071 1245 5153 exponendi
1268 5071 1350 5133 sacri
1373 5073 1467 5134 verba
1482 5071 1618 5152 Eloquii,
1635 5071 1667 5133 in
1687 5091 1738 5133 ce-

184 5188 281 5256 stras3
295 5175 392 5257 eujus
408 5172 507 5235 livore
522 5171 623 5232 sanati
639 5189 759 5233 sumus.
773 5171 843 5233 llaec
858 5191 936 5252 quo-
990 5171 1067 5234 teris
1087 5190 1213 5251 quoque
1235 5169 1392 5251 praetactis
1412 5169 1521 5249 gratiae
1541 5169 1638 5250 gratis
1657 5170 1736 5232 datto
1749 5182 1881 5225 mount·

183 5297 245 5362 que
260 5285 325 5342 tarn
340 5293 381 5338 er
396 5271 519 5356 privata
540 5269 587 5332 sui
608 5268 716 5332 dilecti
737 5269 936 5352 protestatio-
991 5269 1177 5333 muneribus
1193 5276 1267 5330 tunc
1282 5287 1347 5350 pree
1361 5267 1507 5331 omnibus
1522 5267 1633 5330 crevit.
