4309 6250
450 457 510 522 244
792 474 911 522 comm
932 473 1101 521 raarrnmu
1121 471 1292 532 amouarr,
1314 473 1402 522 arana
1423 475 1442 522 r.
1466 493 1506 506 -
1526 476 1596 522 aar.
1619 476 1654 522 vr

452 664 525 708 eum
549 664 587 707 ac
609 644 800 708 Sarracenos
822 651 1008 726 argumenta
1032 644 1197 722 hahemus,
1214 645 1240 706 Α
1256 645 1456 708 documentis
1485 664 1613 708 ornnem
1641 645 1818 708 naturalem
1847 643 1989 708 rationem

453 742 601 806 videlicet
631 765 638 804 :
668 761 780 804 omnes
809 741 879 804 illas
907 742 983 804 novi
1012 761 1049 803 ac
1082 742 1199 804 veteris
1255 743 1551 805 transcendentibus
1563 743 1991 826 penitusqueincomprchcn·

453 840 646 911 Testamenti
663 841 835 921 scripturas
857 848 888 901 et
902 839 1106 902 austeritates
1121 859 1199 920 quas
1255 837 1401 900 sibilibus
1426 838 1566 917 credere,
1592 839 1730 902 levitatis
1754 849 1786 902 et
1814 839 1991 921 insipientia

454 938 555 1002 sancti
578 938 684 1002 Patres
707 947 739 1000 et
762 937 927 999 christiani
953 937 1098 1000 docteres
1123 956 1201 1018 praa·
1256 935 1383 1015 signum
1411 944 1470 1014 est,
1497 936 1560 998 nisi
1588 943 1718 1018 propter
1745 937 1866 1000 motiva
1891 937 1991 1000 idonea

453 1035 527 1099 fatis
547 1035 705 1099 hereticis
728 1035 935 1117 objecerunt3
956 1035 1106 1098 universa
1124 1055 1201 1117 quo·
1255 1033 1554 1115 proportionataque
1583 1041 1614 1096 et
1641 1032 1790 1096 efficacia
1817 1043 1992 1115 argumenta

453 1151 516 1214 qua
538 1133 779 1214 preclarissima
797 1132 852 1195 illa
873 1133 1036 1211 miracula,
1060 1133 1119 1196 soli
1142 1133 1202 1194 uti·
1254 1129 1318 1192 illis
1343 1132 1489 1194 credatur
1506 1155 1512 1192 :
1530 1151 1595 1194 non
1620 1133 1705 1212 quod
1729 1131 1914 1213 hujusmodi
1937 1151 1992 1194 mo

453 1249 516 1312 que
534 1231 744 1313 omnipotenti
759 1231 822 1293 Deo
842 1230 1017 1313 possibilia,
1032 1249 1103 1312 quae
1117 1231 1199 1292 Deus
1256 1229 1319 1290 tiva
1347 1238 1377 1291 et
1405 1237 1592 1311 argumenta
1620 1228 1739 1292 faciant
1766 1230 1864 1293 verba
1892 1239 1922 1292 et
1946 1230 1993 1294 do

454 1330 652 1409 perSanctos
666 1348 740 1392 suos
754 1330 793 1390 ad
808 1337 1028 1410 praetactarum
1043 1329 1199 1390 heresum
1255 1335 1404 1388 cumenta
1418 1327 1672 1408 supernaturalia
1686 1335 1718 1390 et
1732 1328 1993 1409 incomprehensi·
2112 1339 2113 1358 .

418 1501 425 1508 .
453 1427 608 1488 falsitates
622 1426 836 1507 reprobandas
851 1435 882 1488 et
896 1413 1113 1507 exstirpandas
1129 1444 1199 1507 ope·
1256 1424 1343 1502 bilia,
1356 1444 1426 1487 esse
1440 1425 1563 1488 homini
1579 1426 1882 1508 comprehensibilia
1896 1426 1927 1488 in
1941 1427 1991 1488 hac

453 1524 516 1587 rari
534 1524 683 1606 dignatus
708 1533 767 1604 est,
783 1524 822 1586 de
846 1524 962 1605 quibus
987 1524 1019 1586 in
1040 1525 1200 1605 sequenti·
1255 1523 1340 1602 vita;
1370 1523 1424 1584 scd
1453 1523 1529 1603 quia
1558 1523 1760 1587 sufficienter
1785 1525 1993 1588 demonstrant

452 1624 512 1686 bus
526 1623 588 1686 erit
602 1641 726 1700 serm03
742 1622 843 1684 multa
864 1622 957 1685 ctiam
980 1622 1200 1704 philosophica
1255 1620 1354 1682 Deum
1380 1640 1449 1683 csse
1475 1630 1587 1684 testem
1612 1631 1706 1704 atque
1731 1631 1895 1686 auctorem
1922 1623 1994 1686 veri·

452 1728 649 1801 argumenta.
1255 1719 1328 1782 tatis
1343 1719 1454 1782 talium
1471 1721 1639 1784 verborum
1661 1740 1698 1784 ac
1713 1723 1991 1785 documentorum:

492 1818 597 1896 Porro,
614 1827 650 1879 ut
664 1817 848 1895 ordinatior,
865 1817 1123 1898 compendiosior
1137 1816 1199 1878 cla·
1214 1817 1238 1878 B
1255 1835 1318 1898 quo
1340 1817 1479 1898 cognito,
1497 1836 1569 1881 mox
1594 1826 1722 1901 propter
1745 1839 1878 1882 summac
1901 1827 1931 1882 at
1954 1819 1995 1880 in-

452 1916 579 1996 riorque
595 1914 653 1977 fiat
664 1916 697 1976 in
712 1934 807 1996 opere
822 1915 882 1979 isto
898 1934 1075 1996 processus,
1084 1915 1198 1996 primo,
1255 1923 1367 1977 creatae
1383 1915 1530 1978 Veritatis
1550 1915 1768 1979 inviolabilem
1782 1917 1993 1995 auctoritatem

451 2032 569 2097 ponam
591 2013 623 2075 in
647 2013 790 2094 generali
809 2021 996 2095 argumenta
1017 2013 1094 2075 fidei
1117 2011 1201 2074 chri·
1255 2013 1440 2075 firmissime
1468 2022 1517 2075 est
1545 2014 1751 2092 credendum,
1777 2033 1815 2078 eo
1844 2015 1928 2096 quod
1950 2035 1995 2077 su·
2113 2063 2114 2070 .

452 2112 572 2173 stianaa.
584 2111 742 2187 Secundo,
752 2111 929 2173 describam
945 2110 1083 2192 qualiter
1097 2110 1199 2191 primo
1254 2120 1441 2192 persanctus
1475 2121 1507 2174 et
1542 2113 1888 2194 supergloriosissimus
1921 2113 1994 2176 Deus

451 2209 632 2291 praedicata,
653 2209 814 2288 divulgata
834 2217 866 2271 et
885 2228 985 2288 usque
1005 2208 1038 2268 in
1061 2227 1199 2288 praesens
1254 2209 1401 2271 falsitatis
1430 2209 1639 2273 confirmator
1662 2219 1694 2273 et
1722 2211 1812 2274 testis
1840 2231 1911 2274 esse
1937 2229 1994 2274 non

451 2314 638 2370 conservata
657 2307 696 2368 sit
720 2307 801 2369 fides
826 2306 1007 2368 christiana.
1025 2304 1141 2384 Tertio,
1162 2325 1200 2367 ex
1255 2307 1367 2370 valeat.
1388 2307 1490 2382 Quum
1510 2327 1585 2390 ergo
1610 2309 1725 2371 Christi
1748 2310 1949 2384 documenta,
1969 2319 1995 2371 et

451 2405 616 2486 scripturis
640 2405 715 2468 novi
739 2425 776 2467 ac
797 2404 911 2467 veteris
936 2404 1127 2466 Testamenti
1152 2403 1200 2466 di·
1255 2425 1291 2468 ea
1323 2424 1393 2487 que
1425 2406 1459 2468 in
1485 2406 1659 2489 Evangelio
1686 2408 1726 2470 de
1754 2409 1823 2488 ipso
1844 2409 1996 2490 [docentur

451 2503 617 2566 vinitatem
637 2503 750 2565 Christi
772 2502 923 2585 probabo.
939 2501 1066 2580 Quarto,
1084 2521 1120 2564 ex
1140 2503 1199 2564 eis-
1254 2521 1324 2564 esse
1339 2503 1507 2584 credenda,
1524 2504 1589 2566 sint
1604 2523 1733 2585 prorsus
1749 2505 1996 2588 supernaturalia

451 2601 523 2663 dem
545 2600 722 2682 scripturis,
740 2601 837 2662 Deum
860 2618 929 2662 esse
951 2619 1050 2660 unum
1072 2619 1110 2662 ac
1125 2599 1200 2661 sim·
1254 2608 1285 2662 et
1299 2601 1644 2682 incomprehensibilia,
1660 2621 1791 2666 necesse
1812 2602 1875 2666 fuit
1889 2623 1927 2666 ea
1947 2623 1998 2684 por

450 2699 568 2779 plicam
588 2699 621 2760 in
644 2698 781 2761 essentia
801 2717 837 2759 ac
862 2697 981 2759 trinum
1000 2697 1034 2758 in
1053 2698 1198 2779 personis
1254 2698 1368 2762 idonea
1386 2699 1512 2780 probari
1533 2709 1731 2781 argumenta,
1749 2709 1863 2783 utputa
1881 2721 1939 2784 per
1955 2701 1998 2762 di·
2114 2771 2115 2792 χ

450 2797 626 2859 ostendam.
656 2795 783 2874 Quinto,
808 2795 915 2876 aliqua
943 2796 1134 2858 documenta
1158 2796 1198 2858 ad
1253 2817 1344 2859 versa
1358 2798 1581 2878 evidentiaque
1597 2799 1748 2861 miracula
1768 2799 1828 2863 soli
1849 2800 1998 2862 altissimo

451 2894 657 2956 christianam
678 2893 776 2956 fidem
798 2893 932 2976 ejusque
951 2893 1197 2956 declarationem
1253 2895 1419 2976 possibilia
1443 2896 1518 2974 Deo,
1545 2903 1579 2957 ut
1604 2905 1678 2959 sunt
1701 2921 1708 2960 :
1732 2898 1897 2962 suscitatio
1922 2916 1998 2960 mor·

450 2992 642 3074 pertinentia
675 2992 884 3055 introducam.
921 2994 1024 3068 Sexto,
1059 2991 1198 3054 recitabo
1216 2993 1237 3055 C
1254 3001 1391 3072 tuorum,
1418 2993 1538 3056 curatio
1568 3012 1678 3056 eorum
1707 2995 1761 3076 qui
1789 3014 1808 3056 a
1837 2995 1999 3058 nativitate

450 3090 557 3172 aliqua
571 3091 611 3153 de
624 3091 811 3169 hlahometo,
825 3098 858 3153 et
870 3089 1006 3172 qualiter
1018 3089 1199 3153 introducta
1254 3090 1352 3169 surdi,
1374 3091 1461 3171 ceci,
1482 3091 1586 3154 claudi
1611 3111 1667 3155 seu
1690 3093 1769 3156 muti
1794 3103 1890 3173 sunt;
1912 3094 1999 3157 statio

449 3206 487 3251 ac
516 3188 677 3270 divulgata
702 3188 744 3251 sit
766 3189 817 3251 lex
843 3188 954 3269 ipsius.
981 3187 1134 3270 Septimo,
1158 3187 1197 3249 ad
1254 3189 1328 3252 solis
1343 3197 1376 3251 et
1388 3190 1575 3253 retrocessio
1589 3189 1685 3269 lunae,
1702 3192 1835 3255 mutatio
1851 3192 1999 3271 motionis

451 3286 705 3368 reprobationem
721 3305 863 3349 errorum
879 3294 911 3349 et
924 3284 1101 3347 falsitatum
1116 3284 1199 3366 inju-
1253 3287 1429 3351 coelestium
1454 3306 1622 3369 corporum
1644 3307 1738 3369 :quaa
1761 3290 1872 3353 omnia
1896 3291 1934 3353 ad
1959 3298 2000 3352 te·

450 3383 668 3464 stitiarumqua
681 3384 714 3445 in
726 3384 881 3447 Alcorano
896 3391 1114 3447 contentarum
1129 3402 1199 3464 pro·
1254 3386 1437 3448 stimonium
1452 3385 1595 3448 veritatis
1611 3384 1689 3449 fidei
1703 3387 1927 3467 christianam
1941 3390 2000 3451 Deo

450 3484 572 3545 cedam.
589 3482 717 3561 Octavo,
735 3490 844 3545 contra
859 3481 1096 3543 insanissimam
1112 3490 1142 3543 et
1158 3481 1199 3542 ir·
1254 3503 1311 3565 per
1334 3483 1492 3545 Christum
1516 3483 1638 3563 atejus
1662 3484 1829 3565 Apostolos
1859 3506 1898 3549 ac
1926 3487 2000 3550 alios

451 3580 763 3644 rationabilissimam
773 3580 1198 3643 llahometilloctrinamali·
1254 3580 1447 3663 evangelice
1475 3581 1554 3663 legis
1584 3582 1727 3661 Sanctos,
1759 3582 1947 3665 frequenter
1973 3595 2001 3647 ct

451 3697 514 3760 qua
541 3679 690 3742 scribam.
718 3679 848 3757 Deinde,
875 3687 985 3741 contra
1013 3679 1132 3760 scripta
1158 3679 1198 3741 de
1254 3679 1472 3761 copiosissime
1501 3679 1585 3741 facta
1609 3689 1795 3743 noscuntur.
1821 3682 1889 3746 Hoc
1916 3702 2000 3765 ergo,

451 3778 521 3858 ejus
554 3777 740 3859 genealogia
768 3784 800 3839 et
827 3776 991 3838 nativitate
1015 3776 1195 3857 disputabo.
1254 3777 1412 3858 loquendo
1428 3777 1461 3837 in
1475 3777 1629 3857 generali,
1647 3797 1745 3841 unum
1765 3788 1813 3841 est
1832 3799 2001 3862 argumen-

451 3875 622 3955 Postremo,
643 3874 834 3957 evangelice
855 3874 935 3956 legis
956 3884 1125 3956 praecepta,
1145 3875 1201 3937 do·
1254 3884 1320 3937 tum
1335 3874 1413 3936 fidei
1435 3874 1626 3937 christianae.
1643 3876 1703 3938 Sed
1723 3877 1876 3957 quoniam
1892 3880 2001 3943 hlahon

452 3974 586 4035 ctrinam
603 3993 639 4036 ac
654 3974 885 4055 perfectionem
905 3972 1096 4051 describam,
1112 3972 1199 4034 Chri·
1253 3972 1286 4035 in
1301 3974 1467 4049 Alcorano,
1485 3979 1520 4033 ut
1533 3972 1703 4053 allegatum
1719 3981 1777 4052 est,
1794 3974 1915 4039 fatetur
1930 3977 2002 4041 talia
2012 4003 2048 4042 aa.
2058 4011 2068 4037 ι.

452 4072 492 4132 sti
516 4090 642 4152 quoque
665 4078 697 4132 et
719 4071 906 4133 Sanctorum
938 4070 1076 4133 recitabo
1106 4070 1199 4132 mira·
1253 4072 1338 4133 facta
1360 4091 1378 4132 a
1402 4071 1526 4134 Christo
1552 4070 1662 4133 divina
1688 4072 1815 4152 virtute,
1841 4076 2003 4157 evangeli-

452 4170 535 4232 cula.
1216 4170 1387 4250 [lcamquc
1415 4168 1591 4231 doctrinam
1616 4188 1635 4231 a
1659 4170 1722 4232 Deo
1746 4190 1816 4233 esse
1841 4174 2000 4252 collatam,

1254 4267 1378 4330 sufficit
1392 4286 1477 4329 nunc
1493 4267 1576 4329 istud
1592 4268 1733 4349 tetigisse
1749 4269 1917 4352 tantisper.

1294 4367 1473 4428 Secundum
1509 4364 1586 4429 fidei
1621 4365 1801 4429 christianae
1832 4387 2004 4451 argumen-

661 4430 906 4495 ARTICULUS
933 4429 991 4492 VI·
1254 4472 1332 4543 tum,
1355 4462 1513 4543 loquendo
1537 4462 1570 4523 in
1595 4464 1748 4544 generali,
1771 4473 1820 4527 est
1843 4467 2004 4549 scriptura

521 4585 569 4642 De
596 4580 802 4656 orqamentis
828 4578 910 4654 fidei
936 4576 1126 4636 christiam
1254 4582 1291 4624 ac
1306 4561 1472 4643 prophetia
1491 4560 1607 4623 veteris
1622 4562 1824 4625 Testamenti.
1842 4564 2004 4647 Quidquid

721 4669 758 4725 in
769 4668 930 4743 pancrati.
1254 4660 1341 4723 enim
1361 4659 1394 4720 in
1413 4677 1496 4722 novo
1522 4658 1722 4723 Testamenta
1745 4660 1785 4722 de
1804 4661 1933 4727 Christo
1953 4665 2006 4728 do

1255 4765 1355 4837 cetur,
1371 4756 1524 4838 quidquid
1545 4757 1585 4819 dc
1608 4775 1647 4819 eo
1671 4757 1705 4819 in
1727 4758 1907 4840 Evangelio
1931 4763 2007 4825 scri-

525 4850 784 4915 ummbuouult
798 4849 926 4931 sapiens
946 4849 1076 4930 quidam
1098 4850 1199 4933 loqui·
1255 4856 1350 4935 bitur,
1376 4855 1410 4915 in
1438 4854 1528 4917 libris
1557 4854 1783 4936 Prophetarum
1811 4876 1847 4920 ac
1878 4859 2005 4945 ldoysis,

351 4980 424 5025 acea.
455 4852 601 5113 (ξων,
621 4950 675 5031 qui
695 4950 757 5012 cito
783 4947 896 5026 credit,
917 4948 997 5010 levis
1022 4950 1117 5011 corde
1139 4957 1197 5013 est.
1254 4954 1314 5016 hoc
1336 4962 1384 5015 est
1408 4952 1441 5014 in
1466 4952 1634 5035 scripturis
1659 4954 1776 5016 veteris
1796 4955 2004 5033 Testamenti,

308 5047 423 5149 ¹:¹32„
451 5050 498 5114 Ua
521 5058 586 5112 eet
599 5048 736 5111 loannes
750 5047 912 5128 apostolus
929 5070 936 5107 ε
952 5046 1054 5109 Nolite
1069 5046 1198 5129 (inquit)
1254 5052 1498 5133 praenuntiatum
1524 5070 1579 5113 seu
1604 5052 1829 5133 presignatum
1848 5056 2008 5140 multipli-

309 5181 339 5221 ιν,
354 5173 374 5213 r.
425 5137 540 5215 'omni
567 5145 694 5230 spiritui
722 5144 863 5224 credere,
893 5145 948 5207 sed
976 5146 1108 5226 probate
1136 5146 1199 5228 spi·
1255 5150 1335 5212 citer
1355 5170 1392 5212 ac
1414 5150 1633 5231 copiosissime
1654 5150 1925 5217 demonstramus.
1942 5156 2008 5218 lmo

452 5249 531 5311 ritus
564 5245 591 5307 si
625 5263 664 5306 ex
696 5244 759 5305 Deo
794 5243 868 5305 sint.
898 5242 1006 5323 ltaque
1035 5243 1140 5305 verbis
1168 5253 1199 5307 et
1255 5246 1295 5308 ab
1310 5245 1438 5309 exordio
1453 5246 1563 5309 mundi
1579 5256 1810 5327 praecesserunt
1827 5250 2008 5332 prophetia
