4309 6250
792 854 1089 951 CONTRA

223 1114 914 1321 unanimam
1000 1167 1652 1320 nunonem

531 1886 820 2011 LIBER
891 1888 1340 2037 QUARTUS

260 2234 313 2285 DE
343 2234 608 2286 EVANGELlClS
637 2232 899 2285 DOCUMENTIS
926 2232 1087 2285 CONTRA
1115 2232 1353 2285 nocturnam
1382 2234 1614 2287 MAHOMETI.

407 2598 666 2662 PROOEMIUM·
926 2556 951 2619 A
967 2557 1124 2639 sapientia
1142 2558 1290 2622 salutaris
1304 2578 1341 2622 ac
1356 2559 1523 2641 multiplex
1539 2584 1547 2623 ι
1563 2562 1715 2643 quoniam

966 2654 1101 2737 ipsemet
1124 2655 1207 2718 Deus
1234 2656 1408 2719 altissimus
1435 2666 1468 2721 et
1494 2666 1643 2739 eternus,
1669 2679 1718 2721 sa·

227 2758 471 2821 ONGREGAT
470 2758 502 2817 Ε
523 2776 576 2815 uos
601 2755 637 2814 in
661 2758 793 2815 domum
816 2756 913 2815 disci-
966 2753 1089 2837 pientia
1119 2762 1238 2817 aelerna
1264 2762 1297 2817 et
1324 2755 1475 2836 increata,
1504 2756 1539 2819 iu
1567 2758 1716 2821 cordibus

234 2858 352 2933 ptinoe,
369 2856 494 2915 indocti
501 2876 513 2922 ,·
533 2862 717 2929 comparate
737 2854 823 2913 vobis
842 2856 913 2914 aine
967 2860 1182 2915 commoratur
1200 2852 1357 2932 lidelium,
1373 2854 1489 2935 quibus
1512 2854 1621 2918 scribit
1635 2857 1717 2937 Apo

165 2964 300 3032 arpenta
328 2954 535 3029 sapientiam,
563 2960 594 3011 et
622 2955 741 3012 cottum
769 2962 913 3013 vestrum
967 2950 1067 3012 stolus
1084 2974 1091 3011 ε
1109 2950 1170 3012 Vos
1185 2951 1262 3013 estis
1281 2952 1436 3034 templum
1458 2952 1513 3015 Ilei
1536 2954 1611 3017 vivi.
1628 2954 1716 3017 Unde
1744 2980 1761 3023 n
1776 2979 1864 3032 aaa,

165 3054 407 3131 anbjr'm'tejupo
420 3053 500 3130 ejus.
517 3049 614 3112 Eccli.
631 3068 671 3130 nr,
687 3048 738 3129 at,
754 3050 805 3131 33,
820 3048 870 3113 at.
967 3048 1050 3130 apud
1074 3048 1228 3111 Ioannem
1252 3049 1366 3112 asserit
1388 3050 1530 3114 Christus
1557 3076 1564 3113 :
1588 3052 1620 3114 Si
1645 3052 1715 3135 quis
1731 3045 1811 3149 Ἕω
1822 3117 1857 3148 nv

202 3151 477 3214 lnEcclesiastico
492 3149 612 3230 scripta
627 3159 701 3212 sunt
715 3149 813 3212 verba
827 3150 909 3211 ista:
967 3147 1070 3228 diligit
1091 3148 1321 3230 me‚diligetur
1344 3169 1363 3211 a
1387 3151 1476 3213 Patre
1500 3169 1584 3228 mec,
1601 3159 1633 3214 et
1657 3138 1819 3234 agoraea.
1858 3136 1865 3156 ⁸

165 3249 337 3331 inquibus
361 3247 501 3310 universi
527 3247 581 3328 qui
606 3247 639 3308 in
664 3246 822 3310 Christum
848 3265 912 3310 non
968 3246 1098 3328 diligam
1126 3266 1221 3326 eum;
1251 3257 1284 3310 et
1311 3249 1348 3310 ad
1377 3269 1451 3312 eum
1479 3249 1660 3330 veniemus,
1686 3261 1718 3314 et

165 3350 309 3424 credunt,
326 3345 495 3409 salubriter
513 3346 725 3409 admonentur
740 3353 774 3408 ut
788 3345 914 3409 christi·
969 3344 1168 3407 mansionem
1191 3347 1275 3426 apud
1300 3365 1373 3408 enm
1399 3345 1566 3411 iaciemus.
1593 3348 1718 3412 lnveni-

165 3466 230 3508 aaa
259 3445 337 3508 lidei
366 3444 554 3525 sapientiam
584 3443 828 3526 amplectantur.
855 3443 912 3519 oni
968 3451 1018 3505 tur
1045 3461 1172 3525 quoque
1196 3443 1229 3505 iu
1257 3444 1399 3508 Ecclesia
1428 3446 1585 3528 sapientia
1613 3457 1718 3510 creata

166 3545 249 3607 enim
273 3551 350 3606 sunt
370 3542 472 3624 magis
494 3563 510 3600 a
533 3541 653 3605 indocti
680 3563 696 3600 n
722 3561 817 3622 qnam
841 3541 915 3605 inli-
969 3539 1097 3617 inlusa3
1124 3541 1241 3622 illaque
1264 3551 1311 3604 est
1336 3563 1435 3606 unum
1460 3552 1493 3606 et
1515 3545 1654 3627 primum
1678 3547 1718 3610 de

166 3643 262 3722 deles,
290 3643 323 3704 in
348 3641 464 3723 quibus
489 3659 554 3704 non
577 3639 739 3703 invenitur
758 3641 914 3722 sapientia
969 3646 1091 3720 septem
1110 3639 1204 3702 donis
1223 3640 1361 3721 Spiritus
1380 3642 1497 3704 Sancti.
1514 3642 1602 3706 Unde
1622 3643 1718 3706 lsaias

166 3740 325 3819 salutaris,
341 3757 401 3802 nec
417 3757 492 3802 vera
507 3738 689 3801 divinarum
704 3739 817 3801 notitia
831 3737 951 3802 Scri-B
969 3738 1123 3818 propheta
1138 3738 1281 3819 praedixit
1298 3762 1305 3800 ε
1322 3738 1510 3820 Requiescet
1528 3760 1624 3823 super
1644 3761 1718 3804 eum
1731 3766 1765 3810 1„
1780 3779 1810 3817 n,
1823 3768 1844 3809 2.

166 3841 347 3921 pturanrml
359 3838 402 3900 lle
416 3837 533 3918 quibus
547 3837 594 3900 ait
607 3837 768 3918 apostolus
782 3837 911 3900 Paulus:
969 3835 1133 3914 (videlicet
1146 3836 1318 3915 Christum)
1333 3837 1465 3919 spiritus
1479 3837 1654 3920 sapientia.
1663 3839 1719 3902 Est

44 3949 151 4006 aceensa.
165 3937 298 4000 Stultum
315 3935 391 4000 lecit
405 3935 488 3998 Deus
503 3935 690 4016 sapientiam
707 3935 802 4016 hujus
823 3955 915 3997 mun·
969 3934 1064 3996 etiam
1082 3934 1114 3995 in
1128 3933 1271 3996 Ecclesia
1285 3935 1441 4016 sapientia
1455 3936 1613 4018 acquisita
1626 3960 1634 3998 z
1647 3956 1719 4018 qua

164 4037 206 4098 di.
233 4037 330 4099 Porro
354 4035 468 4098 domus
496 4033 674 4116 disciplina
698 4041 746 4096 est
770 4033 914 4097 Ecclesia
969 4041 1017 4095 est
1044 4033 1227 4096 divinarum
1256 4033 1491 4116 Scripturarum
1520 4035 1644 4099 notitia.
1674 4037 1719 4100 De

44 4133 287 4211 nanneni-isti,
305 4134 345 4196 de
369 4151 431 4213 qna
456 4131 605 4194 Salomon
628 4131 731 4194 dixit:
750 4132 913 4214 Sapientia
969 4150 1031 4213 qua
1052 4132 1096 4194 ait
1117 4131 1287 4212 Apostolus
1311 4155 1318 4194 ε
1343 4132 1538 4214 Sapientiam
1561 4134 1720 4215 loquimur
1734 4160 1831 4210 rem..
1844 4163 1865 4202 a.

163 4231 334 4295 edificavit
348 4230 408 4294 sibi
423 4231 565 4294 domum.
581 4231 668 4292 Hanc
690 4230 838 4312 equidem
859 4231 914 4293 du-
969 4221 1244 4311 iuter'perlectcs.
1267 4231 1279 4254 ‘

163 4350 261 4408 mum,
292 4330 325 4392 id
359 4336 408 4392 est
441 4327 587 4391 fidelium
621 4328 911 4410 congregationem,
1008 4329 1102 4392 Nulla
1120 4329 1347 4409 sapientiarum
1372 4330 1504 4392 istamm
1524 4331 1557 4393 in
1577 4331 1719 4395 infinali-

162 4437 278 4492 atema
299 4426 462 4510 Sapientia
483 4425 666 4507 aedificavit,
683 4427 833 4490 cordibus
859 4428 914 4490 ho-
968 4426 1028 4488 bus
1043 4426 1206 4489 invenitur
1221 4451 1229 4488 ε
1247 4427 1312 4490 imo
1333 4446 1442 4491 eorum
1458 4429 1554 4492 corda
1569 4440 1643 4493 sunt
1657 4433 1719 4494 da-

163 4527 285 4590 minum
311 4525 421 4606 iidem,
442 4545 532 4609 spem
555 4525 782 4607 caritatemque
807 4524 914 4587 inlun-
969 4543 1100 4588 monum
1134 4525 1325 4602 habitacula,
1355 4525 1555 4590 infidelitatis
1579 4513 1719 4593 ¹stultitia

163 4628 278 4706 dendo,
301 4635 332 4690 st
356 4643 410 4690 eos
436 4645 494 4708 per
516 4625 650 4689 virtutes
674 4625 731 4688 has
760 4625 911 4704 uniendo,
969 4624 1129 4705 variisque
1162 4625 1324 4688 erroribus
1353 4634 1386 4688 at
1418 4627 1559 4708 peccatis
1588 4629 1718 4692 obtene-

164 4725 342 4789 mborando
379 4741 416 4788 ac
453 4721 617 4805 erigendo,
654 4731 748 4804 atque
783 4723 821 4785 ad
856 4723 911 4786 Dei
968 4723 1067 4785 brata.
1085 4722 1283 4785 Admoncndi
1299 4731 1374 4786 sunt
1388 4724 1495 4806 itaque
1514 4734 1550 4788 ut
1570 4728 1609 4790 ad
1630 4727 1718 4791 Chri-

164 4823 425 4888 inhabitaticnem
440 4821 588 4904 aptando.
605 4821 648 4885 lle
663 4840 726 4903 qua
742 4841 851 4884 rursus
871 4820 912 4884 ad
968 4821 1006 4882 sti
1022 4821 1117 4900 ovile,
1134 4821 1166 4883 id
1181 4830 1229 4883 est
1243 4821 1419 4885 Ecclesiam
1434 4833 1589 4902 sanctam,
1606 4826 1718 4890 conlu-

83 4943 151 4996 ana,
164 4923 363 4987 'timotheum
385 4920 496 4983 scribit
514 4919 683 5004 Apostolus
700 4943 708 4982 :
725 4919 814 4982 Scias
835 4938 912 5000 quo·
927 4923 950 4986 c
966 4920 1064 5002 giant,
1073 4919 1324 5002 sapientiamque
1340 4921 1510 4985 salutarem
1525 4924 1717 5006 evangelica

63 5032 68 5042 ·
164 5023 257 5086 medo
271 5029 304 5084 tc
318 5027 461 5102 oporteat
482 5019 662 5084 conversari
678 5019 712 5080 in
727 5019 822 5082 domo
842 5017 908 5096 Dei,
967 5019 1109 5081 veritatis
1123 5018 1243 5100 absque
1256 5028 1388 5101 argento
1402 5031 1598 5102 comparent,
1608 5024 1640 5085 id
1655 5033 1715 5104 est,

162 5139 230 5202 quae
244 5128 295 5183 est
310 5117 454 5182 Ecclesia
467 5117 522 5180 Dei
541 5117 618 5194 vivi,
634 5118 782 5180 columna
804 5125 836 5180 et
857 5117 912 5179 lir-
967 5119 1064 5198 gratis
1087 5137 1106 5180 a
1126 5118 1189 5181 Deo
1215 5118 1383 5198 accipiant,
1401 5119 1439 5182 ad
1463 5120 1534 5200 eius
1559 5120 1718 5185 illumina·

163 5226 360 5282 mamantum
380 5215 532 5279 veritatis.
968 5216 1089 5278 tionem
1104 5225 1135 5278 et
1149 5216 1282 5297 gratiam
1298 5236 1332 5278 se
1352 5218 1504 5299 parando,
1521 5218 1717 5282 rationabili·

198 5319 233 5380 ln
248 5319 311 5380 hac
324 5315 420 5380 domo
433 5313 543 5396 gratiae
557 5333 595 5378 ac
610 5312 733 5393 salutis,
749 5313 911 5378 invenitur
965 5316 1025 5378 bus
1049 5314 1250 5377 documentis
1277 5322 1372 5396 atque
1400 5314 1517 5378 divinae
1545 5316 1713 5399 Scriptura
