4309 6250
466 458 527 522 350
743 475 860 524 codrus
881 476 1049 523 runcinis!
1069 476 1241 532 uuolton,
1264 477 1352 524 tttttttt
1372 478 1405 524 ΙΙ.
1428 495 1468 506 -
1488 477 1559 524 Aur.
1583 479 1667 534 xcttt,
1689 477 1760 524 xttv

470 664 543 708 eum
565 664 692 728 quoqne
714 665 777 710 non
800 654 1041 728 cognoscentes,
1057 666 1131 709 eum
1153 648 1260 729 pot-A
1278 649 1426 709 thesauri
1445 649 1570 724 copiam
1589 649 1798 717 contutimus,
1813 649 1896 726 qued
1915 648 1999 723 ipsius

469 751 561 805 crant
580 743 774 826 glorificare,
796 745 858 807 nisi
880 745 1040 826 loquendo
1060 745 1101 807 dc
1125 744 1221 826 glori·
1275 750 1380 806 claves
1400 750 1475 806 solce
1496 746 1617 822 fortem
1640 749 1798 806 canceium
1823 765 1876 804 ecs
1894 755 1999 822 peston-

470 839 623 903 licetione
641 840 732 904 valde
747 841 932 924 improprie.
949 842 1082 921 Rursus,
1100 860 1218 923 upupe,
1277 853 1336 904 tem
1366 846 1438 921 sere
1463 853 1666 920 presserunt.
1696 843 1783 907 Istud
1813 843 1852 904 ad
1878 841 1998 904 Iudaicas

470 957 540 1019 quae
559 938 687 1001 brutum
706 948 765 1018 est,
787 959 847 1002 nec
866 939 1147 1003 comminationem
1168 941 1222 1002 Sa·
1276 942 1414 1023 pertinet
1441 941 1576 1018 fabulas,
1608 961 1706 1024 quum
1736 960 1795 1004 nec
1823 940 1933 1003 Pharao
1957 961 1998 1002 res

469 1037 606 1101 lomonis
621 1038 782 1119 cognovit,
799 1057 858 1102 nee
879 1057 953 1101 eum
968 1038 1088 1120 alloqui
1105 1039 1218 1121 potnit,
1275 1040 1399 1122 AEgypti
1417 1048 1537 1102 tantum
1553 1039 1702 1104 hahuisse
1718 1041 1898 1104 thesaurum
1912 1039 1998 1102 crede

469 1154 529 1198 nec
544 1135 574 1198 ei
590 1135 742 1199 revelavit
757 1142 956 1215 secrets‚nec
971 1137 1043 1217 ejus
1059 1136 1220 1218 expedivit
1276 1147 1336 1201 tur.
1368 1140 1410 1202 lle
1440 1139 1501 1203 isto
1531 1158 1658 1220 quoque
1686 1139 1802 1202 Karion
1831 1139 1999 1220 paulopost

469 1234 598 1316 negotia
622 1258 629 1296 :
657 1235 718 1296 nisi
744 1234 889 1298 diabolus
914 1255 971 1318 per
995 1254 1136 1317 upupam
1161 1235 1220 1298 ists
1277 1238 1432 1316 subditur,
1449 1239 1533 1320 quod
1550 1239 1643 1301 tellus
1666 1257 1740 1302 eum
1760 1258 1834 1302 eum
1854 1239 1938 1301 domo
1955 1257 1998 1320 sup

470 1331 575 1413 egisse
597 1332 742 1409 dicatur3
769 1332 879 1413 sicque
908 1333 1058 1396 Salomon
1088 1333 1220 1415 magicis
1276 1345 1370 1420 atque
1396 1337 1532 1419 pecunie
1557 1337 1739 1420 deglutivit.
1762 1337 1874 1418 Sicque
1897 1323 1999 1400 videtui

471 1449 505 1492 se
528 1430 647 1493 artibus
671 1431 882 1494 involvisset:
899 1432 955 1514 qui
980 1441 1086 1494 tamen
1117 1433 1220 1495 adhuc
1279 1436 1376 1500 luisse
1406 1436 1526 1500 Dathen
1557 1436 1607 1498 vel
1635 1436 1765 1514 Ahlron,
1791 1443 1846 1498 eut
1868 1434 1936 1498 Cere
1959 1435 1997 1497 vel

471 1529 632 1592 virtuosus
646 1530 716 1609 luit,
730 1531 857 1611 quando
872 1531 980 1611 regina
995 1531 1077 1595 Saba
1092 1531 1131 1593 ad
1147 1549 1220 1594 enm
1277 1535 1356 1614 Hon,
1377 1535 1430 1617 qui
1456 1535 1538 1598 inter
1561 1553 1615 1598 eos
1639 1553 1720 1617 quos
1742 1534 1802 1596 suh
1820 1535 1917 1616 Moyse
1932 1543 1999 1595 terra

471 1629 626 1711 pervenit.
650 1630 794 1712 Insuper,
820 1631 931 1712 regina
955 1630 1011 1692 illa
1038 1649 1102 1693 non
1133 1630 1221 1693 venit
1278 1633 1451 1710 absorbuit,
1476 1633 1670 1717 principales
1697 1632 1837 1714 luerunt,
1858 1641 1890 1695 ut
1907 1632 1934 1694 in
1951 1629 1999 1694 lt'l-
2019 1647 2093 1696 snm

472 1728 511 1791 ad
540 1728 742 1791 Salomonem
771 1728 855 1792 slent
887 1729 940 1791 hio
974 1730 1135 1810 recitatur,
1165 1730 1220 1793 sed
1278 1731 1375 1794 meris
1399 1731 1525 1813 legitur.
2010 1714 2050 1752 ''²''

472 1835 566 1908 prout
592 1827 687 1890 tertio
714 1828 836 1910 Regum
864 1827 999 1890 hebetur
1029 1852 1036 1890 :
1068 1829 1263 1910 quoniamB

325 1949 461 2004 vitreae.
472 1925 557 1989 lama
572 1926 750 1990 Salomonis
765 1936 939 2005 crescente,
951 1935 1064 2010 sponte
1079 1927 1168 1990 venit
1182 1928 1221 1990 ad

472 2045 557 2105 eum,
582 2033 617 2086 ut
641 2025 830 2108 sapientiam
855 2026 925 2107 ejus
948 2026 1083 2089 audiret.
1110 2026 1161 2090 Sic
1191 2035 1222 2089 et
1455 1995 1701 2062 ARTIGULUS
1725 1997 1846 2060 XLIV·

325 2147 458 2195 Matium,
471 2124 614 2186 Christus
628 2123 660 2185 ill
676 2123 848 2207 Evangelio
865 2133 1070 2189 contestatur.
1292 2139 1411 2198 Contra
1426 2157 1555 2198 errores
1568 2141 1709 2215 capituli
1723 2139 1882 2200 pricegg'mg'
1893 2139 1988 2198 optavi,

326 2215 361 2257 ⁸²·
513 2221 634 2284 Dicitur
659 2240 785 2304 quoqne
815 2222 878 2303 hic,
903 2222 988 2303 quod
1018 2225 1133 2300 repiee
1163 2225 1223 2283 itte
2093 2297 2094 2306 ἵ

464 2321 563 2398 jussa
577 2323 691 2399 epreet
701 2322 929 2397 continentum
948 2324 1063 2381 doinus
1083 2325 1224 2383 Seteme
1355 2324 1401 2388 OG
1416 2326 1555 2407 capitulo
1570 2325 1897 2390 incontinentissImus
1910 2325 2000 2387 hahes
2093 2321 2094 2324 ’

472 2421 536 2490 eis,
548 2429 673 2497 peram
687 2423 745 2480 eoc
763 2440 884 2500 equam
902 2440 978 2490 esse,
995 2421 1134 2480 vertices
1155 2421 1224 2480 seis
1368 2423 1464 2506 tingit
1484 2424 1544 2488 sibi
1565 2425 1720 2488 divinitus
1742 2425 1863 2490 dietum
1884 2449 1890 2488 :
1911 2429 2000 2502 epre-

473 2522 600 2590 erectis,
621 2540 722 2580 crure
745 2522 882 2590 deiecit,
904 2530 940 2580 ut
966 2522 1223 2580 transvaderet:
1274 2525 1385 2600 pheta,
1410 2526 1565 2584 mutieres
1592 2543 1702 2584 omnes
1729 2527 1849 2604 quibus
1874 2525 2001 2584 doeeede

473 2617 564 2699 qnasi
580 2637 645 2681 non
659 2618 774 2681 viderit
787 2617 925 2699 aliquem
945 2626 1073 2680 euntem
1094 2637 1151 2700 per
1169 2637 1224 2699 pa-
1278 2623 1538 2691 dederis,omees
1554 2631 1618 2682 tue
1633 2624 1751 2684 merui
1763 2642 1825 2700 per
1837 2625 2001 2700 emptionem

473 2717 661 2795 vimentum‚
689 2717 739 2780 vel
767 2717 857 2798 quasi
885 2717 953 2798 ipsa
981 2737 1046 2783 non
1074 2717 1224 2780 intrasset
1278 2721 1483 2790 subduceret
1502 2723 1613 2782 emitte
1636 2731 1701 2782 ture
1719 2725 2002 2801 materterepue,fi·

474 2836 532 2899 per
547 2816 637 2895 illud,
650 2823 705 2879 ent
719 2815 842 2898 magice
856 2824 923 2878 arte
938 2815 1033 2878 illusa
1047 2815 1155 2894 luerit,
1172 2815 1222 2878 vel
1278 2821 1466 2899 iterumque
1479 2823 1698 2898 filies,emees
1713 2823 1791 2882 item
1808 2824 1900 2882 bones
1912 2823 2002 2880 mulie

474 2923 540 2978 tam
555 2915 765 2977 irreverenter
779 2934 798 2976 a
812 2914 980 2978 Salomone
996 2921 1137 2978 tractata.
1150 2914 1224 2977 llul-
1280 2937 1331 2978 res
1345 2919 1407 2977 tibi
1417 2921 1526 2996 prelis
1541 2922 1746 2980 succumbere
1767 2923 1935 2998 cupientes,
1949 2919 2003 2978 tici·

473 3022 506 3076 ta
521 3013 719 3093 stultissima,
734 3032 805 3095 quae
820 3014 912 3076 teedet
928 3032 1066 3090 narrare,
1080 3012 1132 3075 hic
1148 3013 1260 3082 sori-G
1280 3019 1642 3098 terroremue-hecque
1658 3019 1720 3078 tibi
1733 3021 1797 3079 seli
1807 3019 2001 3096 permittitur.

473 3120 528 3194 pte
543 3119 628 3193 sunt,
644 3131 714 3194 quae
735 3132 773 3175 ex
789 3111 921 3175 Ialmnd
939 3112 1120 3177 Jndaeorum
1139 3133 1224 3175 sum-
1280 3116 1349 3176 Hes
1363 3135 1383 3174 e
1399 3123 1429 3174 te
1444 3136 1580 3187 remove,
1593 3117 1670 3177 illes
1684 3118 1843 3196 adjunge,
1856 3137 1912 3196 pre
1925 3117 2002 3177 illitu

474 3221 528 3293 pta
562 3211 722 3289 videntur,
752 3219 807 3273 aut
842 3211 961 3274 lahulis
992 3211 1080 3274 illius
1108 3212 1224 3275 similia
1279 3222 1430 3281 tum-nec
1444 3217 1616 3291 proprius
1628 3217 1775 3293 abjectis,
1791 3219 1859 3277 nisi
1871 3215 2003 3277 diteecm's
2094 3256 2095 3287 ,

474 3317 722 3391 cognoscuntur.
1279 3328 1344 3379 ees,
1360 3312 1548 3373 molesteris.
1566 3314 1639 3372 lile
1653 3330 1795 3392 eamque
1811 3320 1865 3373 tuo
1883 3320 1944 3371 octo
1956 3327 2002 3385 pe·

1280 3428 1354 3469 rere
1373 3410 1499 3469 dehent.

1319 3506 1400 3570 Ecce
1428 3505 1531 3588 qualis
1559 3506 1690 3586 ardelio,
1722 3508 1877 3590 impostor
1897 3515 1925 3570 et
1945 3506 2002 3569 leno

644 3574 889 3639 ARTICULUS
919 3574 1043 3638 XLIII·
1279 3604 1397 3668 exstitit
1420 3605 1491 3683 iste,
1517 3605 1572 3687 qui
1598 3605 1753 3688 sacrilega
1774 3606 1837 3669 ista
1863 3604 2002 3669 mendacia

473 3719 596 3780 Contra
611 3735 738 3778 errores
754 3715 915 3775 tricesimi
927 3715 1058 3790 septimi
1070 3715 1221 3791 capituli.
1279 3721 1366 3781 vero,
1383 3712 1492 3766 sancto
1507 3710 1539 3766 ot
1558 3704 1865 3785 supermundissimo
1883 3704 1939 3767 om
1958 3702 2003 3763 im·

1279 3820 1398 3883 ponere
1419 3820 1483 3864 non
1506 3802 1634 3884 expavit
1651 3825 1657 3863 :
1674 3803 1729 3884 qni
1748 3822 1848 3885 quum
1867 3803 2003 3866 decernet

534 3903 708 3969 CRIBITUR
733 3902 795 3967 isto
820 3903 970 3985 capitulo,
998 3901 1084 3982 quod
1111 3900 1224 3983 puellus
1280 3908 1401 3982 septem
1431 3898 1563 3963 haberet
1587 3918 1712 3981 uxores,
1737 3901 1804 3964 illis
1829 3916 2002 3983 nequaquam

549 4023 619 4086 quar
647 4010 804 4066 venerunt
835 4002 992 4083 adaquare
1020 4018 1097 4062 oves
1124 3999 1222 4081 patris
1280 3998 1572 4075 contentus,etiam
1594 3998 1864 4082 adulteriumque
1886 4000 2003 4062 incestus

474 4106 533 4182 sni,
552 4102 678 4166 scilicet
692 4100 866 4164 sacerdotis
881 4099 1015 4176 Madian,
1033 4099 1072 4161 ed
1092 4105 1222 4180 puteum
1280 4096 1366 4159 licita
1381 4096 1442 4159 sibi
1458 4116 1528 4159 esse
1543 4096 1694 4159 mentitus
1716 4106 1774 4160 est.
1792 4098 1867 4172 Quis
1885 4113 2002 4179 unquam

472 4204 562 4285 juxta
576 4220 672 4282 quem
688 4200 808 4281 lloyses
823 4198 917 4276 sedit,
926 4198 996 4260 dnae
1011 4195 1151 4259 luerunt.
1162 4196 1222 4258 Sed
1239 4199 1263 4261 D
1278 4194 1505 4278 Prophetarum
1522 4195 1583 4259 tale
1598 4195 1674 4277 quid
1689 4196 1789 4259 dixitl
1806 4197 1845 4260 Et
1862 4198 1937 4259 unde
1950 4211 2003 4256 cre·

339 4325 417 4371 ema.
435 4340 458 4378 u,
473 4302 507 4365 in
528 4299 635 4364 Exodo
656 4307 779 4381 septem
800 4296 900 4360 luisse
921 4296 1081 4372 dicuntur.
1279 4293 1372 4356 detur
1397 4294 1482 4374 quod
1512 4292 1596 4356 istud
1625 4312 1689 4357 non
1720 4292 1826 4374 linxit,
1853 4292 2002 4377 presertim

327 4393 360 4433 ¹⁶·
513 4397 659 4479 Amplius
673 4396 765 4478 qussi
785 4414 823 4459 cx
842 4394 898 4457 Dei
918 4412 1055 4477 persona
1071 4393 1124 4455 hio
1147 4391 1224 4455 dici·
1279 4410 1375 4473 quum
1393 4410 1457 4472 prae
1472 4392 1597 4455 cunctis
1619 4392 1803 4457 hominihus
1818 4394 1871 4476 qni
1886 4408 2002 4473 unquam

474 4506 526 4561 tur
539 4496 714 4559 Mahometo
727 4519 734 4557 :
748 4496 903 4557 Mederei
917 4504 947 4552 te
960 4495 1076 4553 dicunt
1092 4512 1223 4570 meeum
1279 4489 1418 4571 luerunt,
1435 4490 1670 4555 lubricissimus
1685 4491 2003 4569 libidinosissimusque

473 4618 549 4658 esse.
563 4597 687 4664 Quibus
703 4605 740 4655 tu
753 4595 845 4654 dices
859 4614 871 4652 .·
884 4594 1025 4654 Librum
1040 4593 1101 4653 istc
1117 4594 1224 4652 metic-
1279 4589 1379 4651 luisse
1403 4590 1575 4670 probeturl
1598 4590 1669 4671 lpse
1693 4590 1813 4653 etenim
1839 4592 1877 4654 de
1896 4608 1927 4652 se
1949 4588 2004 4668 ipso

475 4716 542 4757 rem
557 4700 685 4772 efferte,
700 4702 730 4753 et
745 4712 819 4752 eum
834 4693 980 4751 benevole
997 4711 1125 4770 sequar.
1142 4690 1224 4753 Ecce
1279 4688 1425 4767 asseruit,
1442 4690 1527 4770 quod
1543 4708 1616 4751 oum
1632 4688 1820 4754 mulieribus
1838 4697 1948 4754 lonium
1962 4704 2004 4767 ptr

473 4793 567 4876 quale
582 4791 739 4855 ficticium
754 4798 760 4851 l
777 4788 867 4871 quasi
886 4788 1093 4869 Evangelium
1108 4788 1222 4851 Christi
1281 4787 1341 4850 tuit
1355 4787 1442 4850 solus
1463 4796 1617 4869 quantum
1633 4788 1687 4851 alii
1703 4789 1919 4872 quadraginta.
1935 4784 2004 4849 inde

331 4916 457 4967 selme
474 4911 539 4956 non
564 4891 605 4953 sit
632 4890 747 4953 melius
774 4889 834 4952 isto
855 4912 861 4950 :
881 4888 966 4970 quod
994 4896 1100 4949 tamen
1129 4906 1224 4969 supra
1280 4885 1457 4949 certissime
1479 4887 1662 4965 innotescit,
1678 4887 1762 4968 qnod
1787 4907 1851 4951 non
1875 4886 2003 4949 virttom

324 4979 458 5087 Ἣω·
474 4990 604 5073 copiose
632 4989 728 5052 etiarn
763 5007 801 5050 cx
835 4985 942 5049 verbis
971 4985 1082 5048 lishon
1111 4986 1224 5069 proba·
1280 5004 1379 5062 amor,
1396 4986 1452 5047 sed
1468 4984 1610 5048 libidinis
1632 4984 1732 5067 luror,
1748 5004 1822 5049 eum
1845 4984 1955 5049 induxit
1972 4979 2003 5043 ad

350 5075 356 5094 '
387 5074 393 5085 ⁹
475 5099 542 5153 tum
565 5098 624 5152 est.
1280 5081 1530 5164 conlingendum
1560 5092 1624 5146 tam
1653 5084 1926 5149 sceleratissimum
1949 5098 2004 5143 ver-

514 5190 634 5252 Rursus
648 5184 740 5269 quasi
755 5204 793 5249 ex
808 5182 862 5246 Dei
878 5202 1013 5266 persona
1028 5182 1080 5245 hic
1095 5182 1197 5247 lectur
1214 5206 1220 5245 :
1279 5182 1366 5245 burn.
1396 5181 1508 5245 Libido
1535 5202 1674 5265 nemque
1702 5203 1765 5247 non
1795 5184 1930 5261 satiatur,
1951 5194 2003 5240 non

474 5290 616 5358 Kerioe,
630 5288 764 5347 cuidem
782 5284 923 5361 eibjectc
946 5284 1081 5363 Moysis,
1098 5292 1223 5345 tentem
1279 5289 1490 5361 contentatur,
1507 5283 1563 5345 sed
1584 5300 1648 5365 quo
1670 5300 1728 5365 per
1750 5282 1857 5367 plures
1880 5285 2000 5363 vagetur,
