4309 6250
803 487 948 534 rmsrom
968 487 1202 536 nunonrnronm
1737 471 1778 534 iti

229 659 381 742 plurimae
400 662 488 743 apud
506 679 566 726 vos
590 661 767 726 reoonditae
783 663 966 742 servantur,
987 663 1072 726 inter
1090 663 1221 727 exteros
1243 663 1497 744 praeclarissima
1516 663 1604 727 lema
1621 661 1779 726 habeatnr

229 769 544 850 nominatissimum,
564 770 623 833 sed
646 769 745 834 etiam
776 787 796 833 a
821 769 917 834 vobis
941 770 1023 851 ipsis
1046 770 1133 833 vivis
1160 771 1274 852 templi
1301 770 1478 852 lapidibus
1497 769 1778 835 nomenclaturum

229 874 348 938 domus
367 877 475 938 vestra
493 877 610 940 sortita
628 878 756 940 sitnon
776 871 935 940 infimum.
957 875 1065 950 Quare
1085 880 1118 941 et
1135 896 1197 941 nos
1216 881 1286 941 tum
1312 895 1485 958 speramus
1502 877 1656 957 Dionysii
1675 877 1779 940 nostri

229 999 327 1063 opera
345 982 504 1046 adversus
522 983 661 1048 aemulos
679 985 819 1047 tutiores
838 983 919 1061 fore,
936 984 1068 1065 quando
1088 985 1321 1064 intellexerint,
1337 983 1538 1048 beatissimis
1557 983 1695 1064 virginis
1711 983 1781 1046 Me-

228 1089 285 1152 riae
309 1107 433 1168 servos
459 1091 517 1172 qni
546 1090 653 1154 eidem
681 1090 756 1172 jugi
786 1090 877 1154 oultu
906 1091 1098 1154 deserviunt
1125 1091 1253 1155 diurnis
1281 1091 1516 1172 nocturnisque
1543 1090 1634 1154 horis
1657 1092 1692 1153 in
1717 1090 1780 1154 hoo

228 1196 356 1260 solenni
391 1195 549 1278 Collegio‚
579 1197 783 1279 provinciam
818 1198 1038 1278 assumpsisse
1066 1198 1258 1262 defensandi
1287 1197 1390 1261 libros
1416 1197 1450 1260 in
1480 1197 1638 1262 honorem
1668 1197 1779 1262 Mariae

228 1303 345 1367 editos.
363 1304 458 1377 Quod
483 1305 512 1368 si
532 1305 566 1368 in
586 1306 647 1368 hee
666 1323 700 1370 re
727 1307 795 1370 voti
818 1305 923 1368 nostri
943 1323 1004 1368 nos
1023 1310 1193 1388 oompotes
1213 1307 1427 1386 senserimus,
1443 1323 1509 1370 non
1531 1307 1580 1370 est
1600 1307 1779 1387 quominus

228 1411 387 1491 majorem
402 1429 495 1494 spem
511 1413 681 1495 capiamus
699 1413 799 1478 vestri
814 1413 988 1496 patrocinii
1008 1413 1042 1475 in
1059 1413 1270 1478 ulterioribus
1283 1413 1379 1476 vobis
1392 1413 1633 1477 consecrandis.
1649 1412 1775 1476 Valete.

227 1518 278 1582 Ex
300 1517 533 1602 Agrippinensi
548 1521 660 1584 nostre
672 1520 833 1602 Cartusia,
851 1521 934 1602 ipsis
947 1519 1069 1586 divinae
1084 1520 1222 1602 virginis
1235 1520 1347 1584 Mariae
1364 1520 1465 1601 seriis,
1479 1538 1565 1584 anno
1584 1519 1775 1584 MDXXXI.
1797 1551 1804 1560 ·
