4309 6250
257 503 297 550 DE
318 503 526 553 Autronium
547 505 640 552 sum
662 503 829 552 rottrlrlcls
851 503 888 550 st
908 503 1077 552 umatus
1099 505 1239 565 concurr,
1260 507 1349 556 um
1369 509 1403 556 11.
1425 527 1466 540 ···
1487 509 1557 557 thr.
1579 509 1625 557 xtl
1664 489 1722 556 60¹

175 685 208 738 et
242 694 353 739 omnes
383 677 421 739 ad
451 695 627 758 congmum
659 674 776 758 dirigat
810 675 920 752 finem,
937 675 962 738 A
979 676 1057 738 tium
1079 677 1285 742 dominantur
1304 698 1437 759 eorum3
1455 699 1512 744 vos
1532 689 1638 744 autem
1659 699 1724 744 non

175 776 357 856 generalem
385 793 510 857 quoque
536 783 567 838 et
594 773 785 856 precipuum
811 774 923 837 domus
978 775 1034 837 sic.
1052 775 1233 840 Secundum
1248 796 1324 841 vero
1343 779 1520 842 dominium
1540 787 1588 843 est
1601 781 1641 842 de
1656 798 1727 861 per

175 871 292 935 haheat
315 892 436 950 curam,
462 873 728 954 quemadmodum
754 872 924 936 nonodeci-
978 873 1116 936 lectione
1140 874 1337 956 hierarchia,
1357 886 1390 939 et
1411 877 1588 960 ingreditur
1611 877 1727 942 delini-

177 989 230 1034 mo
251 971 291 1033 de
311 971 444 1034 Civitato
465 971 682 1052 llei'loquitur
702 971 921 1052 Augustinus:
977 971 1096 1035 tionem
1125 971 1237 1054 ipsius.
1266 975 1311 1038 lle
1338 975 1394 1038 tali
1421 994 1549 1058 qunque
1583 977 1727 1040 dominio

175 1071 277 1133 Verus
300 1070 528 1153 paterfamilias
554 1070 703 1134 omnihus
729 1070 795 1132 suis
817 1071 923 1132 dome-
977 1069 1247 1134 dicitBemardus
1262 1074 1427 1154 quintode
1441 1073 1700 1139 Consideratione
1717 1098 1725 1136 ι

175 1169 264 1233 sticis
289 1189 345 1251 per
368 1170 568 1233 dilectionem
595 1171 761 1233 consulere
779 1169 873 1232 dehet
892 1175 923 1230 et
978 1169 1188 1232 Dominantur
1214 1171 1448 1236 llorninationes
1482 1173 1640 1253 orsiesius,
1671 1174 1727 1236 sed

176 1269 326 1350 prodesse
350 1277 385 1330 ut
407 1269 506 1330 Deum
531 1268 647 1331 colant,
663 1267 749 1329 lianc
770 1285 846 1348 ergo
866 1267 924 1330 Ec-
979 1266 1039 1328 suh
1063 1267 1198 1331 Domino
1223 1269 1426 1332 dominantur
1450 1280 1482 1334 et
1507 1271 1650 1334 serviunt
1674 1291 1729 1354 pa-

176 1366 283 1430 clesiae
305 1366 447 1444 domum,
465 1367 599 1447 ejusque
624 1365 867 1446 dispositionem
893 1373 924 1428 et
978 1363 1076 1442 riter;
1093 1374 1235 1446 presunt
1256 1367 1454 1450 Principatus
1477 1377 1511 1432 et
1530 1377 1654 1451 regunt,
1672 1370 1728 1432 sed

175 1465 331 1545 regimen,
357 1463 499 1526 Christus
522 1465 561 1526 de
591 1464 709 1526 mundo
738 1463 797 1526 hoo
824 1471 925 1525 trans·
979 1472 1134 1544 reguntur
1156 1472 1188 1526 et
1212 1464 1285 1546 ipsi,
1312 1466 1356 1528 ita
1384 1473 1418 1528 ut
1439 1485 1548 1548 regere
1572 1467 1637 1548 jam
1663 1485 1728 1531 non

176 1563 279 1625 iturus
298 1563 338 1625 ad
357 1562 491 1639 Patrem,
508 1561 739 1643 gloriosissimo
754 1579 790 1624 ac
812 1561 925 1624 beatis-
980 1559 1099 1639 norint,
1112 1559 1138 1621 si
1160 1560 1226 1642 regi
1248 1561 1409 1624 desierint.
1427 1562 1473 1625 lta
1494 1581 1569 1646 ergo
1591 1571 1623 1627 et
1646 1565 1729 1645 Papa

176 1661 258 1723 simo
277 1659 509 1742 archiapostole
534 1659 623 1722 Petro
649 1659 810 1723 commisit
830 1667 924 1740 atque
980 1656 1081 1720 instar
1095 1657 1272 1720 coelestium
1286 1659 1543 1723 hominationum
1559 1660 1727 1741 dominari,

177 1758 319 1840 reliquit.
911 1783 917 1790 ·
981 1773 1116 1836 preesse
1130 1765 1224 1836 atque
1238 1757 1412 1839 praecipere
1431 1759 1535 1838 dehet,
1552 1761 1729 1823 secundum

216 1857 359 1938 lnsuper,
377 1856 459 1919 siout
483 1876 521 1918 ex
546 1856 650 1919 verbis
675 1855 857 1938 Philosophi
878 1855 925 1918 in·
940 1854 963 1917 B
981 1863 1124 1916 tenorem
1151 1856 1233 1936 logis
1261 1856 1322 1918 sihi
1350 1875 1369 1918 a
1397 1857 1520 1920 Christo
1544 1877 1670 1922 summo
1698 1867 1731 1921 et

176 1955 315 2018 troducit
328 1963 359 2016 et
375 1955 515 2017 declarat
529 1953 680 2036 lEgidius,
699 1954 756 2016 tria
775 1954 924 2016 distincta
981 1951 1144 2014 iniallihili
1167 1952 1345 2034 legislatore
1366 1955 1514 2036 praefixae,
1530 1974 1595 2019 non
1617 1975 1730 2019 secun-

176 2052 335 2134 regimina
349 2053 470 2115 suntin
485 2053 590 2130 domo,
608 2052 730 2114 scilicet
747 2077 754 2114 :
771 2052 923 2134 nuptiale,
980 2051 1056 2112 dum
1072 2051 1233 2133 propriam
1252 2053 1448 2116 voluntatem
1470 2055 1570 2117 instar
1591 2057 1728 2138 tyranni.

176 2169 240 2232 quo
256 2150 305 2212 vir
320 2159 433 2233 praeest
448 2151 554 2227 uxori3
568 2149 740 2231 paternale,
758 2169 822 2230 quo
837 2159 926 2231 pater

176 2257 292 2332 praeest
319 2248 419 2326 iiliis3
445 2257 477 2311 et
505 2249 748 2326 dominativum,
780 2266 843 2329 quo
870 2248 926 2310 do·

176 2349 285 2410 minus
314 2355 428 2429 praeest
456 2347 567 2410 servis.
597 2347 658 2408 Sed
687 2347 800 2410 horum
828 2346 925 2408 trium
1182 2342 1427 2407 ARTICULUS
1451 2343 1529 2406 XII.

177 2445 370 2556 fessiminum
395 2465 519 2556 ΜΨ
543 2445 690 2556 θοῃῗίεῇῑ
712 2454 750 2556 et,
767 2444 927 2556 ⁰⁰¹¹,efflit
980 2481 1034 2540 An
1052 2481 1144 2554 Papa
1165 2481 1225 2539 toti
1238 2483 1390 2541 Ecclesiae
1405 2483 1505 2541 simul
1524 2502 1579 2542 seu
1593 2485 1730 2543 collecti·

74 2603 79 2618 ,
130 2585 133 2592 ·
176 2565 209 2606 m
226 2563 290 2608 uno
311 2543 623 2625 patrefamilias,an
647 2551 770 2606 cunctis
792 2563 857 2604 suis
872 2543 927 2606 do-
1022 2588 1058 2626 ,e
1081 2577 1217 2644 accepta,
1236 2572 1416 2645 praempere
1435 2575 1549 2646 powg,
1573 2575 1731 2650 loquendo

176 2641 332 2721 mestieiS,
359 2642 460 2718 uxori,
487 2640 588 2705 SObOii
618 2649 649 2704 θῑ
672 2640 926 2703 ministrantibus
1018 2659 1155 2732 proprie
1173 2660 1214 2716 dg
1224 2667 1396 2734 proet'epw,
1411 2679 1454 2718 (m
1474 2661 1596 2720 scilicet
1616 2661 1731 2720 habeat

177 2749 301 2823 praecst.
319 2741 468 2815 Quamvis
490 2739 594 2803 modis
616 2739 762 2820 diversio,
780 2739 845 2801 hac
867 2739 927 2800 tria
1013 2745 1286 2820 jurisdictionem
1301 2765 1494 2822 supeream.

177 2839 333 2920 regimina
348 2838 381 2900 in
396 2839 490 2902 domo
513 2837 677 2901 militantis
692 2837 841 2901 Ecclesiae
858 2856 928 2918 pro

177 2936 400 3018 portionaliter
424 2943 557 3018 possunt
581 2937 696 3014 notari,
717 2955 815 3018 quum
837 2937 927 3017 juxta
1054 2933 1199 2998 UAESTIO
1213 2935 1273 2997 ista
1292 2953 1331 2997 ex
1351 2935 1540 3000 introductis
1562 2937 1596 3000 in
1618 2938 1679 3001 isto
1694 2939 1731 3001 li-

177 3036 364 3118 praehehita,
388 3054 531 3098 summus
556 3034 700 3098 Pontifex
726 3037 766 3097 sit
791 3053 927 3117 sponsus
946 3033 968 3096 C
1068 3033 1135 3113 hro,
1152 3040 1183 3095 et
1207 3033 1382 3114 prasertim
1403 3053 1441 3097 ex
1462 3034 1555 3097 dictis
1575 3035 1608 3097 in
1630 3035 1729 3118 priori

176 3134 340 3213 Ecclesiae,
356 3142 446 3217 pater
460 3132 617 3215 fidelium,
634 3143 666 3197 et
680 3136 844 3197 hierarcha
860 3134 927 3195 sive
982 3140 1127 3211 tractatu,
1144 3132 1334 3196 solutionem
1349 3133 1444 3196 hahet
1459 3134 1669 3197 clarissimam
1685 3144 1730 3198 at-

177 3252 269 3297 sacer
293 3234 442 3316 princeps
467 3252 588 3313 eorum,
615 3234 680 3297 imo
705 3242 795 3315 pater
818 3242 848 3295 et
874 3232 929 3295 do·
981 3249 1043 3311 que
1059 3231 1393 3311 certissimamQuum
1408 3232 1494 3294 enim
1511 3233 1731 3315 copiosissime

176 3332 286 3394 minus
313 3331 408 3394 totius
433 3331 598 3394 militantis
627 3331 787 3408 Ecclesiae,
815 3350 929 3394 secun·
983 3327 1024 3389 sit
1040 3329 1218 3407 probatum,
1233 3329 1318 3410 quod
1334 3330 1415 3410 Papa
1430 3330 1537 3412 presit
1550 3330 1606 3393 toti
1623 3331 1732 3394 Eccle-

176 3432 255 3492 dum
284 3430 481 3508 Anselmum,
507 3448 605 3511 quum
635 3429 713 3493 ratio
741 3430 927 3491 hierarchiae
984 3424 1037 3487 site
1053 3425 1148 3487 simul
1170 3434 1318 3507 acceptae,
1335 3434 1366 3488 et
1387 3426 1651 3492 immediatiorem
1666 3448 1732 3492 ma-

177 3529 221 3590 sit
235 3536 270 3589 ut
295 3528 462 3590 hierarcha
481 3528 615 3589 retineat
630 3526 661 3588 in
678 3528 812 3589 subditis
827 3528 955 3601 domi,
984 3522 1097 3604 gisque
1124 3524 1285 3605 propriam
1313 3524 1428 3587 haheat
1450 3526 1666 3607 operationem
1691 3529 1731 3590 ad

176 3633 303 3703 natum,
320 3626 495 3687 secundum
511 3624 685 3687 hibertum.
787 3628 790 3635 '
984 3629 1081 3684 totam
1111 3622 1323 3685 universalem
1357 3622 1532 3685 Ecclesiam
1560 3643 1655 3704 quam
1692 3626 1732 3687 ad

218 3723 282 3786 Neo
298 3724 402 3785 obstat
421 3722 504 3803 quod
526 3720 655 3803 quidam
675 3722 861 3785 Sanctorum
881 3722 928 3785 di·
984 3737 1217 3800 quamcumque
1232 3720 1406 3781 Ecclesiam
1422 3720 1657 3801 particularem,
1666 3731 1734 3784 tan·

176 3830 267 3901 cunt,
279 3821 362 3903 Papa
377 3839 440 3883 nou
456 3821 550 3883 dehet
565 3840 598 3883 se
615 3828 760 3901 reputare
775 3830 829 3883 aut
843 3822 929 3883 dice·
983 3836 1079 3897 quam
1099 3836 1243 3880 summus
1262 3818 1429 3881 hierarcha
1447 3827 1479 3881 et
1500 3820 1648 3901 proprius
1663 3820 1734 3883 uni-

176 3940 213 3983 re
228 3920 391 3983 dominum
406 3917 556 3981 Ecclesiae
572 3918 639 3979 sive
664 3916 809 3980 fidelium
828 3942 834 3979 ε
852 3937 929 4000 quo·
984 3915 1180 3996 vcrsalisqne
1199 3923 1315 3997 pastor,
1336 3916 1494 3997 praelatae,
1516 3926 1621 4000 caput,
1639 3937 1733 4000 spon-

176 4004 270 4081 niam¹
292 4017 352 4080 hoc
377 4016 619 4097 intelligendum
645 4024 693 4078 cst
721 4016 761 4078 de
786 4016 928 4081 dominio
984 4034 1050 4092 sus,
1066 4022 1156 4095 pater
1170 4034 1206 4076 ac
1222 4022 1325 4077 rector
1340 4014 1437 4078 totius
1450 4016 1600 4079 Ecclesia
1615 4018 1734 4099 pariter

175 4136 243 4198 quo
258 4115 329 4198 quis
345 4114 576 4196 subjectionem
593 4114 790 4177 subditorum
806 4123 837 4176 et
852 4134 930 4196 pran-
984 4120 1119 4194 sumptae
1133 4135 1140 4187 ;
1157 4112 1288 4175 dubium
1304 4112 1429 4174 nullum
1452 4113 1641 4195 relinquitur
1655 4116 1732 4195 quin

176 4214 349 4279 sidentiam
373 4232 462 4275 suam
484 4232 580 4295 super
602 4232 656 4275 eos
678 4212 774 4275 relert
797 4212 836 4274 ad
858 4232 929 4294 pro·
945 4214 969 4275 D
983 4209 1240 4287 jurisdictionem
1266 4210 1392 4287 haheat,
1415 4217 1602 4289 potestatem
1627 4220 1660 4275 et
1682 4231 1734 4274 au-

58 4340 96 4368 n.
175 4313 285 4396 prium
302 4311 514 4375 commodum.
533 4311 593 4372 Sed
609 4311 668 4373 hoc
684 4311 715 4373 in
736 4310 832 4393 priori
849 4310 928 4374 libro
985 4308 1163 4370 cleritatem
1192 4327 1288 4389 super
1311 4316 1409 4372 totam
1433 4308 1609 4373 Ecclesiam
1638 4312 1734 4374 colle·

176 4410 307 4493 plonius
327 4418 376 4471 est
390 4409 566 4470 inductum.
584 4408 701 4483 Quibus
718 4428 803 4471 nunc
819 4409 928 4489 adjici·
985 4406 1068 4468 clive
1093 4413 1284 4487 susceptam,
1301 4406 1476 4469 secundum
1501 4408 1603 4489 legem
1629 4410 1689 4471 sihi
1715 4430 1734 4472 a

174 4508 296 4573 endum
312 4506 396 4589 quod
411 4506 492 4568 libro
507 4506 546 4567 de
561 4506 599 4567 lV
611 4506 802 4588 Coaequaevis
818 4506 929 4568 scribit
984 4503 1108 4567 Christo
1131 4502 1305 4585 praeiixam,
1322 4506 1381 4567 hoc
1404 4512 1453 4567 est
1473 4515 1626 4588 qnantum
1642 4510 1680 4571 ad
1696 4529 1733 4572 ca

173 4607 337 4682 Alhertus,
354 4604 490 4667 dicendo
504 4628 510 4665 ι
525 4604 644 4685 Duplex
659 4614 709 4667 est
722 4604 900 4668 dominium
918 4630 924 4669 :
984 4621 1053 4682 quae
1079 4611 1275 4664 concernunt
1298 4602 1480 4666 cathedram
1505 4624 1561 4667 sen
1585 4607 1735 4688 magisto-

173 4723 278 4767 unum
294 4702 429 4784 tyranni,
446 4702 621 4764 secundnm
642 4703 881 4783 oppressionem
896 4713 929 4766 et
984 4700 1067 4762 rium
1093 4709 1126 4763 et
1146 4700 1350 4782 pontificium
1375 4701 1457 4781 ejus.
1475 4702 1590 4786 Sicque
1613 4705 1734 4769 directe

172 4800 390 4883 arrogantiam
404 4798 505 4862 fastus
520 4798 698 4881 superhiae3
715 4800 799 4863 aliud
818 4820 928 4881 super·
983 4799 1023 4861 ad
1039 4798 1109 4880 ejus
1129 4805 1251 4881 spectat
1271 4797 1416 4861 oiiicium
1439 4808 1536 4863 totam
1558 4802 1733 4866 Ecclesiam

171 4898 357 4985 positionis,
376 4905 504 4979 propter
518 4897 750 4977 providentiam
766 4907 797 4961 et
811 4898 927 4979 guber·
984 4916 1131 4978 purgare,
1153 4896 1346 4975 illuminare,
1368 4897 1535 4979 perlicere,
1557 4901 1734 4982 guhemare

171 4998 339 5062 nationem
355 4994 562 5071 subditorum,
580 4996 618 5057 de
641 5014 703 5076 quo
725 4996 769 5057 ait
784 4996 928 5058 Salvator
983 5004 1014 5057 et
1033 5015 1153 5077 regere,
1175 4996 1278 5077 legem
1304 5015 1360 5058 seu
1384 4997 1560 5079 jussionem
1579 4998 1735 5081 obligato-

31 5110 153 5162 tmmm.
170 5096 333 5179 Apostolis
364 5119 371 5157 ι
403 5095 463 5158 Vos
494 5096 613 5157 vocatis
643 5114 693 5157 mo
721 5095 867 5177 Magister
895 5104 927 5157 et
983 5094 1062 5156 riam
1085 5094 1114 5156 ei
1137 5094 1316 5176 praeligere.

31 5178 59 5215 ¹⁸·
171 5194 318 5259 Domine.
332 5192 471 5255 Primum
485 5192 662 5255 dominium
679 5193 824 5273 prohihet
838 5194 926 5256 Chri·
1021 5192 1081 5254 Sed
1107 5192 1158 5253 his
1183 5191 1368 5254 contrariari
1393 5192 1543 5255 videntur
1567 5213 1637 5276 quae
1661 5196 1733 5277 qui·

31 5264 129 5369 &ign
170 5304 242 5358 stus
258 5292 323 5355 suis
344 5290 531 5369 hierarchis,
547 5291 624 5353 dum
640 5291 684 5353 ait
701 5314 708 5353 ι
725 5291 826 5373 Reges
847 5310 924 5373 gen·
981 5292 1053 5354 dam
1068 5291 1160 5372 quasi
1175 5309 1233 5371 pto
1253 5289 1394 5371 S⁰¹¹0f⁸li
1416 5290 1554 5356 ⁰⁰⁰⁰ffi⁰
1574 5294 1729 5374 sclibfflh
