4309 6250
446 474 507 540 560
541 492 581 539 DE
601 493 811 542 numentum
831 492 927 540 Sllssl
947 491 1115 538 consumis
1136 491 1174 537 ΕΤ
1194 492 1364 539 emensus
1384 492 1525 553 uuuuuu,
1547 494 1634 543 umus
1655 497 1675 543 1.
1698 516 1739 525 -
1759 500 1830 547 Aur.
1851 501 1911 547 ΠΗ

450 664 595 745 arguitur
609 663 691 747 Papa
706 682 775 727 esse
790 662 924 725 inferior
936 661 1091 739 Ecclesia,
1099 679 1198 742 quum
1213 660 1238 723 A
1254 661 1390 725 sulendi.
1409 663 1482 727 'Pale
1504 672 1609 729 autem
1632 668 1811 731 dominium
1832 669 1934 735 luisset
1951 674 1976 735 in

448 762 490 824 sit
504 762 575 843 ejus
589 762 735 825 minister
748 770 781 824 et
794 760 882 824 lilius
898 782 906 821 ε
922 759 1007 842 quod
1026 758 1102 842 quis
1122 779 1198 841 pau·
1253 768 1335 823 stetu
1357 760 1567 842 innccentiae;
1588 772 1620 827 et
1639 766 1699 829 boc
1722 766 1857 832 Thomas
1878 770 1976 833 ibidem

449 859 496 923 eis
515 860 621 923 verbis
641 861 735 943 plene
755 867 787 923 et
808 860 892 922 clare
912 857 992 921 solvi
1013 876 1077 920 non
1103 858 1196 937 valet,
1253 857 1474 940 multiplieiter
1488 862 1610 943 probet.
1627 862 1692 927 lloc
1711 866 1808 928 etiam
1830 869 1927 946 modo,
1940 890 1978 933 se

449 958 489 1021 de
513 959 584 1040 ejus
613 958 772 1022 solutione
801 956 944 1039 plenaria
971 956 1032 1018 erit
1060 975 1196 1037 sequens
1252 956 1391 1019 cundum
1406 958 1572 1039 Hugensm
1594 967 1626 1023 et
1640 961 1816 1043 Albertum,
1832 975 1878 1027 est
1895 967 1978 1030 domi-

449 1057 614 1120 articnlus.
1251 1054 1340 1115 nium
1365 1054 1398 1116 in
1424 1056 1579 1136 spirituali
1604 1059 1761 1139 regimine
1780 1060 1933 1127 militantis
1948 1086 1976 1129 ac

1250 1151 1477 1235 triumphantis
1502 1154 1662 1218 Ecclesiae.
1685 1156 1800 1239 Sieque
1823 1159 1976 1225 dominium

1251 1250 1403 1331 competit
1424 1251 1514 1333 Papae
1539 1254 1638 1335 magis
1660 1274 1756 1337 quem
1782 1258 1874 1321 alicui
1895 1260 1923 1322 in
1942 1271 1977 1325 te·

631 1338 877 1404 ARTICULUS
900 1338 1011 1401 XXII.
1250 1357 1282 1412 ta
1295 1349 1437 1412 Ecclesia
1462 1374 1470 1413 :
1493 1350 1560 1415 imo
1589 1352 1634 1415 sic
1663 1353 1733 1436 ipse
1761 1357 1904 1421 dominus
1929 1370 1975 1437 est,

447 1483 609 1551 Quomodo
622 1499 769 1540 summus
782 1478 942 1553 Pontifex
956 1478 1091 1536 dicetur
1103 1476 1196 1553 fitius
1250 1456 1426 1558 Pffflqepwl
1453 1469 1509 1513 ⁵0¹¹
1539 1450 1711 1533 i¹¹¹Porator
1735 1454 1927 1537 ¹¹¹¹P⁰latoris
1948 1480 1976 1522 ²⁰

486 1581 517 1631 et
542 1571 695 1631 minister
720 1568 884 1636 Ecclesiae,
900 1576 930 1625 et
956 1568 1025 1642 ipsc
1050 1566 1195 1625 Ecclesia
1250 1564 1393 1609 ⁰fflss¹l¹¹1¹
1415 1548 1614 1612 Sffissulffl'iuul
1634 1551 1828 1634 principum,
1843 1556 1977 1620 omnium-

486 1670 593 1722 mater
606 1680 644 1719 ac
657 1660 793 1719 domina
811 1658 892 1735 ejus.
1249 1664 1312 1727 que
1332 1646 1533 1727 praelatorum
1554 1657 1586 1712 el
1609 1650 1831 1716 universorum
1851 1654 1977 1719 Christic-

1251 1754 1428 1825 ncrumqet
1451 1756 1486 1809 ut
1510 1750 1700 1831 compendio
1725 1751 1886 1835 stringam,
1900 1754 1926 1817 ei
1945 1756 1976 1817 de

507 1847 592 1911 lCUT
608 1846 641 1909 in
656 1846 759 1929 prima
773 1852 861 1926 parte
877 1844 1014 1906 Summae
1028 1860 1196 1923 sumque·
1213 1838 1237 1901 Β
1249 1842 1330 1923 jure,
1357 1843 1416 1905 etsi
1446 1863 1509 1907 non
1536 1847 1575 1909 de
1601 1847 1698 1925 lacte,
1725 1850 1874 1932 competit
1898 1853 1976 1915 totins

390 1970 432 2011 ‚c
522 1947 625 2010 stione
650 1942 857 2026 nonagesima
881 1949 979 2018 sexta,
1005 1941 1037 2003 S.
1058 1941 1195 2003 Pbomss
1252 1940 1362 2028 mundi
1377 1941 1567 2022 dominium,
1583 1962 1681 2025 quum
1699 1946 1731 2008 in
1753 1947 1823 2029 ipso
1843 1949 1881 2011 sit
1893 1951 1976 2032 pleni-

447 2054 591 2123 testatur,
608 2043 662 2108 alii
677 2062 803 2125 quoque
818 2042 963 2104 docteres
977 2039 1193 2116 conscribunt,
1251 2039 1326 2103 tudo
1342 2040 1505 2123 utriusque
1527 2044 1705 2124 potestatis,
1727 2048 1896 2110 secundum
1915 2050 1976 2113 lbo

446 2144 626 2208 dominium
640 2140 814 2222 dupliciter
834 2140 982 2201 sumitur.
999 2137 1066 2201 Une
1088 2138 1193 2215 modo,
1251 2157 1347 2215 mam,
1364 2146 1511 2221 totusque
1526 2142 1665 2205 mundus
1681 2145 1869 2209 commissus
1883 2156 1911 2211 ct
1922 2166 1976 2210 cre-

446 2250 541 2325 prout
555 2240 701 2304 servituti
715 2239 887 2321 opponitur
903 2262 910 2299 :
927 2245 960 2300 et
980 2237 1025 2299 sic
1046 2235 1195 2299 dominus
1250 2238 1335 2299 ditus
1360 2238 1403 2299 sit
1426 2238 1467 2317 ei,
1490 2240 1666 2304 secundum
1692 2241 1977 2308 illuminatissimum

447 2341 564 2422 estqui
579 2340 817 2402 babetservum
832 2335 959 2419 proprie
978 2336 1109 2398 dictum.
1127 2334 1197 2397 Ser·
1250 2337 1340 2399 illum
1356 2356 1508 2419 magnum
1527 2338 1722 2403 Bernardum
1742 2350 1836 2425 atque
1849 2344 1977 2407 Alanum.

447 2459 506 2502 vus
520 2447 627 2502 autem
640 2436 814 2519 opponitur
827 2433 1094 2498 libere.Liberum
1107 2451 1194 2513 vero,
1289 2436 1396 2517 ltaque
1410 2435 1493 2518 Papa
1513 2445 1561 2499 est
1580 2457 1692 2502 servus
1712 2460 1874 2506 servorum
1887 2444 1936 2506 pei
1954 2452 1978 2506 01

447 2539 623 2600 secundum
646 2534 885 2617 Philosophum,
900 2532 1017 2596 dicitnr
1041 2532 1124 2613 quod
1148 2539 1197 2593 est
1250 2533 1397 2597 minister
1425 2534 1587 2615 Ecclesim,
1616 2556 1682 2600 non
1711 2540 1821 2622 utique
1849 2543 1979 2605 servitute

446 2655 542 2699 censa
565 2634 637 2712 sui3
653 2633 771 2696 servile
792 2640 910 2711 autem,
927 2631 1011 2711 quod
1033 2630 1196 2694 ordinatur
1250 2632 1457 2713 subjectionis
1487 2654 1543 2697 seu
1576 2636 1840 2718 imperfectionis,
1870 2640 1981 2704 inlerie

445 2737 485 2798 ad
500 2734 596 2798 aliud.
613 2731 794 2797 Pleminium
809 2750 884 2813 ergo
899 2731 945 2793 sic
960 2737 1134 2811 sumptum,
1148 2735 1196 2790 est
1250 2730 1351 2793 ritatis
1376 2750 1432 2793 seu
1458 2730 1585 2813 inopiae,
1603 2734 1658 2797 sed
1684 2736 1837 2800 servitute
1858 2739 1981 2801 caritatis

446 2841 539 2916 prout
554 2830 671 2913 aliquis
686 2829 885 2913 principatur
899 2827 1064 2909 subjectis,
1075 2846 1140 2890 non
1155 2828 1194 2889 ad
1249 2836 1343 2910 atque
1372 2828 1514 2910 justitie,
1541 2831 1736 2912 praelationis
1764 2855 1801 2897 ec
1830 2838 1983 2917 praesiden-

446 2933 573 2995 illorum
588 2929 771 3007 utilitatem,
787 2929 843 2991 sed
863 2928 902 2991 ad
924 2926 1088 3009 preprium
1110 2944 1195 2988 com·
1250 2928 1300 2989 tiae
1318 2951 1324 2988 :
1340 2946 1411 3008 quae
1435 2928 1608 3009 majoritati
1631 2950 1667 2993 ac
1688 2932 1838 3015 dignitati
1860 2937 1983 3000 nonde

446 3030 586 3093 nudum·
613 3028 708 3092 Porro
734 3026 795 3089 lale
822 3025 1001 3088 dominium
1030 3042 1100 3086 esse
1129 3041 1195 3085 11011
1214 3028 1350 3107 Crogat,
1376 3026 1430 3088 sed
1457 3028 1639 3092 concordat.
1662 3030 1749 3094 Unde
1774 3033 1817 3095 ob
1840 3052 1906 3096 eam
1928 3053 1982 3097 uon

445 3130 527 3194 solet
541 3129 659 3210 absque
675 3145 770 3209 prena
788 3124 975 3189 inferiorum
993 3147 1000 3185 :
1018 3143 1092 3186 nam
1113 3122 1196 3185 sicut
1250 3122 1452 3186 concluditur
1470 3122 1586 3207 Papam
1608 3124 1797 3210 simpliciter
1817 3130 1983 3194 interiorem

446 3228 618 3310 unicuique
646 3225 790 3288 naturale
818 3233 867 3287 est
894 3232 989 3305 etque
1015 3221 1194 3303 jucundum
1250 3239 1320 3283 esse
1348 3221 1490 3284 Ecclesia
1518 3223 1580 3285 sibi
1606 3226 1789 3307 commissa,
1817 3229 1871 3292 sed
1895 3230 1984 3310 magis

446 3327 607 3410 propriam
622 3323 852 3407 perlectionem
873 3321 1039 3404 acquirere
1053 3329 1086 3384 et
1100 3321 1196 3384 hebe-
1251 3320 1467 3402 superiorem
1484 3329 1515 3384 et
1533 3324 1618 3403 quod
1638 3323 1853 3390 ministerium
1873 3347 1925 3391 seu
1945 3327 1987 3390 el-

446 3445 492 3504 re,
513 3425 559 3488 sic
578 3424 668 3487 triste
687 3430 735 3486 est
759 3421 788 3484 ei
813 3429 848 3483 ut
872 3439 929 3483 sua
950 3419 1105 3502 perfectio
1130 3437 1194 3481 non
1249 3418 1362 3482 licium
1389 3419 1475 3482 istud
1498 3420 1664 3485 ordinatur
1687 3424 1727 3485 ad
1751 3419 1871 3488 bonum
1890 3426 1987 3489 Eccle-

446 3523 505 3586 sibi
524 3523 597 3606 ipsi,
615 3522 670 3584 sed
689 3520 780 3583 alteri
801 3520 893 3582 cedat
917 3518 951 3580 in
976 3519 1192 3581 commodum.
1250 3517 1316 3596 siae,
1333 3526 1455 3580 tantum
1482 3520 1646 3583 concludit
1669 3523 1755 3603 quod
1775 3523 1859 3606 Papa
1883 3533 1927 3588 est
1944 3525 1987 3586 in-

444 3623 567 3686 ldcirce
581 3621 643 3684 tale
657 3619 834 3684 dominium
848 3619 882 3679 in
902 3624 984 3680 statu
1003 3617 1194 3681 innocentie
1249 3616 1349 3680 terior
1373 3616 1528 3696 Ecclesia,
1552 3637 1608 3682 seu
1636 3628 1735 3683 status
1764 3623 1887 3704 papalis
1911 3633 1985 3686 statu

445 3739 510 3784 non
526 3718 649 3782 luisset.
666 3718 731 3780 llec
746 3716 842 3779 etiam
857 3715 954 3779 mode
967 3714 1050 3797 Papa
1064 3714 1104 3778 de
1123 3714 1194 3796 jure
1249 3715 1410 3793 Ecclesia,
1437 3724 1592 3796 quantum
1617 3717 1655 3780 ad
1681 3721 1900 3784 excellentiam
1922 3741 1989 3804 per·

446 3839 510 3882 non
531 3826 579 3880 est
597 3816 747 3881 dominus
766 3814 1028 3890 Christianorum,
1046 3832 1106 3875 nec
1127 3813 1196 3875 teli-
1249 3813 1403 3877 tinentem
1419 3815 1460 3876 ad
1474 3815 1557 3877 dona
1572 3815 1681 3896 gratiae
1694 3827 1821 3898 gratum
1835 3819 1985 3899 facientis,

446 3925 494 3981 ter
508 3917 614 3980 lacere
629 3923 682 3978 aut
696 3920 842 3996 reputare
862 3931 896 3974 se
915 3911 1009 3974 debet
1029 3912 1194 3974 dominum
1250 3921 1285 3975 ut
1312 3912 1429 3975 clarius
1457 3912 1579 3975 dictum
1607 3923 1666 3976 est.
1692 3915 1824 3996 Rursus,
1849 3917 2092 3996 eructuantes

446 4035 568 4094 eorum,
579 4014 654 4095 qnia
668 4013 729 4076 boc
744 4009 928 4093 cupiditatis
942 4017 1028 4072 esset
1041 4018 1072 4071 et
1086 4009 1197 4073 eletio·
1249 4010 1414 4093 dignitatis
1430 4011 1552 4093 papalis
1571 4030 1635 4075 non
1656 4013 1759 4077 solum
1779 4017 1940 4080 ordinatur
1952 4019 1987 4081 ad
2113 4007 2114 4024 ²

446 4114 508 4178 nis.
524 4113 656 4195 Propter
669 4111 753 4192 qnod
769 4109 878 4173 Petrus
892 4109 924 4170 in
940 4108 1043 4190 prima
1064 4128 1121 4170 sua
1141 4109 1197 4172 Ca·
1249 4110 1368 4172 bonum
1390 4109 1550 4187 Ecclesiae,
1567 4109 1622 4173 sed
1644 4112 1739 4174 etiam
1761 4114 1802 4177 ad
1824 4115 1922 4198 ipsius
1941 4117 1990 4180 Pa-

299 4233 431 4286 urense.
446 4211 564 4277 nonica
581 4210 762 4294 pasteribus
781 4208 892 4272 scribit
908 4231 916 4270 ι
932 4205 1001 4270 Non
1024 4207 1116 4287 quasi
1141 4209 1196 4272 do-
1211 4204 1235 4266 Ι)
1250 4228 1297 4291 pse
1323 4207 1468 4288 salutem,
1491 4207 1772 4293 principaliterque
1797 4214 1838 4277 ad
1862 4215 1915 4279 Dei
1938 4217 1990 4280 ho-

447 4313 606 4374 minantes
625 4309 659 4372 in
678 4308 786 4387 cler03
802 4316 835 4370 et
856 4306 971 4369 Paulus
996 4305 1061 4367 suis
1087 4306 1196 4369 scribit
1251 4325 1372 4371 norem.

298 4429 378 4474 nce.
394 4441 431 4482 nr,
446 4409 615 4492 discipulis
636 4431 643 4470 :
665 4407 734 4470 Non
753 4424 860 4487 quaere
883 4423 954 4486 que
979 4412 1083 4467 vestra
1108 4413 1192 4484 sunt,
1289 4405 1442 4486 Denique,
1466 4405 1506 4468 de
1534 4405 1593 4469 hac
1622 4407 1775 4472 servitute
1800 4411 1939 4475 caritatis
1962 4422 1990 4476 ct

300 4496 333 4537 ll.

447 4509 503 4571 sed
518 4527 586 4587 vos,
603 4507 635 4570 id
650 4514 699 4569 est
713 4507 848 4568 salutem
863 4511 1012 4582 vestram,
1029 4522 1094 4566 non
1110 4523 1195 4566 com·
1249 4503 1418 4584 equitatis,
1449 4521 1505 4566 seu
1532 4503 1628 4566 etiarn
1663 4505 1868 4592 bumilitstis,
1897 4513 1991 4574 multa

446 4609 540 4670 moda
555 4625 635 4669 mea.
652 4639 693 4651 —
706 4604 863 4683 Secundo,
879 4601 1057 4667 dominium
1077 4603 1195 4665 dicitur
1250 4602 1361 4665 scribit
1380 4603 1559 4685 Apostolus.
1577 4603 1627 4666 Ait
1647 4623 1764 4688 nempe
1785 4607 1823 4670 ed
1845 4608 1988 4672 Galatas:

445 4723 655 4788 quecumque
676 4703 865 4785 gubernatio
889 4701 958 4764 sive
979 4701 1121 4782 praelatio
1139 4725 1145 4762 :
1163 4710 1195 4764 et
1249 4701 1306 4764 Per
1329 4701 1491 4764 caritatem
1514 4701 1628 4764 servite
1650 4701 1811 4784 invicem;
1828 4714 1860 4768 et
1880 4707 1920 4770 ad
1941 4709 1992 4770 Co
2012 4723 2067 4769 cns.
2080 4733 2092 4765 v.

446 4805 491 4867 sic
506 4804 601 4866 etiam
624 4802 679 4864 ille
697 4800 855 4865 dominari
869 4819 907 4862 ac
921 4799 1069 4863 dominus
1089 4800 1195 4882 perhi·
1249 4797 1384 4862 rinthics
1401 4822 1408 4860 :
1425 4797 1527 4873 Ouum
1550 4799 1631 4862 liber
1651 4819 1754 4864 essem
1776 4822 1814 4865 ex
1832 4804 1989 4882 omnibus,
2004 4793 2091 4895 'fem

445 4901 609 4984 betur‚qni
624 4901 705 4964 alios
720 4898 831 4980 dirigit
844 4900 883 4961 ad
899 4897 1066 4960 utilitatem
1081 4906 1113 4962 et
1127 4897 1194 4962 leli·
1249 4897 1392 4962 omnium
1412 4915 1463 4958 me
1485 4915 1611 4960 servum
1632 4897 1707 4976 leci,
1729 4909 1763 4962 ut
1778 4901 1886 4982 plures
1901 4905 1993 4968 lucri·
2004 4920 2030 4959 e.

446 5001 574 5063 citatem
589 4996 860 5081 ipserum,seuad
875 4996 995 5059 bonnm
1010 5015 1190 5060 commune.
1248 4997 1398 5059 lacerem.
1425 4994 1607 5078 Rursusque
1632 4997 1676 5058 ait
1700 4997 1874 5064 Corinthiis
1898 5026 1906 5064 ι
1930 5003 2090 5067 Nonum:-

445 5099 489 5161 De
507 5117 570 5180 que
595 5095 736 5161 dominio
761 5094 972 5158 nonodecimo
996 5095 1036 5157 de
1060 5094 1192 5158 Ciuitate
1249 5093 1461 5176 nosmetipsos
1480 5094 1700 5175 predicamus,
1718 5097 1772 5158 sed
1787 5098 1897 5162 lesum
1913 5102 1993 5165 uue-

445 5196 501 5260 uei
525 5195 666 5279 loquitur
684 5193 880 5275 Augustinus
901 5215 909 5254 r
930 5193 1010 5255 lusti
1034 5192 1193 5274 imperant
1248 5201 1344 5273 stum,
1371 5211 1429 5255 nos
1454 5200 1560 5255 autem
1585 5212 1692 5258 servos
1717 5203 1839 5259 vestros
1869 5219 1930 5281 per
1951 5201 1994 5262 Je-
2015 5243 2091 5289 „m

445 5313 511 5358 non
533 5292 719 5357 dominandi
741 5291 887 5372 libidine,
907 5292 962 5355 sed
983 5291 1096 5354 cilicio
1118 5310 1194 5355 con·
1249 5311 1330 5356 sum.
1360 5291 1398 5354 Et
1425 5291 1531 5355 denuo
1562 5291 1703 5356 :Omnia
1730 5293 1865 5379 (inquit)
1895 5307 2029 5364 vestras.
