4309 6250
456 498 516 588 aaa
540 519 580 564 nn
601 516 809 564 accronnnrn
830 515 925 564 suum
945 516 1111 564 rourrrrurs
1132 515 1170 561 rr
1189 513 1358 562 cumanus
1379 513 1520 572 concam,
1543 515 1630 561 arnan
1649 516 1695 561 ιιι.
1716 533 1759 544 -
1777 513 1849 560 aar.
1873 517 1894 572 r,
1915 515 1937 561 ιι

457 690 631 772 quiramus,
647 688 707 751 hoc
732 695 790 769 est,
808 687 886 751 nihil
911 688 995 769 quod
1022 688 1052 749 in
1079 687 1126 750 eis
1144 686 1244 750 vir-A
1260 707 1319 750 nec
1343 686 1520 750 auctoritati
1545 684 1668 751 domini
1692 686 1793 769 Papae,
1819 705 1921 768 neque
1945 705 1990 767 ge
2004 705 2086 750 aare

458 788 586 851 tualiter
599 807 663 850 non
679 786 889 864 contineatur,
907 795 961 848 aut
981 786 1065 868 quod
1080 786 1125 850 eis
1140 805 1204 849 non
1259 785 1376 848 neralis
1397 785 1525 849 concilii
1549 785 1590 847 de
1614 785 1741 868 seriptis
1760 783 1930 861 canonicis,
1944 771 2087 886 autfjnffij

459 893 623 966 consonet,
639 892 853 966 acceptemus,
870 885 924 947 sed
940 884 1139 947 solidissimis
1153 903 1207 945 an·
1258 883 1290 945 in
1312 883 1404 946 libris
1424 883 1629 961 authenticis,
1644 892 1700 946 aut
1719 883 1753 945 in
1775 883 2086 947 catholicommtma

457 986 618 1067 liquorum
633 984 797 1046 doctorum
818 1002 855 1046 ac
877 991 1001 1064 patrum
1023 990 1203 1048 nostrorum
1258 983 1422 1046 doctorum
1452 981 1670 1046 voluminibus
1694 999 1843 1063 expresse
1867 982 1986 1058 dicatur,
1997 965 2029 1002 ‘⁸¹'

457 1082 548 1146 dictis
576 1090 608 1145 et
636 1081 761 1164 scriptis
789 1079 1044 1144 irremovibiliter
1078 1080 1205 1142 insiste·
1259 1090 1343 1144 certe
1371 1100 1409 1143 ex
1436 1081 1483 1143 eis
1511 1080 1676 1144 evidenter
1704 1081 1856 1162 sequitur.
1881 1080 1987 1161 Siqua

457 1201 540 1259 mus,
567 1180 834 1262 quemadmodum
858 1180 897 1242 ad
926 1180 1072 1242 Hebraeos
1097 1186 1206 1242 monet
1259 1179 1376 1259 minus,
1393 1198 1594 1261 nequaquam
1608 1179 1834 1262 incorrigibilis
1849 1198 1919 1242 ero:
1934 1179 1986 1242 imo

318 1295 444 1346 meam.
458 1279 626 1362 Apostolus
644 1302 651 1340 ε
667 1277 826 1341 Doctrinis
850 1277 947 1341 variis
971 1286 1003 1340 et
1026 1277 1204 1360 peregrinis
1259 1277 1353 1360 plane
1376 1281 1426 1358 (nt
1452 1277 1557 1356 decet)
1582 1278 1643 1340 sub
1670 1278 1869 1360 correptione
1895 1277 1986 1340 omnia

311 1361 332 1402 ⁹·
458 1377 556 1441 nolite
578 1376 714 1452 abduci3
731 1384 763 1438 et
782 1375 997 1438 Ecclesiastici
1019 1375 1129 1457 quinto
1150 1376 1205 1438 ha·
1259 1376 1385 1454 scrib03
1401 1377 1440 1438 ad
1455 1376 1539 1458 qnod
1555 1384 1641 1440 tanto
1655 1375 1728 1458 plus
1750 1384 1869 1454 teneor,
1885 1384 1986 1457 quanto

310 1495 444 1548 serenas.
459 1477 550 1539 betur
571 1475 668 1538 :Esto
692 1474 806 1536 firmus
831 1473 864 1536 in
890 1473 941 1536 via
965 1473 1090 1537 Domini
1114 1480 1146 1536 et
1171 1473 1204 1536 in
1259 1474 1421 1537 inferioris
1434 1475 1551 1557 gradus
1570 1493 1607 1537 ac
1626 1475 1760 1538 minoris
1780 1493 1850 1538 esse
1864 1473 1985 1538 scientia

458 1573 590 1638 veritate
611 1591 724 1636 sensus
746 1571 801 1634 tui.
1259 1590 1444 1654 cognoscor.

604 1836 849 1902 ARTICULUS
873 1835 1051 1901 PRIMUS.
1221 1868 1244 1932 B
1472 1836 1718 1902 ARTIGULUS
1741 1837 1786 1901 ΙΙ.

454 1979 503 2040 De
513 1978 632 2038 motivo
641 1987 739 2056 acque
752 1977 893 2036 materia
908 1975 1082 2036 tractatulf
1091 1974 1201 2050 brejas.
1258 1977 1336 2043 Quae
1345 1984 1422 2035 sunt
1437 1977 1497 2036 itta
1511 1977 1547 2035 in
1559 1977 1878 2055 quibusquidusdam
1890 1978 1985 2035 videor

1352 2066 1386 2124 in
1402 2065 1558 2142 praefatis
1573 2067 1736 2141 opusculis
1754 2068 1904 2126 deviasse.

534 2161 1031 2245 0DlGOevolutujamtempcre,
1048 2159 1205 2224 duoscol·
1820 2156 1824 2164 '

548 2261 610 2343 legi
632 2269 782 2324 tractatus
806 2263 845 2324 de
868 2268 1021 2354 potestate
1043 2268 1074 2322 et
1097 2267 1205 2322 aucto-
1295 2260 1439 2344 Nprimu
1460 2261 1626 2343 opusculo,
1642 2261 1735 2343 cujus
1756 2262 1915 2325 exordium
1933 2270 2046 2337 asten

455 2362 547 2424 ritate
567 2359 683 2422 summi
705 2359 870 2424 Pontificis
896 2378 932 2421 ac
951 2357 1109 2441 generalis
1129 2376 1204 2421 con·
1310 2359 1471 2422 Confiteor
1499 2359 1568 2440 tibi,
1594 2358 1695 2438 Pater,
1720 2360 1854 2423 Domine
1875 2359 1940 2424 eceli
1958 2368 1985 2421 et

455 2459 583 2522 cilii:in
598 2458 715 2540 quibus
729 2457 880 2538 qnoniam
895 2457 1040 2538 quaedam
1055 2463 1204 2519 contenta
1258 2467 1359 2537 terra,
1387 2458 1500 2541 scripsi
1529 2477 1584 2522 eos
1608 2458 1641 2520 in
1666 2459 1773 2542 aliquo
1796 2459 1933 2542 potestati
1953 2477 1984 2520 ac

455 2565 619 2640 suntque
642 2555 831 2638 quibusdam
852 2574 917 2619 non
938 2574 1031 2636 posse
1053 2564 1136 2618 stare
1158 2554 1205 2616 vi·
1257 2557 1406 2640 dignitati
1435 2558 1587 2639 derogare
1615 2556 1731 2639 papali,
1760 2558 1816 2639 qui
1844 2575 1983 2620 summum

454 2657 579 2734 dentur,
605 2663 637 2718 et
665 2663 776 2719 contra
804 2673 874 2736 quae
904 2673 986 2717 unus
1015 2673 1101 2716 nunc
1130 2673 1203 2736 spe·
1258 2654 1446 2718 Pontificem
1474 2663 1594 2736 negant
1620 2675 1757 2737 praeesse
1786 2655 1842 2720 toti
1870 2675 1903 2719 ac
1927 2655 1985 2717 uni·

455 2754 578 2816 cialiter
593 2752 887 2836 scripsit,inductus
902 2771 973 2814 sum
989 2751 1049 2814 ista
1064 2751 1203 2832 adjicere
1259 2754 1373 2817 versali
1389 2753 1538 2816 Ecclesia
1551 2775 1560 2830 3
1574 2753 1647 2819 illos
1662 2772 1790 2835 qnoque
1807 2753 1983 2835 generalium

454 2852 493 2914 ad
522 2851 770 2928 defendendum,
796 2850 1021 2913 declarandum
1050 2869 1087 2913 ac
1112 2849 1205 2912 robe
1257 2853 1409 2934 derogare
1434 2851 1612 2915 auctoritati
1633 2852 1854 2932 conciliorum,
1869 2851 1919 2933 qui
1939 2851 1985 2913 do

455 2950 589 3012 randum
604 2969 641 3012 ca
662 2968 732 3031 quae
753 2948 784 3010 in
808 2948 871 3011 illis
892 2948 1004 3030 scripsi
1027 2947 1201 3030 opusculis.
1257 2952 1382 3014 minum
1409 2951 1524 3035 Papam
1557 2952 1603 3014 sic
1635 2951 1809 3014 universali
1840 2951 1984 3014 affirmant

454 3049 606 3131 Denique,
623 3046 714 3111 illum
730 3047 783 3130 qui
801 3055 910 3110 contra
924 3065 975 3108 me
990 3047 1130 3129 scripsit,
1147 3053 1239 3129 peril
1258 3050 1424 3134 praelatum
1437 3049 1642 3129 Ecclesiaa,ut
1657 3049 1690 3111 in
1705 3048 1795 3113 nullo
1809 3049 1928 3112 subesse
1939 3066 1983 3130 ge·

454 3147 624 3229 meipsum
645 3165 682 3208 ac
702 3146 781 3209 alios
802 3144 1022 3227 multipliciter
1040 3153 1071 3207 et
1085 3145 1204 3207 instan·
1258 3150 1358 3213 nerali
1379 3149 1517 3213 concilio
1532 3149 1574 3212 sit
1594 3148 1775 3212 adstrictus.
1793 3148 1902 3230 Sicqne
1914 3147 1982 3209 inter

455 3252 502 3307 ter
521 3243 629 3325 rogavi
653 3250 687 3306 ut
708 3242 861 3323 scriptum
883 3262 975 3305 suum
998 3242 1077 3303 mihi
1099 3250 1205 3306 osten·
1257 3250 1336 3311 duas
1356 3248 1453 3329 hujus
1474 3248 1627 3329 temporis
1647 3247 1817 3330 opiniones
1836 3245 1924 3308 nimis
1939 3264 1982 3306 er·

454 3343 554 3421 deret,
574 3341 716 3406 offerens
739 3359 789 3403 me
812 3349 955 3422 paratum
978 3340 1027 3405 vel
1050 3341 1089 3403 ad
1112 3342 1205 3404 ratio-
1258 3355 1375 3409 tremas
1389 3346 1527 3409 mediam
1542 3346 1627 3408 viam
1643 3345 1738 3427 elegi,
1754 3364 1895 3408 asserens
1912 3362 1983 3405 sum·

455 3442 605 3504 nabiliter
625 3440 892 3522 respondendum,
908 3440 959 3503 vel
980 3441 1020 3503 ad
1040 3440 1204 3503 humiliter
1258 3464 1345 3507 mum
1361 3443 1548 3508 Pontificem
1564 3444 1598 3507 in
1611 3443 1662 3506 his
1683 3462 1755 3525 quaa
1769 3443 1809 3506 ad
1830 3462 1913 3506 suam
1925 3460 1983 3523 per·

455 3538 720 3622 acquiescendum
743 3562 749 3599 :
772 3538 947 3620 praesertim
969 3557 1068 3620 quum
1090 3547 1122 3602 et
1143 3557 1203 3620 ego
1258 3544 1361 3606 tinent
1385 3543 1580 3621 cathedram,
1597 3561 1653 3605 seu
1674 3561 1768 3605 suum
1789 3540 1982 3624 magisterium

455 3657 527 3701 mea
547 3636 701 3719 opuscula
722 3656 759 3699 ea
780 3636 963 3700 conditione
986 3636 1202 3718 acquieverim
1257 3640 1468 3723 officiumque
1482 3648 1691 3719 concernunt,
1709 3640 1766 3703 toti
1781 3648 1814 3703 et
1833 3634 1983 3703 universali

455 3738 485 3799 ei
500 3735 637 3815 ostendi,
653 3742 688 3797 ut
702 3744 733 3797 el
748 3734 816 3816 ipse
832 3754 888 3797 sna
903 3735 979 3798 mihi
1001 3744 1200 3800 monstraret.
1258 3739 1427 3822 presidere
1441 3738 1602 3817 Ecclesia,
1619 3746 1684 3801 tam
1699 3738 1892 3821 conjunctim
1904 3752 1983 3819 quun

455 3835 572 3897 Verum
587 3833 621 3895 in
637 3832 790 3916 petitione
805 3831 864 3895 hac
884 3851 947 3896 non
967 3832 1099 3916 profeci.
1117 3833 1204 3897 Unde
1257 3838 1387 3901 divisim
1417 3837 1623 3901 consideratae
1646 3846 1701 3900 aut
1723 3846 1876 3920 sumpta3
1898 3832 1983 3897 nihilo

455 3950 515 3995 nec
541 3931 668 4013 scriptis
695 3930 993 4012 objectionibusque
1021 3930 1121 4011 ipsius
1146 3949 1204 4012 pru
1258 3936 1366 3999 minus
1379 3936 1528 4017 generale
1549 3935 1722 3999 concilium
1744 3935 1777 3996 in
1798 3936 1849 3997 his
1866 3932 1983 4015 quode

456 4050 541 4093 nunc
570 4030 712 4092 ordinate
741 4048 778 4091 ac
807 4028 984 4091 formaliter
1012 4029 1204 4110 respondere
1259 4034 1513 4097 terminationem
1545 4052 1655 4097 eorum
1684 4036 1902 4112 [concernunt]
1926 4048 1983 4112 qna

455 4130 612 4211 praeval'eo
633 4152 640 4189 ι
661 4128 744 4209 quod
770 4136 875 4190 tamen
899 4136 1008 4210 postea
1031 4128 1095 4190 Deo
1118 4128 1206 4190 auxi·
1259 4131 1474 4195 conciliariter
1488 4140 1563 4194 sunt
1579 4132 1753 4209 tractanda,
1769 4151 1840 4194 esse
1853 4130 1984 4212 quodam·

456 4228 554 4291 fiante
578 4226 720 4290 facturus
744 4244 826 4303 snm,
850 4226 876 4287 si
901 4244 950 4289 me
975 4244 1012 4288 ea
1036 4225 1205 4307 contigerit
1221 4232 1244 4294 b
1259 4231 1352 4293 modo
1381 4248 1478 4313 super
1504 4230 1630 4312 Papam.
1657 4228 1745 4303 Quod
1769 4230 1902 4312 qualiter
1926 4245 1985 4289 reor

455 4324 583 4403 intueri,
600 4344 659 4387 nec
674 4323 803 4386 aliunde
818 4323 934 4386 fuerim
950 4323 1132 4405 impeditus.
1151 4324 1206 4387 l'e·
1259 4328 1513 4410 intelligendum,
1530 4345 1600 4408 quae
1621 4328 1697 4389 item
1719 4328 1784 4390 sint
1806 4328 1860 4391 illa
1872 4345 1935 4408 qnae
1952 4325 1983 4386 ad

457 4432 635 4487 rumtamen
663 4422 804 4484 intellexi
834 4422 867 4483 in
892 4422 1032 4502 generali
1057 4441 1204 4503 quaenam
1258 4427 1398 4509 supremi
1422 4426 1586 4489 Pontificis
1609 4426 1794 4490 cathedram
1818 4435 1850 4490 et
1871 4444 1934 4507 que
1952 4423 1985 4485 ad

456 4523 511 4587 illa
535 4522 599 4585 sint
623 4530 741 4604 puncta
765 4520 798 4582 in
823 4520 998 4593 tractatnlis
1021 4521 1102 4583 meis
1130 4540 1206 4583 con·
1258 4525 1416 4607 generalis
1431 4524 1561 4588 concilii
1577 4524 1682 4588 forum
1698 4525 1925 4608 pertineant,in
1937 4521 1987 4605 pri·

456 4628 543 4685 tenta
568 4627 677 4683 contra
701 4637 770 4700 qnae
795 4618 849 4681 ille
874 4618 1011 4701 scripsit,
1034 4620 1204 4700 quamdam
1258 4643 1311 4687 mo
1330 4624 1449 4703 libello,
1466 4623 1641 4705 praesertim
1663 4624 1783 4686 ibidem
1805 4623 1931 4687 articulo
1950 4620 1986 4682 vi·

455 4737 581 4802 qnoque
606 4717 846 4800 responsionem
869 4717 980 4799 ipsius,
1001 4737 1064 4800 qua
1088 4718 1204 4781 multas
1258 4722 1378 4786 cesimo
1400 4731 1498 4802 serto,
1515 4720 1642 4803 plenius
1663 4721 1835 4788 declaravi.

457 4837 540 4883 arne
555 4817 700 4885 inductas
715 4814 919 4879 auctoritates
938 4825 969 4878 et
989 4816 1127 4879 rationes
1143 4816 1204 4880 sol·
1296 4821 1415 4902 ltaque,
1430 4820 1582 4903 quoniam
1601 4820 1716 4902 scripsi
1734 4820 1851 4904 Papam
1869 4836 1985 4903 praesse
2102 4803 2103 4824 ¹

456 4935 531 4980 vere
555 4924 603 4979 est
628 4922 771 4993 cenatus,
792 4933 888 4996 quam
912 4914 995 4977 infra
1020 4916 1203 4979 monstrabo
1256 4919 1429 4983 universali
1453 4919 1603 4982 Ecclesia
1624 4918 1714 4998 juxta
1739 4938 1868 4983 sensnm
1891 4926 1986 5001 praeta·
2102 4927 2103 4954 ¹

456 5016 596 5077 inanem.
1256 5027 1354 5097 ctum,
1372 5018 1468 5081 etiarn
1489 5018 1567 5081 alias
1589 5017 1696 5100 plures
1718 5018 1984 5102 propositionescx
2102 5095 2103 5110 χ

494 5112 533 5175 Et
546 5132 632 5175 nnnc
647 5130 768 5192 eaquae
788 5111 856 5193 ipse
875 5111 1079 5193 singulariter
1097 5133 1204 5196 repro-
1256 5118 1316 5181 hoc
1331 5126 1500 5199 sequentes
1514 5124 1609 5198 atque
1623 5116 1782 5197 aliquibus
1797 5117 1983 5199 displicentes
2101 5115 2104 5172 f

454 5212 518 5290 bat,
529 5210 732 5293 singulariter
746 5210 1124 5293 comprobab0,animnm
1139 5212 1203 5275 cla·
1256 5216 1388 5295 asserui,
1405 5223 1540 5297 utputa:
1557 5215 1641 5296 quod
1665 5215 1755 5297 Papae
1767 5216 1821 5278 'sit
1843 5224 1932 5279 totam
1953 5230 1983 5274 ac

454 5312 521 5375 rius
550 5310 735 5389 recondens,
762 5327 864 5391 neque
892 5308 925 5370 in
955 5309 1081 5393 scriptis
1110 5312 1200 5392 meis,
1255 5314 1471 5377 universalem
1485 5312 1661 5377 Ecclesiam
1676 5332 1824 5397 purgare,
1843 5313 1983 5376 illumina·
