4309 6250
251 505 291 552 DE
312 506 519 553 humanitate
541 507 634 554 Slllllll
656 505 822 554 constricta
843 507 881 554 ET
902 507 1071 555 dannanus
1093 507 1234 562 conditu,
1256 507 1345 555 LIBER
1365 508 1397 554 ll.
1420 526 1461 538 -
1481 507 1551 554 aar.
1575 506 1620 553 111
1648 485 1708 552 603

157 677 276 739 randus
300 685 331 740 et
354 677 420 740 alii.
442 678 473 740 Si
501 677 598 759 igitur
622 677 704 761 Papa
725 697 790 742 non
812 678 907 741 habet
921 677 947 740 Α
962 687 1036 742 sunt
1050 681 1163 743 soluta.
1180 681 1253 755 Qua
1274 681 1308 741 in
1329 680 1463 743 veritate
1484 677 1621 761 puerilia
1635 684 1710 740 sunt

156 775 394 856 presidentiam
415 785 447 840 et
466 777 724 858 jurisdictionem
745 796 841 858 super
861 787 908 840 to·
961 785 1054 858 atque
1083 777 1194 841 facilia
1219 802 1226 840 :
1254 786 1289 841 nt
1312 797 1411 859 mum
1435 777 1480 839 ait
1502 776 1619 857 Papam
1644 794 1710 840 non

156 881 222 935 tam
247 873 434 952 Ecclesiam,
451 875 595 955 sequitur
618 875 701 955 quod
722 893 787 938 non
807 875 908 956 possit
961 894 1030 938 esse
1058 877 1213 958 majorem
1242 883 1274 939 et
1305 876 1502 958 superiorem
1537 873 1711 936 universali

156 989 343 1034 communes
371 991 428 1035 seu
461 972 657 1035 universales
691 971 906 1054 indulgentias
960 972 1114 1053 Ecclesia,
1131 992 1230 1054 quum
1251 974 1293 1036 sit
1314 973 1482 1054 perseius.
1499 973 1601 1047 Quum
1623 971 1710 1034 enim

156 1067 262 1132 facere
285 1078 318 1132 et
340 1068 461 1151 plenas,
478 1089 515 1132 ac
541 1069 634 1132 simul
661 1070 803 1151 ubique:
822 1071 907 1152 quod
960 1071 1043 1153 Papa
1057 1071 1174 1133 dicitur
1187 1073 1291 1152 major
1305 1081 1337 1134 et
1357 1071 1502 1153 superior
1524 1078 1587 1133 tota
1602 1069 1711 1133 Eccle-

156 1175 206 1230 est
225 1177 336 1232 contra
350 1167 497 1250 prefatos
518 1169 663 1232 doctores
678 1177 710 1231 et
729 1177 840 1232 eontra
856 1169 907 1250 ju·
961 1169 1017 1246 sia,
1025 1168 1268 1250 intelligendum
1282 1178 1331 1232 est
1345 1170 1405 1232 hoc
1420 1189 1478 1251 per
1492 1168 1708 1231 exclusionem

157 1286 203 1342 ra,
221 1268 276 1329 sed
298 1275 330 1330 et
354 1276 464 1330 contra
485 1287 522 1330 ea
542 1287 611 1349 qua
635 1287 653 1329 a
675 1268 808 1330 summis
828 1268 906 1330 Pon·
961 1265 1010 1328 sui
1026 1265 1126 1348 ipsius
1144 1291 1151 1327 :
1167 1266 1257 1347 juxta
1269 1285 1365 1346 quem
1380 1267 1709 1347 modum,secundum

157 1362 302 1426 tifieibus
325 1364 507 1446 frequenter
526 1364 611 1427 faeta
631 1373 817 1429 noscuntur.
960 1362 1190 1426 Damascenum
1204 1363 1346 1445 aliosque
1360 1364 1709 1440 doctores,humanitas

198 1461 349 1543 Denique,
362 1463 401 1524 de
416 1462 476 1524 hac
491 1481 525 1526 re
540 1462 667 1544 quidam
681 1463 774 1543 eujus
788 1481 905 1526 nomeu
960 1460 1076 1524 Christi
1100 1461 1216 1523 dicitur
1237 1462 1324 1523 omni
1350 1469 1500 1524 creatura
1524 1462 1653 1543 pretate
1678 1469 1710 1523 et

156 1559 279 1640 ignoro,
307 1579 404 1642 super
427 1568 574 1643 quartum
599 1561 833 1624 Sententiarum
859 1562 905 1624 sic
961 1559 1084 1622 cunctis
1098 1559 1213 1622 creatis
1228 1559 1383 1640 superior,
1399 1578 1498 1639 quum
1520 1568 1625 1622 tamen
1640 1559 1710 1642 ipsa

155 1657 269 1720 scribit
285 1682 292 1721 z
308 1657 363 1722 llle
388 1659 472 1722 solus
494 1667 598 1739 potest
615 1660 799 1742 dispensare
821 1679 906 1723 com-
961 1657 1001 1719 sit
1023 1676 1096 1738 pers
1122 1664 1282 1720 ereatura.
1309 1657 1397 1720 Unde
1422 1665 1453 1720 et
1477 1677 1549 1740 pars
1573 1676 1638 1720 non
1662 1665 1711 1720 est

156 1775 286 1818 munem
313 1757 496 1820 thesaurum
520 1756 683 1836 Ecclesia,
707 1758 762 1839 qui
793 1767 906 1840 praest
962 1755 1065 1836 major
1079 1775 1137 1818 suo
1153 1756 1391 1834 toto,sumendo
1406 1763 1506 1819 toturn
1522 1775 1595 1818 cum
1612 1756 1710 1837 partis

155 1855 212 1918 toti
243 1855 393 1918 Ecclesia
419 1879 426 1916 ε
454 1856 508 1918 sed
538 1856 590 1918 hic
620 1865 668 1918 est
696 1854 781 1918 solus
811 1855 902 1938 Papa.
923 1849 1163 1931 Binclusione3
1193 1854 1249 1916 sed
1278 1873 1351 1936 pars
1381 1862 1483 1935 potest
1512 1873 1581 1916 esse
1615 1873 1711 1935 super

155 1953 320 2032 Praterea,
347 1953 386 2015 ed
415 1953 475 2016 hoc
501 1962 575 2015 sunt
596 1953 669 2034 jura
697 1971 767 2034 qua
794 1954 906 2016 dicunt
962 1961 1061 2015 totum
1090 1951 1265 2028 residuum,
1293 1960 1327 2014 ut
1354 1953 1468 2034 prasul
1494 1971 1590 2033 super
1613 1960 1710 2015 totam

156 2058 344 2132 potestatem
369 2050 458 2131 Papa
486 2069 556 2114 esse
586 2050 776 2114 illimitatam
802 2052 904 2133 quoad
961 2049 1139 2130 dioeeesim,
1155 2057 1187 2112 et
1200 2050 1305 2113 hbbas
1320 2070 1376 2113 seu
1391 2050 1478 2113 Prior
1498 2070 1594 2132 super
1608 2059 1709 2114 totum

157 2147 424 2230 indulgentiarum
447 2149 698 2226 concessionem,
717 2157 904 2230 potestatem
962 2158 1165 2212 conventum.
1184 2149 1235 2212 Sic
1255 2158 1286 2212 et
1309 2149 1372 2212 leo
1393 2149 1476 2231 Papa
1495 2158 1588 2213 vocet
1607 2168 1711 2212 sacra·

157 2265 233 2309 vero
261 2246 484 2327 episcoporum
518 2265 587 2308 esse
615 2246 795 2310 limitatam.
825 2247 905 2309 Hinc
962 2247 1119 2310 tissimum
1134 2247 1258 2308 Petrum
1281 2247 1459 2330 principem
1481 2247 1646 2329 apostolici
1661 2266 1711 2311 or·
1769 2256 1775 2268 ‘

155 2345 239 2426 Papa
255 2353 359 2426 potest
372 2343 479 2408 facere
501 2344 716 2426 indulgentias
737 2347 839 2426 quoad
859 2366 905 2408 re-
961 2344 1046 2406 dinis
1076 2363 1133 2407 seu
1162 2344 1309 2425 agminis,
1339 2363 1439 2425 quum
1467 2353 1573 2408 tamen
1602 2346 1710 2407 Petrus

155 2443 341 2505 missionem
371 2443 467 2506 totius
495 2461 597 2524 prena
620 2443 849 2522 satisfactoria,
876 2453 907 2506 et
963 2441 1059 2504 luerit
1088 2461 1161 2523 pars
1190 2462 1246 2505 sen
1274 2461 1337 2504 una
1360 2443 1447 2505 illius
1470 2443 1589 2506 ordinis
1614 2444 1713 2525 agmi-

157 2547 303 2620 respectu
332 2540 474 2603 omnium
504 2539 537 2601 in
570 2540 711 2603 Ecclesia
746 2539 903 2604 fidelium.
961 2539 1076 2621 nisque
1105 2558 1252 2621 persona.
1279 2575 1320 2586 -
1347 2540 1448 2603 Simili
1477 2541 1582 2619 modo,
1612 2559 1711 2622 quum

155 2637 306 2719 Episcopi
331 2647 435 2700 autem
462 2657 526 2700 non
556 2647 688 2720 possunt
712 2637 817 2701 facere
842 2639 904 2700 nisi
961 2638 1066 2718 arguit
1095 2638 1178 2718 quod
1211 2645 1351 2718 potestas
1386 2639 1534 2701 Romana
1561 2638 1712 2702 Ecclesia

155 2737 309 2817 quasdam
332 2736 546 2818 indulgentias
568 2736 729 2818 partiales,
745 2745 777 2799 et
793 2738 851 2800 hoc
868 2757 906 2800 ex
962 2735 1137 2796 includitur
1151 2735 1184 2796 in
1200 2734 1371 2796 universali
1383 2735 1527 2798 Ecclesia
1540 2735 1624 2798 sicut
1639 2755 1711 2816 pars

156 2835 363 2898 concessione
382 2834 482 2916 Papa,
501 2853 560 2897 nec
582 2843 726 2916 respectu
748 2835 903 2914 omnium,
962 2832 993 2894 in
1011 2840 1086 2909 toto,
1104 2833 1225 2894 clarum
1247 2841 1296 2895 est
1316 2834 1400 2914 quod
1420 2833 1453 2894 in
1473 2834 1532 2896 bac
1552 2833 1712 2896 locutione
1801 2863 1804 2867 ²

155 2933 210 2994 sed
235 2932 339 2995 solum
369 2932 399 2993 iu
426 2951 481 2994 sua
507 2932 649 2995 diaecesi.
675 2931 839 3011 Praeterea,
865 2934 904 2994 ad
962 2930 1154 2992 universalis
1179 2930 1321 2993 Ecclesia
1345 2939 1488 2993 sumatur
1512 2949 1585 2993 cum
1611 2930 1712 2994 inclu-

155 3030 246 3092 illum
273 3029 409 3111 pertinet
434 3030 562 3111 proprie
587 3030 798 3111 indulgentias
821 3049 906 3093 com·
923 3032 945 3094 u
962 3027 1051 3091 sione
1082 3028 1230 3090 Romana
1259 3027 1419 3105 Ecclesia,
1449 3037 1543 3109 prout
1571 3027 1712 3091 Romana

156 3148 270 3191 munes
285 3127 402 3205 facere,
420 3128 459 3191 ed
481 3146 577 3209 quem
601 3128 738 3210 pertinet
758 3148 836 3191 cura
849 3128 907 3191 Ee·
961 3127 1104 3189 Ecclesia
1119 3145 1176 3208 pro
1197 3126 1380 3208 particulari
1400 3126 1543 3190 Ecclesia
1562 3128 1708 3191 sumitur.

156 3226 263 3289 alesia
278 3225 467 3288 universalis
482 3225 630 3289 Romana
643 3249 650 3287 :
664 3225 756 3306 cujus
771 3227 907 3307 pertinet
963 3226 1015 3287 Sic
1031 3232 1169 3306 potestas
1184 3224 1332 3287 Romana
1346 3225 1497 3287 Ecclesia
1517 3224 1625 3306 aliquo
1644 3245 1712 3289 mo-

155 3325 194 3386 ed
210 3325 317 3407 ipsum
333 3326 476 3387 custodia
497 3332 528 3387 et
549 3324 744 3406 dispensatio
767 3325 905 3387 thesauri
962 3324 1002 3386 do
1018 3323 1149 3403 respicit
1163 3342 1259 3405 super
1272 3343 1307 3386 se
1318 3331 1505 3405 potestatem
1520 3323 1712 3385 universalis

155 3422 318 3500 Ecclesiae,
335 3422 409 3503 quia
431 3422 471 3485 ad
492 3422 583 3484 illum
605 3422 660 3503 qui
681 3422 776 3485 habet
797 3442 905 3485 curam
962 3420 1123 3500 Ecclesia,
1147 3429 1177 3483 et
1202 3421 1378 3483 includitur
1401 3422 1435 3483 in
1460 3441 1498 3485 ea
1522 3431 1557 3484 ut
1579 3442 1652 3504 pars
1678 3424 1711 3484 in

156 3519 406 3598 communitatis,
436 3521 574 3602 pertinet
606 3520 791 3601 dispensare
824 3521 907 3583 bona
962 3528 1038 3583 toto.
1070 3519 1102 3581 Si
1132 3528 1238 3581 autem
1267 3520 1459 3583 universalis
1488 3520 1629 3584 Ecclesia
1661 3542 1714 3585 su-

156 3617 406 3681 communitatis.
437 3618 497 3679 Sed
531 3617 737 3700 indulgentia
766 3626 839 3679 sunt
867 3619 906 3680 do
962 3626 1066 3680 matur
1085 3618 1118 3679 in
1143 3618 1274 3700 prafata
1297 3618 1458 3682 locutione
1478 3639 1535 3701 per
1557 3620 1713 3683 exclusio-

155 3716 319 3779 communi
336 3716 482 3778 thesauro
496 3715 646 3778 Ecclesia
664 3739 670 3777 ε
688 3734 763 3797 ergo
778 3716 818 3778 ad
833 3735 905 3779 eum
962 3736 1036 3779 nem
1050 3716 1199 3779 llomana
1214 3716 1364 3779 Ecclesia
1379 3736 1436 3778 seu
1447 3716 1613 3779 Pontificis
1628 3718 1710 3799 ejus,

153 3814 208 3895 qui
233 3813 330 3876 babet
359 3832 481 3890 curam,
509 3821 695 3893 potestatem
722 3822 753 3875 et
776 3814 907 3894 jurisdi-
962 3816 1085 3877 scilicet
1107 3815 1207 3897 Papa,
1223 3814 1270 3877 sic
1292 3834 1356 3878 non
1376 3815 1479 3878 solum
1502 3816 1713 3879 RomanaEc-

153 3912 295 3975 ctionem
321 3930 416 3993 super
439 3919 536 3973 totam
561 3910 746 3991 Ecclesiam,
769 3912 908 3994 pertinet
962 3914 1070 3991 alesia,
1089 3914 1142 3975 sed
1159 3921 1191 3975 et
1205 3913 1291 3975 solus
1307 3912 1452 3976 Pontifex
1467 3914 1538 3996 ejus
1558 3934 1614 3976 seu
1630 3915 1713 3997 Papa

152 4002 340 4091 hujusmodi
361 4010 544 4071 thesaurum
563 4009 758 4090 dispensare.
776 4011 832 4073 llic
851 4030 907 4073 au·
962 4020 1009 4074 est
1029 4030 1125 4093 super
1143 4019 1241 4073 totam
1260 4011 1434 4074 Ecclesiam
1455 4020 1518 4075 tam
1537 4012 1712 4076 Romanam

153 4118 218 4173 tem
234 4116 283 4172 est
297 4109 381 4191 Papa
395 4109 620 4170 dumtaxat—
634 4108 705 4171 Hac
721 4118 795 4171 sunt
810 4110 906 4172 verba
961 4129 1056 4191 quam
1079 4109 1304 4188 universalem,
1321 4118 1473 4190 tauquam
1494 4118 1612 4192 pastor,
1629 4111 1712 4173 hier-

153 4208 187 4269 in
210 4207 314 4270 torma
336 4206 475 4288 pratacti
497 4206 648 4284 doctoris,
672 4206 765 4287 cujus
787 4227 902 4271 nomen
921 4210 944 4271 D
962 4207 1183 4285 arche,rector
1196 4216 1228 4270 et
1243 4207 1357 4288 prasul
1373 4216 1437 4270 tam
1450 4209 1599 4271 Romana
1614 4228 1710 4289 quarn

153 4308 202 4385 (ut
217 4304 299 4383 dixi)
314 4306 436 4385 ignoro,
446 4304 593 4383 quamvis
607 4304 668 4367 hoc
683 4313 806 4367 constet
820 4306 903 4386 quod
962 4305 1150 4367 universalis
1165 4304 1323 4368 Ecclesia.
1340 4306 1379 4368 Et
1397 4305 1487 4388 Papa
1507 4315 1644 4388 potestas
1659 4327 1711 4369 su-

153 4403 271 4465 ceteris
290 4401 498 4484 praallegatis
517 4400 700 4465 doctoribus
721 4404 816 4486 rerba
835 4403 904 4484 ejus
962 4422 1018 4484 per
1033 4412 1129 4466 totam
1145 4403 1320 4465 Ecclesiam
1336 4423 1369 4466 se
1384 4405 1538 4483 extendit,
1552 4405 1710 4486 loquendo

153 4502 362 4565 concordent.
961 4503 1001 4564 de
1025 4508 1179 4583 potestate
1204 4501 1437 4584 jurisdictionis
1462 4512 1494 4565 et
1519 4504 1711 4585 prelationis

193 4601 240 4662 Ex
255 4598 371 4680 quibus
385 4598 534 4661 omnibus
556 4598 733 4661 clarissime
750 4600 903 4680 sequitur,
962 4618 1017 4662 seu
1034 4600 1252 4680 praesidentia.
1269 4601 1386 4662 Omnes
1399 4619 1527 4682 quoque
1541 4610 1712 4683 potestates

152 4699 240 4778 quod
262 4697 380 4780 scripta
399 4697 565 4777 cujusdam
586 4716 656 4778 qua
681 4716 907 4761 commemora·
961 4708 991 4761 et
1013 4699 1184 4780 dignitates
1207 4699 1433 4762 ecclesiastica
1456 4701 1661 4763 eontinentur
1680 4711 1712 4765 et

154 4798 197 4874 vi,
214 4804 299 4859 stare
320 4814 383 4859 non
404 4804 546 4877 possunt,
560 4804 592 4858 et
611 4796 695 4877 quod
717 4804 781 4859 tota
799 4796 907 4859 Eccle-
961 4797 1083 4859 suntin
1099 4816 1136 4859 ea
1155 4796 1332 4861 sublimiori
1355 4799 1450 4862 modo
1464 4817 1559 4879 quam
1575 4798 1607 4859 in
1630 4809 1712 4862 cete

157 4895 205 4959 sie
222 4914 280 4957 seu
301 4913 411 4957 omnes
427 4894 597 4957 Christiani
624 4903 686 4956 tam
711 4894 907 4977 conjunctim
962 4895 1005 4957 ris
1027 4894 1196 4957 universis.
1213 4895 1292 4957 llinc
1311 4895 1395 4957 libro
1409 4896 1449 4958 de
1467 4896 1506 4957 lV
1521 4896 1711 4977 Coaquavis

154 5012 254 5075 quam
279 4991 440 5074 sigillatim
465 4991 594 5055 obedire
618 5001 765 5055 tenentur
783 5013 907 5057 summo
962 4993 1145 5056 notabiliter
1177 4992 1287 5055 scribit
1315 4992 1461 5055 elbertus
1492 5017 1499 5054 :
1529 4993 1713 5058 Hierarchia

154 5089 319 5169 Pontifici,
336 5090 466 5172 proprio
491 5098 597 5153 tamen
622 5091 777 5172 superiori
803 5092 834 5153 in
858 5092 907 5153 bis
962 5099 1009 5154 est
1024 5092 1182 5172 quoddam
1198 5099 1299 5153 totum
1314 5091 1551 5172 potestativum.
1568 5092 1603 5153 ln
1625 5102 1713 5175 pote-

36 5227 68 5264 m,
87 5238 128 5276 n,
155 5210 228 5272 quae
245 5189 427 5252 cathedram
443 5188 513 5268 ejus
529 5189 714 5270 respiciunt.
787 5192 790 5199 '
963 5191 1095 5252 statibus
1114 5199 1220 5251 autem
1245 5189 1409 5267 ordinatis,
1427 5208 1554 5271 semper
1573 5210 1710 5271 sequeus

36 5306 88 5339 ¹¹¹·
196 5289 295 5354 Porro
320 5295 507 5369 argumenta
530 5287 617 5350 illius
642 5289 675 5350 in
700 5288 798 5370 priori
824 5288 906 5353 libro
963 5288 1116 5370 supponit
1143 5287 1388 5370 praecedentem,
1417 5297 1449 5350 et
1476 5288 1572 5352 habet
1600 5290 1671 5372 plus
1703 5314 1710 5356 :
