4309 6250
459 472 520 540 121
781 496 927 545 sorerem
946 497 990 544 111
1011 496 1169 544 annuerem
1190 496 1383 545 6116611666.
1406 497 1536 544 -1111,
1561 497 1687 547 uerutus

461 665 602 745 clesiam,
618 685 690 749 quae
705 668 933 732 inhabitantem
948 688 982 731 se
1002 668 1098 731 babet
1111 666 1208 750 Spiri-
1221 668 1247 730 A
1261 686 1371 749 egena,
1403 666 1533 731 infirma
1560 676 1592 731 61
1620 670 1816 746 conculcata,
1846 678 1930 753 atque
1955 670 1986 733 ed

318 777 447 829 imma.
460 772 529 827 tum
543 767 822 849 meum,Spiritum
838 767 1000 845 Sanctum,
1010 766 1064 848 qui
1079 785 1207 829 emnem
1261 767 1347 829 hunc
1371 766 1523 848 angulum
1546 768 1722 831 occidentis
1751 770 1875 831 redacta
1896 777 1925 831 et
1945 788 1987 833 66

314 844 447 893 ²⁶³¹'¹'¹³'
460 863 554 927 docet
574 871 606 926 et
626 865 768 946 suggerit
788 866 965 929 veritatem.
1261 872 1388 927 arctata.
1415 864 1479 927 Nec
1504 874 1590 928 tauta
1614 885 1685 928 mea
1708 866 1881 943 calamitas,
1903 886 1987 948 angu-

1261 962 1365 1026 stiatio
1380 971 1411 1025 61
1430 982 1576 1044 pressure
1597 963 1722 1027 suffieit
1740 962 1881 1027 hostibus
1896 965 1985 1027 ineis:

500 1061 679 1125 Conclusio.
708 1098 749 1109 -
776 1062 863 1125 Tunc
894 1069 1022 1144 repente
1050 1060 1140 1143 quusi
1168 1080 1206 1123 611
1260 1059 1414 1142 quinimo
1428 1062 1461 1123 111
1476 1062 1643 1125 bocetiem
1659 1062 1838 1145 angulome
1853 1072 1987 1125 conantur

458 1178 594 1241 persona
607 1159 758 1223 Ecclesiae
772 1160 914 1224 insonuit
929 1179 988 1223 vox
1003 1159 1205 1223 interioribus
1260 1160 1439 1242 opprimere
1454 1168 1485 1223 et
1498 1161 1615 1223 delere.
1633 1162 1701 1224 lam
1721 1170 1858 1241 quatuor
1875 1162 1988 1243 patriar

459 1258 588 1320 auribus
609 1258 726 1321 Fratris
743 1282 784 1321 :a
807 1259 900 1337 Audi,
916 1258 965 1321 sui
987 1259 1041 1336 mi,
1058 1277 1153 1321 voces
1175 1266 1207 1321 et
1261 1257 1368 1320 cheles
1392 1258 1485 1321 amisi
1505 1259 1676 1339 Ecclesiae,
1693 1267 1724 1323 et
1745 1259 1861 1342 perfidi
1880 1259 1923 1321 illi
1940 1260 1988 1322 lle

458 1356 596 1438 gemitus
611 1356 721 1419 metris
735 1364 809 1435 tuae,
825 1358 987 1440 perpende
1001 1357 1160 1439 singultus
1175 1364 1206 1419 et
1261 1373 1362 1418 mane
1376 1373 1502 1437 quoque
1516 1356 1606 1419 Sedis
1628 1357 1734 1420 locum
1750 1366 1784 1419 et
1804 1357 1909 1420 urbem
1923 1377 1987 1439 pre

459 1453 701 1517 lamentationes
726 1454 982 1533 deformissime,
1009 1454 1206 1517 fidelissime
1261 1461 1391 1515 sumunt
1411 1454 1546 1536 adipisci
1568 1474 1606 1517 ec
1627 1454 1786 1518 demoliri.

412 1584 415 1589 ·
459 1560 491 1615 61
505 1552 780 1616 affectuosissime
802 1553 923 1616 matris.
939 1553 1087 1635 Pungunt
1108 1562 1140 1615 et
1154 1571 1207 1634 pe·
1301 1575 1317 1611 «
1340 1552 1491 1616 Praeterea
1514 1553 1574 1617 hoc
1600 1572 1685 1617 nunc
1707 1554 1925 1635 superomnia
1946 1574 1987 1615 rna

458 1658 585 1712 netrant
616 1670 668 1713 me
702 1650 917 1714 intolerabiles
951 1650 1206 1731 amarissimique
1262 1650 1438 1730 contristat,
1461 1660 1492 1715 et
1513 1652 1638 1715 viscere
1661 1652 1802 1715 caritatis
1822 1672 1859 1715 ae
1879 1653 1988 1734 pietatis

459 1748 597 1827 dolores,
627 1748 704 1829 ipsis
731 1768 859 1830 quoque
891 1748 1008 1812 inferni
1043 1748 1206 1812 doloribus
1262 1768 1340 1811 meae
1373 1750 1552 1829 transfodit,
1582 1750 1734 1813 dilacerat
1765 1758 1798 1813 et
1831 1759 1987 1831 extorquet,

460 1848 694 1928 quodammodo
708 1847 881 1929 graviores.
894 1846 1005 1911 Nonne
1019 1847 1111 1910 dolor
1125 1866 1207 1911 com·
1223 1855 1246 1916 B
1261 1848 1344 1928 quod
1364 1866 1427 1917 non
1446 1848 1646 1911 obstantibus
1666 1856 1711 1913 tot
1730 1868 1767 1912 ac
1788 1850 1881 1911 tantis
1895 1849 1990 1911 adver-

460 1945 618 2027 passionis
632 1944 816 2025 frequenter
830 1946 953 2009 excedit
973 1946 1114 2009 dolorem
1137 1965 1208 2027 pas·
1262 1945 1420 2025 sitatibus,
1449 1945 1594 2009 cladibus
1622 1956 1652 2009 61
1688 1946 1990 2010 dimembrationibus

372 2112 377 2127 Ι
461 2044 571 2121 sionis,
600 2044 869 2126 quemadmodum
897 2052 929 2107 et
957 2044 989 2105 in
1019 2045 1142 2125 Sponsa
1169 2063 1206 2105 ec
1261 2044 1336 2125 mei,
1354 2044 1446 2107 video
1467 2044 1555 2107 filios
1577 2064 1665 2108 meos
1685 2053 1796 2109 contra
1815 2064 1847 2107 se
1868 2044 1989 2107 invicem
2105 2110 2106 2119 ,

461 2142 595 2205 Domino
622 2160 694 2204 meo
722 2151 852 2224 propter
883 2161 935 2204 me
968 2150 1000 2204 et
1027 2161 1084 2204 vos
1119 2140 1206 2204 cruci
1262 2142 1467 2223 inflammari,
1493 2143 1659 2221 dissidere,
1686 2142 1873 2224 confligere,
1895 2144 1990 2224 sieque

461 2239 582 2303 61111161
603 2240 744 2314 Qualiter
766 2248 858 2321 putas
879 2260 931 2303 me
953 2240 1140 2318 excruciari,
1161 2240 1207 2301 ef·
1262 2241 1398 2303 hostium
1428 2259 1556 2304 suorum
1587 2260 1699 2303 munus
1727 2242 1851 2322 juvare,
1876 2262 1911 2303 ae
1938 2241 1991 2302 illis

460 2338 544 2420 fligi,
561 2338 625 2401 imo
639 2338 801 2401 doloribus
816 2336 988 2416 absorberi,
1004 2339 1079 2401 dum
1101 2338 1207 2402 recolo
1261 2338 1424 2420 cooperari
1450 2338 1482 2400 iu
1510 2338 1722 2403 diminutione
1752 2338 1992 2403 conculcatione

459 2437 564 2518 qualis
579 2436 697 2500 fuerim
711 2436 800 2514 olim,
817 2455 912 2518 quam
927 2436 1076 2518 gloriosa,
1094 2445 1207 2518 petens
1261 2457 1322 2518 quc
1339 2436 1485 2515 mei,im0
1500 2437 1531 2498 in
1547 2437 1732 2501 dilaniando
1746 2446 1777 2501 et
1791 2439 1993 2520 persequendo

459 2544 492 2599 et
517 2535 645 2618 inclyta,
661 2535 811 2597 omuibus
834 2535 1015 2598 divinorum
1035 2536 1208 2597 charisma·
1261 2553 1312 2596 me
1328 2541 1460 2595 matrem
1477 2554 1566 2596 suam
1588 2533 1839 2597 maestissimum.
1856 2534 1993 2597 111111661-

460 2641 527 2696 tum
555 2632 734 2697 allluentiis
761 2634 919 2711 decorata,
939 2641 1014 2697 ‘toto
1042 2636 1118 2697 orbe
1147 2642 1208 2696 161-
1261 2651 1313 2714 36,
1339 2652 1358 2695 o
1383 2632 1455 2711 filii,
1483 2631 1580 2694 redite
1605 2631 1644 2694 ad
1673 2652 1739 2711 eor,
1766 2632 1872 2695 audite
1901 2641 1993 2695 meet

461 2752 566 2795 rarum
587 2732 681 2813 longe
702 2751 739 2794 ac
761 2732 822 2795 late
843 2732 972 2808 diffusa,
990 2732 1108 2794 sanctis
1130 2752 1208 2815 prac-
1261 2730 1453 2811 acquiescite
1473 2730 1563 2792 mibi.
1580 2730 1735 2811 lgnoscite
1752 2740 1872 2809 mutuo,
1888 2739 1993 2794 611611-

461 2830 534 2892 latis
569 2829 710 2910 undique
739 2829 876 2910 fulgens,
907 2829 1136 2892 strenuissimis
1171 2850 1207 2893 ac
1262 2848 1312 2892 sas
1340 2837 1461 2891 vestras
1490 2830 1665 2891 secundum
1701 2837 1843 2893 tenorem
1876 2828 1994 2911 justitie
2106 2840 2107 2853 ³

461 2928 610 2991 virtuosis
636 2927 834 3010 principibus
858 2928 1010 3009 gaudens,
1027 2937 1058 2990 et
1075 2947 1133 3010 per
1153 2948 1208 2991 eos
1262 2927 1498 3011 prosequemini
1527 2926 1703 3007 caritative,
1732 2928 1941 3009 confugiendo
1955 2926 1994 2987 'ad
2106 2954 2107 2971 1

462 3028 502 3090 de
521 3026 710 3089 adversariis
725 3025 805 3089 meis
826 3026 977 3107 praeclare
996 3027 1206 3108 triumphans,
1226 3030 1247 3094 C
1263 3025 1435 3107 superioris
1458 3025 1553 3089 vestri
1574 3025 1744 3107 judicium,
1761 3026 1793 3088 id
1814 3035 1863 3089 est
1877 3023 1995 3089 Romani

462 3122 749 3188 innumerabilibus
782 3122 895 3186 turmis
930 3122 1207 3186 devotissimorum
1263 3124 1438 3203 Pontificis‚
1455 3133 1509 3186 aut
1523 3123 1634 3204 synodi
1649 3123 1820 3206 generalis,
1835 3144 1906 3206 que
1924 3131 2021 3196 certe,

463 3222 684 3304 religiosorum
708 3222 874 3302 utriusque
903 3240 996 3284 serus
1025 3240 1208 3299 coruscans,
1263 3242 1281 3285 a
1302 3221 1419 3304 Spiritu
1439 3223 1553 3284 Sancto
1573 3220 1731 3303 dirigitur.
1750 3221 1852 3285 Nolite
1875 3241 1923 3284 me
1943 3239 1997 3282 ma·

463 3320 607 3402 collegiis
635 3338 761 3402 quoque
789 3318 965 3382 innumeris
998 3327 1031 3381 et
1065 3318 1210 3400 personis
1263 3330 1342 3383 trem
1360 3329 1496 3382 vestram
1518 3319 1550 3381 in
1575 3319 1653 3382 filiis
1675 3321 1766 3401 meis,
1783 3320 1934 3402 proximis
1956 3339 1999 3379 re

463 3420 643 3482 constitutis
666 3419 699 3480 in
724 3417 823 3481 sacris
846 3417 1027 3496 Ordinibus,
1044 3417 1077 3479 in
1098 3419 1210 3480 timore
1265 3419 1348 3496 stris,
1379 3417 1453 3500 igne
1488 3425 1520 3480 61
1547 3417 1653 3498 gladio
1688 3419 1866 3498 devastare,
1897 3435 2000 3500 egenos

462 3520 517 3582 Dei
541 3527 573 3581 et
599 3517 802 3581 observantia
831 3516 967 3597 regulari
995 3515 1212 3579 conversanti·
1265 3516 1446 3599 opprimere
1466 3535 1504 3579 ac
1527 3515 1664 3578 invicem
1687 3516 1858 3579 trucidare.
1875 3516 1938 3579 11116
1956 3533 2001 3596 po
2107 3505 2108 3514 ¹

463 3619 534 3698 bus,
551 3619 740 3700 pemrnatal
755 3616 800 3678 Ex
820 3614 936 3696 quibus
950 3614 1099 3676 omnibus
1121 3613 1211 3696 plebs
1266 3616 1328 3677 tius
1352 3634 1409 3696 per
1436 3633 1544 3676 veram
1574 3613 1799 3676 contritionem
1829 3613 2001 3678 reconcilie-

464 3715 643 3780 communis
658 3714 847 3777 mirabiliter
866 3732 903 3775 ac
926 3713 1095 3775 salubriter
1113 3711 1213 3774 6111111-
1266 3713 1345 3776 mini
1370 3714 1444 3790 Dee,
1468 3720 1500 3774 at
1523 3711 1688 3775 condolete
1713 3712 1868 3793 proximis
1888 3721 1919 3776 et
1938 3729 2001 3775 eon·

465 3815 606 3891 sabatur,
629 3821 662 3876 61
684 3830 817 3875 numere
841 3831 878 3874 ac
902 3810 1015 3873 merito
1040 3809 1150 3886 crevit,
1179 3809 1211 3870 in
1266 3811 1416 3874 fidelibus
1445 3810 1570 3888 vestris,
1600 3810 1655 3891 qui
1685 3811 1726 3873 ab
1761 3809 1945 3874 infidelibus
1976 3817 2001 3870 at

464 3921 586 3976 tantum
607 3912 691 3992 quod
712 3918 742 3973 et
764 3909 914 3972 infideles
934 3909 1052 3991 passim
1071 3916 1104 3972 et
1122 3908 1213 3970 1111111-
1267 3909 1408 3992 tyrannis
1434 3907 1617 3971 sevissimis
1642 3907 1783 3989 quetidie
1811 3910 2001 3983 devorantur,

464 4031 526 4094 que
547 4011 812 4074 convertebantur
830 4009 870 4070 ad
895 4008 1064 4086 Christum,
1081 4015 1112 4069 et
1132 4006 1211 4068 mihi
1266 4009 1384 4091 gladio,
1395 4007 1489 4086 fame,
1503 4007 1696 4089 captivitate,
1707 4007 1825 4070 tributo
1840 4015 2000 4070 vastantur.

465 4108 760 4192 incorporabautur.
777 4107 910 4188 insuper
927 4106 960 4168 in
974 4115 1111 4187 quatuor
1131 4105 1213 4167 Men·
1266 4105 1404 4180 Onerum
1429 4105 1490 4167 filii
1519 4113 1551 4167 61
1579 4104 1657 4167 111116
1683 4105 1785 4168 adbuc
1812 4105 1947 4168 infantes
1969 4102 2000 4164 ad

465 4208 639 4273 dicentium
663 4204 829 4269 ordinibus
852 4202 1022 4285 gloriabar,
1039 4204 1071 4265 in
1095 4203 1213 4284 quibus
1228 4210 1252 4270 D
1268 4205 1447 4268 infidelium
1476 4212 1575 4266 terras
1604 4204 1781 4281 mittuntur,
1813 4213 2001 4285 quatenusa

465 4305 625 4370 abundavi
654 4302 800 4387 persenis
829 4302 974 4365 litteratis
1002 4321 1038 4364 ee
1067 4301 1210 4378 1611111116,
1268 4303 1576 4383 sanctissimamque
1592 4301 2002 4381 mundissimeChristilege

465 4406 653 4488 regulariter
663 4401 946 4483 exemplariterque
957 4400 1148 4476 viventibus
1158 4419 1214 4481 per
1268 4401 1430 4479 abstracti,
1447 4400 1631 4463 imbuantur
1651 4401 1730 4482 lege,
1749 4401 1815 4463 imo
1836 4399 2003 4482 turpissima

466 4526 545 4588 quas
570 4502 779 4569 saluberrime
804 4499 998 4562 fructificavi
1021 4500 1061 4561 ad
1083 4518 1214 4562 eonver—
1271 4499 1359 4578 laeee,
1377 4498 1606 4580 superstitiosis
1628 4497 1804 4580 figmentis,
1823 4495 2005 4562 falsissimis·

467 4607 601 4679 sionem,
619 4601 796 4683 profectum
812 4618 849 4661 ac
870 4597 1100 4661 beatitudinem
1115 4597 1215 4680 pluri·
1266 4617 1328 4681 que
1349 4597 1503 4661 doctrinis
1529 4596 1729 4678 spurcissimi
1749 4616 1786 4659 ac
1802 4594 2006 4659 immundissi-

467 4721 602 4766 morum.
627 4701 698 4777 Sed,
722 4700 796 4777 heu,
818 4697 892 4774 beu,
914 4697 997 4758 beul
1018 4696 1084 4777 jam
1106 4695 1214 4758 emnia
1268 4696 1311 4759 mi
1325 4693 2007 4759 blabometi.flancfidelissimaeacdesolatis·

389 4830 411 4858 a.
467 4809 685 4874 summersa,
711 4796 888 4859 deformata
913 4803 944 4857 et
972 4793 1070 4875 lapsa.
1097 4793 1215 4856 Obscu-
1268 4795 1355 4858 sime
1368 4793 1476 4856 matris
1492 4801 1604 4856 vestrae
1615 4791 2007 4873 benignaeadmouitionem

467 4909 570 4964 ratum
592 4905 640 4960 est
659 4914 782 4973 eurum,
799 4902 937 4956 mutatus
961 4902 1009 4954 est
1028 4893 1116 4955 color
1135 4892 1215 4974 opti·
1268 4901 1428 4974 gratanter
1452 4891 1700 4972 obedienterque
1726 4891 1882 4974 suscipite
1906 4899 1935 4953 61
1958 4890 2007 4951 im-

467 5018 549 5062 mus.
574 4995 612 5058 Et
640 5012 699 5075 ego
727 4993 796 5074 ipsa
824 4991 900 5055 olim
928 5000 990 5053 tam
1018 4990 1157 5072 gratiosa
1184 4998 1216 5052 61
1269 4991 1353 5073 plete
1379 5013 1407 5053 11.
1435 4989 1482 5052 Ad
1507 4989 1633 5052 laudem
1657 4997 1688 5051 et
1711 4988 1848 5071 gloriam
1874 4989 2008 5068 Omnipo

467 5098 611 5181 pulchra,
628 5103 692 5156 tam
716 5101 827 5175 potens
851 5110 888 5153 ac
913 5091 1090 5171 splendida,
1111 5089 1217 5153 delor—
1272 5089 1378 5170 tentis,
1394 5089 1449 5171 qui
1465 5097 1513 5152 est
1534 5107 1630 5170 super
1647 5087 1755 5150 omnia
1770 5089 1855 5152 Deus
1875 5085 2006 5151 sublimis

467 5198 529 5261 mis
560 5194 679 5259 effecta
707 5209 790 5271 sum,
819 5188 988 5270 exsanguis
1016 5198 1048 5252 et
1076 5189 1213 5271 bispida,
1271 5197 1303 5250 et
1324 5188 1522 5252 benedictus.
1539 5189 1650 5250 Amen.

1179 5311 1305 5362 FINIS.
