4309 6250
365 525 371 540 ,
467 474 529 539 242
775 492 895 540 comm
914 491 1084 540 rammrmt
1103 491 1277 554 uanousrr,
1300 493 1388 540 nram
1409 493 1431 540 1.
1454 513 1495 524 -
1514 494 1587 540 mr.
1613 494 1659 553 m,
1682 496 1713 542 u

466 662 599 746 capituli
620 663 768 727 Alooraui
791 663 944 747 scriptum
966 672 1016 728 ost
1030 687 1039 726 t
1055 665 1214 726 Christia·
1228 665 1254 726 A
1268 667 1551 742 suscipiens,natce
1565 687 1633 728 suar
1646 675 1849 728 crementum
1863 666 2003 742 optimum

465 779 585 820 norum
607 764 788 822 sacerdotes
810 782 849 822 ac
863 767 1022 839 praesules
1039 781 1106 822 non
1127 762 1216 821 indi-
1269 783 1387 842 corque
1406 767 1637 842 firmissimum
1657 768 1763 825 dedit.
1784 768 1880 827 Hanc
1900 766 2004 824 Zocbo·

461 867 601 935 anantes
614 869 673 919 aut
683 861 950 936 prunrmptuosi,
964 880 1066 939 quum
1082 861 1215 919 verbum
1271 862 1340 920 rios
1355 864 1391 922 in
1414 866 1549 922 tutelam
1564 883 1657 922 suam
1678 863 1870 938 suscipiens,
1886 863 2004 941 quoties,

464 973 564 1032 super
586 958 779 1033 propbetam
802 956 967 1038 (videlicet
990 956 1215 1034 bahumetum)
1271 967 1307 1018 ut
1321 961 1484 1019 orationes
1496 960 1723 1035 funderet,ad
1736 962 1845 1019 attare
1855 961 2004 1034 processit,

459 1054 605 1128 positum
613 1055 769 1126 andiunt,
776 1057 1009 1134 veritatemque
1016 1063 1214 1131 coquoscunt,
1269 1055 1402 1129 fructus
1415 1057 1552 1131 optimos
1572 1055 1815 1131 intempestivos
1833 1073 1930 1131 super
1946 1074 2003 1114 eom

465 1151 689 1211 lacrimantur
706 1161 737 1212 et
750 1155 868 1212 dicunt
883 1173 895 1212 :
911 1156 936 1215 0
950 1155 1049 1222 Deus,
1064 1171 1122 1211 nos
1141 1171 1214 1211 cum
1271 1153 1408 1213 invenit.
1426 1155 1504 1220 aaa
1518 1153 1558 1210 ab
1576 1172 1612 1211 eo
1630 1154 1770 1232 quasita
1788 1155 1877 1212 unde
1895 1153 1947 1211 bos
1962 1172 2004 1211 su·

466 1247 537 1307 illis
565 1250 656 1308 bonis
682 1251 869 1311 bominibus
896 1253 1074 1320 medentes,
1101 1258 1131 1310 te
1159 1269 1216 1309 nos
1272 1259 1384 1318 meret,
1400 1251 1510 1328 inquit
1525 1252 1580 1311 :A
1595 1253 1675 1320 Deo,
1690 1250 1752 1328 qui
1768 1252 2004 1319 minumum

468 1345 539 1404 illis
551 1348 789 1406 assom'aturum
810 1367 933 1408 summe
953 1365 1131 1423 speramus.
1148 1349 1217 1408 Hoc
1269 1348 1352 1423 facit
1367 1350 1553 1408 innumera.
1568 1349 1739 1408 Zacborice
1752 1349 1903 1423 deinceps
1915 1351 2002 1408 Deum

468 1452 578 1502 autem
588 1446 683 1503 uerbo
689 1445 885 1520 paradisum
899 1455 1075 1505 merentur.
1083 1443 1215 1522 RursuS,
1270 1447 1461 1520 deprecanti
1474 1455 1511 1505 ut
1526 1447 1591 1505 sibi
1606 1446 1718 1522 filium
1734 1454 1871 1522 pratum
1890 1447 2003 1505 bonori-

468 1539 609 1622 oapitulo
629 1541 778 1605 Aloorani
802 1541 964 1604 tricesimo
985 1542 1103 1623 primo,
1126 1541 1217 1602 indu·
1269 1547 1431 1621 ficumque
1450 1545 1622 1613 tribueret,
1637 1562 1738 1622 quum
1759 1546 1922 1604 orationes
1941 1553 2004 1602 ante

468 1639 550 1700 citur
570 1638 653 1700 Deus
673 1638 808 1720 loquens
825 1663 833 1702 z
849 1645 879 1703 A
895 1643 987 1700 nobis
1003 1643 1122 1718 cuique
1139 1657 1217 1716 pen·
1270 1642 1377 1698 altare
1403 1640 1560 1715 funderet
1590 1659 1701 1699 coram
1727 1643 1807 1709 Deo,
1831 1641 1938 1717 onyeli
1962 1661 2003 1700 re·

466 1737 553 1795 tium
576 1739 631 1796 len
654 1757 752 1815 quam
777 1747 935 1816 sequatur
958 1747 1004 1798 est
1024 1737 1142 1813 posita.
1163 1733 1217 1796 So-
1271 1739 1584 1812 sponderent-oeus
1600 1747 1715 1797 vestroe
1722 1739 1882 1812 petitioni
1890 1739 2003 1813 satisfa-

465 1833 576 1913 quenti
610 1852 737 1916 qnoque
770 1833 888 1897 ibidem
923 1833 1063 1916 capitulo
1099 1832 1214 1914 sepius
1233 1831 1564 1913 Bciens,optimoque
1577 1836 1696 1894 nuntio
1711 1843 1742 1894 te
1757 1835 1938 1911 laetificans,
1950 1837 2005 1912 fiti-

464 1931 593 2013 dieitur,
608 1934 693 2014 quod
708 1939 795 1997 Dens
809 1936 951 2011 sineretis
962 1936 1115 2010 pentibus
1131 1953 1214 1993 nun·
1272 1950 1329 1990 um
1343 1933 1405 1989 tibi
1414 1933 1582 2006 promittit
1595 1935 2003 2009 loannem,confirmantem

465 2031 527 2090 tios
546 2032 650 2102 misit,
665 2034 845 2110 unicuique
865 2051 906 2090 ea
923 2040 1019 2108 pente
1040 2052 1109 2092 sua.
1126 2030 1214 2104 Quod
1271 2031 1544 2108 serenumque
1564 2031 1619 2090 oir
1640 2031 1859 2107 bonus,virpo
1875 2049 2004 2106 perseue-
2102 2039 2103 2056 ¹

462 2127 561 2189 etiam
580 2127 614 2188 in
634 2127 743 2190 multis
764 2127 912 2191 Alcorani
931 2127 1080 2209 capitulis
1101 2127 1211 2191 fertur.
1271 2147 1359 2188 rans.
1377 2128 1556 2187 Zacharias
1569 2129 1660 2188 dimit
1671 2149 1683 2187 :
1694 2131 1802 2196 Quum
1822 2131 1886 2188 sim
1907 2148 2002 2198 senem

462 2225 551 2288 Unde
575 2226 714 2288 sensisse
738 2225 876 2302 videtur,
898 2244 1157 2308 unumquemque
1181 2226 1214 2288 in
1270 2244 1419 2304 uxorque
1446 2245 1516 2284 mea
1546 2227 1683 2296 sterilis,
1704 2230 1834 2302 protem
1863 2229 2003 2305 quomodo

463 2321 534 2404 lego
555 2324 651 2387 sibia
671 2325 735 2388 Deo
756 2323 872 2387 collata
893 2343 987 2405 posse
1009 2323 1137 2386 salvari.
1156 2324 1215 2386 Ve-
1269 2322 1547 2398 faeiamldnaeli
1559 2324 1658 2393 :Deo
1671 2325 1846 2402 inquiunt,
1863 2326 1946 2384 nibil
1966 2333 2004 2382 est

463 2428 643 2484 sumtamen
662 2422 851 2486 duodecimo
870 2421 1019 2485 Alcomni
1040 2420 1143 2484 fertur
1164 2441 1215 2484 ca·
1271 2420 1478 2496 impossibile.
1493 2421 1616 2498 Annali
1637 2440 1757 2480 rursus
1781 2423 1903 2482 Maria
1924 2423 2004 2482 dice·

464 2518 567 2600 pitulo
580 2521 883 2591 :Sciendummiros
898 2523 1018 2597 lepum,
1028 2521 1157 2579 nullius
1172 2524 1214 2579 le·
1271 2525 1350 2576 runt
1361 2521 1408 2580 :0
1428 2519 1554 2588 Maria,
1569 2519 1697 2577 cunctis
1715 2520 1802 2578 uiris
1820 2520 2004 2597 feminisque

460 2619 515 2694 pis
531 2619 650 2695 fideioe
666 2620 900 2694 perfectionem
920 2619 1060 2697 assequi,
1075 2619 1144 2677 nisi
1159 2621 1214 2680 Te·
1264 2615 1474 2689 preclarior,
1497 2616 1559 2675 soti
1584 2618 1651 2677 Deo
1672 2627 1926 2692 perseueranter
1947 2626 2004 2676 stu-

462 2718 619 2776 stamenti
625 2725 656 2776 et
666 2718 844 2793 annpelii
852 2737 891 2776 ac
904 2717 1005 2794 liujus
1019 2717 1102 2776 libri
1115 2735 1135 2775 α
1148 2721 1214 2779 Deo
1268 2713 1359 2780 dens,
1370 2714 1478 2788 ipsum
1492 2732 1566 2773 cum
1582 2714 1765 2776 humilibus
1775 2733 1947 2794 penitaque
1956 2715 2004 2790 fle·

459 2815 692 2896 positi(utputa
701 2813 861 2894 bicorani)
868 2815 1041 2890 praeceptis
1050 2815 1211 2876 obediant.
1267 2812 1428 2870 cientibus
1448 2813 1561 2873 adora.
1582 2810 1716 2892 Insuper
1739 2812 1779 2874 de
1804 2813 1865 2876 hac
1887 2811 2004 2875 materia

500 2910 545 2972 lix
568 2911 620 2973 bis
644 2929 715 2974 reor
738 2919 845 2993 patore
864 2910 940 2992 quid
959 2910 1071 2973 tdahon
1092 2918 1124 2972 et
1143 2911 1213 2972 Sar-
1267 2905 1419 2970 vicesimo
1443 2915 1555 2971 octavo
1579 2907 1728 2972 Alcorani
1756 2910 1898 2992 capitulo
1917 2908 2005 2971 multa

461 3010 568 3072 raoeni
587 3028 662 3072 eum
681 3017 862 3090 sequentes,
877 3009 917 3072 de
938 3009 1061 3072 Christo
1082 3007 1249 3072 Christi-G
1267 3004 1460 3068 scribuntur.
1479 3007 1539 3068 Sed
1562 3007 1623 3069 ista
1646 3015 1678 3070 et
1697 3009 1836 3071 maxime
1853 3008 1908 3071 illa
1926 3007 2004 3070 falsis

458 3106 593 3189 unisque
625 3107 773 3170 sentiant.
801 3106 862 3169 Sed
892 3126 989 3189 quam
1018 3124 1151 3170 erronea
1179 3114 1211 3170 et
1266 3110 1297 3165 et
1321 3100 1476 3167 fabulosis
1501 3104 1753 3187 recitationibus,
1779 3115 1815 3169 ut
1839 3106 1923 3170 inira
1944 3123 2005 3189 pro

459 3205 612 3269 mendosa
639 3224 678 3267 ac
706 3205 768 3268 sibi
796 3205 936 3268 invicem
961 3204 1121 3268 contraria
1148 3206 1212 3267 sint
1266 3200 1404 3281 habitur,
1430 3202 1796 3285 depravantur.1)e'his
1822 3224 1899 3289 ergo
1922 3205 2004 3267 modo

458 3302 526 3383 jam
557 3321 596 3365 ex
624 3302 780 3366 Alcorano
808 3310 841 3365 et
867 3302 1015 3365 Doctrina
1042 3301 1209 3365 blahometi
1264 3308 1461 3381 pertranseo,
1491 3301 1551 3363 hoc
1587 3301 1691 3365 solum
1726 3302 1897 3385 adjiciens,
1930 3300 2026 3385 quod·

460 3400 607 3481 allegata,
623 3399 707 3462 inira
720 3400 792 3463 luce
806 3400 924 3463 clarius
939 3400 1133 3463 ostendetur.
1266 3398 1404 3479 capitulo
1418 3397 1568 3463 Alcorani
1584 3402 1820 3483 septuagesimo
1842 3410 1951 3483 quarto
1963 3400 2004 3460 in-

1264 3496 1392 3558 ducitur
1410 3496 1492 3559 Deus
1513 3497 1623 3560 dicens
1641 3522 1648 3559 ε
1665 3502 1780 3561 Μανία
1794 3521 1828 3561 se
1842 3501 2003 3577 diripondo
2102 3546 2103 3551 ,

665 3602 911 3669 ARTIGULUS
936 3602 998 3664 III.
1263 3596 1316 3655 nit
1339 3596 1477 3657 matitia
1500 3605 1558 3656 out
1577 3599 1759 3673 pravitatis
1782 3608 1916 3675 operata
1937 3606 1977 3657 est
1994 3616 2003 3654 :
2102 3604 2103 3613 ’

458 3745 594 3818 Scripta
607 3743 770 3803 Alcorani
782 3750 813 3801 et
832 3740 1017 3800 testimonia
1031 3742 1211 3801 Mabometi
1266 3694 1354 3753 unde
1372 3702 1517 3755 mmm
1536 3714 1682 3756 ammam
1703 3698 1950 3773 'mmmmm
1967 3713 2001 3755 ⁶²¹

499 3835 540 3892 de
558 3833 673 3893 Maria
696 3831 828 3907 oirpine
850 3838 881 3888 et
898 3831 1025 3890 Ioanne
1041 3831 1208 3904 Baptista,

495 3921 756 3999 parentibusque
769 3938 893 3979 eorum.
1473 3938 1719 4004 ARTIGULUS
1743 3942 1802 4004 IV·

530 4082 644 4147 UINTO
655 4082 803 4147 Alcormi
818 4084 959 4166 capitulo
973 4086 1127 4168 scriptum
1142 4096 1206 4150 est:
1265 4080 1357 4146 Quod
1376 4078 1592 4147 Mobometus,
1606 4081 1753 4139 omnium
1770 4081 2000 4157 principalium

543 4185 653 4244 Adam
673 4192 704 4242 et
723 4184 792 4245 Noe
811 4204 850 4243 ac
863 4186 1032 4246 Abrabam
1053 4186 1210 4266 illiusque
1225 4191 1250 4252 D
1305 4167 1600 4227 hoeresmwkamm
1616 4168 1676 4245 qul
1689 4188 1762 4228 eum
1779 4177 2003 4271 femPOreploe·

455 4282 682 4361 posteritatem
695 4289 726 4340 et
740 4282 887 4341 Joacbim
895 4285 983 4343 Deus
997 4284 1143 4359 depluat
1157 4304 1209 4345 su·
1303 4264 1481 4359 ⁶²⁸‚397W’
1503 4256 1639 4315 luerem
1660 4258 1886 4360 perfiflfflique
1911 4277 2002 4360 Υθδθζ·

455 4397 518 4456 per
531 4396 657 4437 omnem
668 4386 798 4454 pentem
811 4379 944 4437 emtum·
960 4381 1050 4440 Umor
1062 4382 1210 4441 joachim
1305 4347 1387 4413 butt,
1398 4353 1428 4403 et
1445 4352 1608 4447 resorptus
1621 4354 1764 4405 euomuit
1779 4365 1817 4405 ac
1833 4356 2001 4451 renovavit,

458 4497 492 4537 33
516 4476 694 4553 qravidam
720 4478 874 4545 ,enh-em,
902 4477 952 4535 a„
976 4496 988 4535 1,
1013 4479 1098 4547 Tibi,
1123 4481 1210 4538 Deus
1304 4436 1484 4509 multosque
1499 4450 1635 4507 insuper
1649 4453 1780 4493 errores
1795 4440 1964 4513 sacrilepos
1975 4444 2001 4493 et

729 4574 736 4588 ,
838 4576 844 4589 ‚
1305 4522 1544 4596 superstitiosos
1563 4522 1713 4592 induerit,
1730 4531 1762 4583 et
1773 4540 1859 4598 pene
1880 4526 2001 4584 tertiam

458 4583 599 4643 mmm
625 4582 750 4632 ”emm
778 4593 842 4633 Μ
865 4582 1052 4649 mmmm
1081 4594 1208 4646 'mm’
1300 4618 1429 4685 partem
1445 4610 1613 4669 bominum
1629 4629 1734 4671 secum
1755 4612 1791 4672 in
1803 4615 2000 4691 profundum

457 4675 566 4749 ipsum
582 4671 644 4731 tibi
661 4671 724 4730 soli
740 4673 931 4731 seruientem
951 4674 1063 4731 deuote
1081 4677 1209 4748 postulo
1304 4698 1776 4775 inferni,incomprehensibili
1784 4710 1814 4761 εἰ
1825 4706 1944 4763 occulto
1953 4703 2002 4761 ,ed

456 4770 607 4846 aequeris
632 4768 794 4844 muliere·
827 4770 935 4835 Quum
964 4778 1074 4828 aulem
1101 4771 1208 4846 filiam
1295 4787 1389 4865 justo
1401 4788 1465 4848 Dei
1470 4788 1603 4864 judicio
1614 4790 1998 4863 permittente,demersit.

451 4866 643 4944 peperisset,
657 4866 751 4943 eique
770 4883 886 4925 nomen
899 4866 1046 4925 Mariam
1067 4867 1207 4942 imposu-

455 4967 544 5034 isset,
558 4964 650 5022 diut't
664 4982 677 5021 .·
690 4963 814 5024 Natam
833 4981 938 5022 meam
957 4982 1115 5042 mamque
1132 4982 1208 5040 pro-
1331 4962 1355 5023 B
1376 4962 1505 5026 exordio
1529 4964 1764 5046 praedicationis
1787 4966 1999 5050 Apostolorum

454 5066 518 5123 lem
550 5070 617 5131 tuo,
646 5063 745 5129 Deus,
774 5062 933 5138 obsequio
949 5062 1084 5135 penitus
1112 5063 1207 5122 deuo·
1346 5059 1471 5122 Domini
1493 5062 1594 5123 nostri
1613 5062 1685 5124 lesu
1700 5063 1828 5144 Christi,
1845 5073 2000 5148 coeperunt

455 5170 518 5231 tas,
545 5179 565 5219 a
596 5158 833 5219 tentationibus
859 5166 890 5217 et
920 5158 1054 5217 insidiis
1082 5161 1207 5221 diaboti
1262 5159 1478 5223 heresiarcha
1492 5158 1621 5240 quidam
1635 5162 1916 5243 exsurgerminter
1929 5180 1999 5244 qnos

450 5260 681 5339 prosequens
697 5256 817 5315 matris
835 5263 945 5315 cotum
965 5258 1053 5317 Deus
1070 5258 1207 5335 benipne
1260 5259 1391 5323 fuerunt
1418 5256 1516 5320 Ebion
1550 5265 1582 5319 et
1609 5257 1788 5339 Corinthus,
1819 5262 1876 5344 qui
1904 5262 1997 5324 adbuc
