4309 6250
449 464 509 531 tae
779 486 898 535 cauma
918 487 1085 537 ruaarorxrr
1105 487 1277 548 uuonan,
1299 486 1387 534 arona
1408 488 1449 533 ur.
1471 505 1512 516 —
1531 487 1602 533 aar.
1625 487 1671 533 xu

308 665 435 717 «let-¹1¹4
450 656 502 721 nis
529 658 721 741 paralyticus
748 658 859 742 jacuit,
886 660 983 722 verbo
1011 658 1121 722 erexit.
1152 658 1238 721 AbA
1255 659 1392 723 troclum
1411 676 1540 740 quoque
1558 657 1695 751 Neronis
1714 658 1902 742 imperatoris
1920 664 1986 748 pin

306 732 338 774 ‘⁰'
450 755 573 819 Herode
595 758 821 838 incarceratus,
848 758 888 820 ab
912 758 1026 839 angelo
1051 766 1099 820 est
1123 758 1199 819 edu-
1253 776 1382 821 cemam
1407 757 1606 838 defunctum,
1623 758 1748 821 reduxit
1766 759 1805 821 ad
1826 761 1926 825 vitam.
1942 765 1985 826 ln

310 864 435 915 remeas
451 863 532 917 ctus.
549 857 630 919 Dum
645 857 823 921 Cornelium
845 856 1062 920 centurionem
1082 856 1198 939 atejus
1253 856 1464 919 numerabilia
1488 854 1618 918 luerunt
1642 857 1713 938 ejus
1733 856 1898 923 miracula:
1914 882 1982 924 nam

304 932 338 972 ‘⁶'
451 955 570 1018 amicos
600 955 781 1034 instrueret,
807 954 973 1019 descendit
1002 975 1098 1037 super
1125 954 1197 1019 illos
1253 963 1285 1019 et
1298 974 1398 1037 quum
1413 954 1581 1018 duodecim
1600 955 1684 1018 viros
1699 955 1888 1037 baptizasset,
1903 961 1983 1023 venit
1994 988 2115 1032 scama,

451 1052 585 1135 Spiritus
611 1054 744 1117 Sanctus
769 1054 802 1116 in
828 1055 919 1136 signo
944 1054 1074 1134 visibili,
1098 1063 1130 1117 ct
1153 1054 1199 1116 lo·
1254 1073 1351 1136 super
1373 1054 1445 1116 illos
1466 1054 1500 1115 in
1525 1053 1618 1135 signo
1636 1054 1756 1116 visibili
1776 1056 1898 1137 Spiritus
1914 1052 2014 1120 San-⁷·
2114 1075 2115 1102 ³

450 1153 631 1232 quebautur
644 1154 739 1215 variis
755 1153 882 1234 linguis.
900 1153 1015 1215 Filium
1031 1153 1196 1234 Theophili
1254 1162 1335 1233 ctus,
1351 1160 1384 1215 et
1404 1152 1614 1233 loquebantur
1635 1153 1733 1215 variis
1755 1154 1875 1235 linguis.

451 1251 605 1333 principis
624 1251 799 1314 Antiochia
825 1252 1030 1314 resuscitasse
1045 1252 1198 1313 describi·
1294 1252 1388 1314 Porro
1403 1251 1545 1313 Andreas
1559 1251 1720 1333 apostolus
1733 1254 1930 1336 quadraginta
1943 1256 1985 1317 vi·

450 1355 512 1411 tur.
530 1350 635 1413 Roma
650 1350 746 1413 etiam
761 1369 867 1413 coram
889 1350 1079 1433 imperatore
1098 1359 1130 1413 et
1146 1369 1200 1431 po-
1254 1368 1306 1413 ms
1320 1350 1502 1412 submersos
1516 1349 1572 1430 qui
1587 1350 1625 1411 ad
1641 1369 1714 1411 eum
1735 1351 1877 1433 navigare
1889 1370 1985 1434 caepe-

451 1448 527 1530 pulo
542 1456 701 1511 mortuum
717 1449 841 1512 reduxit
854 1449 892 1510 ad
908 1448 1199 1531 vitam.Stanteque
1254 1456 1339 1526 runt,
1357 1449 1504 1511 reductos
1523 1448 1562 1509 ad
1586 1448 1675 1510 littus
1697 1457 1740 1540 et
1753 1450 1814 1513 sibi
1835 1451 1984 1531 adductos,

451 1565 489 1609 eo
505 1564 611 1609 coram
625 1546 734 1628 judice
749 1546 884 1628 infideli,
902 1547 1007 1609 vultus
1027 1567 1103 1610 suus
1119 1548 1199 1612 miro
1254 1546 1373 1628 pariter
1397 1546 1587 1609 suscitavit:
1605 1545 1658 1628 qui
1685 1548 1871 1626 resuscitati,
1888 1550 1986 1612 omnia

451 1643 577 1708 relulsit
600 1646 778 1727 splendore.
805 1646 970 1727 Quumque
996 1664 1060 1727 pro
1077 1646 1200 1711 Christo
1255 1663 1325 1726 qua
1343 1644 1391 1707 eis
1409 1644 1591 1707 aesiderant
1608 1655 1834 1726 exposuerunt.
1849 1649 1985 1711 luvenem

452 1764 625 1827 suspensus
644 1752 727 1807 esset
751 1745 784 1807 in
803 1764 909 1823 cruce,
927 1746 1030 1827 capite
1051 1746 1199 1809 deorsum
1254 1763 1273 1805 a
1300 1744 1434 1806 canibus
1466 1741 1672 1821 suffocatum,
1703 1746 1829 1808 reduxit
1858 1746 1893 1808 ad
1919 1746 1986 1808 vita

452 1862 545 1907 verso
570 1852 602 1906 et
623 1842 760 1927 pedibus
785 1863 923 1922 sursum,
941 1844 1089 1908 viderunt
1113 1844 1202 1907 Chri·
1217 1844 1241 1906 B
1255 1861 1360 1904 usum.
1377 1842 1485 1905 Totam
1512 1841 1662 1904 Achaiam
1687 1843 1824 1925 replevit
1844 1843 1984 1907 ecclesiis.

452 1939 546 2003 stiani
572 1940 702 2022 angelos
727 1960 800 2004 curn
826 1942 906 2005 rosis
931 1962 968 2005 ac
991 1942 1068 2005 liliis
1092 1942 1122 2005 ei
1147 1944 1201 2005 ad·
1254 1940 1357 2013 Quum
1377 1940 1492 2002 mulier
1512 1941 1656 2021 quadam
1676 1941 1818 2024 maligna
1839 1942 1987 2024 pmprium

452 2046 583 2101 stantes.
613 2038 744 2101 luliuita
772 2040 902 2101 luerunt
930 2040 1089 2122 magnalia
1117 2040 1198 2122 ejus,
1255 2037 1361 2101 lilium
1386 2046 1481 2120 atque
1505 2038 1663 2101 Audream
1688 2040 1866 2121 apostolum
1891 2058 1987 2104 coram

451 2136 568 2217 quibus
593 2156 650 2218 pcr
678 2156 711 2199 se
737 2138 841 2220 ipsum
867 2157 904 2201 ac
929 2158 1003 2202 suos
1026 2139 1200 2221 discipulos
1255 2136 1362 2220 judice
1381 2137 1553 2200 falsissime
1573 2148 1766 2219 accusasset,
1781 2147 1813 2201 et
1834 2159 1920 2221 super
1940 2158 1989 2202 eos

451 2234 584 2313 ltaliam,
602 2234 753 2314 Africam,
770 2236 913 2317 Galliam,
930 2236 1129 2299 Germaniam
1155 2245 1201 2298 at·
1255 2236 1353 2320 judex
1366 2236 1577 2299 damnationis
1596 2236 1782 2320 protulisset
1801 2237 1986 2317 senteutiam,

451 2352 514 2415 que
535 2333 717 2416 Hispaniam
740 2335 898 2399 convertit
919 2336 956 2399 ad
979 2335 1147 2398 Christum.
1257 2333 1418 2398 invocavit
1441 2334 1582 2397 Andreas
1607 2334 1788 2413 Christum3
1804 2344 1836 2398 et
1855 2355 1924 2398 cccc
1947 2354 1990 2397 re

490 2431 635 2513 Insuper,
654 2442 783 2496 sanctus
797 2434 992 2515 evangelista
1007 2434 1143 2497 loannes
1159 2442 1202 2497 to·
1257 2442 1351 2516 pente
1366 2434 1482 2496 tonitru
1495 2434 1615 2515 grande
1630 2433 1782 2514 insonuit,
1790 2443 1871 2497 terra
1884 2442 1991 2497 conue-

451 2531 515 2593 tius
530 2530 612 2594 Asiae
626 2530 773 2595 fundavit
788 2552 824 2594 ac
840 2532 920 2595 rexit
934 2532 1104 2596 Ecclesiae.
1122 2533 1201 2608 Qua·
1256 2532 1386 2610 muit,et
1402 2530 1514 2594 mulier
1528 2531 1583 2593 illa
1598 2531 1734 2595 lulmino
1750 2552 1893 2615 pereussa
1906 2532 1991 2594 iuter·

452 2638 524 2693 tuor
538 2640 679 2694 mortuos
701 2630 867 2693 suscitavit
888 2632 919 2692 in
934 2631 1070 2712 Epheso.
1089 2632 1200 2693 lllssus
1256 2630 1303 2692 iit.
1315 2631 1472 2693 Postremo
1488 2629 1629 2691 Andreas
1649 2630 1689 2692 ab
1707 2631 1803 2711 AEgea
1822 2629 1991 2712 pmcousule

452 2728 493 2791 ab
515 2729 706 2810 imperatore
726 2729 867 2793 Romano
887 2729 920 2790 iu
937 2730 1122 2792 calidissimi
1137 2730 1200 2792 olei
1256 2729 1343 2790 cruci
1369 2727 1498 2799 allisus,
1524 2736 1610 2791 tauto
1635 2726 1757 2791 lumine
1782 2729 1914 2811 desuper
1938 2727 1991 2789 luit

398 2856 400 2863 v
452 2826 585 2907 dolium,
603 2827 699 2890 exivit
718 2827 846 2890 illaesus.
865 2828 1028 2891 Venenum
1053 2828 1201 2909 pravissi-
1256 2826 1414 2906 perfusus,
1432 2827 1516 2909 quod
1536 2845 1593 2908 per
1611 2826 1748 2889 mediam
1774 2828 1881 2891 boram
1905 2844 1989 2889 namo

453 2944 541 2987 mum
569 2924 688 3006 absque
722 2926 850 2989 laesione
879 2926 1017 2989 totaliter
1048 2928 1198 3009 epotavit.
1256 2944 1329 2987 eum
1344 2924 1645 3007 quivitadspiccrc;
1662 2927 1891 3008 recedenteque
1909 2924 1991 2987 lumi-

453 3024 564 3105 l'irgas
579 3032 610 3087 et
628 3024 748 3105 lapides
767 3024 799 3086 iu
818 3024 975 3105 optimum
995 3044 1107 3087 aurum
1127 3045 1202 3087 con·
1217 3023 1239 3086 G
1256 3044 1307 3103 nc,
1324 3024 1431 3085 anima
1445 3024 1516 3104 ejus
1537 3023 1571 3085 in
1591 3023 1656 3085 alta
1674 3024 1819 3087 ascendit
1838 3024 1988 3087 coelorum.

452 3124 558 3186 vortit.
575 3123 756 3206 Margaritas
783 3124 995 3187 comminutas
1019 3133 1050 3187 et
1076 3143 1201 3205 sparsas
1256 3123 1384 3204 AEgeam
1399 3141 1474 3186 vero
1489 3121 1601 3186 eodem
1620 3121 1672 3186 die
1686 3121 1833 3186 diabolus
1846 3121 1991 3187 horrenda

452 3221 561 3284 diviua
576 3223 803 3304 redintegravit
819 3223 945 3286 virtute.
955 3222 1120 3304 Templum
1132 3223 1202 3284 [lia-
1256 3223 1374 3286 occidit
1395 3229 1507 3284 morte.

452 3341 501 3382 na
521 3320 641 3384 orando
660 3321 825 3383 destruxit.
843 3321 951 3384 Totius
971 3321 1121 3384 Ecclesia
1141 3331 1202 3384 sta-
1296 3320 1437 3401 iusuper,
1455 3319 1486 3380 S.
1503 3319 1640 3381 Thomas
1664 3319 1827 3400 apostolus
1847 3320 1955 3382 missus
1975 3337 1991 3378 a

452 3428 519 3482 tum
548 3418 678 3500 agnovit
707 3420 859 3498 loturum,
890 3429 922 3482 et
949 3419 983 3481 in
1011 3421 1201 3503 Apocalypsi
1257 3418 1380 3481 Christo
1405 3418 1443 3480 ad
1468 3416 1563 3481 ludim
1589 3436 1709 3498 regom,
1728 3417 1762 3480 iu
1785 3419 1836 3480 via
1855 3436 1991 3500 sponsam

452 3517 631 3599 descripsit.
663 3519 696 3580 ln
727 3519 874 3600 sepulcro
903 3538 936 3580 se
970 3519 1076 3599 ipsum
1106 3539 1201 3582 sanus
1257 3517 1424 3598 cujusdam
1445 3515 1529 3597 regis
1549 3515 1649 3577 liliam
1671 3535 1751 3578 cum
1769 3535 1885 3598 sponso
1907 3517 1992 3578 bene

453 3616 580 3693 locavit,
597 3616 782 3698 coelestique
802 3636 875 3679 cum
890 3617 1012 3680 lumine
1028 3617 1198 3694 ambicula,
1256 3617 1346 3692 dixit,
1377 3615 1459 3677 sicut
1487 3633 1541 3675 rex
1574 3614 1759 3696 postulavit.
1790 3614 1890 3689 Quum
1915 3613 1990 3676 enim

453 3713 644 3778 ohdormivit
669 3715 702 3776 iu
727 3715 872 3792 Christo3
890 3723 984 3796 atque
1006 3735 1043 3778 ex
1066 3722 1142 3778 tunc
1164 3735 1202 3778 ex
1257 3716 1393 3777 Thomas
1412 3721 1495 3776 esset
1514 3712 1548 3774 in
1568 3713 1690 3796 nuptiis
1714 3713 1790 3792 illis,
1807 3733 1867 3776 nec
1886 3710 1992 3793 aliquid

454 3814 601 3896 sepulcro
623 3813 693 3895 ejus
716 3832 832 3876 manna
853 3813 990 3876 ellluxit.
1257 3813 1472 3888 manducaret,
1490 3811 1545 3873 sed
1560 3812 1670 3874 oculos
1692 3819 1816 3873 teneret
1834 3811 1866 3872 in
1888 3810 1992 3873 coelum

309 3923 438 3974 lacerta
494 3913 649 3994 Amplius,
680 3911 794 3974 Paulus
822 3913 983 3994 apostolus
1013 3913 1118 3996 primo
1146 3914 1203 3975 du·
1256 3910 1350 3989 lixos,
1366 3908 1495 3992 quidam
1513 3907 1760 3970 ministrantium
1775 3907 1899 3989 alapam
1917 3905 1993 3970 dedit

305 3990 397 4038 '¹³³²'
454 4011 599 4073 rissimus
614 4009 877 4073 Christilidelium
893 3991 1086 4091 persecutor,
1103 4030 1201 4093 quum
1257 4008 1297 4071 ei.
1315 4008 1480 4088 Quumque
1495 4006 1548 4069 ille
1564 4005 1708 4068 minister
1722 4005 1782 4068 iret
1800 4007 1839 4069 ad
1858 4005 1992 4069 haurien-

454 4110 492 4170 ad
518 4109 771 4191 persequendum
797 4108 991 4171 Christianos
1017 4109 1203 4192 proficisce-
1257 4108 1329 4170 dam
1353 4124 1479 4187 aquam,
1500 4123 1671 4167 accurrens
1695 4104 1745 4168 leo
1769 4124 1843 4167 oum
1867 4103 1990 4178 occidit,

454 4215 540 4270 retur
564 4207 763 4287 Damascum,
779 4207 813 4269 in
838 4207 889 4269 via
914 4227 931 4268 a
952 4207 1075 4271 Christo
1099 4227 1202 4271 corre·
1218 4196 1242 4268 D
1257 4204 1346 4268 cauis
1366 4222 1491 4285 quoque
1516 4203 1678 4266 horribilis
1700 4222 1830 4264 manum
1852 4223 1913 4284 qua
1932 4219 1992 4284 per-

453 4315 526 4388 ptus
551 4312 583 4368 et
607 4313 793 4386 prostratus,
818 4306 851 4367 in
879 4304 1103 4368 fidelissimum
1127 4325 1203 4389 apo
1257 4302 1356 4366 cussit
1370 4301 1568 4383 Apostolum,
1586 4319 1694 4364 morsu
1716 4301 1917 4380 abscindens,
1931 4318 1991 4363 earu

307 4417 385 4462 ttcor.
402 4433 438 4462 ιιι.
454 4405 570 4467 stolum
596 4412 644 4467 est
667 4422 860 4482 conversus;
877 4412 1048 4487 raptusque
1077 4404 1139 4467 luit
1162 4404 1202 4466 ad
1258 4399 1474 4484 inpraesentia
1493 4401 1636 4463 omnium
1658 4417 1765 4462 coram
1785 4399 1992 4481 Apostolopo

305 4487 324 4526 ²·
454 4503 581 4566 tertium
605 4502 733 4580 coelum,
750 4502 848 4565 lleum
870 4521 995 4584 quoque
1018 4522 1075 4584 per
1096 4522 1203 4565 essen·
1258 4502 1332 4580 suit,
1364 4508 1396 4563 et
1430 4499 1575 4562 admirati
1609 4506 1684 4560 sunt
1716 4497 1869 4574 universi,
1899 4506 1993 4580 postu·

454 4601 532 4664 tiam
552 4601 630 4662 vidit
648 4601 687 4662 ad
708 4609 843 4682 tempus.
861 4600 934 4663 Post
954 4602 1021 4662 haec
1043 4618 1134 4663 orsus
1155 4611 1203 4664 est
1258 4599 1399 4680 lavitque
1422 4617 1477 4659 rex
1504 4605 1539 4659 ut
1561 4595 1730 4677 Apostolus
1755 4605 1905 4678 sponsam
1931 4612 1992 4657 curu

304 4711 438 4765 lernau,
455 4699 638 4782 praedicare,
665 4707 696 4760 et
720 4706 805 4760 tauta
835 4698 911 4760 lecit
935 4698 1091 4781 prodigia,
1118 4701 1201 4780 quod
1258 4715 1375 4780 sponso
1395 4694 1584 4758 benedicere
1605 4695 1799 4776 dignaretur.
1816 4695 1883 4769 Quo
1907 4695 1990 4766 lacto,

306 4779 339 4818 η’
453 4818 492 4861 ex
507 4805 655 4860 contactu
670 4796 866 4860 sudariorum
882 4806 915 4859 et
933 4797 1203 4860 semicinctiorum
1257 4797 1398 4859 Christus
1413 4794 1532 4858 eisdem
1547 4793 1703 4875 apparuit,
1711 4802 1805 4872 atque
1819 4793 1992 4874 Apostolum

454 4898 567 4981 ipsius,
585 4897 778 4960 sanabantur
801 4916 911 4960 omnes
938 4896 1061 4958 iulirmi
1086 4896 1140 4977 qui
1165 4917 1203 4959 ea
1257 4895 1296 4957 ad
1312 4911 1367 4956 eos
1382 4891 1515 4970 induxit,
1528 4891 1583 4972 qui
1597 4890 1755 4953 convertit
1768 4909 1824 4953 eos
1839 4891 1879 4953 ad
1893 4889 1990 4952 lideru.

318 5009 374 5052 um
396 5025 438 5062 aiv.
456 4996 637 5078 tangebant.
663 4995 698 5058 ln
722 4995 840 5077 Lystris
870 4995 1018 5057 claudum
1047 5015 1065 5056 a
1089 4995 1203 5056 nativi·
1257 4991 1375 5067 Quibus
1398 4999 1431 5054 et
1454 4989 1599 5073 protinus
1626 4990 1690 5052 duo
1717 4986 1823 5070 angeli
1851 5005 1993 5070 apparare·

305 5075 353 5114 Μ’
455 5105 517 5157 tate
538 5095 671 5171 curavit,
689 5094 825 5157 dicendo
843 5117 850 5154 :
868 5094 967 5175 Surge
991 5113 1087 5175 super
1106 5095 1202 5175 podes
1258 5098 1342 5168 runt,
1359 5091 1521 5153 hortantes
1544 5107 1600 5151 eos
1619 5089 1657 5150 ad
1677 5088 1856 5150 castitatem
1878 5103 1994 5150 servan-

317 5207 375 5251 reu.
403 5224 438 5260 u.
456 5203 526 5258 tuos
549 5203 663 5257 rectus.
681 5191 858 5274 Eutychum
873 5192 912 5253 de
928 5191 1022 5254 tertio
1037 5192 1202 5254 coenaculo
1258 5192 1352 5268 dam;
1369 5188 1577 5270 feceruntque
1595 5187 1649 5249 ita.
1666 5185 1824 5249 Posthac
1848 5187 1888 5249 ad
1911 5184 1994 5249 ludia

306 5273 368 5315 ⁹⁴²·
455 5292 580 5376 lapsum
604 5311 642 5355 ac
666 5298 836 5370 mortuum,
854 5288 990 5352 restituit
1010 5288 1131 5352 vivum.
1148 5290 1204 5352 Pa·
1258 5307 1365 5371 regem
1380 5286 1582 5371 perveniens,
1590 5303 1736 5368 magnam
1751 5284 1792 5348 ab
1805 5303 1845 5349 eo
1858 5304 1919 5368 pro
1934 5302 1994 5349 con
