4309 6250
262 512 304 557 ΒΕ
323 511 533 559 auctentum
554 512 648 559 SUfll
668 512 837 559 robaratum
858 513 895 558 ttr
916 512 1086 561 caducus
1107 513 1248 573 cortulus,
1271 516 1359 563 alnas
1381 519 1401 563 l.
1423 536 1464 547 -
1484 518 1554 564 ΛΒΤ.
1577 520 1598 564 X
1650 498 1710 564 545

153 698 231 741 nem
245 681 425 762 suscipiens
440 681 499 743 erit
512 700 532 743 a
545 682 639 763 culpa
654 681 905 743 immunisllinc
921 684 946 745 Α
962 683 1049 747 nullo
1074 686 1169 748 modo
1194 685 1353 749 violentur
1378 696 1560 751 sanctorum
1584 690 1708 751 Patrum

152 778 372 841 S.Bemardus
387 779 499 843 scribit
512 779 659 857 Roberto,
677 780 833 843 monacho
848 798 906 842 suo
961 780 1116 844 instituta.
1147 782 1191 845 Ex
1220 784 1335 864 quibus
1370 785 1517 848 omnibus
1546 787 1708 867 elucescit,

152 886 250 957 atque
265 884 411 957 cognato,
421 875 477 958 qui
491 877 531 938 de
546 877 676 939 licentia
690 878 780 958 Papae
795 877 906 941 relicto
961 880 1088 958 quando
1103 888 1134 941 ct
1148 881 1284 961 qualiter
1298 881 1495 964 dispensatio
1510 903 1528 946 a
1543 884 1637 966 culpa
1658 904 1710 946 ox-

153 974 292 1055 pristino
305 974 422 1037 Ordine
437 974 693 1038 Cisterciensium
708 975 904 1055 rigorosiorl,
961 984 1061 1055 cuset,
1090 996 1187 1058 quam
1222 980 1454 1044 rationabiliter
1486 982 1527 1045 sit
1561 982 1708 1065 petenda,

152 1071 304 1135 Ordinem
319 1070 576 1135 cluniacensium
592 1070 716 1135 introiit
730 1071 903 1136 leniorem:
959 1092 1055 1154 quam
1081 1075 1323 1157 prudentialiter
1347 1078 1534 1142 exhibenda.
1551 1079 1609 1142 Per
1632 1080 1708 1161 quid

153 1169 223 1233 Non
240 1169 299 1233 tibi
313 1169 431 1233 lmstra
445 1170 517 1252 quis
532 1170 713 1233 blandiatur
726 1171 766 1233 de
780 1171 906 1253 dispen·
958 1170 1077 1235 etenim
1100 1182 1199 1236 status
1218 1174 1366 1238 Ecclesia
1386 1184 1516 1239 eatenus
1536 1177 1644 1259 lapsus
1663 1186 1711 1240 θεῖ

152 1268 278 1331 satione
294 1268 479 1350 apostolica,
496 1268 590 1350 cujus
609 1268 839 1332 conscientiam
861 1276 906 1331 te
960 1289 996 1332 ac
1012 1270 1141 1351 defecit,
1155 1272 1237 1335 sicut
1252 1292 1310 1355 per
1324 1276 1649 1354 consuetudinariam,
1662 1275 1710 1337 in*-

152 1374 210 1429 net
231 1366 362 1448 ligatam
383 1366 494 1429 divina
516 1368 686 1430 sententia.
959 1357 1222 1453 circumspectam
1239 1372 1405 1454 levemque
1419 1374 1708 1455 dispensationeml

193 1465 337 1547 Denique
361 1466 446 1529 idem
473 1466 653 1529 Uomardus
680 1486 739 1549 pro
768 1467 904 1547 quadam
958 1467 1080 1531 idcirco
1105 1469 1264 1550 praelatus,
1292 1479 1445 1551 quantum
1470 1491 1610 1554 congrue
1635 1471 1708 1535 lieri

152 1565 251 1646 culpa
284 1564 462 1646 Eugenium
489 1565 604 1647 Papam
633 1565 727 1629 tertio
754 1566 837 1629 libro
864 1570 904 1629 de
959 1566 1053 1644 valet,
1070 1566 1148 1647 justi
1172 1569 1302 1649 verique
1325 1578 1417 1632 tenax
1440 1571 1492 1633 sit.

151 1663 413 1726 Consideratione
436 1663 630 1726 fiducialiter
655 1664 835 1746 increpans,
858 1665 906 1727 in·
999 1665 1060 1728 Sed
1089 1666 1139 1727 his
1163 1666 1261 1748 objici
1291 1675 1395 1749 potest
1424 1668 1456 1730 in
1485 1669 1597 1751 primis
1626 1672 1708 1751 quod

153 1769 203 1823 ter
226 1769 333 1823 cetera
354 1761 399 1823 ait
425 1785 432 1823 :
456 1761 508 1825 Sic
532 1761 656 1843 agendo
681 1762 823 1843 probatis
848 1782 905 1825 vos
959 1763 1107 1843 superius
1139 1784 1178 1826 ex
1205 1764 1335 1827 Summa
1363 1766 1581 1829 confessorum
1613 1776 1645 1829 et
1671 1786 1807 1831 cama.

151 1860 273 1922 habere
288 1860 519 1942 plenitudinem
541 1861 718 1941 potestatis,
736 1862 791 1924 sed
812 1862 905 1942 justi·
920 1861 943 1923 B
959 1862 1089 1924 Summa
1113 1861 1225 1924 Pisana
1250 1864 1421 1945 allegatum
1441 1874 1499 1945 est,
1517 1864 1601 1947 quod
1626 1866 1709 1949 Papa

152 1959 206 2021 tiae
221 1957 304 2021 lortc
319 1977 383 2021 non
398 1959 458 2037 ita,
471 1958 578 2021 lacitis
589 1960 650 2022 hoc
664 1959 741 2041 quia
754 1960 903 2041 potestis;
959 1959 1039 2021 nulli
1055 1960 1229 2041 subjaceat.
1246 1961 1306 2024 Sed
1322 1962 1382 2025 hoo
1397 1982 1456 2026 nec
1477 1964 1517 2025 de
1537 1964 1606 2045 lege
1621 1972 1709 2027 mter-

153 2058 210 2119 scd
225 2066 332 2119 utrum
351 2066 383 2120 ct
403 2058 558 2137 debeatis,
574 2058 706 2139 quaestio
727 2067 785 2122 cst.
802 2059 906 2122 Uono-
960 2076 1001 2119 na
1022 2076 1126 2140 neque
1144 2059 1184 2121 de
1204 2059 1272 2141 lege
1293 2059 1401 2123 divina
1425 2080 1484 2123 nec
1507 2062 1546 2123 de
1572 2060 1708 2125 naturali

154 2174 226 2218 rum
241 2164 274 2218 ct
286 2155 479 2237 dignitatum
497 2158 614 2238 gradus
635 2166 668 2219 et
687 2158 816 2220 ordines
836 2157 907 2239 qui·
960 2157 1150 2218 sumendum
1165 2164 1215 2219 est
1228 2158 1308 2239 lege,
1325 2159 1380 2221 sed
1402 2159 1442 2221 de
1464 2158 1608 2242 positivis
1631 2160 1710 2241 legi-

153 2256 279 2335 busque
314 2274 388 2318 suos
423 2274 551 2318 servare
586 2255 682 2337 positi
718 2256 806 2336 estis,
841 2275 904 2319 non
960 2254 1020 2315 bus
1047 2273 1066 2315 a
1100 2255 1384 2336 praedecessoribus
1419 2256 1509 2338 Papae
1544 2256 1708 2334 institutis,

153 2352 299 2414 invidere
324 2360 380 2414 aut
402 2352 524 2416 tollere.
541 2353 703 2427 Quomodo
728 2373 791 2416 non
817 2354 907 2416 inde-
960 2372 1030 2433 quac
1045 2353 1104 2415 sub
1120 2353 1190 2434 ejus
1206 2354 1323 2416 cadunt
1343 2355 1581 2436 dispensatione
1599 2378 1605 2416 :
1622 2354 1708 2435 quia,

154 2470 232 2513 cens
249 2450 317 2527 tibi,
330 2468 349 2515 0
363 2449 546 2514 beatissime
561 2450 654 2533 Papa,
672 2452 834 2515 voluntate
849 2472 907 2532 pro
962 2460 995 2513 ut
1009 2451 1121 2514 dicunt
1135 2452 1268 2533 juristae,
1279 2471 1335 2535 par
1350 2453 1383 2515 in
1397 2473 1506 2536 parem
1523 2461 1709 2536 potestatem

156 2548 228 2630 lege
244 2549 303 2629 uti,
319 2558 351 2612 ct
364 2550 440 2631 quia
454 2568 519 2613 non
534 2558 583 2613 est
596 2550 636 2612 ad
651 2570 747 2631 quem
768 2551 907 2632 appelle
961 2569 1025 2613 non
1040 2550 1145 2613 habet.
1162 2586 1202 2596 -—
1217 2551 1362 2614 Secundo
1376 2552 1473 2633 objici
1490 2561 1602 2635 potest,
1626 2552 1710 2633 quod

155 2647 212 2727 ris,
236 2654 426 2730 potestatem
451 2666 608 2726 exercere,
626 2648 788 2730 negligere
812 2649 908 2712 ratio-
961 2649 1138 2711 secundum
1152 2649 1348 2731 praeinducta
1361 2650 1457 2712 verba
1469 2650 1711 2731 Durandi‚Papa
1726 2672 1767 2712 aa.
1783 2682 1818 2712 ιιι.

157 2748 255 2808 neml
280 2746 368 2808 Tune
392 2746 495 2827 major
517 2746 652 2810 Domino
676 2756 742 2827 tuo,
765 2747 821 2828 qui
850 2748 905 2827 ait,
962 2756 1149 2827 potestatem
1176 2747 1301 2828 plenam
1322 2747 1417 2810 habet
1435 2756 1467 2811 et
1485 2748 1628 2811 liberam.
1650 2748 1711 2811 Sed

157 2843 226 2906 Non
242 2844 317 2907 veni
332 2842 438 2907 lacere
454 2845 648 2908 voluntatem
663 2846 908 2921 mealeuan-
961 2845 1021 2907 hoc
1041 2845 1085 2906 ita
1108 2844 1350 2925 intelligendum
1376 2864 1440 2907 non
1464 2854 1513 2907 est
1537 2844 1628 2925 quasi
1654 2863 1711 2926 pro

48 2966 54 2976 ·
157 2962 253 3024 quam
270 2962 334 3006 non
350 2943 456 3005 minus
469 2944 586 3025 dejecti
602 2963 697 3026 quam
712 2944 786 3007 clati
809 2944 907 3007 animi
963 2943 1162 3023 beneplacito
1185 2961 1242 3005 suo
1262 2951 1416 3025 potestate
1441 2952 1536 3024 queat
1560 2962 1712 3006 concessa

40 3949 142 4002 ema.
157 3929 279 4011 positos
304 3946 360 3991 vos
379 3927 625 4009 dispensatores,
643 3929 698 3990 sed
716 3927 750 3990 in
768 3928 907 3993 aedifica-

37 4135 75 4181 iar.

157 3052 216 3123 est,
249 3042 347 3104 veluti
382 3041 512 3104 rationis
545 3052 720 3126 expertem,
751 3062 815 3106 non
851 3063 908 3126 pro
926 3046 948 3110 C
963 3042 1200 3123 inculpabiliter
1224 3042 1280 3104 uti.
1307 3041 1429 3104 Idcirco
1454 3050 1593 3123 potestas
1622 3042 1712 3123 Papae

158 3143 292 3220 ratione,
309 3143 364 3204 sed
391 3161 448 3223 pro
472 3142 565 3205 libitu
585 3162 691 3224 agere,
708 3163 767 3206 ncc
785 3143 908 3225 judicio
963 3141 1062 3202 libera
1096 3140 1213 3202 dicitur
1241 3139 1429 3222 respective,
1460 3158 1524 3202 non
1554 3140 1709 3216 absolute,

157 3242 221 3321 agi,
238 3241 294 3303 sed
309 3241 464 3322 appetitu.
479 3240 557 3315 Quid
573 3249 638 3303 tam
658 3240 813 3305 bestialel
826 3243 865 3305 Et
880 3243 906 3305 si
962 3257 1060 3321 quum
1076 3239 1200 3320 legibus
1215 3237 1328 3300 Christi
1350 3239 1391 3301 sit
1410 3237 1547 3301 subdita.
1565 3238 1620 3302 Vel
1635 3238 1712 3300 dici-

158 3339 327 3421 indignum
350 3338 465 3419 cuique
480 3339 581 3402 utenti
601 3339 722 3402 ratione
743 3340 851 3404 vivere
873 3349 909 3403 ut
963 3346 1014 3400 tur
1027 3337 1137 3414 libera,
1151 3337 1241 3418 quasi
1258 3355 1321 3400 non
1337 3336 1500 3419 impedita,
1514 3344 1546 3400 et
1559 3336 1710 3418 quoniam

158 3454 268 3518 pecus,
285 3437 356 3518 quis
371 3436 405 3499 in
424 3445 456 3500 tc
475 3437 619 3500 omnium
643 3446 765 3501 rectore
787 3447 906 3502 tantam
963 3435 1129 3498 caritative
1150 3454 1187 3497 ac
1210 3435 1307 3498 libere
1329 3454 1367 3498 ea
1389 3435 1541 3498 utendum
1562 3443 1620 3498 est.

158 3544 278 3599 naturae
293 3535 531 3616 contumeliam,
544 3544 663 3599 tantam
677 3537 809 3601 honoris
824 3537 909 3618 inju-

158 3633 239 3696 riam
253 3633 357 3696 leratl
372 3633 433 3696 Sed
448 3633 529 3696 dicis
544 3634 625 3696 mihi
643 3658 650 3697 :
667 3634 770 3709 Quidl
785 3636 903 3716 inquiS,

158 3732 308 3813 prohibes
337 3731 545 3813 dispensaret
568 3730 649 3812 Non,
674 3734 730 3796 sed
755 3734 907 3816 prohibeo
1181 3735 1426 3799 ARTIGULUS
1446 3734 1489 3798 X.

157 3830 325 3913 dissipare.
341 3829 410 3893 Non
425 3850 496 3892 sum
512 3839 576 3894 tam
590 3831 689 3910 rudis,
707 3840 742 3894 ut
762 3831 906 3913 ignorem
960 3877 1009 3936 De
1025 3874 1197 3948 praecipua
1216 3873 1417 3950 difficultate
1442 3874 1478 3932 m
1502 3871 1628 3949 motio
1652 3873 1711 3933 Ec-

387 4027 393 4039 ,
576 4026 583 4039 ,
778 4028 783 4039 ,
1000 3964 1106 4022 etesiae
1117 3963 1192 4038 jam
1213 3969 1373 4031 versante,
1391 3963 1540 4020 videlicet
1557 3979 1601 4019 an
1616 3962 1710 4034 Papa

158 4029 289 4108 ¹¹⁰¹¹⁰¹¹¹>
305 4045 370 4090 ¹¹⁰¹¹
385 4047 418 4089 ¹¹¹
433 4028 692 4091 ¹¹⁰¹¹¹¹¹⁰¹¹⁰¹¹⁰¹¹¹
708 4028 860 4109 ¹¹0¹¹¹¹l¹¹⁰2
873 4037 907 4091 ¹¹¹
1000 4054 1043 4112 sit
1062 4069 1161 4126 super
1176 4053 1330 4128 generale
1350 4052 1537 4120 concilium,
1553 4052 1603 4108 vet
1622 4068 1708 4108 econ-

82 4153 110 4191 tv,
120 4142 140 4183 ε.
156 4127 203 4190 ait
215 4125 394 4208 Apostolus,
402 4125 551 4206 quaeritur
562 4126 646 4188 inter
659 4125 905 4208 dispensatores,
1001 4151 1067 4211 pra,
1083 4141 1141 4199 two
1159 4149 1217 4211 ρει,
1232 4159 1276 4198 an
1297 4141 1405 4216 major
1423 4141 1466 4200 ,it
1481 4148 1624 4215 potestas
1637 4157 1710 4198 con-

156 4234 195 4288 ut
213 4223 322 4288 lidelis
345 4224 418 4305 quis
441 4224 632 4287 inveniatur.
649 4224 707 4287 Ubi
732 4227 906 4288 necessitas
921 4228 946 4292 D
1000 4232 1074 4290 citii
1089 4250 1187 4310 quam
1201 4233 1315 4306 Popae,
1331 4249 1375 4288 an
1391 4232 1459 4288 vice
1474 4249 1578 4292 versa.

156 4333 260 4405 urget,
275 4322 467 4386 excusabilis
481 4322 677 4404 dispensatio
692 4331 758 4401 est3
774 4324 830 4386 ubi
847 4324 907 4386 uti·

155 4422 230 4485 litas
254 4430 417 4504 provocat,
433 4421 627 4503 dispensatio
645 4421 812 4485 laudabilis
830 4431 902 4486 est:
1032 4417 1110 4482 UUll
1122 4417 1212 4500 juxta
1225 4417 1334 4482 omnia
1349 4417 1544 4500 praeinducta
1564 4415 1647 4528 Papa
1668 4414 1709 4479 sit

156 4521 289 4601 utilitas,
324 4520 408 4600 dico,
443 4520 636 4601 communis,
666 4540 731 4583 non
764 4523 902 4605 propria.
1047 4516 1237 4580 universalis
1259 4535 1315 4579 seu
1339 4515 1434 4579 totius
1460 4515 1627 4578 militantis
1651 4515 1710 4578 Ec·

155 4619 237 4682 Nam
260 4639 359 4702 quum
384 4619 466 4681 nihil
490 4619 603 4682 horum
632 4627 692 4697 est,
718 4638 782 4682 non
812 4621 905 4701 plane
961 4618 1065 4681 clesiae
1090 4615 1287 4697 conjunctim
1311 4623 1449 4696 accepta
1474 4618 1639 4696 (quantum
1668 4616 1708 4677 ad

155 4718 266 4781 fidelis
290 4718 497 4800 dispensatio,
523 4719 577 4781 sed
607 4718 744 4781 cmdelis
773 4719 906 4801 dissipa·
960 4715 1084 4797 eosqui
1100 4713 1707 4796 suosunttempore)pastor,princeps

157 4817 206 4880 tio
225 4826 281 4879 cst.
960 4825 991 4878 et
1016 4813 1170 4896 pontifex,
1195 4814 1387 4894 gubernator
1410 4821 1442 4874 et
1464 4811 1572 4893 judex,
1600 4817 1705 4892 capul,

200 4915 254 4978 ilis
267 4924 374 4978 autem
388 4914 582 4978 concordant
597 4933 793 4979 summorum
808 4917 905 4980 verba
960 4932 1096 4995 sponsus
1126 4921 1158 4975 et
1190 4921 1291 4994 pater,
1308 4919 1481 4993 purgator,
1512 4909 1708 4972 illuminator

156 5013 360 5078 Pontificum.
377 5013 429 5076 Ait
443 5013 562 5095 quippe
577 5013 718 5077 Gelasius
732 5015 834 5097 Papa:
848 5016 904 5080 Ubi
960 5021 1053 5094 atquc
1088 5011 1268 5094 perlector3
1299 5011 1424 5072 videtur
1450 5009 1535 5090 quod
1563 5007 1707 5071 absolute

155 5112 331 5176 necessitas
364 5131 429 5175 non
462 5119 523 5189 est,
552 5111 807 5177 inconvertibilia
840 5135 905 5177 ma·
959 5112 1129 5193 loquendo,
1153 5111 1220 5192 ipsc
1246 5110 1286 5172 sit
1310 5128 1405 5191 super
1428 5106 1576 5189 generale
1602 5107 1708 5170 conci-

155 5218 257 5274 ncant
278 5219 460 5274 sanctorum
479 5209 604 5272 Patmm
624 5210 761 5275 decreta.
784 5211 822 5274 Et
842 5213 905 5276 Leo
959 5210 1039 5273 lium
1053 5210 1230 5290 habeatque
1245 5207 1399 5288 majorem
1412 5213 1599 5288 potestatem
1610 5223 1706 5285 quam

154 5309 243 5392 Papa
272 5333 279 5372 :
308 5308 377 5389 Ubi,
408 5307 523 5389 inquit,
549 5309 722 5372 necessitas
750 5328 815 5373 non
843 5319 902 5391 est,
962 5311 1053 5391 illud,
1079 5309 1179 5394 possit
1206 5327 1331 5391 quoque
1359 5307 1438 5369 illud
1465 5304 1620 5388 judicare,
1647 5322 1706 5367 nec

282 5442 315 5495 T.
333 5443 373 5496 36.
1552 5439 1582 5493 35
