4309 6250
461 472 522 538 380
771 492 890 542 comm
910 493 1079 540 rmrrnurr
1098 491 1270 550 umoumr,
1293 491 1381 540 rrum
1402 493 1446 540 rn.
1468 511 1510 524 -
1530 494 1599 542 rur.
1622 493 1678 542 vrrr

461 663 622 746 estquod
650 673 790 728 montem
815 664 918 745 illurn,
943 662 1089 747 quamvis
1114 671 1208 743 esset,
1224 662 1251 726 A
1265 681 1373 728 nonne
1405 682 1539 748 corpora
1572 663 1669 729 mixta
1700 664 1819 728 habere
1844 665 1976 744 videntur,

462 781 627 844 nunquam
656 763 703 826 sol
731 770 885 845 tangeret,
911 763 974 826 nisi
1003 763 1124 826 lumine
1153 781 1210 826 suc
1265 762 1350 844 quod
1369 763 1524 845 angelicis
1543 763 1708 845 spiritibus
1730 763 1898 828 nullatenus
1911 782 1979 828 corn·

463 869 558 943 atque
586 861 723 942 intluxu,
749 861 832 924 sicut
853 869 886 924 et
908 870 1024 924 cetera.
1044 861 1208 940 Praeterea,
1265 861 1541 942 petithraeterea,
1553 861 1630 943 quid
1645 862 1715 924 vult
1728 862 1814 944 quod
1827 863 1859 926 de
1872 862 1979 926 aciebus

463 961 624 1043 quomodo
637 961 770 1042 angelus
789 961 944 1023 mundum
959 959 1061 1023 fertur
1079 963 1209 1024 teneret
1265 959 1421 1041 adjungit,
1438 978 1574 1041 quarum
1600 969 1704 1043 partes
1725 968 1790 1023 tam
1811 960 1925 1024 diverse
1941 980 1980 1022 er-

462 1059 541 1136 lmo,
564 1067 599 1121 ut
621 1059 713 1122 docet
735 1058 916 1141 Apostolus,
943 1059 1130 1140 Unigenitus
1153 1058 1209 1122 Dei
1266 1065 1348 1120 stant
1364 1065 1494 1138 naturae,
1507 1067 1636 1142 tamque
1651 1059 1980 1140 contmriaequalitatisl

328 1169 418 1223 natm,
428 1175 448 1214 a.
463 1157 573 1221 omnia
587 1165 691 1240 portat
703 1156 803 1220 verbo
821 1157 947 1219 virtutis
962 1176 1038 1220 suae.
1055 1156 1119 1219 Nec
1133 1175 1210 1239 pue·
1265 1154 1391 1218 Certum
1406 1164 1455 1219 est
1474 1157 1634 1239 equidem,
1650 1158 1735 1238 quod
1757 1177 1807 1220 res
1821 1157 1864 1220 hic
1878 1176 1981 1239 expres

463 1256 566 1319 riliter
584 1255 823 1337 imaginandum
842 1256 927 1336 quod
947 1256 1086 1318 mundus
1105 1265 1210 1318 tenea·
1266 1274 1307 1318 sae
1331 1255 1437 1319 locum
1462 1256 1496 1318 in
1519 1256 1737 1339 superioribus
1762 1257 1826 1320 illis
1850 1275 1981 1340 superce

461 1363 515 1418 tur
542 1373 583 1417 ne
611 1354 784 1418 inclinetur
813 1363 868 1418 aut
898 1354 990 1417 cadat
1020 1353 1169 1418 deorsum
1200 1378 1206 1416 :
1264 1353 1398 1417 lestibus
1430 1354 1558 1418 entibus
1593 1355 1812 1436 angelicisque
1844 1355 1981 1436 spiritibus

462 1452 631 1535 siquidem,
643 1453 809 1516 Aristotele
823 1455 988 1532 edocente,
1001 1453 1109 1517 omnia
1124 1461 1211 1515 natu·
1264 1451 1399 1517 minime
1422 1452 1609 1533 sortiuntur,
1633 1461 1756 1537 utputa,
1783 1455 1835 1516 uir
1855 1461 1882 1516 et
1902 1453 1980 1534 ignis,

460 1552 570 1616 raliter
587 1552 722 1616 tendunt
735 1553 775 1614 ad
791 1553 1208 1634 centrum3unumquodque
1263 1551 1424 1614 tonitruus
1448 1559 1480 1616 et
1502 1550 1622 1634 lulgur,
1638 1571 1709 1634 que
1730 1571 1826 1635 supra
1847 1552 1981 1633 regionem

461 1650 571 1713 itidem
592 1649 626 1711 in
646 1649 716 1712 loco
738 1649 799 1712 sibi
820 1668 839 1711 a
857 1649 1003 1712 Creatore
1025 1649 1157 1731 praeiiro
1178 1659 1210 1714 et
1264 1649 1347 1710 aeris
1370 1668 1534 1730 nunquam
1558 1647 1643 1711 fiunt
1666 1657 1721 1712 aut
1744 1658 1829 1712 sunt.
1850 1648 1982 1730 llulthue

460 1749 501 1810 ab
524 1748 652 1811 exordio
676 1739 863 1810 naturaliter
881 1747 1067 1830 prestituto,
1083 1755 1210 1811 natura·
1265 1747 1371 1810 miuus
1395 1757 1470 1810 sunt
1494 1748 1538 1812 ibi
1562 1749 1703 1812 undeet
1726 1749 1830 1830 gleba,
1844 1755 1942 1811 ventus
1958 1755 1983 1810 et

460 1847 534 1910 liter
553 1865 591 1910 ac
613 1865 753 1928 congrue
778 1844 987 1928 conquiescit.
1002 1847 1092 1924 ltem,
1109 1865 1207 1929 quum
1227 1843 1249 1906 B
1265 1846 1377 1926 imber,
1395 1845 1514 1910 ferrum
1541 1855 1572 1910 et
1596 1847 1692 1929 ignis,
1709 1866 1824 1909 aurum
1846 1857 1927 1928 atque
1942 1866 1980 1907 ar·

461 1945 562 2009 multa
585 1945 651 2008 sint
671 1945 850 2022 intervalla,
866 1944 1033 2008 irresolute
1054 1945 1207 2027 loquitur,
1264 1953 1406 2026 gentum.
1429 1944 1538 2027 Neque
1566 1965 1604 2008 ex
1631 1945 1683 2008 his
1713 1947 1840 2009 deceret
1862 1954 1982 2008 constare

462 2043 666 2108 intervallum
693 2045 734 2106 de
760 2061 825 2126 quo
852 2043 993 2124 loquitur
1017 2063 1081 2108 non
1107 2045 1208 2128 expri-
1265 2061 1399 2127 corpora
1423 2042 1478 2106 illa
1502 2044 1720 2125 angelicorum
1743 2044 1910 2126 spirituum,
1924 2044 1983 2106 dato

463 2161 555 2205 mens
575 2161 680 2223 neque
701 2140 903 2224 specificans.
1264 2143 1349 2223 quod
1374 2142 1517 2223 corporei
1542 2151 1659 2220 essent,
1683 2142 1738 2205 sed
1764 2161 1803 2206 ex
1826 2141 1919 2223 aliqua
1939 2159 1984 2202 ne

502 2243 565 2303 Dic
578 2243 789 2320 deindeqnis
804 2243 917 2301 modas
929 2243 1151 2316 deserentium
1166 2261 1210 2302 se·
1266 2239 1421 2303 bilissima
1443 2259 1479 2302 ac
1501 2239 1690 2322 simpliciori
1712 2240 1852 2304 materia.

462 2344 536 2400 dem
557 2341 639 2402 Dei?
657 2341 835 2416 Respondit
850 2359 862 2398 .·
877 2340 992 2415 Capite
1015 2360 1128 2400 eorrrm
1152 2343 1211 2402 seb
1306 2338 1487 2401 Rudissima
1520 2356 1596 2421 ergo
1629 2348 1723 2420 atque
1758 2337 1918 2402 falsissima
1947 2343 1984 2398 cst

461 2441 535 2499 sede
548 2440 692 2508 Deteret>
706 2438 834 2498 thronis
847 2446 974 2514 septen.
990 2440 1095 2499 Tanta
1109 2440 1212 2518 sr'an'-
1266 2437 1451 2520 imaginatic
1471 2437 1532 2501 ista
1555 2439 1595 2501 de
1617 2438 1731 2502 throno
1755 2437 1811 2501 Dei
1835 2445 1863 2501 et
1883 2435 1985 2518 angelis

461 2540 535 2598 dem
549 2538 686 2597 cervicis
703 2535 925 2613 amplitudine
939 2545 1028 2606 sunt,
1043 2546 1080 2597 nt
1095 2540 1124 2596 si
1138 2557 1212 2597 con·
1266 2555 1339 2598 eum
1355 2534 1542 2599 ferentibus,
1559 2536 1621 2599 Sed
1642 2537 1703 2600 hoc
1723 2533 1986 2618 incomparabiliter
2090 2581 2091 2614 3

463 2636 555 2696 tinne
569 2637 693 2695 notaret
707 2636 860 2704 avievie
875 2636 966 2693 mille
978 2635 1078 2694 annis
1088 2635 1128 2694 ab
1143 2654 1211 2694 ene
1267 2634 1404 2715 amplius
1429 2635 1568 2716 pertinet
1595 2635 1634 2698 ad
1661 2635 1789 2698 laudern
1813 2643 1843 2697 et
1862 2631 1987 2714 magnili-

462 2753 545 2794 aure
565 2733 752 2809 perveniret
776 2735 821 2792 ad
843 2734 956 2793 ctiam.
980 2735 1111 2793 Cornua
1134 2742 1211 2793 sunt
1266 2733 1404 2796 centiam
1430 2733 1485 2796 Dei
1511 2733 1596 2815 quod
1625 2733 1725 2796 sancti
1754 2740 1895 2796 asserunt
1917 2731 1987 2794 Chri·

461 2833 566 2908 capr'ti
587 2851 700 2892 eorum
724 2832 906 2907 implicata.
928 2834 1073 2899 Quorum
1099 2833 1212 2906 prima
1267 2832 1373 2910 stiani,
1391 2831 1477 2914 ipsos
1496 2830 1660 2913 angelicos
1679 2831 1822 2914 spirituS,
1837 2829 1986 2914 praesertim

462 2931 560 2999 acies,
591 2931 688 3007 cujus
720 2931 894 2990 dimidium
928 2931 1004 3000 nte,
1034 2931 1211 2990 dimidium
1267 2950 1321 2995 eos
1344 2929 1398 3013 qui
1422 2931 1461 2993 de
1486 2930 1590 3012 prima
1610 2937 1685 2992 sunt
1707 2929 1892 3010 hierarchia,
1912 2937 1987 2991 tanta

464 3030 552 3106 ignis
566 3049 578 3088 .·
592 3048 658 3089 non
677 3037 785 3088 tamen
804 3029 893 3105 r‘pnis
910 3030 1017 3089 nivem
1037 3030 1211 3098 consumit,
1227 3029 1249 3094 G
1267 3047 1337 3092 esse
1361 3028 1524 3110 dignitatis
1550 3047 1586 3090 ac
1616 3027 1835 3110 perlectioniS,
1860 3027 1934 3108 quod
1957 3025 1988 3087 ab

464 3133 515 3189 vet
534 3130 597 3189 nte
611 3130 717 3205 ignem
741 3130 933 3205 exstinpeit.
950 3131 1103 3189 Secunda
1116 3130 1212 3197 acies,
1267 3128 1353 3192 omni
1369 3126 1558 3209 contagione
1573 3128 1713 3191 materiae
1729 3135 1804 3189 sunt
1817 3146 1934 3209 prorsus
1948 3124 1989 3187 im·

463 3228 560 3305 cujus
573 3227 750 3288 dimidium
768 3228 947 3295 tonitruus,
957 3228 1135 3286 dimidium
1146 3228 1215 3301 snt·
1268 3246 1392 3306 munes,
1409 3245 1565 3308 suumque
1587 3225 1767 3289 Creatorem
1790 3225 1869 3289 iutra
1888 3244 1918 3287 se
1939 3223 1989 3305 spi·
2091 3308 2092 3311 Ἴ

461 3344 541 3401 pur,
571 3326 736 3385 imrateca.
763 3326 887 3393 Tertia,
910 3325 1006 3401 cujus
1033 3325 1211 3383 dimidium
1268 3325 1424 3389 ritualiter
1446 3323 1668 3387 ardentissime
1693 3324 1945 3407 complectuntur,
1966 3321 1987 3383 ri
2091 3378 2092 3385 ,

461 3426 568 3501 plebe,
592 3426 772 3485 dimidium
795 3426 886 3483 tenda
905 3445 917 3483 .·
938 3443 1004 3483 non
1029 3432 1137 3483 tamen
1164 3428 1214 3483 vel
1268 3444 1394 3507 quoque
1415 3422 1613 3505 subjectione
1636 3423 1816 3487 humillima
1836 3423 1990 3503 obsequun·
2091 3414 2092 3417 ¹

464 3526 555 3583 unda
585 3524 712 3599 plebem
740 3523 855 3592 diluit,
885 3526 935 3581 vet
961 3524 1086 3581 undam
1114 3523 1212 3581 ebibit
1269 3532 1331 3603 tur,
1348 3531 1442 3604 atque
1466 3542 1539 3585 cum
1564 3541 1689 3585 summa
1711 3522 1886 3585 reverentia
1906 3521 1930 3585 ei
1949 3520 1990 3581 ad·

459 3623 562 3699 plebe.
574 3624 713 3691 Quarta,
724 3622 821 3699 cujus
835 3622 1014 3681 dimidium
1029 3622 1213 3690 veniundi·
1270 3622 1395 3700 sistunt,
1422 3630 1454 3685 et
1476 3640 1549 3684 eum
1574 3620 1758 3683 avidissime
1783 3628 1815 3683 et
1841 3617 1991 3684 deliciosis

461 3722 930 3790 midiumimber‚incommota
946 3720 993 3778 ici
1007 3720 1210 3779 abinvicem·
1271 3720 1350 3783 sime
1383 3726 1584 3799 contuentur,
1614 3738 1674 3782 nec
1701 3738 1842 3801 unquam
1874 3719 1909 3781 ab
1933 3716 1988 3797 ejus

462 3822 599 3890 Quinte,
622 3820 718 3895 cujus
742 3819 920 3878 dimidium
949 3818 1094 3894 ferrem,
1117 3818 1214 3877 dimi·
1271 3818 1480 3882 admiratione
1501 3837 1538 3881 ac
1561 3817 1707 3881 laudibus
1729 3826 1865 3881 cessant.

461 3921 556 3980 dium
580 3919 680 3995 ignis,
696 3919 871 3994 inconfusa
894 3919 939 3976 ad
961 3917 1112 3977 invicem.
1133 3919 1214 3978 Sem·
1308 3916 1459 3999 Sequitur
1479 3940 1486 3978 :
1504 3920 1690 3997 Ensequere
1714 3920 1857 3993 spatium
1880 3937 1899 3976 a
1919 3914 1991 3975 nobis

463 4028 509 4090 ta,
539 4018 636 4095 cujus
662 4018 842 4077 dimidium
871 4035 1009 4085 aarum,
1034 4016 1215 4075 dimidium
1269 4037 1370 4097 usque
1385 4019 1429 4078 ad
1442 4020 1566 4077 coelum.
1588 4016 1769 4095 Respondit
1784 4017 1838 4078 :A
1855 4016 1937 4075 nobis
1951 4032 1991 4072 ca·

462 4115 922 4194 argentenseptinenpns
934 4115 1114 4174 dimidium
1129 4117 1213 4184 laus,
1269 4134 1331 4195 que
1354 4117 1398 4175 ad
1421 4116 1571 4192 infimum
1596 4117 1724 4184 eoelum,
1743 4116 1810 4174 iter
1829 4116 1992 4194 quingente

463 4217 642 4277 dimidium
655 4216 777 4291 pieria.
790 4216 909 4276 Oetaea
918 4214 959 4271 de
971 4214 1214 4289 fulgentissimo
1229 4211 1254 4274 D
1270 4235 1345 4274 rum
1365 4232 1541 4283 annorum,
1558 4221 1711 4291 tantoque
1727 4229 1790 4289 per
1809 4214 1945 4273 ordinem
1961 4209 1991 4267 at

464 4316 643 4391 splendore.
1271 4330 1462 4391 unoquoque
1481 4330 1591 4371 eornm
1611 4312 1656 4370 cd
1672 4312 1865 4387 pronianum
1875 4331 1888 4379 ;
1900 4320 1926 4369 et
1943 4328 1992 4367 cm·

504 4413 587 4475 Ecce
607 4411 772 4493 responsio
791 4409 1020 4492 philosophicae
1039 4428 1076 4470 ac
1097 4409 1216 4472 theolo-
1266 4412 1398 4487 plitudo
1419 4408 1690 4487 uniuscujusque,
1711 4409 1844 4468 itineris
1862 4410 1993 4488 quingen·

465 4512 545 4594 gicre
560 4509 685 4573 veritati
700 4507 942 4571 contrarialam
962 4508 1082 4590 quippe
1097 4507 1216 4589 praeha-
1272 4518 1379 4569 torum
1392 4526 1556 4567 annornm
1567 4526 1578 4566 .·
1594 4515 1638 4565 tot
1654 4508 1691 4566 in
1705 4526 1895 4585 unoquoque
1906 4504 1994 4581 angeli

409 4642 451 4671 ,ιι
468 4610 569 4673 bitum
586 4615 644 4688 est,
661 4608 746 4689 quod
765 4607 848 4670 Deus
867 4625 931 4669 non
951 4605 1047 4668 habet
1065 4605 1215 4668 thronum
1271 4616 1350 4686 quot
1378 4625 1470 4665 nemo
1498 4606 1671 4665 nominare
1694 4612 1799 4680 potest
1832 4607 1898 4665 nisi
1926 4606 1993 4663 solus

467 4725 656 4790 corporeum
679 4707 825 4769 altiorem
850 4706 932 4769 coelo
956 4722 1116 4787 empyreo,
1132 4705 1216 4785 quod
1272 4702 1429 4767 Detrabe
1454 4700 1514 4764 hac
1539 4721 1573 4764 re
1594 4700 1744 4783 astrologi
1767 4700 1866 4764 multa
1889 4698 1993 4764 scrutati

467 4806 653 4888 angelorum
679 4803 908 4869 sustentatione
929 4803 1111 4866 nullatenus
1137 4802 1218 4865 indi·
1273 4810 1398 4864 suntet
1422 4800 1627 4881 scripserunt,
1644 4807 1677 4863 et
1699 4800 1842 4863 nondum
1865 4797 1994 4863 certitudo

467 4914 521 4989 get
538 4929 545 4968 :
563 4906 628 4969 imo
642 4903 782 4967 visibilia
801 4910 834 4965 et
852 4901 1027 4965 invisibilia
1046 4901 1219 4983 ipsummet
1273 4900 1418 4964 habetur.
1451 4900 1510 4962 Sed
1541 4898 1620 4961 nulli
1654 4906 1718 4961 tam
1747 4917 1861 4981 parum
1890 4896 1995 4961 creden·

330 5025 452 5078 turrae
468 5006 622 5070 continet.
652 5004 772 5065 Rursus
799 5002 967 5084 probatum
999 5008 1058 5080 est,
1088 5001 1219 5081 angelos
1274 5000 1349 5061 dum
1365 5006 1413 5061 est
1426 5006 1462 5060 ut
1475 4997 1662 5077 lllahometo,
1679 5016 1774 5079 quern
1795 4997 1994 5079 undiqucesse

318 5103 391 5134 ¹¹¹¹¹¹
469 5123 582 5169 omncs
610 5121 681 5166 esse
714 5100 941 5182 incorporales.
972 5099 1059 5162 Unde
1088 5100 1219 5180 angelos
1275 5096 1458 5175 mentitum,
1472 5104 1506 5159 et
1519 5114 1579 5159 uec
1595 5095 1628 5159 in
1643 5094 1762 5157 divinis
1782 5094 1942 5177 Scripturis
1953 5109 1995 5152 ne

468 5214 535 5267 tarn
563 5202 706 5268 enormis
734 5198 963 5281 magnitudinis
991 5197 1129 5281 opinari,
1158 5206 1220 5261 ste
1275 5215 1337 5277 que
1362 5197 1395 5258 in
1420 5194 1621 5279 philosophia
1646 5193 1745 5259 inisse
1773 5195 1935 5275 eruditum,
1956 5209 1995 5254 ce

469 5302 800 5367 lidissimumexstat.
826 5297 915 5361 Etsi
942 5314 1061 5361 cornua
1089 5296 1218 5376 habent,
1275 5294 1458 5380 piosissimc
1491 5303 1539 5358 est
1570 5293 1749 5378 probatum.
1779 5293 1909 5378 insuper
1936 5288 1995 5355 satis
