4309 6250
489 505 607 554 conans
629 505 798 552 rcnrmmrr
817 503 989 562 sancum,
1012 504 1102 551 amru
1122 505 1156 552 n.
1178 521 1220 536 -·
1240 503 1309 552 aar.
1333 505 1388 552 xrx
1653 487 1711 551 aot

162 675 340 740 certissime
369 676 534 759 pluralitas
567 675 628 738 ista
655 694 790 739 uxorum
818 675 913 738 vebe-
927 674 952 737 A
966 675 1039 757 plus
1060 675 1160 752 savit,
1177 693 1236 738 nec
1261 673 1329 738 suis
1354 673 1499 737 terminis
1524 679 1712 735 coarctatur.

162 773 363 836 montissime
392 774 537 856 impedit.
557 773 625 837 lmo
652 792 749 836 unam
781 772 910 851 babere,
966 771 1054 846 Quod
1067 773 1164 836 etiarn
1179 772 1373 854 experientia
1387 770 1631 834 lamentabiliter
1645 788 1716 834 con·

162 890 226 934 non
242 891 356 954 parum
372 872 405 934 id
420 871 486 953 agit
502 895 509 933 :
525 870 600 952 quia
614 870 786 934 sollicitum
808 870 913 934 efficit
966 878 1100 934 testatur
1130 895 1137 934 ε
1169 871 1212 934 ita
1241 879 1276 933 ut
1303 888 1367 934 non
1402 869 1547 933 obstante
1582 887 1715 932 uxorum

161 968 270 1031 virum
300 969 385 1031 circa
413 967 624 1050 quamplura3
650 975 837 1049 certumque
865 976 913 1030 est
967 969 1159 1052 pluralitate,
1177 968 1323 1032 nonnulli
1347 968 1453 1030 taliter
1477 966 1647 1046 uxorati,a
1670 965 1717 1028 vi-

161 1065 248 1146 quod
273 1074 392 1147 quanto
414 1065 489 1146 quis
514 1064 599 1128 circa
622 1064 714 1146 plura
738 1072 844 1127 mente
865 1065 914 1128 di·
967 1067 1020 1130 tiis
1036 1075 1147 1131 contra
1161 1075 1319 1146 naturam,
1332 1067 1397 1129 imo
1411 1073 1443 1129 et
1457 1085 1476 1128 a
1490 1063 1716 1128 commixtione

162 1163 295 1242 viditur,
320 1171 507 1246 occupatur,
533 1161 732 1239 distrahitur,
754 1169 842 1226 tanto
865 1163 914 1226 in·
967 1183 1041 1229 cum
1066 1165 1182 1242 brutis,
1198 1183 1263 1228 non
1284 1164 1360 1228 satis
1382 1163 1542 1226 abstinere
1557 1161 1714 1226 dicantur.

161 1261 350 1344 disposition
369 1260 512 1325 redditur
528 1261 568 1323 ad
587 1260 765 1322 vacandum
785 1260 849 1324 oco
868 1259 913 1322 al·
967 1262 1168 1327 Refrenanda
1192 1271 1241 1326 est
1264 1281 1339 1345 ergo
1365 1260 1624 1344 concupiscentia
1649 1257 1717 1324 car-

161 1359 300 1440 tissimo,
321 1360 361 1422 ad
389 1358 690 1440 contemplationem
717 1357 911 1438 divinorum,
968 1360 1028 1438 nis,
1052 1368 1088 1423 ut
1108 1380 1191 1424 unus
1213 1380 1276 1424 noa
1298 1367 1509 1424 contentetur.

161 1458 201 1520 ad
216 1457 432 1538 frequentiam
447 1454 660 1538 spiritualium
675 1455 911 1519 exercitiorum.
1007 1459 1233 1522 Verumtamen
1258 1466 1369 1522 contra
1393 1457 1461 1520 baec
1480 1456 1578 1538 objici
1599 1463 1714 1539 potest.

202 1555 368 1634 Prummu,
383 1561 508 1618 constat
530 1553 615 1634 quod
639 1561 759 1634 quanto
779 1553 851 1635 quis
872 1554 913 1616 ad
967 1555 1085 1635 Primo,
1111 1556 1261 1637 quoniam
1290 1575 1373 1619 unus
1402 1555 1452 1618 vir
1479 1563 1585 1638 potest
1608 1555 1716 1638 plures

162 1653 307 1716 carnalia
335 1652 437 1734 magis
465 1650 657 1715 sensualiter
687 1670 725 1714 ac
752 1650 914 1715 ferventer
967 1655 1141 1718 fecundare
1161 1673 1293 1732 uxores,
1309 1653 1542 1735 fecundataque
1561 1673 1635 1731 una,
1652 1651 1719 1716 fru-

161 1750 321 1831 afficitur,
338 1758 425 1815 tanto
440 1749 512 1832 plus
532 1769 551 1812 a
570 1749 728 1832 spirituali
747 1767 785 1813 ac
804 1750 914 1814 divino
968 1752 1112 1817 ctuosius
1126 1771 1196 1815 esse
1212 1753 1339 1816 videtur
1352 1759 1387 1815 ut
1400 1752 1497 1815 aliam
1510 1770 1637 1834 quoque
1659 1751 1718 1814 im·

161 1870 273 1915 amore
287 1859 384 1931 atque
403 1849 443 1912 ab
462 1849 552 1913 omni
570 1849 722 1912 virtutum
745 1847 914 1931 perfectio-
931 1851 955 1913 B
970 1859 1122 1934 pragnet,
1139 1869 1236 1932 quam
1252 1859 1287 1914 ut
1307 1869 1416 1914 semen
1432 1850 1631 1914 infructuose
1646 1868 1719 1932 pro·

163 1969 205 2012 ne
219 1948 406 2030 impeditur.
421 1947 524 2022 Quum
539 1965 616 2029 ergo
637 1947 850 2011 certissimum
873 1947 916 2009 sit
967 1950 1070 2031 jiciat.
1086 1986 1127 1996 —
1141 1949 1298 2028 Secundo,
1315 1950 1466 2031 quoniam
1482 1949 1584 2012 sancti
1599 1958 1717 2030 patres,

163 2047 210 2110 nil
234 2047 280 2110 ita
300 2047 443 2110 animum
464 2045 589 2110 virilem
609 2045 738 2110 abarce
760 2046 914 2108 virtutum
969 2058 1034 2112 tam
1063 2049 1096 2111 in
1131 2049 1201 2129 lege
1232 2054 1353 2111 naturas
1386 2067 1482 2129 quam
1516 2047 1550 2111 in
1584 2046 1719 2110 llosaica

163 2147 320 2228 dejicere,
342 2144 386 2207 nil
411 2145 454 2208 ita
478 2163 534 2209 cor
557 2145 619 2207 viri
644 2143 846 2222 effeminare,
868 2143 915 2207 nil
971 2148 1052 2228 lege,
1066 2155 1242 2210 noscuntur
1256 2145 1363 2228 plures
1379 2145 1532 2228 conjuges
1546 2145 1716 2208 habuisse:

163 2247 212 2308 sic
237 2252 381 2308 mentem
405 2243 577 2307 humanam
600 2243 791 2326 deprimere,
807 2244 915 2307 absos·
971 2254 1003 2309 et
1027 2244 1128 2308 nihilo
1149 2245 1257 2308 minus
1279 2245 1381 2308 sancti
1402 2245 1543 2321 luerunt,
1560 2252 1593 2307 et
1613 2244 1721 2333 mode-

163 2345 254 2421 borc,
280 2341 451 2420 inebriare,
476 2349 508 2404 et
532 2340 659 2404 taudem
687 2340 855 2421 infatuare,
881 2349 917 2404 ut
971 2352 1038 2408 rate
1063 2343 1212 2407 uxoribus
1237 2344 1416 2406 utebantur.
1437 2379 1477 2390 -
1502 2343 1619 2421 Tertio,
1643 2360 1721 2424 quo-

162 2442 374 2505 irrefrenatus
394 2440 473 2503 facit
492 2439 681 2504 concubitus
701 2439 916 2522 frequensque
971 2445 1058 2506 niam
1088 2451 1214 2524 tempus
1241 2459 1305 2522 quo
1338 2441 1430 2504 decet
1457 2442 1561 2504 virum
1590 2459 1720 2504 uxorem

163 2539 341 2602 mulierum
375 2538 552 2621 amplexus,
587 2537 756 2602 muliebria
794 2536 917 2600 blandi·
972 2559 1175 2624 cognoscere,
1203 2540 1299 2603 breve
1323 2548 1381 2603 est.
1408 2539 1571 2621 Siquidem
1597 2539 1721 2621 impra-

163 2646 276 2702 menta
300 2647 333 2700 et
357 2637 502 2720 voluptas
526 2636 669 2700 illatam
693 2654 829 2714 carnea;
845 2653 918 2700 con·
971 2649 1113 2722 gnatam,
1146 2645 1178 2700 et
1210 2639 1352 2701 nondum
1385 2647 1455 2721 post
1487 2646 1613 2721 partum
1644 2655 1720 2720 pur·

162 2745 227 2800 stat
251 2737 339 2820 quod
364 2734 529 2819 pluralitas
553 2735 728 2818 conjugum
750 2735 792 2797 sit
815 2734 916 2796 divini
971 2746 1089 2821 gatam,
1115 2753 1178 2799 non
1203 2736 1296 2799 decet
1320 2737 1472 2800 accedere
1500 2759 1506 2797 :
1534 2742 1622 2799 tanto
1645 2751 1721 2815 ergo

161 2845 196 2899 et
215 2835 394 2918 spiritualis
416 2833 534 2898 amoris
557 2832 726 2914 omnisque
749 2833 918 2917 perfectio·
972 2837 1100 2900 residuo
1121 2842 1262 2915 tempere
1285 2834 1333 2896 vis
1354 2835 1538 2916 generativa
1561 2833 1621 2896 viri
1642 2831 1723 2896 otio-

162 2935 216 2998 nis
241 2943 276 2997 et
289 2952 435 3016 superne
455 2931 734 3013 contemplationis
755 2939 849 3013 atque
870 2931 918 2994 in·
972 2957 1007 3000 sa
1032 2933 1184 2998 manebit.
1204 2931 1347 2996 Periculo
1371 2951 1498 3014 quoque
1521 2929 1721 2994 adulterandi

161 3041 267 3096 terna
281 3030 535 3096 conversationis
556 3029 837 3093 vehementissime
858 3028 918 3092 im·
935 3038 957 3101 c
973 3036 1022 3099 vir
1036 3030 1168 3116 patebit,
1185 3031 1210 3092 si
1225 3049 1321 3093 unam
1341 3031 1503 3094 dumtaxat
1519 3029 1634 3092 babeat
1647 3047 1723 3092 con-

161 3132 319 3216 peditiva.
341 3130 398 3195 Est
423 3146 501 3213 ergo
528 3148 659 3213 prorsus
688 3128 830 3193 vitanda.
852 3128 916 3191 Nec
972 3134 1116 3199 tentem,

160 3232 395 3314 aliquomodo
422 3228 618 3293 credendum
645 3236 705 3307 est,
731 3228 816 3310 quod
844 3235 918 3311 post
1011 3233 1050 3295 Et
1090 3234 1358 3318 respondendum,
1394 3228 1479 3310 qnod
1521 3244 1722 3308 nequaquam

161 3330 284 3393 Christi
297 3330 470 3393 adventurn
491 3326 634 3411 legisque
655 3327 849 3408 evangelica
862 3327 918 3391 do-
972 3332 1148 3415 principale
1171 3332 1310 3397 bominis
1335 3328 1467 3404 bonum,
1488 3344 1548 3387 nec
1568 3324 1647 3387 finis
1668 3342 1723 3387 ne-

161 3436 354 3491 cnmentum
372 3446 411 3489 ac
428 3426 619 3507 jussionem,
635 3427 687 3489 lex
705 3426 767 3488 ista
786 3425 826 3489 de
848 3425 919 3509 plu·
972 3449 1035 3512 que
1063 3431 1218 3513 perfectio
1247 3431 1328 3513 ejus,
1360 3434 1408 3490 est
1440 3423 1597 3507 corporali
1625 3422 1723 3508 proli·

161 3526 292 3590 ralitate
322 3544 455 3589 uxorum
482 3544 502 3587 a
534 3524 598 3587 lleo
625 3524 826 3605 processerit.
856 3524 918 3587 Sed
973 3528 1117 3592 ficationi
1147 3530 1323 3605 intendere,
1354 3525 1410 3588 sed
1445 3522 1722 3587 conversationem

160 3626 273 3707 qualis
286 3624 341 3687 bic
355 3624 418 3687 fuit
437 3622 611 3704 legislator,
628 3622 777 3685 videlicet
792 3620 916 3700 blabon,
973 3627 1172 3708 spiritualem
1186 3648 1223 3690 ac
1239 3626 1401 3691 ooelestem
1417 3623 1452 3684 in
1472 3630 1556 3683 terra
1570 3620 1721 3682 inchoare

160 3724 265 3787 talem
287 3721 421 3786 contulit
443 3720 546 3803 legem
563 3743 571 3781 :
588 3719 748 3802 siquidem
766 3718 919 3781 carnalis-
973 3744 1011 3788 ac
1035 3726 1165 3805 ducere,
1182 3726 1214 3788 in
1240 3724 1350 3789 divino
1376 3738 1495 3798 maore,
1511 3719 1545 3781 in
1569 3718 1719 3799 puritate,

161 3823 270 3885 simus
292 3819 509 3902 turpissimam
529 3818 633 3900 legem
654 3816 796 3880 donavit.
973 3824 1081 3905 quiete
1105 3834 1138 3888 et
1161 3843 1238 3907 pace
1263 3820 1379 3886 mentis
1404 3816 1574 3902 pmfieere,
1600 3816 1633 3877 in
1657 3814 1722 3880 Deo

202 3924 246 3983 At
272 3938 350 3984 vero
377 3916 617 3981 matrimonium
644 3934 710 3979 11011
738 3915 842 3979 mlum
869 3923 918 3979 est
973 3923 1109 4003 firmari,
1136 3924 1249 4005 suique
1276 3918 1432 3984 Creatoris
1461 3915 1660 3997 majestatem
1690 3921 1723 3978 et

160 4022 348 4087 institutum
376 4018 411 4079 in
437 4014 586 4081 officium
613 4022 745 4093 natura,
774 4022 851 4097 puta
877 4015 918 4077 ad
972 4021 1107 4103 gloriam
1122 4020 1262 4104 quotidie
1280 4038 1337 4103 per
1356 4017 1455 4081 fidem
1475 4032 1512 4077 ac
1533 4012 1721 4096 sapientiam

160 4116 453 4203 prolifiectionom
482 4114 538 4176 sed
571 4113 647 4175 item
681 4112 714 4175 111
743 4112 918 4176 remedium
973 4120 1195 4202 contemplari.
1228 4118 1264 4182 Ut
1295 4133 1372 4197 ergo
1404 4114 1438 4176 in
1471 4111 1522 4175 bis
1550 4111 1721 4195 precipuis

160 4218 283 4300 culpat,
296 4221 406 4297 1111)οω
424 4210 723 4276 ⁸df0l1150⁸fi0110ffl
742 4211 917 4293 1111111111,
933 4226 958 4290 1)
974 4220 1067 4283 bonis
1091 4218 1186 4282 borno
1210 4222 1405 4293 concrescat,
1426 4209 1720 4294 concupiscentiam

160 4336 230 4381 non
257 4314 368 4395 1111111111
394 4312 498 4375 tolum
523 4311 563 4373 td
593 4310 790 4392 0011101111ῐῦ
819 4308 919 4375 101111·
973 4317 1165 4399 restringere
1180 4315 1284 4394 debet,
1301 4322 1333 4377 et
1353 4329 1487 4377 uxorum
1506 4308 1720 4393 pluralitatem

160 4416 339 4489 catioaem,
369 4410 425 4473 sed
458 4408 556 4473 etiam
588 4408 631 4473 ob
666 4408 813 4473 vitiosam
846 4408 918 4491 eius
972 4416 1108 4479 vitare:
1134 4413 1309 4498 prasertim
1336 4410 1412 4493 quia
1438 4407 1499 4473 etsi
1528 4406 1721 4490 prolificatio

159 4513 377 4579 affectionem
408 4509 529 4591 jugiter
560 4508 758 4591 fugiendam.
787 4510 919 4590 Propter
972 4515 1056 4579 bona
1084 4514 1136 4595 sit,
1163 4512 1263 4576 nihilo
1288 4511 1393 4574 minus
1416 4516 1463 4571 tot
1486 4506 1582 4586 mala,
1603 4514 1650 4571 tot
1674 4506 1722 4571 in·

159 4614 251 4697 quod
268 4612 319 4673 vir
332 4617 458 4673 tenetur
471 4608 601 4690 conjugi
616 4608 748 4671 reddere
762 4608 916 4691 debitum,
973 4613 1140 4677 commoda
1160 4621 1268 4693 totque
1289 4606 1432 4692 pericula
1451 4604 1624 4688 pluralitati
1646 4624 1722 4671 uxo-

160 4721 193 4777 at
222 4717 369 4775 econtra.
394 4708 497 4783 Quum
521 4726 597 4789 ergo
621 4706 670 4769 vir
693 4726 776 4770 unus
799 4726 918 4789 nequa·
966 4698 1043 4773 ¹rum
1057 4728 1181 4772 annexa
1196 4715 1280 4786 sunt,
1296 4714 1331 4768 ut
1352 4712 1482 4788 propter
1502 4701 1602 4765 solam
1625 4700 1721 4783 proli-

158 4828 265 4893 quam
293 4806 403 4869 multis
430 4805 532 4888 possit
559 4805 744 4868 satisfacere
773 4803 915 4883 feminis,
972 4808 1157 4872 ficationem
1171 4805 1366 4869 admittenda
1380 4821 1445 4867 non
1460 4802 1510 4865 sit.
1525 4801 1580 4863 Vir
1594 4818 1721 4882 quoque

158 4912 241 4973 dum
269 4925 354 4968 unua
379 4903 487 4986 plures
510 4922 625 4967 uxores
649 4903 757 4984 sumit,
774 4903 828 4967 dat
852 4904 917 4967 illis
972 4927 1036 4971 non
1065 4914 1170 4989 potest
1202 4912 1266 4967 tam
1299 4908 1513 4983 congruenter
1547 4898 1721 4962 multarum

157 5006 371 5072 occasionem
399 5005 439 5067 ad
466 5004 583 5066 multas
611 5002 720 5066 ruinas
750 5027 758 5065 ι
785 5002 849 5067 imo
877 5005 917 5067 ad
972 5004 1092 5069 sobolis
1116 5003 1288 5085 conjugum
1313 4997 1528 5077 instructioni,
1549 4996 1721 5078 correptio-

157 5104 381 5190 impossibilia
398 5103 461 5167 sibi
482 5102 602 5184 obligat
624 5102 845 5185 semetipsum.
860 5102 919 5164 lle
972 5104 1017 5182 ni,
1033 5100 1213 5167 educationi
1238 5098 1458 5182 prolectuique
1478 5114 1602 5173 vacare,
1619 5104 1653 5157 ut
1672 5113 1721 5158 so-

158 5207 276 5289 nique,
304 5201 564 5284 concupiscentia
587 5200 695 5265 camis
717 5207 838 5282 quanto
862 5219 920 5282 per
973 5202 1055 5265 bolis
1080 5200 1187 5264 uxoris
1208 5198 1314 5261 unius.
1331 5194 1439 5259 ldelior
1458 5202 1508 5258 est
1529 5193 1615 5257 enim
1637 5212 1720 5256 unus
1741 5212 1866 5270 ravan,

158 5307 280 5391 plures
298 5319 451 5385 personas
471 5299 591 5364 actuari
609 5299 813 5383 permittitur,
830 5306 918 5363 tanto
974 5298 1062 5363 lilius
1084 5299 1187 5362 bonus
1201 5314 1296 5379 quam
1311 5294 1397 5358 mille
1412 5291 1475 5355 filii
1489 5310 1637 5374 nequam.
1654 5290 1720 5359 lmo
1736 5282 1757 5322 ⁸·
