4309 6250
462 483 523 549 490
601 504 752 553 nrmocos
772 500 1001 553 nrsroranonrs
1021 506 1112 555 rnrar
1133 506 1339 557 cnrrsrranon
1359 508 1398 554 nr
1418 508 1633 557 samacnnmr.
1657 527 1696 539 -
1717 508 1788 556 aar.
1811 508 1874 557 xru

464 674 511 736 sic
535 682 636 737 totum
660 695 761 758 genus
785 677 960 740 humanum
985 678 1123 761 indiguit
1150 679 1250 742 sal-A
1266 698 1353 761 purae
1368 688 1519 743 creatura
1534 679 1886 759 facultatem,virtutcm
1899 689 1991 763 etgra-

463 782 584 852 vatore,
601 774 693 855 cujus
713 775 830 839 virtute
849 796 885 840 ac
905 778 1028 840 meritis
1049 779 1088 841 ad
1104 777 1211 861 pristi-
1264 778 1352 840 dum.
1370 779 1535 841 Peccatum
1550 798 1688 861 quoque,
1704 798 1803 861 quum
1820 780 1862 842 sit
1874 778 1990 844 offensio

464 892 538 935 uam
558 871 607 935 sui
628 872 784 937 Crantoris
803 875 936 957 gratiam
958 877 1162 939 reduceretur
1179 885 1211 940 et
1264 876 1319 938 nai
1341 876 1516 957 majestatis
1541 877 1637 940 totius
1659 877 1836 956 immensa,
1853 886 1898 941 est
1918 898 1991 941 enor-

456 971 503 1033 ad
518 971 682 1053 originalis
696 973 826 1053 justitiae
840 974 1211 1053 conformitatem,amis-
1265 974 1385 1037 mitatis
1400 976 1635 1057 quodammodo
1655 974 1791 1039 infinitae
1808 1000 1815 1037 :
1835 977 1944 1041 idcirco
1956 988 1991 1041 to

464 1089 532 1133 sam
553 1089 681 1151 quoque
703 1081 904 1154 recuperaret
925 1073 1121 1137 felicitatem.
1265 1073 1328 1135 tius
1343 1074 1473 1136 humani
1489 1074 1615 1155 generis
1635 1074 1769 1137 crimina
1788 1074 1907 1153 tollere,
1921 1096 1991 1157 pura

505 1168 716 1233 Sarracenos.
747 1171 882 1235 -Nou
916 1180 1087 1253 potuerunt
1115 1173 1210 1254 primi
1264 1190 1329 1233 non
1358 1171 1504 1253 congruit
1530 1180 1660 1236 naturae.
1692 1174 1800 1255 ltaque
1829 1173 1869 1236 oh
1895 1174 1945 1235 has
1967 1183 1992 1237 et

463 1276 611 1349 parantes
638 1288 672 1331 sc
700 1270 786 1352 ipsos
814 1290 851 1333 ac
879 1279 1023 1353 posteros
1048 1291 1122 1335 suos
1148 1272 1210 1335 lleo
1265 1269 1344 1331 alias
1369 1270 1472 1332 varias
1496 1270 1632 1334 rationes
1653 1271 1736 1333 Deus
1757 1270 1862 1334 factus
1885 1280 1927 1335 est
1948 1272 1992 1336 hc

463 1366 671 1430 reconciliare
695 1368 891 1450 poenitendo,
915 1370 999 1432 sicut
1022 1390 1055 1433 se
1080 1380 1111 1433 et
1136 1390 1210 1434 suos
1265 1386 1329 1448 mo,
1350 1367 1404 1430 Dei
1427 1376 1459 1431 et
1482 1367 1648 1431 hominum
1673 1369 1829 1433 mediator
1854 1393 1860 1431 :
1885 1370 1993 1451 quise

463 1465 667 1547 perdiderant
687 1468 969 1548 transgrediendof
1265 1466 1405 1529 cundum
1425 1467 1509 1549 quod
1529 1467 1635 1547 horno,
1652 1467 1756 1549 potuit
1774 1467 1948 1531 satisfacere
1962 1489 1991 1531 ac

502 1562 718 1628 Carrsrranus.
730 1602 770 1611 —
784 1564 999 1647 Nequaquam.
1016 1568 1141 1630 Etenim
1156 1588 1211 1631 an·
1266 1565 1392 1644 mereri,
1409 1572 1503 1647 atquo
1524 1585 1563 1629 ex
1584 1565 1671 1628 unita
1696 1566 1815 1629 deitate
1836 1566 1937 1629 hahuit
1955 1567 1993 1627 di-

463 1669 494 1725 te
509 1680 619 1725 eorum
636 1664 932 1746 transgressionem,
950 1664 1012 1728 fuit
1031 1666 1063 1727 in
1083 1667 1130 1729 eis
1149 1668 1211 1730 ori·
1265 1664 1417 1744 gnitatem
1437 1671 1468 1725 ct
1486 1663 1666 1727 efficaciam
1687 1664 1887 1747 promerendi
1906 1684 1937 1727 ac
1956 1684 1993 1726 sa·

462 1760 579 1842 ginalis
599 1761 722 1841 justitia
742 1781 806 1825 nou
826 1763 928 1826 solum
949 1772 984 1826 ut
1005 1764 1039 1826 iu
1064 1764 1212 1827 deterrui·
1266 1762 1443 1826 tisfaoiendi
1467 1761 1667 1825 immensam.

464 1858 546 1921 natis
574 1860 728 1941 personis,
759 1862 815 1924 scd
844 1862 938 1924 etiam
972 1871 1007 1925 ut
1035 1864 1068 1925 in
1099 1863 1250 1945 primisB
1307 1862 1520 1925 Sarracenos.
1546 1862 1640 1923 —Si
1666 1861 1810 1925 Christus
1834 1870 1927 1925 totum
1948 1863 1995 1924 hu·

463 1957 628 2039 principiis
652 1959 749 2022 totius
776 1960 923 2024 humanae
947 1962 1153 2044 propaginis;
1180 1969 1211 2025 et
1266 1979 1397 2022 manum
1423 1979 1524 2041 genus
1554 1960 1698 2038 redemit,
1726 1980 1785 2023 cur
1812 1980 1875 2024 non
1900 1978 1994 2024 omnes

462 2055 523 2117 fuit
538 2056 570 2118 in
586 2056 633 2118 eis
649 2065 768 2121 naturae
783 2058 960 2141 integritas,
976 2068 1067 2122 erant
1085 2078 1210 2143 quoque
1267 2057 1450 2121 salvanturl

463 2154 601 2218 Creatori
623 2174 680 2218 suo
700 2155 834 2219 multum
856 2158 979 2241 accepti
998 2182 1004 2220 :
1022 2160 1132 2240 sicque
1157 2162 1211 2223 ha·
1306 2156 1521 2221 Cnrrsrranos.
1537 2192 1578 2203 -
1594 2157 1739 2219 Meritum
1758 2157 1870 2220 Christi
1890 2166 1933 2220 est
1952 2177 1995 2239 ge·

464 2252 539 2315 here
567 2253 716 2316 valebant
743 2255 901 2318 actionem
931 2264 1148 2320 transeuntem
1178 2260 1210 2322 in
1267 2255 1383 2318 neralis
1403 2254 1561 2318 medicina
1581 2255 1722 2318 curative
1743 2263 1775 2318 et
1794 2256 1937 2319 salrativa
1953 2275 1996 2336 ge-

463 2370 591 2414 omnem
618 2371 727 2415 eorum
753 2353 981 2435 posteritatem.
997 2355 1113 2419 Privati
1136 2378 1210 2421 vero
1267 2354 1353 2417 neris
1372 2354 1520 2432 humani3
1536 2353 1631 2415 talem
1652 2372 1727 2417 vero
1749 2354 1934 2417 medicinam
1952 2374 1996 2415 ne

463 2449 660 2513 excellentiis
676 2450 782 2531 tantis,
798 2460 830 2513 at
850 2454 990 2536 corrupti
1006 2474 1043 2517 ac
1058 2455 1122 2519 Deo
1137 2456 1211 2520 aho-
1252 2464 1355 2517 'cesse
1369 2461 1418 2515 est
1432 2451 1584 2535 applicari
1600 2454 1650 2515 his
1666 2452 1720 2535 qui
1735 2453 1837 2516 curari
1852 2462 1885 2516 et
1898 2452 1996 2516 salvari

464 2547 634 2611 minabifes
650 2548 738 2629 facti,
755 2550 930 2632 nequibant
944 2552 1005 2614 sihi
1024 2572 1061 2615 ac
1076 2574 1141 2617 suaa
1157 2574 1211 2636 po-
1266 2552 1383 2615 dehent
1405 2570 1462 2634 per
1483 2570 1564 2614 eam.

465 2646 598 2709 steritati
614 2666 801 2730 recuperare
816 2649 901 2730 qnod
917 2650 1211 2731 perdiderunt:imo
1307 2650 1520 2713 Sarracenos.
1536 2686 1576 2695 —
1595 2648 1735 2723 Qualiter
1755 2656 1788 2712 et
1808 2668 1862 2732 per
1882 2669 1946 2731 qua
1965 2648 1996 2710 fit

464 2744 525 2808 hoc
540 2744 600 2807 fuit
616 2745 792 2809 ineffabilis
811 2748 1028 2811 misericordia
1042 2750 1210 2831 Creatoris,
1267 2747 1439 2831 applicatio
1460 2746 1539 2810 illal

463 2845 548 2924 quod
573 2864 627 2907 eos
651 2854 715 2909 non
741 2847 964 2910 condemnavit
988 2848 1135 2928 totaliter,
1151 2869 1211 2913 nec
1307 2846 1523 2911 Cnnrsnanos.
1543 2882 1584 2891 —
1611 2846 1668 2909 Per
1697 2846 1794 2909 fidem
1823 2846 1995 2909 catholicam

464 2942 582 3005 occidit
597 2962 668 3006 mox
683 2952 718 3005 ut
732 2945 920 3027 transgressi
942 2944 1081 3008 fuerunt.
1098 2947 1212 3010 Neces-
1267 2952 1298 3007 et
1313 2952 1511 3008 sacramenta
1525 2944 1686 3022 Ecclesia,
1703 2944 1879 3027 presertim
1892 2964 1944 3027 pcr
1956 2962 1997 3005 ca-

465 3040 567 3102 sarius
582 3060 657 3122 ergo
673 3042 735 3104 fuit
755 3044 893 3105 humano
908 3043 1017 3124 generi
1033 3044 1247 3113 communisc
1267 3042 1402 3121 ritatem,
1420 3062 1476 3123 per
1500 3061 1597 3123 quarn
1625 3043 1773 3106 homines
1797 3043 1917 3106 Christo
1938 3059 1998 3123 pro

466 3137 613 3218 salvator,
638 3140 676 3202 ad
710 3141 805 3201 totius
830 3150 951 3203 naturae
980 3143 1210 3222 reparationem
1267 3143 1335 3224 prie
1359 3142 1613 3222 incorporantur,
1640 3150 1671 3205 et
1695 3152 1845 3225 tanquam
1871 3141 1998 3204 membra

465 3235 609 3315 idoneus,
637 3238 728 3319 eujus
756 3240 851 3317 actio,
875 3239 975 3302 virtus
1003 3248 1034 3302 et
1063 3241 1210 3303 meritum
1267 3257 1324 3302 suo
1350 3238 1446 3322 capiti
1472 3238 1640 3302 salubriter
1661 3247 1901 3302 connectuntur.

465 3336 636 3398 transirent
653 3356 690 3398 ac
709 3337 969 3401 diffunderentur
987 3339 1019 3400 in
1040 3347 1139 3402 toturn
1159 3359 1212 3421 ge·
1307 3338 1519 3400 Sarracenos.
1549 3374 1590 3384 -
1617 3339 1797 3400 Secundum
1825 3339 1891 3400 hacc
1918 3353 1997 3399 nemo

465 3452 526 3494 uus
547 3435 734 3498 humanum.
1269 3444 1376 3516 posset
1394 3435 1507 3499 salvari
1529 3436 1591 3498 nisi
1609 3455 1665 3519 per
1680 3435 1895 3517 evangelicam
1909 3436 1997 3516 legen

504 3531 716 3597 Sarracenos
729 3571 769 3580 —
782 3535 847 3598 Hoc
862 3554 1026 3614 concesso,
1045 3556 1103 3598 our
1120 3556 1211 3619 opor·
1267 3533 1539 3614 christianamque
1561 3533 1672 3596 fidem.

464 3631 526 3692 tuit
544 3639 578 3693 ut
596 3631 678 3693 Deus
697 3633 884 3696 exsisterett
901 3633 1011 3696 Nonne
1036 3635 1131 3697 horno
1156 3635 1212 3696 ali·
1307 3632 1523 3696 Cnrrsrranos.
1549 3668 1590 3679 —
1614 3633 1786 3695 Verissime
1815 3631 1997 3706 conclusisti,

464 3728 538 3809 quis
553 3738 681 3791 sanctus
696 3739 729 3792 et
743 3731 908 3808 innocens,
925 3740 979 3794 aut
997 3732 1130 3812 angelus
1145 3733 1212 3815 glo·
1268 3731 1440 3812 praesertim
1457 3750 1513 3813 pro
1528 3738 1671 3813 tempore
1686 3729 1850 3812 Evangelii
1871 3729 1999 3811 divulga·

463 3826 576 3904 riosus,
598 3828 637 3889 ad
659 3828 725 3890 haec
747 3829 866 3891 exstitit
887 3829 1002 3910 dignus
1023 3838 1054 3892 et
1075 3833 1190 3911 aptust
1268 3829 1289 3890 ti
1319 3853 1326 3892 ι
1354 3829 1419 3892 imo
1444 3828 1484 3890 ah
1499 3829 1627 3891 exordio
1656 3829 1766 3892 mundi
1795 3848 1890 3892 nemo
1913 3827 1999 3910 potuit

503 3925 718 3989 Cnrrsrranos.
747 3963 789 3972 —
816 3927 847 3989 Si
876 3927 916 3990 ad
946 3947 1094 3991 carneam
1123 3928 1210 3990 illam
1266 3927 1410 3990 obtinere
1435 3927 1580 4005 salutern,
1607 3926 1669 3989 nisi
1694 3946 1751 4008 par
1775 3926 1873 3990 fidem
1898 3923 2000 3990 Christi

463 4023 650 4087 felicitatem
674 4026 799 4106 quaein
824 4026 979 4089 Alcorano
1004 4025 1209 4107 promittitur,
1266 4025 1446 4108 explicitam
1467 4033 1522 4088 aut
1543 4024 1655 4087 saltem
1681 4025 1878 4106 implicitam.

465 4132 607 4187 creatum
628 4133 713 4187 esset
730 4144 831 4207 genos
852 4126 1039 4203 humanum,
1056 4125 1213 4208 potuisset
1307 4125 1519 4188 Sarracenos
1535 4123 1688 4186 —Nimis
1709 4132 1812 4186 arctas
1832 4125 1913 4186 viam
1928 4122 2000 4184 salo·

466 4221 572 4285 forsan
589 4241 646 4304 per
661 4223 799 4303 aliquam
815 4242 926 4306 puram
942 4232 1119 4286 creaturam
1134 4225 1213 4287 radi·
1229 4226 1252 4287 o
1269 4224 1318 4302 tis,
1335 4222 1431 4285 nimis
1453 4241 1579 4304 quoque
1601 4221 1705 4303 legem
1725 4229 1812 4284 tuam
1838 4221 1965 4285 extollis.

465 4322 509 4383 mi
533 4329 565 4383 et
588 4320 723 4398 salvari3
747 4322 801 4384 sed
829 4321 902 4402 quia
925 4322 965 4384 ad
989 4330 1213 4404 supernatura·
1308 4322 1523 4386 Conrsrranos
1540 4357 1581 4368 -
1601 4320 1669 4384 Non
1692 4321 1765 4404 plus
1785 4340 1879 4405 quam
1898 4318 2002 4382 utrius-

464 4421 526 4482 lem
546 4419 774 4482 beatitudinem
790 4420 953 4483 conditum
971 4421 1042 4500 fuit,
1054 4441 1125 4502 quaa
1140 4421 1212 4484 bea·
1267 4440 1329 4502 quc
1351 4419 1543 4482 Testamenti
1566 4420 1684 4482 docent
1704 4419 1881 4501 scriptura.

463 4518 563 4581 titudo
578 4527 626 4580 est
641 4518 759 4580 bonum
780 4519 1012 4599 quodammodo
1033 4518 1209 4600 infinitum,
1308 4520 1521 4581 Sarracenos.
1547 4517 1676 4591 -Quo
1705 4517 1819 4580 merito
1845 4515 1953 4580 Christi
1976 4522 2002 4574 et

463 4617 664 4698 inquantum
681 4624 731 4679 est
744 4616 927 4679 immediata
942 4625 974 4679 et
988 4617 1073 4679 clara
1089 4617 1209 4680 infiniti
1267 4616 1404 4699 qualiter
1423 4615 1536 4678 merito
1557 4614 1612 4679 illo
1634 4615 1833 4698 redemptum
1852 4624 1900 4678 est
1913 4630 2002 4695 genus

462 4713 538 4778 honi
564 4714 686 4792 fruitio,
702 4733 766 4777 non
792 4724 859 4778 crat
879 4735 959 4797 pura
979 4723 1124 4777 creatura
1146 4717 1211 4779 ido·
1268 4716 1464 4778 homanumf

462 4832 522 4875 nea
548 4821 667 4874 tantam
694 4813 879 4875 felicitatem
905 4813 1077 4894 promereri
1102 4833 1138 4876 ac
1164 4833 1211 4876 re·
1308 4811 1523 4874 Currsrranos.
1539 4811 1669 4874 —Tota
1684 4811 1884 4874 conversatio
1898 4806 2001 4872 Christi

462 4930 615 4992 cuperare
630 4911 688 4974 toti
703 4911 813 4992 generi
833 4912 983 4973 humano.
1001 4911 1142 4991 lienique
1158 4931 1211 4973 na·
1267 4911 1299 4973 in
1326 4909 1441 4972 saeculo
1466 4909 1537 4987 isto,
1553 4908 1616 4971 fuit
1641 4908 1801 4972 meritoria
1826 4909 1918 4971 nohis
1933 4932 1941 4970 ε
1957 4925 2003 4988 pn

461 5019 533 5072 tura
551 5013 601 5091 (ut
620 5009 718 5087 nosti)
736 5009 770 5071 in
791 5009 952 5072 infinitum
977 5010 1212 5090 quodammodo
1267 5008 1389 5070 tissime
1417 5015 1522 5070 tamen
1551 5005 1666 5070 merito
1698 5025 1763 5070 suae
1795 5006 1950 5089 passionis
1978 5011 2003 5064 et

464 5107 742 5171 communicabilis
762 5113 863 5169 exstat
879 5129 885 5166 :
904 5107 975 5168 ideo
997 5106 1099 5187 ipsam
1122 5115 1213 5168 natu·
1270 5107 1379 5170 mortis
1397 5125 1493 5187 quarn
1516 5123 1573 5187 pro
1594 5105 1686 5169 nohis
1708 5105 1869 5183 sustinuit,
1886 5122 1943 5167 nos
1965 5122 2005 5164 re·

464 5226 532 5269 ram
552 5205 725 5268 humanam
745 5214 776 5267 et
794 5223 921 5267 omnem
942 5203 1083 5267 sobolem
1107 5223 1213 5286 perso-
1269 5205 1378 5268 demit.

464 5324 602 5386 namque
618 5305 687 5387 ejus
700 5303 839 5368 Creatori
854 5302 1064 5384 reconciliari,
1078 5303 1214 5366 excessit
1311 5304 1524 5367 Sarracenos.
1549 5337 1589 5348 -
1616 5301 1738 5366 Occisio
1766 5301 1882 5365 Christi
1910 5299 2004 5384 potius
