4309 6250
292 1785 427 1839 leonaste.

284 2028 289 2039 ,
310 1983 400 2028 Banoeh
412 1996 427 2036 ι,

294 2050 329 2091 88.

294 5110 425 5161 Petunt&

444 499 485 564 68
698 518 738 564 ΒΕ
759 517 922 566 niumm
942 517 980 564 ll'l'
999 516 1147 563 LAUDlBUS
1167 516 1197 562 B.
1219 517 1248 561 V.
1271 516 1388 574 nm,
1410 517 1499 563 aranu
1519 517 1552 564 11.
1576 536 1615 546 -
1635 517 1706 564 m.
1728 518 1741 565 1

446 687 564 752 scimus
579 687 730 770 quoniam
744 707 842 770 quum
864 686 1056 770 apparuerit,
1074 686 1192 750 similes
1206 685 1232 748 Α
1246 686 1459 750 essentialiter
1475 695 1508 750 et
1528 686 1905 769 incircumscriptibiliter
1923 705 2000 748 san-

446 786 475 849 ei
492 786 622 866 erimus,
638 786 789 868 quoniam
810 786 988 849 videbimus
1002 805 1076 848 eum
1097 784 1192 847 sicuti
1247 793 1317 847 ctus
1331 793 1380 846 est
1401 805 1438 848 ac
1460 786 1610 848 sanctitas
1631 785 1771 863 infinita,
1787 803 1853 848 non
1873 784 1934 846 nisi
1958 803 2001 846 ex

445 891 503 948 est.
519 885 592 948 ldeo
612 885 833 948 universorum
848 884 976 948 Creator
995 883 1090 966 jussit
1109 892 1144 946 ut
1161 883 1192 946 ei
1247 884 1418 965 purissima
1444 885 1570 966 virgine
1599 892 1785 947 nasceretur
1814 907 1822 945 ε
1852 892 1885 946 et
1913 883 2002 945 sicut

444 982 479 1044 in
503 982 567 1045 vita
590 983 736 1065 presenti
766 981 957 1046 conformari
982 1000 1040 1063 per
1067 980 1193 1062 sapien·
1247 981 1477 1045 humanitatem
1499 982 1635 1046 aVerbo
1657 990 1775 1046 aterno
1797 981 2001 1064 hypostatice

444 1079 521 1142 tiam
546 1088 578 1143 et
598 1080 731 1144 virtutes
752 1099 916 1158 conemur,
940 1087 1097 1161 quatenus
1117 1078 1191 1141 vita
1247 1080 1470 1142 assumendam
1485 1080 1592 1143 decuit
1608 1088 1694 1142 tanta
1708 1079 1906 1161 plenitudine
1925 1097 2001 1160 gra-

444 1177 542 1259 hujus
556 1177 650 1242 finito
665 1178 833 1255 curriculo,
852 1178 891 1240 ad
912 1177 1087 1259 plenariam
1103 1176 1191 1238 illam
1246 1177 1309 1254 tiae,
1327 1177 1499 1258 sapientie,
1514 1178 1678 1256 virtutum,
1695 1179 1863 1256 donomm,
1880 1177 1945 1240 imo
1963 1186 2001 1239 et

445 1275 545 1356 ipsius
574 1275 828 1340 conformitatem
860 1275 1043 1338 beatificam
1076 1275 1193 1357 perdu·
1246 1275 1403 1338 beatificas
1431 1276 1574 1354 visionis,
1604 1277 1709 1339 ornari
1743 1295 1780 1339 ac
1813 1275 1997 1358 adimpleri,

446 1393 568 1437 camur.
1246 1374 1331 1454 quod
1346 1373 1508 1436 rationalis
1529 1381 1682 1438 creaturae
1704 1374 1864 1456 capacitas
1879 1393 1998 1456 capere

483 1471 529 1534 Ad
544 1471 1054 1554 recuperandam,promerendam
1069 1479 1101 1533 et
1115 1471 1191 1532 dan·
1246 1471 1318 1551 plus
1342 1471 1507 1552 nequivit,
1534 1472 1580 1534 sic
1605 1479 1638 1534 et
1660 1471 1879 1534 felicissimam
1904 1471 1996 1533 illam

443 1569 515 1631 dam
537 1569 629 1632 nobis
651 1569 880 1632 beatitudinem
901 1568 1005 1648 istam,
1021 1576 1138 1630 aeterna
1159 1576 1192 1630 et
1245 1569 1385 1631 Puellam
1410 1588 1428 1630 a
1450 1570 1552 1633 Verbo
1577 1578 1694 1633 aetarno
1720 1589 1756 1632 ac
1777 1570 1937 1633 adorando
1959 1569 1997 1630 in

442 1667 582 1730 increata
605 1686 641 1730 ac
663 1667 804 1748 ingenita
822 1666 877 1730 Dei
896 1667 995 1729 Patris
1017 1665 1188 1748 Sapientia,
1247 1685 1354 1728 veram
1378 1676 1512 1729 matrem
1535 1668 1736 1749 praeelectam
1764 1687 1801 1730 ae
1830 1685 2000 1730 assumen-

443 1765 581 1828 Verbum
602 1773 766 1844 aternum,
784 1764 969 1846 Unigenitus
994 1764 1059 1843 Dei,
1080 1763 1191 1845 digna·
1246 1765 1330 1842 dam,
1353 1765 1460 1828 decuit
1483 1773 1570 1828 hnta
1595 1765 1730 1847 puritate
1756 1766 1855 1828 nitere
1879 1784 1917 1828 ac
1941 1765 2001 1827 de-

442 1872 492 1926 tus
511 1872 559 1925 est
573 1862 643 1926 fieri
662 1863 758 1926 homo
776 1871 807 1925 et
827 1862 915 1925 filius
936 1862 1080 1944 virginis,
1096 1871 1189 1944 atque
1207 1861 1231 1923 B
1246 1862 1358 1940 corari,
1393 1864 1478 1943 quod
1512 1872 1584 1944 post
1617 1864 1846 1928 humanitatem
1879 1863 2000 1926 Christi

442 1962 525 2024 inter
544 1961 691 2024 homines
716 1961 898 2024 conversari
922 1983 929 2022 :
953 1970 1109 2042 quatenus
1133 1980 1190 2042 per
1244 1979 1308 2022 non
1330 1968 1435 2041 potest
1456 1961 1601 2023 rationali
1624 1970 1678 2024 aut
1699 1960 1906 2024 intellectuali
1927 1979 2001 2023 cre-

441 2068 635 2141 assumptam
656 2078 694 2121 ex
713 2059 879 2122 benedicta
897 2077 934 2120 ac
958 2057 1189 2139 gloriosissima
1244 2066 1341 2120 aturaa
1354 2057 1459 2138 major
1472 2059 1592 2140 puritas
1614 2059 1798 2137 convenire,
1815 2060 1919 2121 inesse
1939 2067 1999 2121 aut

440 2157 569 2240 Virgine
590 2157 821 2220 humanitatem
843 2175 901 2219 nos
923 2154 1122 2235 informaret,
1140 2175 1189 2217 re·
1244 2154 1431 2217 condonari.

438 2256 574 2319 dimeret
591 2263 623 2318 et
642 2255 788 2318 salvaret.
810 2254 867 2329 Qui
886 2254 925 2316 de
944 2254 1009 2316 suis
1029 2253 1188 2334 mysteriis
1284 2253 1401 2315 Verum
1425 2272 1463 2316 ex
1490 2253 1551 2316 hoc
1579 2255 1712 2317 verbum
1741 2253 1820 2317 illud
1848 2254 1993 2317 dnselmi

438 2373 558 2436 suaque
572 2353 687 2417 deihta
708 2372 777 2416 eam
800 2352 963 2435 potissime
977 2361 1008 2414 et
1023 2351 1055 2413 in
1075 2351 1187 2434 primis
1242 2351 1370 2414 videtur
1392 2370 1456 2414 non
1480 2369 1572 2432 posse
1597 2352 1721 2414 salvari.
1747 2352 1780 2415 Si
1804 2353 1902 2433 enim,
1925 2353 1995 2416 imo

437 2452 596 2531 instruxit,
623 2460 654 2514 et
678 2452 806 2514 salutari
830 2452 912 2513 hanc
938 2450 1095 2532 sapientia
1118 2469 1188 2531 gra·
1242 2449 1318 2530 quia
1345 2449 1466 2530 puritas
1494 2450 1699 2512 humanitatis
1726 2450 1842 2512 Christi
1869 2451 1995 2513 exstitit

437 2550 610 2613 tiosissime
638 2549 835 2632 adimplevit,
865 2567 959 2630 quam
996 2548 1036 2611 ab
1069 2556 1187 2611 aeterno
1242 2547 1391 2628 maioret
1411 2546 1621 2610 ineffabiliter
1641 2548 1744 2629 major
1764 2548 1900 2630 puritate
1921 2548 1996 2610 Vir-

437 2647 498 2710 sibi
519 2647 682 2730 preelegit
704 2648 737 2709 in
759 2655 904 2709 matrem.
1241 2646 1324 2727 ginis
1344 2646 1531 2727 benedictae,
1546 2665 1611 2710 non
1633 2648 1794 2730 splenduit
1814 2648 1883 2730 ipsa
1905 2657 1996 2710 tanta

478 2746 520 2808 lle
542 2746 634 2827 cujus
655 2745 904 2827 preclarissimae
926 2754 958 2808 et
978 2744 1010 2806 in
1032 2754 1186 2807 aeternum
1242 2745 1390 2826 puritate,
1403 2745 1488 2825 quod
1503 2746 1563 2807 sub
1577 2745 1640 2808 Deo
1655 2745 1759 2827 major
1772 2747 1884 2828 nequit
1898 2746 1995 2809 intel-

437 2843 631 2906 dulcissimae
645 2843 786 2924 Virginis
800 2843 960 2922 laudibus,
976 2842 1051 2924 quia
1070 2842 1104 2904 in
1123 2841 1186 2923 pri·
1241 2843 1309 2923 ligi,
1335 2863 1433 2925 quum
1460 2843 1621 2924 majorca
1646 2844 1706 2906 sub
1727 2844 1790 2908 Deo
1816 2845 1868 2923 sit,
1889 2855 1920 2908 et
1940 2865 1995 2908 es-

438 2960 490 3004 mo
515 2949 563 3003 est
585 2948 755 3003 tractatum
780 2940 889 3004 libello
910 2950 1065 3022 quantum
1088 2941 1127 3002 ad
1148 2959 1186 3002 ea
1242 2959 1275 3003 se
1296 2949 1446 3004 noscatur
1459 2940 1492 3002 in
1511 2941 1624 3003 Christi
1645 2943 1853 3006 humanitate.
1874 2943 1918 3005 Ex
1938 2962 1995 3006 ea-

437 3059 508 3122 que
531 3040 570 3101 ad
596 3047 690 3102 tantae
711 3039 851 3120 Virginis
876 3039 1127 3102 sacratissimum
1149 3057 1185 3101 aa
1204 3038 1314 3102 Cdem
1330 3039 1452 3103 ratione
1472 3039 1597 3102 videtur
1611 3059 1720 3102 verum
1736 3059 1802 3103 non
1820 3060 1890 3104 esse
1904 3043 1993 3124 quod

437 3139 623 3203 deificatum
653 3138 816 3219 potissime
846 3146 990 3221 spectant
1015 3157 1186 3220 corpuscu-
1240 3138 1286 3199 ait
1312 3138 1470 3216 Albertus,
1494 3147 1614 3201 tantam
1640 3138 1740 3201 fuisse
1769 3140 1992 3203 sacratissimas

437 3237 515 3317 lum,
532 3237 667 3300 nuncin
690 3237 830 3300 secundo
851 3237 911 3300 isto
933 3245 1066 3301 tractatu
1089 3246 1187 3301 restat
1241 3235 1378 3316 Virginis
1409 3236 1591 3317 puritatem,
1621 3236 1706 3317 quod
1737 3256 1817 3319 pura
1846 3247 1993 3301 ereatura

437 3334 592 3399 disserere
607 3336 645 3399 de
660 3335 801 3417 ejusdem
812 3335 952 3417 Virginis
966 3334 1185 3418 glorificandae
1241 3334 1371 3414 maioris
1395 3334 1541 3415 puritatis
1564 3354 1663 3417 capax
1685 3354 1756 3399 esse
1780 3335 1988 3417 nequiverit:

436 3433 604 3516 preconiis
633 3435 671 3496 ad
697 3434 945 3497 sincerissimam
973 3443 1066 3517 atque
1095 3454 1187 3497 mun-
1241 3452 1339 3514 quum
1354 3432 1468 3495 Christi
1484 3434 1663 3496 humanitas
1685 3453 1763 3516 pura
1778 3444 1922 3498 creatura
1936 3456 1992 3498 ex-

438 3530 602 3593 dissimam
618 3531 688 3613 ejus
711 3532 941 3612 pertinentibus
957 3539 1109 3612 mentem,
1125 3534 1185 3595 hoc
1241 3531 1343 3608 sistat,
1371 3531 1465 3613 cujus
1489 3551 1563 3595 earo
1591 3531 1652 3595 fuit
1679 3540 1711 3595 et
1739 3541 1787 3595 est
1815 3533 1924 3614 purior
1951 3554 1990 3597 ac

438 3637 487 3691 est
500 3629 539 3692 de
560 3630 714 3711 sapientia
734 3638 767 3693 et
786 3630 929 3711 scientia,
946 3631 985 3693 de
1005 3631 1184 3711 prudentia,
1242 3630 1380 3693 sanctior
1394 3648 1490 3693 earne
1504 3630 1696 3693 dulcissimae
1711 3630 1865 3712 Virginis;
1881 3632 1993 3695 anima

438 3735 505 3789 arte
526 3734 558 3790 et
578 3728 742 3790 industriis
765 3727 847 3809 ejus,
864 3728 903 3790 de
922 3727 1090 3791 altitudine
1112 3747 1187 3792 con·
1241 3746 1366 3809 quoque
1394 3727 1480 3790 illius
1508 3728 1618 3809 purior
1649 3736 1751 3791 exstat
1784 3737 1816 3791 et
1849 3730 1993 3794 sanctior

438 3826 679 3908 templationum
695 3825 808 3908 ipsius,
816 3834 848 3887 et
862 3826 901 3887 de
915 3825 1100 3907 quotidiano
1115 3846 1187 3908 pro-
1243 3826 1512 3908 praestantissimae
1534 3825 1673 3908 Virginis
1695 3825 1813 3888 anima.

438 3923 525 3987 fectu
539 3923 685 4005 ejusdem
706 3923 737 3985 in
761 3923 910 3987 omnibus
932 3922 1024 4002 istis;
1040 3932 1134 4006 atque
1153 3924 1186 3987 in
1280 3924 1423 4006 Insuper,
1434 3924 1699 3987 excellentissima
1712 3924 1803 4005 virgo
1818 3924 1913 3988 llaria
1928 3924 1992 3988 fuit

439 4021 552 4102 primis
574 4020 793 4102 premittenda
818 4030 893 4083 sunt
916 4021 1021 4103 aliqua
1045 4022 1085 4085 de
1110 4022 1187 4085 emi·
1241 4022 1364 4100 viatrix,
1388 4031 1420 4085 et
1440 4022 1592 4103 quamdiu
1613 4022 1665 4084 hic
1686 4021 1767 4085 vixit
1787 4023 1821 4085 in
1842 4042 1986 4106 corpore,

438 4119 547 4181 nentia
575 4118 646 4199 ejus
674 4118 831 4201 puritatis,
860 4128 892 4182 et
919 4120 959 4182 de
987 4120 1186 4201 plenitudine
1240 4120 1375 4202 profecit
1395 4119 1536 4201 quotidie
1559 4144 1566 4180 :
1592 4138 1668 4201 ergo
1692 4120 1768 4183 dum
1792 4121 1908 4185 liilium
1932 4123 1988 4186 Dei

439 4216 550 4300 gratiae
570 4217 653 4298 ejus.
1200 4213 1388 4300 llconcepit
1401 4236 1437 4280 ac
1452 4218 1589 4299 peperit,
1606 4236 1672 4281 non
1686 4218 1809 4282 nitebat
1828 4228 1916 4283 tanta
1928 4241 1989 4303 pu·

1240 4317 1331 4379 ritate
1364 4324 1399 4378 ut
1430 4324 1551 4397 postea.
1582 4316 1737 4397 Amplius,
1766 4318 1836 4399 ipsa
1868 4319 1902 4381 in
1934 4320 1987 4383 die

1240 4421 1349 4476 saneto
1362 4413 1563 4476 Pentecostes
1578 4431 1652 4476 cum
1666 4414 1814 4496 gloriosis
1827 4418 1987 4498 Apostolis

587 4496 833 4563 ARTICULUS
857 4496 1035 4561 PRIMUS·
1239 4511 1364 4592 accepit
1391 4509 1544 4591 Spiritum
1572 4512 1736 4590 Sanctum,
1767 4532 1826 4577 nee
1852 4514 1986 4579 dubium

440 4646 590 4713 Qualiter
604 4645 854 4720 intelligendum
868 4645 911 4704 sit
927 4646 1060 4704 verbum
1071 4646 1108 4706 S.
1119 4648 1187 4705 Art-
1239 4609 1318 4690 qum
1339 4608 1501 4691 ⁰⁰pl⁰⁵l¹¹⁸
1522 4628 1617 4691 (luam
1639 4610 1807 4721 quisquam
1829 4611 1959 4724 lll⁰¹llm
1976 4638 1984 4677 ²

479 4734 584 4804 gelmi,
603 4734 742 4793 dicenti,
761 4736 917 4809 optimam
937 4736 1186 4812 piissimamque
1239 4726 1314 4789 ergo
1338 4714 1415 4769 tunc
1437 4708 1645 4771 vehementer
1668 4718 1769 4771 crevit
1791 4730 1824 4771 ιιι
1849 4720 1987 4792 purrtata

480 4824 626 4883 Mariam
641 4830 734 4881 tanta
756 4824 908 4897 puritate
934 4824 1185 4897 resplenduisse,
1239 4814 1273 4869 Θῑ
1295 4806 1327 4866 ln
1351 4804 1673 4887 0ffl11l88plessll⁸t10
1696 4806 1823 4871 villule·
1838 4808 1983 4892 Insuper,

480 4914 566 4990 quod
595 4912 702 4987 major
725 4911 784 4969 sub
808 4912 873 4971 Deo
898 4913 1045 4985 intelligi
1058 4913 1183 4989 nequit.
1240 4903 1343 4984 major
1365 4911 1397 4965 el
1419 4903 1599 4983 praeolarior
1619 4903 1703 4966 laeta
1724 4913 1773 4967 est
1786 4906 1906 4987 puritas
1924 4908 1986 4971 lfa·

1239 5000 1297 5062 tris
1324 5000 1421 5062 totius
1448 5000 1621 5077 munditiae,
1651 5002 1779 5082 quando
1806 5003 1846 5066 de
1874 5003 1986 5069 viaet

503 5098 779 5161 ONCUPISCET
811 5116 871 5155 rem
904 5098 1049 5157 decorem
1078 5106 1183 5159 tuum.
1238 5098 1305 5161 fide
1319 5098 1358 5160 ad
1373 5097 1508 5179 patriam
1524 5117 1560 5161 ac
1575 5099 1714 5180 speciem
1730 5119 1787 5163 seu
1801 5100 1983 5165 beatificam

515 5192 641 5256 Certum
675 5190 806 5253 omnino
836 5199 895 5270 est,
926 5191 1184 5256 decentissimum
1237 5195 1394 5259 visionem
1409 5196 1559 5276 perducta
1572 5205 1622 5259 est
1638 5221 1644 5258 :
1661 5197 1736 5278 quia
1754 5217 1791 5260 ex
1806 5206 1882 5261 tunc
1904 5199 1986 5263 inef-

439 5292 650 5373 exstitissent
669 5288 752 5351 Deus
773 5288 919 5371 puritatis
940 5288 1184 5375 immensae,qui
1239 5293 1379 5356 fabiliter
1406 5292 1523 5356 clarius
1551 5295 1767 5377 contemplata
1792 5304 1842 5361 est
1875 5316 1984 5379 super-
