4309 6250
460 490 520 561 438
781 515 901 563 aonmx
922 516 1089 563 rausrurarr
1110 516 1282 575 sanonum,
1303 516 1392 563 aranu
1412 518 1453 564 rv.
1475 535 1516 549 -
1536 519 1606 566 sur.
1629 518 1707 566 xrm

460 687 612 767 quoniam
626 686 686 749 sibi
701 686 761 769 ipsi
776 688 891 750 nociva
906 695 990 765 sunt,
1004 705 1069 750 non
1084 678 1209 749 sincere
1224 687 1250 749 Α
1266 686 1346 749 llinc
1368 695 1497 751 sanctus
1518 696 1637 771 martyr
1654 686 1809 753 Genesius
1822 689 1893 751 dixit
1904 696 1982 753 torto

460 784 565 866 diligit
578 784 689 864 [lenm
706 785 762 848 sed
781 784 933 849 reflexive
948 805 982 849 se
1004 786 1132 867 ipsnm;
1150 804 1209 848 nec
1264 786 1353 848 ribus
1370 809 1377 848 ε
1394 785 1463 849 Non
1487 794 1535 849 est
1557 806 1613 849 rex
1632 796 1748 870 praeter
1770 788 1924 866 Christum,
1937 806 1982 869 pro

460 882 565 962 filiali,
596 884 651 947 sed
678 883 785 947 servili
816 904 889 947 eum
922 892 1050 947 veretur
1082 884 1207 947 timore.
1262 874 1367 965 quusi
1383 884 1500 947 millies
1520 885 1649 963 moriar,
1666 886 1773 968 ipsum
1792 886 1912 949 mibide
1928 905 1982 949 cor·

460 980 594 1057 Quartus
619 981 768 1062 effeetus,
796 991 844 1046 est
867 982 995 1065 propria
1020 990 1151 1065 peccata
1175 984 1208 1046 in
1263 983 1303 1044 de
1324 981 1449 1045 auferre
1470 1002 1672 1065 nequaquam
1694 985 1845 1067 poteritis.

461 1099 495 1143 se
523 1080 593 1162 ipso
620 1080 763 1161 quotidie
791 1081 958 1163 castigare,
989 1100 1049 1144 nee
1077 1082 1131 1145 Dei
1162 1082 1211 1145 in·
1304 1081 1438 1156 Quartus
1453 1090 1512 1160 est,
1529 1092 1688 1146 amantem
1708 1102 1774 1165 praa
1794 1084 1980 1165 magnitudine

460 1178 577 1260 jurium
592 1179 625 1241 in
641 1198 675 1241 sa
697 1180 767 1262 ipso
789 1180 922 1242 inultam
945 1180 1136 1262 relinquere,
1153 1182 1207 1244 sed
1263 1178 1447 1242 affectionis
1471 1180 1638 1244 vulnerare
1663 1200 1771 1245 amore
1794 1181 1902 1260 dilecti,
1916 1182 1981 1243 sicut

460 1296 518 1359 per
532 1296 628 1359 opera
643 1278 874 1360 poenitentialia
889 1278 1208 1354 vindicare.Quintus
1264 1275 1297 1336 in
1316 1275 1454 1338 Canticis
1474 1278 1628 1359 scriptum
1649 1286 1698 1341 est
1714 1302 1721 1339 :
1739 1278 1898 1341 Vulnerata
1918 1277 1980 1341 cari·
1996 1296 2073 1343 carm.

460 1384 519 1456 est,
546 1377 641 1439 etiarn
672 1376 833 1459 proximos
860 1377 1084 1459 delinquentes
1113 1378 1210 1442 corri-
1263 1381 1327 1436 tate
1351 1392 1410 1455 ego
1435 1384 1575 1453 sum3et
1599 1396 1709 1439 rursus
1726 1400 1733 1439 ε
1750 1377 1914 1439 Vulnerasti
1938 1358 2074 1467 cariffi

460 1492 547 1557 pere,
564 1483 596 1537 et
617 1474 676 1538 sibi
703 1475 864 1557 subjectos
890 1476 1045 1555 ordinate,
1061 1477 1137 1538 dum
1163 1477 1208 1539 rei
1264 1491 1382 1550 meum,
1400 1492 1490 1536 soror
1514 1494 1596 1554 mea,
1613 1494 1742 1556 sponsa,
1759 1476 1916 1537 vulnerasti
1938 1493 1980 1536 cor

459 1572 625 1652 exsistunt,
657 1573 826 1655 corrigere.
857 1574 988 1636 Peccata
1016 1574 1103 1636 euim
1136 1584 1210 1637 sunt
1264 1589 1382 1632 meum.
1399 1570 1861 1636 Nounecordevulneratuset
1877 1570 1980 1634 transb-

459 1671 592 1734 vulnera
614 1670 728 1735 animm
752 1680 784 1733 et
806 1672 943 1734 maxima
967 1672 1106 1735 bominis
1126 1674 1210 1735 dam·
1265 1687 1322 1730 xus
1347 1669 1473 1731 videtur
1497 1679 1630 1749 amator,
1657 1672 1733 1733 dnm
1759 1672 1915 1733 vehemens
1938 1669 1979 1731 ille

460 1789 511 1833 na.
528 1770 651 1834 ldcirco
669 1770 724 1851 qui
745 1771 879 1853 proximi
902 1770 949 1833 sui
970 1779 1100 1853 peccata
1120 1772 1209 1835 dissi·
1264 1767 1381 1831 amoris
1406 1768 1536 1831 aculens
1565 1779 1704 1832 mentem
1732 1770 1804 1852 ejus
1829 1769 1980 1833 medullitus

459 1869 570 1947 mulat,
592 1888 665 1931 eum
686 1888 888 1950 nequaquam
911 1869 1118 1950 spiritualiter
1138 1870 1208 1934 dili·
1226 1867 1419 1948 Bpenetrat,
1436 1866 1501 1929 vim
1516 1867 1701 1930 affectivam
1722 1869 1755 1930 in
1777 1876 1980 1930 tantumtrans

344 1976 430 2023 unca.
458 1966 514 2049 git.
532 1967 612 2031 ilinc
627 1966 768 2030 Christus
785 1967 1019 2050 correptionem
1036 1967 1207 2031 fraternam
1265 1965 1448 2044 verberans,
1464 1954 1500 2028 ut
1518 1967 1750 2035 desideriorum
1771 1987 1889 2032 suornm
1905 1976 1979 2029 astus

312 2042 443 2091 ''¹¹''¹⁵'¹⁷'
458 2065 582 2128 cunctis
607 2065 768 2147 praecepit.
791 2066 902 2129 Sextus
926 2074 985 2145 est,
1009 2066 1127 2129 intuitu
1151 2068 1206 2130 Dei
1263 2082 1301 2126 ac
1320 2073 1428 2145 gestus
1450 2073 1482 2127 et
1497 2065 1588 2147 signa
1607 2065 1781 2148 reprimere
1801 2074 1929 2147 nequeat,
1941 2084 1980 2127 ce

457 2164 552 2227 etiam
567 2182 679 2246 aspera
700 2172 731 2226 et
752 2165 884 2227 adversa
904 2165 1125 2246 equanimiter
1146 2166 1209 2229 fer·
1265 2161 1330 2224 lare
1352 2180 1415 2225 non
1438 2163 1552 2241 valeat,
1576 2163 1778 2228 dissimulare
1799 2182 1858 2227 non
1882 2161 1979 2245 possiti

458 2282 502 2325 re.
519 2260 576 2335 Qui
603 2262 721 2325 etenim
745 2262 884 2343 aliquem
909 2262 1040 2325 fervide·
1057 2271 1153 2341 amat,
1170 2261 1208 2323 li·
1304 2260 1437 2334 Quintus
1458 2270 1518 2339 est,
1534 2261 1720 2343 diligentem
1744 2282 1809 2345 prae
1832 2280 1922 2325 amora
1941 2280 1980 2321 sn·

458 2361 570 2423 beuter
590 2368 717 2442 propter
738 2380 810 2423 eum
832 2362 939 2443 aliqua
962 2362 1084 2425 tolerat.
1263 2359 1534 2440 peramantissimi
1553 2360 1608 2423 llei
1629 2361 1814 2443 languidum
1836 2361 1933 2423 facere.
1946 2358 1979 2421 Er

498 2458 651 2520 Prmterea
665 2458 867 2540 assignantur
878 2468 909 2520 et
923 2458 977 2521 alii
995 2468 1084 2521 actus
1096 2468 1128 2520 et
1142 2478 1207 2540 gra·
1264 2455 1483 2521 vulneratione
1499 2478 1637 2540 namque
1652 2460 1851 2542 progreditur
1862 2460 1977 2539 languor.

458 2556 517 2619 dus
542 2556 642 2619 divini
668 2556 796 2635 amoris,
813 2556 914 2638 magis
940 2558 1068 2619 interni.
1086 2558 1208 2619 Primus
1264 2553 1427 2633 Siquidem
1453 2574 1543 2618 mens
1568 2574 1676 2619 amore
1703 2557 1864 2619 vulnerata
1882 2553 1977 2631 dilecti,

459 2662 517 2735 est,
544 2662 685 2716 mentem
709 2655 772 2717 lieo
801 2654 904 2717 unire.
930 2655 995 2717 lloc
1019 2656 1137 2738 qnippe
1162 2664 1209 2717 est
1264 2670 1322 2713 nec
1338 2660 1444 2715 tamen
1459 2653 1529 2734 ejus
1544 2654 1583 2716 ad
1599 2654 1725 2716 libitum
1741 2654 1924 2737 praesentiam
1938 2652 1979 2713 lra-

460 2751 608 2835 proprius
624 2752 764 2814 caritatis
779 2751 892 2815 infusa
910 2761 1000 2815 actus
1024 2753 1208 2835 primusque
1264 2751 1354 2830 bens,
1370 2751 1531 2833 duplicem
1547 2752 1681 2815 incurrit
1695 2772 1860 2817 moerorem
1872 2772 1905 2815 ae
1916 2748 1979 2812 desi·
2089 2795 2090 2808 .

459 2850 530 2931 ejus
555 2850 682 2931 gradus,
699 2858 839 2913 mentem
864 2852 965 2914 alico
990 2870 1133 2914 aversam
1155 2861 1210 2914 aut
1263 2849 1385 2910 derium
1400 2849 1597 2932 bipartitum.
1611 2850 1743 2934 Nempe,
1755 2870 1850 2933 quum
1867 2851 1979 2912 increata

460 2968 524 3011 non
550 2968 735 3012 conversam
759 2950 798 3011 ad
817 2968 903 3027 eum,
920 2958 1105 3013 convertere
1125 2959 1156 3013 et
1180 2951 1208 3013 ei
1264 2946 1425 3028 Sapientia
1443 2947 1539 3027 dicat,
1555 2948 1612 3023 Qui
1633 2951 1731 3012 edunt
1745 2970 1809 3031 me,
1825 2950 2067 3013 adbuaesu-rmm.
2089 2949 2090 3034 q

461 3047 668 3130 conjungere.
685 3047 806 3110 ldcirco
827 3047 941 3110 caritas
962 3048 1064 3110 virtus
1086 3050 1209 3111 unitiva
1228 3047 1249 3110 c
1265 3044 1367 3119 rient3
1395 3054 1519 3108 constat
1541 3047 1626 3128 qnod
1652 3066 1743 3109 mens
1767 3048 1861 3111 Deum
1886 3046 1914 3107 in
1933 3028 2011 3103 laci·
2089 3037 2090 3090 l

462 3155 603 3209 vocatur.
622 3146 749 3228 Propter
762 3148 846 3228 quod
865 3147 912 3209 ait
929 3148 1065 3210 loannes
1084 3157 1211 3230 aposto·
1264 3143 1330 3205 vita
1345 3146 1575 3226 contemplans,
1593 3164 1656 3226 quo
1671 3165 1744 3208 eum
1761 3146 1911 3229 limpidius
1922 3161 1979 3205 cun-

463 3245 512 3307 lus
529 3268 536 3306 :
553 3242 610 3317 Qui
627 3253 734 3307 manet
752 3245 785 3306 in
806 3244 947 3325 caritate,
965 3245 997 3307 in
1018 3247 1081 3310 Deo
1103 3255 1211 3309 manet
1265 3243 1446 3324 templatur,
1469 3262 1507 3306 eo
1532 3244 1571 3306 ad
1596 3244 1744 3308 lacialem
1769 3265 1807 3308 ac
1831 3242 1978 3308 beatificam
2088 3320 2089 3323 Ἴ

343 3354 349 3367 ·
462 3351 494 3405 et
520 3342 604 3405 Deus
632 3343 665 3404 in
694 3362 742 3406 eo.
772 3343 857 3405 lstud
890 3363 954 3406 non
984 3343 1089 3406 efficit
1116 3345 1210 3427 plene
1265 3339 1335 3419 ejus
1357 3340 1515 3404 visionem
1537 3342 1759 3406 vehementius
1783 3344 1977 3406 inflammatur.
2088 3342 2089 3425 ᾖ

462 3459 551 3504 amor
565 3440 619 3502 Dei
635 3440 788 3502 naturalis
803 3449 835 3503 et
848 3440 1023 3520 acquisitus
1035 3465 1041 3504 :
1053 3442 1108 3503 ille
1123 3443 1211 3523 qnip
1265 3439 1344 3500 ilinc
1360 3439 1399 3502 de
1414 3438 1501 3502 illius
1516 3440 1650 3503 visionis
1666 3442 1817 3522 carentia,
1833 3443 1868 3504 de
1883 3435 1979 3502 beatifi-
2088 3454 2089 3457 ¹

462 3559 501 3622 pe
516 3557 580 3601 non
596 3538 734 3601 excludit
750 3547 879 3620 peccata
894 3539 1047 3616 mortalia,
1066 3539 1142 3620 quia
1157 3561 1211 3624 pa·
1266 3556 1311 3599 cae
1326 3536 1488 3600 fruitionis
1502 3539 1647 3602 absentia
1661 3541 1868 3603 contristatur.
1875 3538 1913 3601 lld
1925 3551 1978 3597 eam

462 3637 535 3718 gani
552 3644 584 3698 et
597 3635 694 3698 ceteri
710 3635 825 3717 perfidi
841 3637 939 3700 Deum
956 3646 1090 3719 possunt
1103 3657 1210 3701 amore
1266 3653 1392 3717 qnoque
1413 3636 1555 3719 adspirat
1573 3636 1746 3717 ferventer,
1763 3658 1836 3702 cum
1855 3630 1980 3700 Paulodi·

462 3734 595 3816 diligere
617 3734 764 3796 naturali.
1266 3752 1343 3795 cens
1370 3734 1513 3815 apostolo
1540 3759 1547 3796 :
1572 3734 1687 3798 lnfelix
1710 3754 1771 3817 ego
1798 3737 1903 3800 lrornot
1924 3727 2088 3819 quisnam

504 3834 667 3896 Secundus
692 3831 832 3895 caritatis
856 3834 971 3914 gradus
991 3843 1022 3896 et
1040 3843 1130 3896 actus
1150 3843 1209 3914 est,
1266 3851 1318 3893 me
1346 3832 1492 3895 liberabit
1519 3834 1559 3896 de
1586 3852 1720 3917 corpore
1755 3835 1861 3898 mortis
1885 3829 1977 3910 bujnsl
2087 3844 2088 3849 ¹

464 3940 622 3994 amantem
646 3931 677 3992 in
698 3931 796 3993 Deum
816 3931 996 3994 salubriter·
1009 3931 1212 3995 transforma·
1266 3931 1397 4010 Rursus,
1416 3931 1491 3992 dum
1516 3931 1624 3994 anima
1646 3933 1685 3994 ad
1712 3931 1977 4013 contemplationem

458 4031 498 4092 're
516 4029 684 4111 :quonlam
701 4029 814 4091 caritas
830 4037 877 4091 est
891 4029 990 4092 virtus
1006 4031 1212 4094 conformati·
1266 4028 1320 4090 Dei
1337 4028 1494 4091 sinceram
1508 4031 1616 4111 (prout
1635 4029 1709 4093 huic
1730 4039 1831 4093 exstat
1848 4029 1909 4093 vita
1924 4042 1978 4107 potr

464 4127 736 4207 va,acuta,calida
750 4133 781 4188 et
795 4127 1003 4208 penetrativa,
1014 4128 1210 4191 voluntatem
1267 4126 1372 4206 sibile)
1387 4127 1539 4208 elevatur,
1552 4128 1593 4190 ab
1607 4148 1644 4191 ea
1658 4147 1879 4212 nonnunquam
1892 4139 1978 4206 repar·
2086 4178 2087 4199 2

465 4225 600 4288 amantis
625 4224 779 4287 voluntati
805 4224 900 4287 amati
927 4224 1142 4303 conformans,
1167 4236 1212 4289 at·
1226 4230 1251 4289 D
1268 4233 1297 4286 te
1311 4225 1581 4309 delabitur,atque
1596 4229 1634 4289 ad
1650 4226 1803 4310 pristinas
1817 4246 1883 4290 suas
1894 4239 1978 4286 amm·

463 4342 526 4404 quc
542 4343 560 4385 a
574 4323 745 4403 semetipso
760 4323 994 4404 quodammodo
1009 4323 1164 4402 alienans,
1181 4333 1213 4388 et
1266 4343 1335 4401 nas,
1352 4324 1585 4404 distractiones,
1603 4326 1798 4407 phantasias,
1811 4323 1975 4390 tentationes,

464 4422 498 4484 iu
526 4421 679 4483 dilectum
704 4421 900 4483 transferens
925 4439 961 4483 ac
987 4431 1208 4504 transponens.
1266 4422 1472 4486 necessitates
1498 4425 1703 4487 revolvitur:
1729 4425 1848 4489 idcirco
1871 4433 1977 4484 merore

462 4519 542 4583 llinc
558 4537 647 4582 amor
665 4517 794 4580 divinus
813 4518 961 4581 ecstasim
981 4519 1087 4582 facere
1107 4521 1211 4602 perhi-
1267 4519 1447 4601 conficitur,
1466 4522 1506 4585 ad
1527 4522 1695 4603 pristinam
1710 4519 1976 4606 contemplationem

463 4619 566 4694 betur,
583 4616 657 4697 quia
683 4635 745 4680 non
771 4616 846 4678 sinit
870 4626 1042 4681 amatorem
1067 4637 1137 4681 esse
1161 4620 1210 4681 sui
1267 4619 1440 4701 suspirans,
1456 4638 1526 4700 quaa
1541 4619 1570 4682 ei
1585 4620 1744 4684 interdurn
1764 4641 1849 4685 nnnc
1868 4615 1975 4697 longius,

464 4716 576 4799 ipsiuS,
594 4716 648 4778 sed
670 4714 741 4795 ejus
763 4733 858 4795 quem
878 4715 994 4797 diligit.
1266 4737 1352 4780 nunc
1377 4718 1517 4797 brevius,
1542 4719 1607 4782 lleo
1635 4721 1829 4799 moderante,
1853 4710 1978 4782 subtrahi·

503 4813 627 4877 Tertius
654 4814 770 4895 gradus
799 4821 829 4874 et
853 4822 942 4875 actus
966 4822 1024 4891 est,
1052 4824 1210 4878 amantem
1267 4824 1328 4878 tur.
1344 4815 1452 4896 ltaque
1477 4817 1594 4899 duplex
1618 4817 1671 4880 bic
1695 4837 1813 4883 moeror
1834 4827 1864 4882 et
1881 4810 1978 4878 deside

463 4920 568 4975 amatu
597 4911 860 4974 indissolubiliter
887 4911 1047 4992 colligare.
1078 4913 1208 4995 Nempe,
1267 4914 1350 4976 rium
1364 4914 1425 4977 boc
1444 4913 1593 4994 biforme,
1610 4916 1745 4999 languor
1765 4913 1922 5000 spiritualis
1937 4925 1977 4970 vo

463 5031 525 5094 quo
548 5029 639 5074 amor
663 5010 734 5093 plus
760 5009 875 5071 erescit
902 5029 938 5071 ac
967 5010 1146 5091 invalescit,
1172 5030 1210 5074 eo
1266 5020 1356 5073 catur
1378 5012 1492 5076 animae
1517 5014 1772 5095 contemplativas
1789 5035 1826 5080 aa
1846 5023 1974 5079 amotos&

463 5111 600 5173 validius
615 5107 800 5189 diligentem
815 5107 931 5169 dilecto
946 5108 1126 5189 adstringit,
1139 5128 1211 5190 pru·
1265 5129 1334 5191 quae
1349 5110 1394 5172 ait
1409 5111 1442 5173 in
1457 5111 1593 5176 canticis
1609 5113 1788 5178 Salomonis
1805 5111 1927 5178 :Fulcite
1938 5119 1975 5166 me
1986 5097 2060 5152 curuo

462 5209 608 5271 ducendo
636 5205 726 5286 qnasi
751 5205 933 5268 continuam
963 5207 1150 5268 memoriam
1179 5217 1210 5270 et
1264 5207 1411 5289 floribus,
1443 5209 1557 5292 stipate
1585 5229 1637 5274 me
1665 5211 1771 5292 malis,
1801 5214 1870 5295 quia
1892 5217 1975 5270 anam

462 5305 669 5370 affectionem
697 5303 805 5367 dilecti
834 5303 866 5364 in
899 5303 1006 5367 animo
1034 5304 1205 5385 diligentis.
1264 5308 1410 5389 langueo.
1428 5309 1494 5372 Tali
1508 5308 1690 5373 Divinitatis
1704 5312 1837 5376 amatori
1854 5303 1972 5374 nillibet
