4309 6250
445 477 506 542 SfS
767 495 886 544 comas
905 496 1075 544 naariam
1095 496 1266 554 nunonem,
1289 495 1377 543 amm
1399 498 1430 543 rr.
1454 515 1495 528 -
1515 497 1587 544 aar.
1610 499 1685 544 xxiv

446 685 521 730 nem
535 684 554 728 a
567 667 632 730 Deo
647 667 737 730 Patra
751 665 952 730 emanatione
965 675 1095 744 eterna,
1109 666 1196 730 inva-
1210 666 1235 729 Α
1250 675 1318 729 εῖιιε
1338 669 1514 731 secundum
1538 668 1622 749 quod
1643 667 1751 744 homo,
1768 667 1821 730 [lei
1840 685 1877 730 ac
1894 667 1984 730 horni-
2101 663 2102 708 t

446 764 551 827 riahili
575 772 608 827 et
631 765 824 828 immanente
849 764 1037 846 suscipiunt.
1059 765 1126 827 lmo
1149 784 1196 827 ra·
1252 783 1329 826 num
1345 766 1510 845 mediator,
1525 765 1581 829 Dei
1597 765 1730 854 nuntius
1745 764 1816 828 fuit.
1833 763 1870 827 Et
1883 764 1984 827 horum

445 861 580 926 tionales
594 870 746 926 creature
766 863 918 926 dicuntur
938 863 1111 944 participes
1127 863 1194 942 Dei,
1236 871 1419 945 utrumque
1435 864 1654 927 sanctissimus
1668 863 1765 928 lsaias
1781 863 1929 945 propheta
1946 862 1985 925 fa·

447 979 512 1024 non
536 963 621 1043 quod
645 960 765 1042 aliquid
790 960 915 1023 deitatis
941 961 974 1022 in
998 960 1046 1023 eis
1070 961 1123 1038 sit,
1140 961 1196 1024 sed
1251 969 1334 1024 tetur
1354 981 1390 1025 ac
1413 963 1505 1024 docet
1523 985 1530 1023 ε
1547 962 1627 1025 Puar
1641 961 1818 1044 (inquiens)
1836 969 1925 1024 natus
1942 970 2060 1025 astaus.

446 1058 599 1140 quoniam
625 1059 745 1140 aliquid
774 1059 892 1123 divine
920 1059 1128 1141 perfectionis
1156 1059 1196 1122 ab
1250 1059 1354 1136 nobis,
1371 1067 1403 1122 θῖ
1423 1058 1513 1122 filius
1538 1061 1630 1122 datus
1649 1067 1698 1122 ast
1722 1058 1882 1137 nobis;at
1904 1047 1983 1122 voca-
2102 1063 2103 1082 ¹

446 1155 610 1218 Altissimo
632 1156 817 1234 sortiuntur,
835 1175 955 1239 suoque
976 1155 1115 1220 Creatori
1141 1175 1197 1240 per
1249 1159 1336 1221 bitur
1350 1158 1565 1236 admirabilis,
1582 1157 1800 1236 Consiliarius,
1816 1157 1907 1234 Deus,
1921 1157 1984 1220 lor-

447 1253 620 1335 gratiarum
648 1253 840 1317 charismata
867 1254 1093 1319 assimilantur.
1124 1255 1197 1318 l'ro-
1250 1257 1303 1336 tis,
1319 1256 1410 1319 Pater
1430 1255 1528 1318 futuri
1550 1255 1669 1332 saeculi,
1686 1255 1837 1337 Princeps
1858 1254 1983 1339 pacisll

447 1359 519 1434 pter
535 1353 621 1434 quod
642 1352 875 1416 sacratissimus
897 1354 1046 1436 princeps
1065 1354 1198 1437 Aposto-
1251 1354 1599 1437 Sarraceni,scripturis
1614 1353 1808 1436 evangelicis
1822 1362 1914 1435 atque
1927 1373 1985 1436 pm

448 1450 551 1515 lorum
572 1450 682 1514 Petrus
707 1452 739 1513 in
762 1471 820 1514 sua
837 1453 978 1515 secunda
1001 1453 1112 1516 scribit
1132 1451 1198 1533 epi·
1251 1452 1396 1535 piraticis,
1413 1472 1492 1535 quas
1507 1461 1538 1516 et
1551 1451 1662 1516 ldahon
1678 1471 1697 1515 a
1711 1453 1775 1516 Deo
1789 1471 1858 1515 essa
1869 1450 1982 1530 fatetur,

301 1570 433 1620 tramea.
448 1548 530 1612 stola
546 1573 553 1610 :
570 1549 703 1613 llaxima
723 1556 755 1612 at
768 1550 908 1632 pretiosa
930 1550 1084 1632 pmmissa
1104 1549 1197 1613 nobis
1252 1550 1419 1614 sinceriter
1447 1551 1578 1630 credite,
1605 1550 1787 1632 erimusque
1812 1551 1983 1629 concordes,
2103 1553 2104 1564 ¹

447 1648 531 1711 Deus
551 1647 692 1726 donavit,
709 1656 745 1710 ut
769 1667 826 1729 par
849 1649 917 1711 hec
941 1646 1131 1711 efficiamini
1151 1648 1198 1710 di·
1252 1658 1283 1712 et
1311 1650 1405 1712 simul
1435 1649 1637 1727 salvabimur,
1668 1649 1840 1713 dummodo
1868 1667 1986 1732 evange

449 1747 530 1810 vine
545 1755 708 1811 consortes
723 1738 854 1810 nature.
871 1747 951 1810 llinc
966 1747 1112 1811 homines
1127 1767 1199 1809 san·
1253 1742 1322 1808 lice
1342 1745 1422 1828 legis
1447 1755 1607 1828 precepta
1630 1765 1805 1810 servemus.
1825 1747 1985 1823 Postremo,

449 1846 493 1908 cti
514 1845 547 1909 in
569 1845 742 1929 Scripturis
762 1845 807 1908 dii
828 1854 993 1923 vocantur,
1008 1845 1099 1927 juxta
1118 1845 1197 1908 illud
1216 1846 1457 1925 Bmanducara,
1481 1845 1600 1924 bibere,
1625 1846 1776 1928 dormire,
1800 1845 1891 1925 mori,
1910 1864 1987 1926 sepe

309 1967 350 2009 ra.
365 1977 435 2014 ann,
449 1944 482 2008 in
510 1944 634 2008 Psalmo
659 1967 666 2005 :
693 1943 759 2026 Ego
787 1943 864 2022 dixi,
891 1943 940 2006 Dii
966 1944 1053 2022 estis,
1082 1952 1114 2006 at
1138 1939 1197 2006 filii
1254 1943 1314 2021 liri,
1331 1963 1508 2029 resurgere,
1524 1943 1648 2007 Christo
1663 1963 1728 2008 non
1744 1944 1804 2007 nisi
1826 1945 1987 2008 secundum
2104 2017 2105 2028 χ

301 2035 322 2074 ⁰⁴
449 2042 573 2106 Excalsi
594 2061 717 2107 omnes.
733 2042 876 2105 Christus
897 2060 1023 2125 quoque
1043 2042 1077 2104 in
1098 2042 1199 2105 Evan-
1232 2067 1234 2072 ’
1254 2041 1425 2105 humanam
1448 2042 1671 2124 competebant
1692 2053 1850 2107 naturam.
2104 2035 2105 2056 .

311 2165 394 2208 rme.
412 2177 434 2212 ι.
449 2140 535 2224 galio
549 2148 741 2222 protestatur
756 2163 763 2202 z
779 2140 853 2203 lllos
866 2140 947 2202 dixit
959 2141 1048 2218 deos,
1063 2140 1104 2202 ad
1120 2158 1199 2221 quos

302 2231 336 2273 ³⁵·
450 2258 556 2304 sermo
579 2239 634 2302 Dei
657 2239 762 2302 factus
786 2247 845 2319 ast,
870 2246 902 2302 θῖ
923 2257 988 2302 non
1009 2247 1114 2320 potest
1138 2239 1199 2302 sol·

449 2339 481 2403 vi
503 2339 676 2420 Scriptura.
693 2338 857 2417 Praeterea,
877 2356 942 2400 non
963 2337 1114 2419 ponimus
1135 2338 1199 2401 Deo
1425 2296 1672 2363 ARTICULUS
1701 2297 1824 2362 XXIV·

450 2438 572 2502 socium
596 2437 686 2520 quasi
701 2436 954 2500 substantialiter
973 2436 1013 2499 ab
1027 2454 1066 2499 ee
1087 2435 1199 2498 distin·
1294 2448 1414 2506 Contra
1431 2465 1560 2505 errores
1580 2446 1794 2507 tertiadecima·
1810 2447 1954 2523 capituti.

450 2546 559 2613 ctum3
579 2554 645 2600 non
664 2544 770 2598 minen
792 2535 825 2596 in
847 2542 934 2597 tanta
952 2533 1125 2598 solitudine
1145 2552 1200 2616 po-

450 2637 558 2699 nimus
586 2654 672 2713 aum,
702 2640 737 2697 ut
765 2633 1047 2716 superdulcissimo
1083 2652 1119 2696 ac
1149 2653 1201 2695 su·
1291 2631 1318 2695 N
1340 2633 1468 2696 exordio
1492 2632 1591 2714 hujus
1612 2632 1744 2715 capituli
1767 2633 1896 2714 dicitur,
1915 2634 1987 2716 qnod

449 2732 740 2818 perjucundiasimo
764 2731 834 2795 Filii
864 2749 901 2794 aa
930 2731 1066 2814 Spiritus
1091 2731 1198 2796 Sancti
1305 2735 1484 2794 sacerdotes
1504 2753 1542 2792 ac
1558 2735 1718 2808 presules
1737 2734 1988 2795 Christianorum

450 2833 612 2897 consortio
636 2850 710 2894 aum
734 2850 842 2894 carere
867 2831 1023 2893 dicamus.
1048 2831 1115 2893 lmo
1143 2830 1199 2893 ho
1253 2831 1434 2894 Mabomato
1452 2831 1678 2891 crediderunt.
1702 2829 1762 2892 Sed
1786 2830 1849 2894 hoc
1869 2831 1988 2894 nullata-
2106 2891 2107 2916 1

450 2932 554 2994 minas
569 2929 703 2994 virtuosi
718 2937 750 2992 at
765 2929 869 3010 angeli
883 2929 947 2992 lleo
963 2949 1020 3012 par
1033 2929 1198 2992 caritatem
1253 2947 1313 2989 nus
1335 2947 1445 2991 verum
1467 2936 1526 3007 est,
1544 2926 1705 3008 loquendo
1725 2928 1765 2992 de
1787 2927 1988 2993 sacerdotibus
2106 2963 2107 2974 ι

450 3029 531 3093 uniti
546 3034 579 3091 et
592 3046 631 3091 eo
651 3027 807 3106 fruentes,
824 3028 1008 3091 societatem
1027 3027 1234 3109 quamdamG
1253 3033 1348 3107 atqua
1369 3024 1529 3108 episcopis
1554 3025 1722 3089 catholicis
1746 3027 1901 3091 veraciter
1919 3025 1988 3089 chri

447 3128 568 3193 habent
581 3146 655 3191 cum
670 3128 752 3209 ipso,
768 3127 844 3207 quia
865 3124 1094 3189 beatitudinem
1108 3145 1198 3188 suam
1253 3123 1376 3187 stiauis.
1393 3122 1454 3188 Sed
1473 3122 1609 3189 forsitan
1629 3124 1760 3207 quidam
1780 3127 1951 3190 sacerdotes
1963 3132 1988 3186 et

449 3226 601 3292 hauseis
626 3228 721 3290 modo
748 3226 886 3307 quodam
914 3224 1141 3302 communicat,
1169 3232 1200 3287 at
1253 3222 1404 3306 presules
1427 3222 1578 3302 heretici,
1600 3223 1738 3287 maxima
1762 3222 1946 3301 Nestoriani,
1963 3220 1987 3284 ei

449 3325 650 3389 familiariter
665 3324 756 3387 valde
771 3343 808 3386 ac
822 3323 1081 3387 amicabilissime
1095 3342 1129 3385 se
1145 3323 1200 3385 ha·
1253 3319 1433 3403 aliqualiter
1447 3321 1660 3385 crediderunt.
1673 3322 1762 3385 Unde
1778 3324 1890 3387 doctor
1906 3338 1989 3385 sarra
2107 3350 2108 3403 q

449 3424 503 3487 bat
518 3423 558 3485 ad
572 3441 638 3487 eos.
654 3421 742 3485 Unde
756 3421 791 3483 in
806 3420 963 3504 principio
978 3440 1043 3483 sue
1056 3421 1199 3503 epistolae
1254 3438 1352 3483 canus
1371 3420 1411 3482 da
1430 3437 1493 3502 quo
1515 3420 1662 3502 superius
1683 3428 1802 3483 tactum
1822 3428 1881 3499 est,
1897 3421 1928 3483 in
1941 3437 1987 3481 sua

350 3549 435 3588 oanni,
450 3528 579 3581 sanctus
594 3517 704 3581 scribit
718 3518 853 3581 loannes
868 3516 1030 3600 apostolus
1040 3540 1047 3577 :
1058 3517 1198 3579 Societas
1254 3519 1297 3581 ait
1310 3518 1445 3601 epistole
1459 3518 1651 3583 :Nestoriani
1667 3519 1911 3602 propinquiores
1925 3525 1987 3580 sunt

450 3625 556 3680 vestra
571 3617 614 3679 sit
627 3636 700 3679 cum
715 3615 881 3678 DeoPatra
896 3613 1021 3679 etFilio
1039 3615 1110 3697 ejus
1125 3616 1198 3678 lesu
1253 3616 1317 3679 illis
1351 3618 1406 3699 qui
1440 3616 1564 3680 veritati
1599 3617 1817 3699 consentiunt,
1845 3617 1987 3681 acutiores

450 3714 585 3779 Christo.
1254 3716 1347 3779 etiam
1374 3714 1407 3777 in
1430 3714 1698 3797 disputationibus
1722 3716 1887 3799 magisque
1909 3713 1987 3779 nobis

490 3813 612 3875 Dicitur
634 3830 762 3894 quoque
787 3811 841 3874 hic
863 3834 870 3873 :
892 3812 1043 3873 Christus
1062 3832 1127 3883 non
1152 3822 1199 3873 est
1254 3813 1489 3878 consentientes
1511 3812 1544 3875 in
1566 3812 1617 3875 his
1639 3832 1709 3895 que
1731 3814 1901 3877 eredimus.
1919 3813 1988 3887 Quo

450 3914 518 3973 nisi
538 3914 679 3973 nuntius
698 3913 770 3973 Dei.
787 3910 914 3973 Falsum
938 3918 986 3973 θεῖ
1004 3911 1077 3987 ῖιθθ,
1100 3928 1198 3991 quum
1255 3932 1323 3976 rum
1341 3920 1459 3975 sectam
1475 3910 1629 3993 propheta
1642 3912 1988 3994 nosterllahometpre

449 4010 585 4093 ipsamet
598 4010 740 4073 Christus
755 4009 789 4071 in
803 4007 976 4090 Evangelio
995 4015 1197 4091 protestetur,
1254 4011 1348 4093 cipue
1376 4010 1522 4074 laudasse
1550 4008 1687 4073 videtur.
1714 4009 1888 4073 veneratus
1913 4009 1987 4073 enim

315 4109 780 4192 rmn.1.Eg0etPaterunum
796 4127 906 4172 sumus
917 4132 924 4169 :
937 4128 1036 4171 unum
1050 4107 1201 4171 videlicet
1254 4117 1303 4173 est
1325 4128 1391 4189 eos,
1412 4117 1443 4171 et
1468 4117 1596 4192 pactum
1622 4126 1696 4170 cum
1719 4106 1767 4170 eis
1791 4107 1874 4187 iniit,
1888 4124 1988 4190 pmpe

303 4198 336 4239 ²⁰·
451 4210 485 4272 in
514 4208 663 4288 essentia,
694 4227 759 4272 non
787 4207 820 4271 in
848 4225 994 4291 persona.
1025 4206 1064 4269 Et
1091 4226 1200 4269 rursus
1215 4210 1239 4275 D
1255 4209 1381 4289 suitque
1397 4216 1460 4270 tam
1483 4208 1551 4289 ipse
1576 4225 1672 4288 quam
1694 4205 1773 4270 socii
1788 4206 1877 4287 ejus,
1892 4212 1925 4268 ut
1943 4221 1988 4267 eos

450 4308 485 4390 in
519 4307 685 4389 evangelio
720 4307 751 4370 S.
782 4307 912 4370 loannis
941 4305 1084 4385 habetur,
1116 4305 1199 4388 quod
1255 4308 1339 4371 inter
1354 4326 1387 4370 se
1402 4326 1474 4369 curn
1490 4304 1713 4379 benevolentia
1726 4312 1759 4368 at
1772 4304 1988 4369 modestiatra-

301 4431 436 4482 1m.‹.ra.
450 4406 549 4470 ludei
562 4406 746 4488 querebant
759 4405 866 4468 lasum
882 4404 1034 4487 lapidare,
1046 4405 1121 4487 quia
1136 4422 1200 4468 non
1254 4412 1388 4486 clarent,
1414 4412 1445 4467 et
1469 4403 1635 4485 privilegia
1660 4403 1794 4467 contulit
1818 4403 1887 4482 eis;
1907 4410 1988 4482 atque

451 4504 555 4568 solum
578 4504 722 4568 solvebat
746 4503 925 4581 sabbatum,
942 4505 996 4567 sed
1021 4512 1053 4566 θῖ
1076 4504 1199 4567 Patrem
1255 4505 1439 4586 frequenter
1458 4501 1547 4565 venit
1567 4502 1605 4565 ad
1629 4521 1696 4581 eos,
1712 4511 1744 4565 θῖ
1764 4502 1906 4566 divinam
1925 4517 1986 4563 cnm

451 4622 545 4666 suum
564 4602 692 4665 dicabat
713 4602 824 4681 Deum,
839 4601 994 4683 equalem
1015 4621 1050 4664 se
1071 4600 1135 4665 Deo
1154 4602 1201 4664 fa·
1254 4604 1301 4667 eis
1317 4601 1562 4667 collocutionem
1577 4600 1895 4683 habebat2siquieom
1910 4598 1987 4661 istius

451 4702 551 4782 ciens,
569 4701 601 4764 id
622 4709 671 4764 ast
691 4700 812 4763 dicens.
829 4700 917 4763 Unde
938 4710 969 4763 et
987 4702 1093 4763 denuo
1113 4700 1201 4763 Chri·
1254 4709 1348 4765 secte
1368 4700 1429 4764 viri
1443 4698 1675 4762 annuntiabant
1689 4698 1729 4777 ei,
1747 4707 1914 4782 antequam
1929 4714 1987 4759 ver·

302 4824 435 4877 mesas.
451 4810 519 4865 stus
544 4802 589 4864 ait
614 4824 622 4863 :
648 4799 740 4863 Pater
761 4816 852 4862 maus
877 4800 962 4881 qnod
990 4799 1079 4862 dedit
1106 4799 1197 4879 mihi,
1253 4802 1329 4864 bum
1346 4798 1400 4863 Ilei
1415 4798 1623 4862 descenderet
1641 4816 1739 4880 super
1757 4816 1843 4877 eum,
1859 4814 1947 4862 omne
1959 4792 1985 4855 id

450 4901 556 4983 majus
580 4900 729 4965 omnibus
752 4907 811 4963 est.
832 4899 897 4961 Hoc
917 4906 1023 4961 autem
1042 4898 1119 4980 quid
1139 4906 1198 4979 est,
1253 4899 1338 4981 quod
1360 4896 1506 4981 prestitit
1525 4896 1555 4960 ei
1577 4895 1670 4959 Deus.

450 5000 511 5064 nisi
527 4999 637 5064 divina
647 4998 787 5063 essentia
801 4997 889 5061 omni
902 4997 1029 5078 dignior
1042 5004 1197 5075 creatura,
1292 4997 1425 5079 Insuper
1447 4995 1562 5058 dicitur
1582 4994 1636 5058 hic
1655 5018 1662 5056 ε
1678 4996 1800 5058 Mache
1818 4998 1944 5057 domm
1960 4998 1986 5049 et

449 5119 545 5182 quarn
561 5100 652 5163 Pater
665 5116 723 5180 par
736 5105 885 5161 eternam
904 5103 938 5157 at
955 5096 1201 5178 incomprehan·
1253 5116 1380 5157 mensas
1393 5104 1424 5155 at
1439 5096 1614 5156 oblationes
1628 5096 1716 5157 Deus
1730 5096 1848 5157 Harae
1862 5090 1987 5153 mmini-

450 5198 577 5263 sibilem
605 5194 843 5280 generationem
867 5194 1095 5257 immanentem
1119 5193 1200 5257 Filio
1254 5198 1312 5257 aas
1331 5195 1510 5255 constituit.
1527 5193 1574 5256 td
1597 5192 1657 5257 hoc
1682 5211 1721 5255 ex
1745 5190 1853 5255 verbis
1875 5188 1927 5253 llai
1948 5204 1987 5249 re·

450 5294 700 5363 communicavit
713 5313 751 5357 ac
764 5292 868 5357 deditl
877 5291 985 5356 Nihilo
999 5292 1104 5355 minus
1118 5292 1201 5357 Chri·
1255 5294 1406 5379 spondeo,
1422 5291 1478 5377 qui
1500 5310 1556 5375 per
1571 5290 1755 5355 Malachiam
1769 5290 1815 5354 ait
1833 5284 1986 5355 obstinatis
