4309 6250
438 473 499 538 208
592 489 633 538 u!
652 490 736 538 1000
757 489 874 537 aemi
896 486 1129 551 samosatam,
1152 487 1392 545 SANGTORUHQUB
1413 489 1637 540 vaaaamotta.
1659 512 1701 523 -
1720 495 1791 542 All'l'.
1814 495 1835 542 X

438 670 559 727 rantur.
575 660 654 726 llam
668 657 815 744 quamvis
836 658 921 722 bona
934 678 972 721 ex
985 676 1103 741 genere
1122 659 1227 720 nond
1245 666 1354 723 ctarct.
1382 659 1426 722 lix
1455 659 1515 723 hoc
1543 659 1692 743 equidem
1722 663 1856 728 Romani
1889 664 1995 728 adbuc

438 769 536 844 agant
559 781 596 825 ex
621 759 765 836 caritate,
781 765 912 840 propter
934 757 1020 838 quod
1040 776 1100 819 nec
1122 776 1189 820 mc-
1243 756 1376 836 gentiles
1398 756 1552 838 putabant
1574 757 1786 823 idololatriam
1808 781 1899 824 suam
1924 782 1995 826 asse

438 859 724 924 ritoriasuntvitae
737 865 863 920 aeternae
879 879 886 919 :
903 855 1188 937 tamen,quoniam
1241 852 1360 932 justam
1391 863 1423 916 et
1453 873 1527 918 vere
1560 856 1732 938 salubrem,
1764 859 1841 940 quia
1875 861 1996 924 multos

438 959 546 1039 aliquo
562 957 657 1020 modo
671 957 755 1020 bona
768 962 853 1032 sunt,
865 954 948 1016 sicut
960 954 1037 1016 dum
1052 952 1190 1016 eleemo-
1242 950 1429 1015 obtinebant
1448 953 1638 1036 triumphos,
1659 964 1692 1019 et
1712 958 1842 1020 undem
1866 978 1995 1022 monar-

438 1076 532 1140 synas
553 1055 686 1134 iaciunt,
705 1054 865 1136 jejunant,
888 1060 981 1116 orant
1000 1051 1188 1132 blissamque
1242 1049 1346 1112 chiam
1362 1051 1468 1132 adepti
1484 1060 1559 1114 sunt
1571 1075 1578 1114 :
1591 1055 1676 1134 quod
1692 1054 1754 1117 diis
1770 1057 1837 1118 suis
1851 1065 1884 1120 et
1898 1057 1995 1121 idolis

437 1155 581 1231 audiunt,
597 1151 648 1216 vel
662 1170 701 1215 ex
715 1149 782 1213 lida
802 1148 945 1226 informi,
961 1148 1012 1212 vel
1034 1167 1073 1211 ex
1096 1149 1189 1210 timo-
1242 1148 1488 1230 adscripserunt.
1519 1150 1570 1214 Sic
1606 1171 1734 1235 quoque
1768 1173 1855 1217 nunc
1892 1176 1994 1238 usque

437 1272 472 1316 re
497 1251 618 1329 servili,
642 1250 693 1314 vel
714 1267 752 1312 ex
774 1247 1005 1311 consuetudine
1027 1246 1185 1327 quadam;
1242 1247 1350 1310 'luccae
1373 1266 1409 1309 ac
1430 1247 1594 1312 Sarraceni
1620 1260 1884 1331 argumentantur
1902 1273 1994 1318 suam

437 1351 558 1415 idcirco
587 1349 670 1412 Deus
702 1365 760 1429 pro
791 1345 882 1410 bonis
914 1345 1098 1427 hujusmodi
1128 1344 1188 1407 lar·
1242 1345 1500 1427 superstitionem
1520 1365 1556 1410 ac
1579 1348 1761 1430 impiissimi
1787 1359 1881 1432 atquc
1903 1372 1996 1435 spur-

436 1449 523 1533 gitur
559 1447 605 1510 eis
639 1445 761 1528 aliquid
796 1443 919 1526 praemii
955 1443 989 1505 in
1023 1443 1184 1525 praesenti,
1242 1442 1363 1506 nissimi
1386 1444 1553 1508 llahometi
1579 1445 1682 1528 legem
1708 1467 1779 1511 esse
1806 1469 1916 1513 voram
1948 1471 1996 1514 re-

437 1547 587 1611 videlicet
611 1543 864 1628 prosperitatem,
897 1541 1025 1603 divitias
1053 1541 1188 1604 autho
1241 1539 1406 1622 ligionem,
1432 1543 1584 1624 quoniam
1609 1545 1725 1609 multas
1750 1548 1923 1630 acquimnt
1948 1549 1995 1612 vi-

392 1676 394 1679 ·
436 1665 542 1725 nores,
569 1645 708 1708 vitamve
737 1640 914 1723 longiorem
943 1658 979 1703 ac
1005 1639 1184 1703 sanitatem.
1241 1639 1356 1702 ctorias
1392 1649 1501 1704 contra
1529 1641 1736 1723 Christianos,
1768 1652 1800 1708 et
1827 1647 1995 1728 possident

436 1745 552 1826 Sicquo
580 1761 679 1825 opera
706 1740 789 1803 bona
816 1758 887 1820 quaa
922 1746 1030 1801 essent
1060 1746 1186 1800 aeternae
1242 1739 1369 1801 Terram
1399 1747 1552 1804 sanctam.
1582 1739 1651 1804 Non
1680 1743 1766 1806 enim
1796 1743 1993 1828 intelligunt,

436 1843 548 1907 salutis
582 1838 747 1904 meritoria
775 1838 802 1900 si
831 1836 947 1901 fierent
981 1856 1020 1898 er
1054 1836 1185 1899 caritate
1204 1836 1325 1916 Bquod
1361 1835 1444 1900 sicut
1473 1838 1506 1900 in
1541 1838 1642 1902 veteri
1671 1841 1872 1906 Testamenta
1910 1844 1994 1908 Deus

435 1950 468 2006 et
489 1961 566 2005 vera
589 1937 770 2016 devotione,
787 1937 953 2020 privantur
977 1942 1064 1997 tanta
1089 1935 1187 1998 beati-
1241 1942 1376 1997 aeternus
1391 1944 1423 1998 ot
1436 1934 1595 2019 gloriosus
1611 1939 1780 2022 castigavit
1794 1939 1881 2004 lilios
1897 1942 1994 2006 lsrael
2008 1961 2117 2016 ruram.

436 2040 546 2104 tudine
582 2045 713 2122 propter
740 2043 872 2118 peccata
898 2034 946 2097 eis
977 2033 1125 2112 admixta,
1155 2041 1187 2095 et
1240 2051 1298 2114 per
1315 2033 1475 2098 Chaldaeos
1499 2035 1707 2119 Assyriaeque
1733 2038 1929 2121 idololatras,
1953 2041 1996 2104 ita
2008 2043 2053 2071 ¹¹¹²

435 2137 644 2221 temporalem
679 2133 859 2197 mercedem
894 2130 1068 2195 sortiuntur
1096 2131 1186 2193 dum·
1241 2130 1273 2192 in
1302 2149 1385 2194 novo
1410 2133 1610 2197 Testamenta
1639 2135 1771 2218 corripit
1796 2137 1996 2204 Christianos

435 2246 531 2300 taxat.
557 2236 649 2316 Hinc,
674 2240 754 2297 teste
781 2229 944 2313 Gregorio,
970 2229 1031 2292 viri
1054 2229 1187 2293 virtuosi
1241 2248 1299 2310 per
1320 2230 1436 2294 Turcas
1458 2240 1490 2294 et
1511 2232 1714 2298 Sarracenos.

435 2356 473 2400 ac
502 2335 660 2416 sapientes
689 2332 723 2395 in
751 2329 912 2413 prosperis
940 2328 1042 2409 magis
1076 2326 1187 2391 iormi-
1283 2329 1518 2408 Verumtamen,
1549 2350 1589 2393 an
1625 2332 1737 2396 civitas
1773 2333 1828 2398 illa
1861 2334 1896 2398 in
1935 2336 1996 2400 boc

436 2436 513 2498 dant
527 2456 535 2512 ;
551 2441 583 2496 et
604 2433 680 2513 dum
702 2448 737 2492 se
757 2429 949 2511 quandoque
970 2445 1119 2509 peccasse
1139 2445 1186 2489 re-
1242 2427 1397 2490 veraciter
1421 2429 1545 2510 sentiat,
1561 2431 1645 2511 quod
1666 2431 1746 2495 dicit
1767 2452 1800 2495 se
1820 2433 1917 2496 ditari
1940 2455 1998 2518 per

435 2533 661 2610 miniscuntur,
690 2547 750 2592 nec
783 2536 890 2591 tamen
923 2543 983 2608 pro
1016 2525 1083 2587 suis
1113 2544 1187 2606 pec·
1242 2526 1337 2589 talem
1351 2527 1600 2609 processionem,
1618 2549 1658 2592 an
1672 2531 1778 2612 potius
1792 2531 1824 2593 in
1839 2533 1895 2595 tali
1913 2535 1997 2598 aesti-

435 2630 514 2694 catis
543 2650 577 2692 se
605 2629 739 2692 adversa
768 2624 937 2708 pertulisse
966 2624 1183 2702 recordantur,
1242 2625 1381 2689 matione
1405 2625 1545 2706 fallatur,
1571 2636 1692 2691 certum
1718 2649 1783 2694 non
1806 2631 1924 2696 habeo.
1949 2634 1997 2696 Si-

434 2730 591 2793 immensa
619 2726 790 2790 formidine
819 2722 1045 2787 concutiuntur
1069 2730 1102 2785 et
1131 2742 1187 2804 pa·
1242 2724 1372 2804 quidem
1396 2743 1465 2787 esse
1490 2732 1595 2807 potest
1616 2734 1652 2789 ut
1674 2728 1713 2789 ad
1739 2736 1802 2791 tam
1824 2749 1995 2794 erroneam

434 2828 509 2892 vida
539 2825 722 2908 suspicione
756 2823 934 2901 turbantur,
965 2840 1006 2883 ne
1038 2819 1120 2884 sorte
1152 2821 1186 2883 in
1242 2821 1409 2885 inducatur
1430 2843 1449 2884 a
1467 2823 1594 2887 diabolo
1619 2825 1816 2906 opinionem,
1833 2837 1996 2910 quatenus

436 2927 497 2989 hac
512 2925 576 2988 vita
594 2943 653 3006 pro
672 2923 738 2986 suis
756 2921 905 3004 operibus
929 2919 1019 2984 bonis
1039 2939 1185 2982 remunc·
1242 2939 1348 2983 amore
1377 2940 1442 2984 suaa
1470 2922 1635 2985 ditationis
1662 2923 1929 3009 incorrigibiliter
1962 2928 1996 2991 in

434 3033 555 3104 rentur,
575 3030 669 3104 atque
697 3020 812 3083 futuris
839 3027 1041 3082 reserventur
1062 3018 1182 3102 suppli·
1200 3021 1221 3085 C
1241 3019 1308 3081 suis
1323 3019 1529 3084 abusionibus
1545 3031 1744 3102 perseveret;
1760 3031 1792 3086 et
1806 3023 1918 3088 forsan
1935 3027 1994 3107 sic,

433 3123 503 3188 ciis.
1240 3118 1304 3182 imo
1319 3126 1351 3182 et
1371 3117 1508 3203 amplius
1529 3119 1692 3198 ditaretur,
1710 3121 1738 3185 si
1753 3123 1996 3206 processionem

473 3223 593 3303 ltaque,
609 3220 636 3283 si
656 3220 733 3283 urbs
755 3218 812 3281 illa
833 3216 1005 3301 experitur,
1022 3224 1113 3298 putat
1131 3224 1186 3280 aut
1240 3217 1335 3281 talem
1357 3236 1421 3281 non
1444 3217 1574 3282 iaceret.
1592 3218 1757 3303 Praeterca,
1774 3222 1932 3306 quidquid
1956 3226 1997 3288 sit

434 3321 515 3383 dicit
538 3339 572 3383 se
597 3318 814 3400 temporaliter
838 3316 1019 3399 prosperari
1041 3324 1073 3379 et
1098 3316 1185 3379 locu·
1239 3318 1278 3380 de
1297 3317 1370 3397 boc,
1386 3317 1470 3380 istud
1490 3318 1623 3381 omnino
1641 3320 1693 3401 pie
1714 3322 1911 3386 credendum
1933 3333 1993 3405 est,

433 3418 549 3503 pletari
576 3418 691 3481 merito
720 3436 784 3480 suae
817 3413 1031 3498 processionis
1065 3421 1098 3476 et
1131 3414 1185 3476 de-
1238 3417 1322 3497 quod
1353 3414 1379 3477 si
1407 3416 1646 3497 processionem
1675 3426 1707 3481 et
1736 3420 1995 3502 deportationem

432 3516 623 3601 portationis
647 3514 790 3599 corporis
820 3515 869 3576 sui
898 3512 1018 3591 Sancti,
1040 3530 1105 3575 non
1129 3513 1184 3575 ob
1239 3513 1381 3595 corporis
1397 3513 1445 3575 sui
1461 3513 1568 3577 Sancti
1590 3534 1663 3577 cum
1686 3516 1792 3581 debita
1806 3520 1993 3601 devotione,

432 3625 536 3680 stante
551 3615 636 3698 quod
651 3622 697 3677 tot
712 3611 893 3691 abusiones,
912 3609 1112 3691 insolentiaS,
1129 3629 1185 3692 po
1239 3612 1430 3690 maturitate,
1452 3612 1623 3677 sobrietate
1645 3623 1678 3677 ot
1701 3616 1898 3683 ordinatione
1919 3640 1995 3701 per-

432 3716 569 3778 tationes
599 3721 631 3777 et
657 3711 883 3776 dissolutiones
910 3710 957 3773 illi
985 3708 1183 3791 processioni
1238 3718 1357 3793 egeret,
1373 3709 1474 3774 multo
1495 3710 1622 3775 felicius
1643 3715 1896 3795 praemiaretura
1912 3718 1993 3799 Deo,

432 3834 470 3878 ac
497 3812 712 3895 deportationi
741 3809 940 3889 immisceat;
966 3808 1059 3872 valde
1088 3808 1184 3871 habet
1238 3816 1271 3872 et
1297 3809 1539 3891 prosperitatem
1567 3810 1663 3873 otiam
1691 3814 1898 3895 temporalem
1927 3816 1995 3880 lor-

432 3912 550 3994 vereri,
580 3920 612 3975 et
639 3926 850 3994 expavescere
877 3907 992 3971 merito
1020 3907 1115 3971 debet
1141 3926 1182 3971 ne
1239 3907 1332 3970 tassis
1346 3907 1512 3970 sortiretur
1533 3907 1688 3989 majorem
1705 3933 1713 3973 ι
1729 3912 1881 3993 quoniam
1902 3913 1993 3977 Deus

433 4010 515 4074 iorte
544 4030 608 4074 suae
636 4006 849 4093 processionis
882 4025 919 4069 ac
952 4006 1182 4087 deportationis
1238 4006 1397 4069 interdum
1421 4006 1546 4069 confert
1564 4006 1629 4070 suis
1648 4006 1760 4072 electis
1778 4011 1993 4094 temporalem

432 4109 583 4174 meritum
613 4107 762 4172 sortiatur
790 4105 824 4168 in
851 4105 917 4168 vita
944 4103 1105 4187 prasenti,
1132 4123 1183 4167 cc·
1237 4122 1363 4187 quoque
1384 4104 1628 4187 prosperitatem
1651 4105 1684 4169 in
1706 4108 1822 4173 seculo
1842 4108 1916 4191 isto,
1933 4130 1993 4195 po-

432 4208 531 4271 ritura
545 4204 754 4270 retributione
768 4202 878 4286 gloriae
892 4209 1028 4280 aeternae,
1045 4220 1084 4265 eo
1097 4202 1182 4285 quod
1197 4205 1223 4267 D
1237 4199 1359 4262 tissime
1380 4199 1502 4282 politiis
1525 4201 1600 4265 boni
1621 4202 1799 4285 regiminis.

431 4304 595 4389 processio
608 4304 662 4367 illa
677 4302 719 4366 sit
729 4301 869 4365 admixta
883 4308 930 4364 tot
939 4300 1043 4379 malis,
1052 4307 1182 4382 propter
1277 4298 1502 4362 Verumtamen
1528 4300 1646 4365 intuitu
1673 4312 1707 4366 et
1733 4322 1841 4369 amore
1864 4312 1992 4392 tempo-

431 4424 503 4488 quae
526 4424 586 4467 nec
611 4403 688 4482 Deo,
713 4420 774 4465 nec
798 4400 914 4463 Sancto
943 4398 1037 4481 cujus
1065 4417 1181 4481 corpus
1237 4397 1370 4461 relisae
1399 4406 1532 4462 terrena
1560 4403 1825 4467 remunerationis
1849 4424 1914 4469 non
1940 4416 1993 4471 ast

431 4502 585 4583 dclertur,
601 4502 717 4585 placet,
733 4501 776 4564 ita
790 4507 825 4562 ut
840 4498 882 4562 sit
896 4496 1059 4561 meritoria
1072 4498 1180 4580 gratiae
1235 4494 1300 4557 Deo
1325 4495 1545 4579 principaliter
1571 4498 1786 4581 serviendum,
1807 4521 1866 4567 nec
1890 4506 1991 4569 omit-

431 4600 653 4685 inpraesenti,
684 4608 716 4664 et
741 4598 850 4682 gloria
876 4597 909 4660 in
938 4595 1045 4660 tuturo
1072 4620 1079 4659 :
1106 4598 1178 4678 hoc,
1236 4596 1331 4658 tenda
1359 4603 1408 4659 est
1440 4594 1630 4660 abusionum
1661 4606 1694 4661 et
1721 4601 1989 4683 superstitionum

429 4701 573 4783 inquam,
594 4699 707 4763 civitas
728 4696 784 4760 illa
804 4696 901 4760 babet
918 4695 1041 4759 timere.
1057 4695 1180 4759 idcirco
1236 4694 1392 4759 correctio
1406 4695 1569 4759 extimare
1584 4698 1769 4780 temporalis
1784 4700 1989 4769 adversitatis

431 4818 633 4882 nequaquam
657 4796 836 4861 blandiatur
859 4795 920 4859 sibi
943 4795 983 4857 de
1008 4794 1180 4877 locupleta·
1236 4802 1290 4856 aut
1304 4794 1424 4876 damni,
1436 4814 1534 4877 quum
1548 4796 1635 4860 dicat
1647 4796 1989 4882 Hieronymuszbatro

430 4900 518 4963 tione
533 4906 737 4977 terrena,nec
752 4895 827 4959 inde
841 4901 1080 4977 argumentetur
1093 4894 1180 4976 quod
1235 4901 1294 4975 cst,
1310 4894 1486 4958 etdomum
1500 4894 1558 4957 Dei
1573 4898 1731 4961 convertit
1745 4898 1779 4961 in
1796 4900 1988 4983 speluncam
2015 4936 2090 4983 m

431 4998 594 5082 processio
622 4995 679 5059 illa
707 4996 767 5058 rite
800 5002 923 5077 agatur,
951 4994 1002 5057 vel
1032 4992 1079 5056 sic
1107 4992 1179 5057 lieri
1235 4992 1405 5073 latronum,
1421 4994 1476 5075 qui
1493 4994 1581 5057 lucra
1595 4996 1634 5058 de
1653 4994 1808 5079 religione
1822 5008 1986 5083 secutum
2002 5004 2082 5053 ¹2¹¹·

431 5096 695 5178 debeat,autl)e0
709 5103 741 5158 et
754 5095 869 5159 Sancto
884 5094 954 5176 ejus
970 5094 1177 5177 complaceat.
1236 5090 1404 5173 cultusque
1428 5092 1499 5175 ejus
1526 5111 1591 5157 non
1620 5102 1684 5157 tam
1713 5096 1817 5159 cultus
1842 5106 1891 5162 est
1915 5100 1986 5183 Dei,

429 5198 496 5263 Hoc
519 5195 641 5279 quippe
665 5213 731 5259 non
755 5194 859 5259 solum
884 5194 924 5257 ad
948 5192 1178 5276 insipientiam,
1235 5209 1329 5272 quam
1355 5190 1580 5273 negotiationis
1603 5192 1739 5257 occasio.
1760 5193 1934 5278 Postremo,
1959 5200 1988 5263 si

431 5292 497 5359 imo
524 5303 557 5359 et
584 5296 624 5359 ad
655 5293 879 5359 infidelitatem
907 5293 1079 5374 quamdam
1110 5311 1180 5374 spe·
1235 5289 1333 5354 alicui
1348 5288 1495 5354 vitiasua
1508 5290 1742 5372 derelinquenti
1756 5300 1788 5357 ct
1802 5296 1987 5363 emendanti
