4309 6250
789 483 909 532 coarat
930 481 1101 528 Pharsali!
1120 477 1292 536 athomi,
1316 478 1406 527 tissa
1425 478 1458 525 11.
1481 497 1522 509 -
1542 479 1611 526 aar.
1634 480 1699 529 {Vll

1229 649 1329 727 dest,
1345 667 1444 730 quum
1459 647 1625 713 Zacharias
1643 648 1774 713 dixisset
1794 650 1833 713 ad
1852 649 1999 734 angelum,
2023 669 2106 716 lanu

656 711 900 778 ARTIGULUS
918 710 1028 775 XVII·
1269 747 1356 810 Unde
1370 746 1430 812 hoc
1446 747 1631 830 sciamlegc
1641 749 1728 812 enim
1740 768 1811 812 sum
1822 759 2000 830 senex,etc.;
2012 735 2038 775 ²⁶·

531 837 699 927 Aduersus
719 879 848 921 errores
866 859 980 938 quinti
998 859 1148 934 capituli.
1268 845 1402 927 angelus
1416 864 1491 910 mox
1509 847 1673 929 rospondit
1689 871 1696 910 ἒ
1712 847 1772 911 ΡΙὉ
1791 849 2001 930 00ll11⁰d¹¹⁰¹¹

1271 942 1433 1006 credidisti
1461 944 1566 1007 verbis
1594 944 1686 1024 meis,
1715 942 1779 1008 eris
1806 952 1922 1024 means,
1950 967 2000 1010 nec

538 1046 624 1111 UASl
644 1065 682 1109 ex
700 1045 756 1108 lici
780 1061 916 1126 persona
940 1041 973 1104 in
992 1041 1055 1104 isto
1073 1037 1214 1122 capitula
1268 1039 1386 1122 poteris
1400 1038 1487 1122 loqui
1503 1059 1603 1123 usque
1618 1040 1651 1104 in
1666 1041 1751 1106 diem
1766 1060 1828 1125 qno
1841 1043 1907 1106 hacc
1919 1042 1999 1122 fient,

468 1047 668 1250 Odicitur
682 1142 931 1208 llahomctczsa'
944 1142 1018 1222 quas
1033 1149 1137 1201 tecum
1152 1140 1215 1198 dis·
1270 1135 1417 1202 videlicet
1440 1157 1541 1220 usque
1569 1139 1608 1201 ad
1636 1139 1721 1203 diem
1750 1139 1922 1204 nativitatis
1947 1141 2003 1206 lilii

458 1254 583 1323 putare
606 1243 760 1313 volavit,
783 1243 838 1301 dic
861 1250 891 1300 te
912 1240 1032 1316 facicm
1056 1246 1147 1300 taam
1170 1239 1215 1296 ad
1269 1235 1327 1314 tui,
1359 1234 1423 1299 imo
1452 1255 1553 1319 usquc
1580 1237 1619 1300 ad
1646 1237 1732 1301 diem
1762 1236 2000 1304 circumcisionis

462 1345 568 1406 Deam
582 1342 718 1420 ejusque
731 1357 879 1418 sequaces
892 1337 1087 1397 convertisse
1102 1354 1114 1394 .·
1128 1335 1215 1413 quod
1269 1333 1351 1415 ejus,
1377 1353 1447 1416 que
1470 1343 1547 1398 tunc
1569 1335 1632 1398 luit
1655 1337 1830 1419 spiritualis
1853 1337 1999 1418 nabutae,

462 1443 600 1519 agendo,
616 1448 684 1500 tam
698 1441 803 1514 legum
826 1436 961 1495 aientes
981 1452 1080 1513 quam
1101 1434 1215 1492 illitte·
1269 1432 1458 1497 sicutmodo
1472 1433 1663 1517 Baptismus
1679 1434 1759 1498 Nam
1779 1455 1877 1518 usquc
1897 1438 1934 1500 ad
1953 1437 2000 1502 bo

463 1542 533 1602 rati
547 1541 663 1600 tanam
678 1541 778 1613 legem
792 1543 979 1614 sequentur.
992 1531 1078 1594 lstud
1093 1529 1215 1594 irratio·
1269 1535 1336 1594 rain
1371 1533 1624 1598 circumcisionis
1657 1534 1799 1616 loannis,
1828 1545 1915 1618 pater
1939 1537 1999 1617 ejus

423 1697 427 1704 ,
462 1636 611 1700 nobiliter
626 1635 754 1698 videtur
768 1631 978 1713 sonare,quia
992 1629 1124 1694 omnino
1138 1647 1214 1692 can·
1268 1630 1433 1694 Zacharias
1449 1639 1555 1696 mutus
1570 1632 1907 1714 permansit,utLucas
1920 1654 2000 1698 evan
2021 1663 2059 1706 rm
2079 1669 2101 1716 a.

462 1743 511 1799 tra
531 1753 660 1798 omnem
683 1741 733 1797 est
757 1731 923 1808 rationem,
941 1737 976 1792 ut
999 1729 1071 1811 quis
1096 1747 1212 1792 novam
1268 1728 1381 1811 gelista
1412 1730 1576 1794 describit.
1606 1729 1714 1813 ltaque
1742 1751 1806 1796 nan
1834 1733 1999 1796 triduanam
2010 1734 2064 1774 aa.

461 1833 602 1916 aliquam
634 1839 791 1916 proponat
823 1828 1012 1905 doctrinam,
1043 1829 1146 1909 legem
1174 1847 1212 1890 ac
1230 1832 1254 1894 B
1269 1828 1516 1892 taciturnitatem
1536 1830 1566 1894 ei
1586 1831 1668 1894 Deus
1685 1831 1846 1914 injunxit:
1863 1833 1926 1896 imo
1944 1852 2000 1896 am-

461 1932 574 2011 lidem,
590 1951 670 2014 quas
694 1928 877 2006 defendere,
894 1927 1084 2009 persuadere
1106 1933 1136 1988 et
1159 1943 1214 2008 ap-
1268 1926 1352 2009 plius
1372 1946 1467 2008 quam
1486 1947 1601 1992 navem
1626 1930 1791 1993 mensibus
1814 1940 1919 1994 mutus
1940 1949 2001 2014 per·

462 2031 600 2115 probare
628 2048 692 2093 non
722 2027 823 2110 possit
852 2049 860 2088 ε
890 2024 1010 2108 alioqui
1038 2023 1213 2105 unicuique
1269 2025 1395 2089 mansit.
1412 2025 1476 2090 Ncc
1492 2047 1602 2091 verum
1618 2029 1763 2110 estquod
1777 2029 1938 2092 Zacharias
1954 2049 2000 2112 pc-

463 2148 548 2194 nova
562 2127 689 2192 docenti
704 2133 789 2189 esset
808 2124 1013 2188 credendum.
1029 2122 1150 2185 Idcirco
1170 2123 1215 2185 le·
1269 2124 1339 2188 tivit
1360 2124 1420 2188 sibi
1443 2144 1541 2207 grave
1564 2127 1640 2208 quid
1664 2146 1684 2189 a
1707 2127 1772 2191 beo
1795 2127 1999 2210 injungi3sed

463 2226 606 2309 gislatori
628 2243 774 2307 novaque
792 2221 977 2306 predicanti
1002 2239 1066 2284 non
1092 2218 1214 2284 sullicit
1269 2230 1398 2304 pmpter
1419 2243 1509 2288 suam
1531 2223 1787 2289 incredulitatem
1800 2225 1999 2290 taciturnitate

464 2327 583 2404 dicere,
599 2324 726 2388 Faciem
740 2342 845 2386 meam
866 2322 905 2384 ad
926 2321 1026 2383 Deum
1048 2319 1211 2398 conventi;
1268 2321 1327 2384 hac
1344 2321 1406 2384 luit
1419 2341 1600 2404 percussus,
1618 2323 1723 2386 statim
1743 2343 1842 2407 quum
1863 2323 1948 2409 petiit
1966 2324 2001 2387 si·

464 2425 520 2489 aed
535 2422 771 2506 disputantibus
792 2418 1022 2483 rationabiliter
1043 2419 1214 2500 responde-
1268 2439 1366 2502 gnum
1382 2438 1445 2502 qao
1460 2430 1567 2503 posset
1581 2441 1753 2504 agnoscere
1769 2424 1932 2488 vamtatem
1944 2442 2000 2484 var

464 2542 510 2602 re,
526 2524 781 2602 documentaque
804 2537 887 2582 uova
910 2517 1156 2600 proportionalis
1175 2536 1212 2580 ac
1267 2518 1381 2581 borum
1395 2518 1547 2600 angelica
1561 2539 1598 2582 ac
1612 2519 1728 2584 divinae
1742 2519 1965 2604 promissionis.

463 2620 614 2704 congruis
628 2627 753 2703 oportet
770 2616 970 2682 documentis
989 2634 1025 2679 ac
1044 2634 1213 2698 argumen·
1306 2617 1440 2701 lnsupcr
1453 2617 1487 2680 in
1502 2619 1649 2702 praesenti
1664 2619 1805 2702 capitulo
1819 2621 1916 2684 mula
1933 2639 2000 2703 pra

461 2721 503 2785 tis
523 2719 647 2783 fulcire.
667 2719 755 2782 Unde
774 2716 1003 2781 nonobstante
1021 2716 1107 2797 quod
1128 2713 1211 2778 lides
1268 2715 1354 2779 clara
1380 2718 1419 2779 dc
1444 2717 1573 2799 Virgine
1601 2717 1739 2799 gloriosa
1767 2727 1799 2781 et
1826 2719 1945 2782 Christo
1968 2735 1998 2780 ac

462 2819 637 2884 christiana
652 2818 694 2880 sit
712 2818 751 2880 de
771 2817 866 2879 rebus
887 2833 1011 2878 summe
1032 2814 1212 2896 incompre·
1268 2815 1337 2895 ejus
1362 2815 1525 2878 miraculis
1550 2816 1731 2878 referuntur
1753 2840 1761 2880 ι
1784 2817 1901 2899 quibus
1923 2835 1998 2880 more
2105 2805 2106 2854 1

462 2916 675 2981 hensibilihus
702 2935 739 2978 ac
774 2912 1080 2996 supematnralibus,
1109 2913 1211 2977 nihilo
1268 2913 1362 2977 solito
1376 2913 1492 2977 laisum
1507 2913 1625 2996 aliquid
1640 2914 1996 2995 admiscetur,videlicet,

462 3017 569 3079 minus
584 3014 785 3078 beatissimus
800 3011 910 3075 Petrus
924 3011 1087 3092 apostolus
1101 3011 1133 3073 in
1148 3011 1212 3094 pri-
1231 3015 1252 3078 C
1267 3013 1352 3094 quod
1366 3012 1507 3075 Christus
1523 3031 1619 3096 super
1632 3012 1751 3076 larinas
1766 3013 1940 3079 volatilium
1959 3014 1998 3075 la

358 3161 445 3198 ψῃ,
461 3135 513 3180 ma
541 3134 599 3178 sua
621 3113 733 3178 scribit
759 3110 895 3195 epistola
921 3134 928 3173 :
954 3109 1056 3173 Parati
1084 3129 1212 3193 semper
1266 3118 1334 3174 teas
1349 3131 1367 3173 a
1382 3130 1415 3175 sc
1430 3111 1622 3195 compositas
1639 3110 1823 3193 insulllans,
1839 3113 1942 3179 volare
1960 3111 1998 3175 le

341 3242 347 3255 ·
460 3222 561 3279 estote
574 3214 614 3276 ad
629 3212 879 3276 satislactionem
893 3209 980 3273 omni
993 3209 1138 3291 poscenti
1153 3228 1211 3273 vos
1267 3210 1347 3277 ccrit
1361 3209 1518 3273 easlstud
1532 3209 1674 3273 Christus
1689 3230 1753 3275 non
1768 3210 1997 3295 lecit,quamris

462 3314 618 3377 rationem
636 3313 676 3375 de
696 3330 735 3375 ea
752 3329 823 3393 qum
842 3310 876 3371 in
901 3309 993 3372 vobis
1017 3316 1067 3371 est
1088 3308 1154 3371 lide
1179 3316 1211 3371 et
1265 3308 1374 3371 divina
1396 3327 1453 3370 sua
1470 3308 1588 3371 virtute
1612 3306 1719 3373 lacere
1743 3311 1908 3392 potuisset.
1923 3309 1997 3372 Unda
2104 3366 2105 3371 ,

460 3430 528 3495 spe.
546 3411 687 3492 Denique
708 3409 805 3472 ctiam
826 3408 922 3488 inira,
939 3406 1100 3471 tricesimo
1121 3414 1209 3470 sexto
1265 3415 1297 3477 et
1325 3406 1560 3470 sacratissimus
1588 3407 1698 3471 Petrus
1726 3408 1899 3491 apostolus,
1927 3409 1997 3471 inter
2104 3392 2105 3421 ¹

460 3509 612 3593 capitulo,
642 3508 735 3591 quasi
768 3526 808 3570 ex
836 3507 900 3570 Deo
932 3505 1116 3589 precipitur
1146 3505 1208 3568 lla-
1265 3525 1340 3569 vera
1359 3506 1545 3569 Sanctomm
1570 3505 1724 3570 miracula
1747 3514 1779 3570 et
1800 3506 1883 3571 laisa
1904 3524 1997 3588 mago·

459 3608 588 3672 hometo
610 3630 617 3671 ε
639 3611 755 3671 Omnes
777 3607 924 3667 homines
946 3609 1066 3682 tapam,
1083 3614 1209 3681 prater
1265 3624 1335 3668 rum
1350 3605 1441 3687 signa
1455 3604 1664 3687 distinguens,
1681 3604 1815 3669 asseruit
1836 3607 1918 3690 quod
1932 3606 1997 3669 sn·

459 3712 573 3778 malos,
588 3707 731 3767 honestis
748 3706 855 3765 verbis
868 3705 1069 3781 disputando
1083 3722 1209 3780 semper
1264 3712 1387 3766 ctorum
1401 3703 1556 3767 miracula
1571 3712 1644 3767 sunt
1662 3706 1703 3767 do
1722 3705 1818 3767 rebus
1839 3703 1995 3769 fructuosis

458 3803 725 3885 alhquere.nga
747 3822 821 3866 cum
838 3802 886 3865 eis
904 3801 1015 3866 debuit
1031 3800 1205 3883 disputare,
1264 3808 1358 3883 atque
1373 3801 1507 3864 utilibus
1517 3802 1614 3865 :sicut
1627 3811 1675 3865 est
1689 3810 1831 3867 momuos
1845 3803 1994 3879 suscitare,
2103 3850 2104 3857 ,

459 3922 520 3967 nec
534 3903 637 3966 solum
652 3902 758 3966 dicere
778 3920 813 3964 se
830 3902 871 3963 ad
886 3901 986 3963 Deum
1002 3899 1117 3963 laciem
1132 3918 1208 3964 con·
1264 3898 1406 3982 leprosos
1427 3899 1593 3979 mundare,
1609 3919 1768 3964 venenum
1790 3899 1858 3965 sine
1883 3901 1994 3965 leuem
2103 3900 2104 3915 ¹

457 4000 602 4067 verhsse.
727 4020 731 4025 ’
1263 4006 1383 4081 potare.
1400 3998 1497 4081 Signa
1511 4018 1588 4064 vero
1601 4010 1767 4081 magorum
1781 4008 1856 4065 sunt
1870 4000 1908 4065 dc
1925 3998 1996 4063 curi·

496 4102 650 4165 Praeterea
664 4099 697 4162 in
709 4099 770 4163 isto
784 4096 923 4181 capitulo
937 4096 1044 4179 aliqua
1057 4096 1208 4161 dicuntur
1263 4096 1328 4161 osis
1343 4105 1374 4160 et
1389 4096 1557 4161 inutilibus
1572 4096 1667 4161 rebus
1683 4121 1691 4161 :
1709 4105 1743 4161 ut
1760 4108 1810 4161 cst
1827 4100 1931 4163 volam
1947 4116 1995 4181 por

457 4200 498 4264 de
511 4199 661 4263 Zacharia
679 4207 712 4263 et
732 4197 803 4262 lilio
825 4196 895 4279 ejus
916 4196 1036 4259 Jconne
1055 4196 1205 4279 Baptista,
1222 4201 1248 4265 l)
1263 4214 1347 4259 aera.
1358 4195 1431 4259 Tale
1447 4215 1522 4260 vero
1536 4196 1661 4278 luisset,
1669 4196 1763 4260 luteis
1778 4196 1892 4261 lormis
1908 4194 1995 4260 insal-

306 4318 529 4383 m,1,.,2,.„quae
563 4318 659 4381 snpra
693 4295 868 4380 prehabito
901 4303 986 4357 sunt.
1017 4294 1078 4358 Sed
1107 4314 1205 4357 unum
1262 4294 1372 4358 llanda
1392 4294 1468 4358 dare
1489 4294 1640 4358 volatum.
1659 4294 1895 4377 Vemmtamen,
1909 4314 1993 4379 mum
2102 4374 2103 4377 Ἴ

457 4396 662 4460 mendacium
694 4396 747 4460 hic
779 4396 826 4458 eis
853 4393 1016 4474 miscetur,
1046 4393 1205 4475 videlicet,
1262 4393 1427 4457 sarraceni
1442 4394 1574 4457 credant
1591 4393 1749 4457 Christum
1771 4394 1858 4460 istud
1880 4394 1991 4471 iecisse,
2102 4406 2103 4421 ¹

456 4497 541 4579 quod
562 4514 662 4578 quum
679 4494 844 4558 Zacharias
865 4492 1006 4571 dixisset,
1022 4496 1130 4562 Quam
1144 4495 1206 4553 sim
1262 4511 1368 4575 quaero
1383 4492 1519 4574 qualiter
1532 4492 1611 4556 lecit
1623 4492 1685 4556 hoc
1698 4515 1705 4555 ε
1719 4512 1759 4557 an
1775 4494 1898 4559 scilicet
1910 4492 1993 4557 insul·

455 4614 567 4666 senem
583 4604 614 4656 et
628 4614 716 4656 acor
736 4614 805 4654 mea
826 4594 962 4663 sterilis,
977 4594 1123 4671 qualiter
1132 4611 1207 4669 pro·
1261 4592 1371 4656 ilando
1390 4591 1477 4655 dedit
1492 4592 1538 4655 cis
1553 4592 1700 4674 spiritum
1721 4592 1863 4674 vitalem,
1878 4594 1934 4658 hoa
1953 4598 1992 4655 est

455 4697 517 4755 lem
533 4694 700 4772 efficiam?
713 4700 746 4755 et
759 4690 863 4773 angeli
880 4689 1129 4773 respondissent,
1139 4694 1205 4755 Deo
1262 4692 1401 4754 animam
1426 4690 1621 4772 sensitivam,
1646 4709 1700 4753 cas
1724 4691 1935 4771 vivificand03
1957 4709 1990 4753 an

454 4794 544 4854 nita
557 4802 604 4853 est
619 4792 840 4869 impossibile,·
854 4796 930 4851 tunc
944 4787 1111 4852 Zacharias
1125 4790 1206 4872 peti·
1261 4790 1363 4854 solum
1389 4788 1536 4871 praestitit
1559 4790 1605 4853 eis
1629 4789 1781 4871 volatum,
1805 4810 1872 4856 non
1895 4792 1989 4855 vitam.

454 4891 501 4955 vit
513 4892 654 4969 difficile
667 4892 750 4971 qaid
764 4892 827 4950 sibi
841 4891 1016 4965 imperitet
1029 4890 1115 4971 quod
1129 4898 1204 4953 tunc
1261 4889 1293 4951 Si
1315 4889 1419 4971 prima
1437 4888 1544 4966 modo,
1560 4896 1636 4951 tunc
1660 4888 1721 4952 luit
1745 4888 1790 4952 ibi
1813 4888 1991 4956 introductio

455 4989 515 5053 sibi
543 4989 752 5071 injunxemnt
779 4989 973 5049 triduanam
998 4991 1207 5049 taciturnita·
1260 5006 1350 5051 novae
1365 4986 1475 5050 lormm
1489 4986 1992 5073 substantialiszquumquegene·

455 5098 531 5161 tem,
547 5091 616 5150 nisi
629 5090 761 5165 signum
776 5096 905 5149 tautam
924 5108 999 5147 cum
1020 5089 1207 5149 hominibus
1260 5087 1339 5150 ratio
1363 5086 1456 5149 unius
1482 5094 1583 5149 exstet
1605 5086 1765 5169 corruptio
1787 5088 1927 5170 alteritas,
1941 5104 1990 5150 nac

455 5191 574 5265 facere.
589 5187 692 5268 liujus
714 5186 804 5249 verbi
828 5185 949 5248 lalsitas
970 5186 1206 5249 demonstratur
1260 5187 1294 5250 in
1318 5204 1382 5249 una
1405 5185 1470 5248 sint
1493 5184 1601 5268 plures
1626 5184 1737 5250 lormm
1760 5188 1988 5265 substantialem

455 5306 495 5352 ex
517 5286 701 5369 Evangelio.
718 5284 806 5366 Quia,
826 5292 862 5348 ut
884 5284 918 5347 in
941 5283 1026 5347 Luca
1049 5284 1204 5367 scriptum
1260 5286 1365 5349 dicere
1379 5285 1548 5366 oportebit,
1561 5285 1647 5366 quod
1662 5285 1695 5348 in
1710 5285 1804 5349 luteis
1818 5286 1990 5353 lormislait
2100 5362 2101 5371 ἵ
