4309 6250
426 482 486 549 Ἀθ
651 503 693 550 Μ
712 501 875 551 uictuma
895 502 933 549 ΕΤ
951 500 1101 548 adnotans
1120 499 1150 546 lt.
1173 500 1201 545 V.
1224 499 1340 558 hanla,
1361 499 1451 547 LlBllli
1470 500 1514 545 lll.
1538 518 1577 529 -
1597 498 1668 545 aar.
1689 500 1755 547 ΧΠ

425 680 460 733 tu
475 690 535 735 nec
550 671 710 737 nominari
725 681 815 754 potes
830 672 907 754 quin
928 672 1096 749 accendas,
1114 689 1174 733 noc
1189 672 1214 732 A
1230 668 1333 747 stella,
1350 677 1382 733 et
1401 668 1522 751 Virgini
1543 668 1633 731 llatri
1655 668 1747 731 valde
1767 674 1987 750 congruenter

426 770 559 851 cogitari
580 770 642 833 nisi
667 790 790 834 recrees
814 769 950 833 allectus
974 769 1175 849 diligentium
1229 776 1378 849 aptatur:
1395 767 1545 849 quoniam
1570 768 1654 830 sicut
1678 766 1765 829 sidus
1787 767 1909 847 absque
1932 763 1984 825 sui

425 874 474 945 te3
490 876 522 929 tu
537 888 699 949 nunquam
716 868 784 930 sine
800 868 903 930 insitae
918 867 976 929 tibi
993 866 1174 929 dulcedinis
1229 866 1357 928 laesione
1372 866 1496 928 radium
1518 865 1646 945 emittit,
1662 864 1708 927 sic
1723 863 1819 946 Virgo
1841 863 1911 925 sine
1934 862 1985 924 sui

424 965 630 1047 adspersione
654 974 777 1048 portam
804 966 964 1029 memorias
985 965 1045 1047 pia
1069 965 1175 1045 ingre·
1229 964 1432 1046 corruptione
1461 964 1583 1045 peperit
1609 962 1746 1040 Filium3
1776 980 1838 1024 nec
1873 961 1985 1023 radius

422 1061 518 1123 deris.
536 1061 560 1123 0
574 1062 671 1143 Virgo
690 1062 871 1145 purissima,
888 1081 907 1126 c
926 1062 1022 1124 Μαῖαν
1036 1060 1172 1139 Deilera,
1228 1062 1324 1125 sideri
1340 1082 1430 1125 suam
1445 1062 1561 1125 minuit
1575 1061 1763 1137 claritatem,
1780 1079 1841 1123 nec
1856 1058 1984 1140 Virgini

422 1176 441 1220 o
466 1158 561 1221 Μανία
583 1159 782 1237 dulcissima,
799 1178 894 1241 quam
920 1158 1023 1221 dulcis
1048 1167 1097 1221 est
1120 1166 1174 1219 tua
1228 1159 1328 1223 Filius
1343 1180 1433 1222 suam
1449 1159 1673 1240 integritatem.
1690 1158 1761 1239 lpsa
1780 1166 1829 1219 est
1849 1156 1986 1219 nobilis-

422 1257 591 1319 memoriat
605 1258 647 1319 De
662 1266 692 1320 te
708 1258 859 1339 cogitare,
873 1276 989 1339 magna
1003 1265 1051 1319 est
1066 1255 1173 1319 cordis
1229 1258 1310 1321 sima
1339 1259 1429 1320 stella
1454 1277 1492 1319 ex
1520 1258 1616 1321 Jacob
1643 1265 1724 1334 orta,
1749 1256 1843 1337 cujus
1872 1254 1985 1317 radius
1998 1277 2108 1319 ram.

422 1353 575 1434 relecti03
592 1355 632 1417 de
652 1362 683 1416 te
702 1354 800 1436 loqui,
818 1374 932 1435 magna
956 1363 1005 1417 est
1029 1354 1174 1417 consola·
1228 1356 1412 1420 universum
1436 1356 1547 1419 orbem
1566 1354 1738 1433 illuminat,
1755 1354 1849 1434 cnjus
1873 1352 1985 1434 splen·
1999 1342 2031 1381 ¹⁷·

421 1452 484 1530 tio;
501 1460 532 1515 te
547 1452 708 1532 invocare,
724 1452 843 1533 grande
858 1461 906 1514 est
921 1452 1116 1533 adjutorium
1139 1452 1172 1513 in
1227 1454 1286 1517 dor
1299 1454 1332 1515 in
1348 1453 1495 1535 supernis
1510 1453 1688 1535 praefulget,
1705 1460 1737 1514 et
1750 1451 1872 1514 inferos
1887 1469 1983 1531 pene·

421 1550 508 1611 omni
531 1550 732 1627 necessitate,
750 1549 937 1629 tentatione,
958 1550 1170 1625 adversitate3
1228 1559 1299 1628 trat,
1320 1559 1436 1614 terram
1461 1569 1587 1632 quoque
1612 1549 1821 1632 perlustrans,
1841 1556 1875 1610 et
1897 1548 1985 1609 cale-

421 1654 452 1708 te
467 1647 568 1728 sequi,
585 1648 688 1709 estad
703 1655 854 1710 aeternam
876 1647 1105 1709 beatitudinem
1126 1666 1174 1708 re·
1228 1648 1348 1711 iaciens
1364 1656 1487 1710 mentes
1502 1648 1605 1730 magis
1620 1666 1716 1729 quam
1731 1665 1876 1728 corpora,
1892 1643 1986 1708 fovet

422 1751 472 1806 cte
493 1763 530 1807 ac
553 1744 762 1807 saluberrime
785 1742 962 1826 proficisci.
1229 1747 1361 1809 virtutes
1385 1754 1417 1808 et
1440 1746 1589 1826 excoquit
1613 1746 1700 1808 vitia.
1725 1745 1750 1808 0
1777 1744 1922 1827 quisquis
1948 1744 1985 1805 in

461 1840 616 1923 Denique,
631 1842 692 1905 hoc
717 1860 846 1920 nomen,
870 1840 976 1921 liaris,
993 1841 1028 1901 in
1052 1840 1173 1902 Saluta·
1192 1844 1290 1907 Bhoc
1320 1844 1435 1907 saeculo
1463 1844 1612 1921 fluctuas,
1644 1863 1685 1906 ne
1712 1850 1838 1905 avertas
1869 1841 1986 1905 oculos

421 1938 508 2003 tione
528 1941 673 2022 angelica
697 1960 736 2003 cx
758 1940 927 2003 devotione
952 1937 1072 2001 eddidit
1102 1956 1173 1999 san·
1230 1942 1394 2023 alulgore
1414 1942 1528 2003 sideris
1548 1942 1656 2022 hujus,
1674 1942 1701 2003 si
1727 1959 1791 2003 non
1816 1940 1864 2002 iis
1887 1939 1986 2002 obrui

422 2045 473 2100 cta
496 2038 640 2101 Ecclesia
664 2062 670 2099 :
698 2038 822 2100 nullum
848 2038 934 2101 enim
959 2055 1076 2100 nomen
1102 2043 1174 2119 post
1231 2039 1391 2121 procellis.
1409 2039 1441 2101 Si
1461 2039 1627 2120 insurgant
1648 2038 1735 2101 venti
1755 2038 1985 2116 tentationum,

422 2135 529 2197 Jesum
551 2137 652 2198 estin
672 2136 754 2199 coelo
776 2136 826 2198 vel
852 2136 886 2196 in
910 2142 1003 2212 terra,
1021 2135 1104 2215 quod
1130 2133 1174 2195 ita
1232 2136 1257 2198 si
1272 2136 1415 2198 incurras
1430 2136 1578 2218 scopulos
1594 2134 1846 2214 tribulationum,
1856 2134 1987 2216 respice

423 2232 626 2296 devotionem
652 2234 805 2296 accendat
829 2232 1174 2315 compunctionemque
1232 2234 1369 2313 stellam,
1385 2234 1499 2297 invoca
1511 2234 1652 2296 Mariam.
1669 2232 1701 2295 si
1716 2232 1860 2312 avaritia,
1877 2232 1905 2293 si
1921 2232 1987 2293 ira·

424 2331 550 2409 excitet,
578 2331 828 2395 consolationem
853 2331 988 2411 ingerat,
1014 2329 1175 2393 defensio-
1232 2332 1350 2395 cundia
1368 2340 1423 2394 aut
1442 2331 1593 2394 illecebra
1616 2350 1745 2394 carnem
1770 2330 1986 2409 concusserit,

424 2448 499 2491 nem
513 2438 623 2493 contra
637 2429 744 2492 hostes
759 2428 915 2505 exhibeat,
934 2428 1016 2491 sicut
1036 2427 1098 2490 hoc
1119 2446 1176 2490 no-
1233 2429 1414 2492 naviculam
1440 2430 1557 2491 mentis
1580 2429 1755 2511 impulerit,
1774 2429 1900 2491 intuere
1922 2428 1989 2490 bla-

425 2546 511 2607 men,
527 2527 632 2590 Μανία.
648 2529 721 2591 Ideo
743 2528 826 2590 bene
845 2527 880 2588 in
898 2526 1037 2589 Canticis
1056 2525 1175 2588 dicitur
1233 2527 1325 2589 riam.
1346 2526 1378 2588 Si
1404 2526 1578 2589 criminum
1603 2526 1801 2589 immanitate
1824 2525 1987 2603 turbatus,

293 2646 411 2697 sancta.
425 2623 456 2686 ci
473 2648 480 2685 :
497 2624 608 2687 Oleum
632 2624 774 2687 cllusum
799 2643 916 2688 nomen
941 2632 1042 2686 tuum.
1063 2623 1175 2685 Oleum
1232 2624 1435 2687 conscientie
1450 2623 1593 2686 loeditate
1608 2622 1773 2703 confusus,
1788 2622 1902 2705 judicii
1921 2629 1991 2685 ter-

425 2722 544 2805 quippe
560 2731 744 2803 supernatat
758 2723 936 2804 liquoribus
953 2746 960 2783 :
977 2722 1021 2783 ita
1035 2722 1097 2786 hoc
1120 2740 1176 2784 no-
1233 2741 1302 2786 mre
1313 2722 1662 2804 perterritus‚barathro
1673 2721 1810 2805 incipias
1820 2721 1989 2784 absorberi

426 2840 513 2899 men,
539 2820 646 2899 Μανία,
672 2821 890 2902 supereminet
917 2828 989 2903 post
1015 2820 1175 2883 Christum
1233 2822 1369 2885 tristitia
1383 2830 1415 2884 et
1428 2821 1659 2903 desperationis
1673 2820 1911 2903 abysso,cogita
1924 2821 1990 2883 bla-

427 2918 551 2981 cunctis
565 2919 761 2981 nominibus.
777 2918 857 2980 Hinc
872 2918 968 2980 Μανία
989 2917 1176 3000 interpreta—
1232 2920 1322 2982 riam
1339 2921 1373 2982 ln
1388 2920 1552 3003 periculis,
1568 2919 1602 2982 in
1623 2919 1793 3001 angustiis,
1809 2920 1843 2981 in
1863 2918 1987 3001 dubiis,

425 3024 478 3078 tur
491 3035 589 3094 mare,
606 3016 757 3097 quoniam
777 3015 858 3079 sicut
877 3014 984 3077 nullus
1004 3016 1090 3078 valet
1107 3024 1212 3097 gut-c
1231 3018 1357 3081 llariam
1379 3018 1494 3099 cogita,
1510 3018 1638 3081 Μανίαν]
1659 3018 1786 3082 invoca.
1803 3016 1871 3081 Non
1897 3036 1991 3080 rece-

426 3123 473 3178 tas
493 3115 590 3178 maris
608 3115 823 3195 dinumerare,
840 3114 885 3177 sic
910 3114 1175 3195 misericordiam,
1231 3116 1285 3179 dat
1298 3117 1339 3180 ab
1353 3136 1418 3195 ore,
1435 3136 1499 3180 non
1514 3137 1533 3180 α
1548 3116 1659 3197 corde;
1673 3123 1767 3199 atque
1782 3124 1818 3179 ut
1831 3115 1989 3198 impetres

425 3215 571 3296 gretiam,
597 3214 818 3277 excellentiam
847 3213 1044 3296 gloriamque
1073 3215 1177 3278 Μανία)
1231 3215 1384 3279 orationis
1405 3215 1476 3296 ejus
1495 3215 1659 3296 auxilium,
1675 3233 1740 3278 non
1758 3215 1888 3278 deseras
1907 3233 1989 3278 con·

427 3312 534 3375 nullus
556 3320 660 3394 potest
681 3311 869 3394 exprimere.
1232 3312 1420 3376 versationis
1435 3312 1741 3396 exemplumlpsam
1757 3331 1906 3394 sequens,
1915 3331 1988 3376 non

465 3410 545 3472 Hinc
559 3428 686 3491 quoque
706 3410 751 3471 ait
768 3409 927 3473 Gilbertus
944 3432 951 3472 ι
968 3410 1177 3485 Quemadmo-
1232 3412 1362 3489 devias3
1387 3411 1490 3494 ipsam
1515 3411 1671 3494 cogitans,
1698 3429 1763 3474 non
1788 3430 1886 3474 erras.
1912 3411 1989 3493 lpsa

426 3507 502 3569 dum
518 3507 636 3569 nebula
650 3506 806 3569 matutina
827 3507 1010 3570 dissolvitur
1030 3528 1049 3570 a
1071 3509 1177 3572 calore
1233 3517 1372 3590 tenente,
1389 3528 1453 3572 non
1469 3509 1606 3588 corruis3
1618 3510 1688 3591 ipsa
1701 3517 1901 3592 protegente,
1916 3528 1988 3573 non

428 3605 596 3668 meridiani
611 3605 759 3683 fervoris,
776 3613 808 3668 et
829 3605 912 3668 sicut
933 3625 1006 3668 cera
1028 3606 1178 3688 liquescit
1233 3606 1369 3685 metuis3
1399 3608 1469 3689 ipsa
1497 3607 1590 3686 duce,
1617 3607 1779 3689 pervenis.
1809 3607 1880 3670 llaec
1908 3607 1989 3670 Ber-

426 3722 463 3766 ac
483 3703 595 3766 delicit
613 3722 631 3765 α
649 3701 732 3766 ίααία
755 3703 839 3785 ignis
853 3725 861 3781 ;
875 3703 921 3766 sic
946 3703 1024 3766 vitia
1044 3722 1178 3786 quaequc
1232 3706 1362 3768 nardus.

427 3810 522 3882 atquc
542 3801 698 3864 daemonia
717 3801 866 3864 universa
885 3819 1059 3883 eorumque
1078 3811 1179 3865 tenta·
1272 3803 1435 3883 Praeterea,
1455 3804 1488 3865 in
1511 3803 1769 3868 deselationibns
1794 3804 1989 3886 aurigine

428 3907 547 3978 menta,
573 3899 725 3981 lugentur
749 3918 785 3961 ac
809 3907 944 3982 pereunt
971 3901 1114 3981 potentia
1141 3920 1178 3964 ac
1232 3901 1309 3964 hinc
1324 3910 1470 3964 narratur
1483 3903 1570 3984 quod
1584 3903 1664 3965 dixit
1676 3901 1906 3985 gloriosissima
1918 3903 1991 3966 Vir·

429 3997 546 4059 virtute
571 3996 712 4060 nominis
737 3997 838 4058 Mariae
867 3997 1089 4060 sacratissimae
1116 3998 1180 4061 vir·
1233 4019 1273 4082 gc
1300 4001 1340 4062 ad
1367 3999 1532 4081 Brigittam
1559 4023 1566 4062 :
1592 4001 1673 4063 Audi
1700 4008 1855 4082 quantum
1882 4001 1989 4064 Vilius

431 4093 527 4174 ginis.
1233 4117 1324 4160 meus
1358 4116 1475 4161 nomen
1509 4117 1617 4160 mcum
1650 4097 1830 4162 honoravit.
1859 4096 1989 4162 Nomen

293 4220 415 4272 raeiri.
471 4192 551 4253 llinc
566 4209 662 4272 super
675 4189 767 4269 illud,
783 4189 904 4252 Nomen
924 4191 1057 4273 virginis
1072 4193 1178 4275 Μανία,
1195 4206 1341 4267 [tarcum
1363 4204 1411 4258 est
1428 4194 1534 4258 Μανία.
1551 4196 1615 4260 Ηοα
1634 4214 1752 4259 nomen
1774 4196 1851 4258 dnm
1875 4197 1989 4278 angeli

311 4319 406 4372 Μ,
432 4288 579 4351 albertus
596 4311 604 4348 :
619 4288 684 4350 lloc
699 4287 831 4368 (inquit)
849 4306 967 4351 nomen
988 4289 1180 4354 beatissimas
1234 4293 1378 4371 audiunt,
1394 4294 1535 4375 gandent
1552 4301 1585 4356 ct
1602 4295 1666 4357 lieo
1687 4294 1910 4375 regratiamur,
1925 4295 1990 4375 qni

283 4396 306 4438 t·
317 4395 374 4425 ¹¹¹¹·
434 4385 556 4467 Virgini
572 4385 858 4466 congruentissime
874 4387 1048 4469 adaptatur,
1063 4397 1182 4470 etpro-
1235 4411 1292 4474 per
1310 4410 1362 4453 mc
1381 4401 1413 4454 et
1431 4410 1558 4453 mecum
1578 4392 1673 4454 talem
1691 4392 1827 4473 gratiam
1846 4392 1935 4470 lecit,
1953 4403 1990 4456 et

433 4491 504 4565 pter
518 4482 563 4545 rei
579 4483 808 4564 perlectionem
823 4501 893 4564 quae
915 4483 947 4544 in
969 4485 1029 4547 hoc
1051 4486 1180 4550 nomine
1234 4489 1386 4571 quoniam
1400 4490 1509 4552 vident
1530 4489 1758 4552 humanitatem
1777 4489 1846 4552 Filii
1865 4491 1929 4553 mei
1949 4492 1990 4555 in

433 4583 611 4658 denotatur,
627 4589 659 4642 et
678 4581 717 4642 ad
740 4581 982 4662 exprimendum
1008 4584 1181 4664 pmprieta·
1234 4587 1351 4649 deitate
1379 4586 1602 4667 glorilicatam.
1637 4587 1695 4662 Qui
1731 4587 1765 4650 in
1799 4589 1990 4670 purgatorio

433 4687 497 4740 tem
513 4678 733 4760 conceptionis
754 4697 825 4759 quse
844 4679 896 4741 hic
916 4681 1133 4760 annuntiatur,
1149 4692 1181 4744 ct
1235 4691 1320 4762 sunt,
1336 4685 1476 4765 gaudent
1493 4685 1622 4747 nomine
1643 4703 1715 4748 meo
1736 4685 1856 4764 audito,
1871 4704 1990 4767 quem·

434 4777 472 4839 ad
492 4776 724 4857 designandum
744 4784 859 4839 statum
882 4777 1084 4841 mediationis
1108 4781 1182 4842 bea·
1234 4783 1405 4845 admodum
1419 4800 1503 4863 aeger
1522 4781 1633 4863 jacens
1648 4782 1682 4845 in
1697 4782 1791 4862 lecto,
1806 4803 1907 4865 quum
1927 4803 1991 4848 su·

434 4875 565 4937 tissime
580 4874 730 4956 Virginis,
747 4893 810 4955 que
826 4875 985 4938 mediante
999 4894 1100 4958 genus
1121 4878 1181 4941 hu·
1234 4881 1281 4943 dit
1295 4878 1427 4942 verbum
1447 4878 1563 4942 solatii.
1579 4879 1693 4960 Angeli
1713 4881 1810 4942 etiam
1831 4880 1906 4944 boni
1928 4900 1991 4946 au·

432 4994 563 5037 manum
578 4994 636 5056 per
649 4993 735 5037 mare
749 4974 846 5056 hujus
861 4976 968 5039 saeculi
991 4977 1030 5039 ad
1053 4986 1178 5058 portum
1234 4978 1300 5041 dito
1314 4977 1375 5039 hoc
1389 4977 1527 5057 nomine,
1537 4977 1633 5058 justis
1651 4978 1750 5059 magis
1769 4979 1991 5061 propinquant

433 5073 506 5136 coeli
521 5073 679 5155 exemplo,
696 5072 849 5156 suffragio
871 5082 902 5136 et
923 5075 1036 5138 merito
1052 5095 1181 5139 revoca·
1233 5076 1351 5158 quibus
1366 5085 1440 5138 sunt
1459 5076 1499 5139 ad
1518 5075 1695 5140 custodiam
1719 5078 1874 5159 deputati,
1888 5087 1923 5140 et
1941 5080 1989 5144 de

433 5179 494 5236 tur.
509 5171 651 5234 -Unde
665 5171 843 5234 Remcrdus
860 5194 868 5235 ε
885 5171 1064 5254 loquamur
1079 5193 1180 5257 pauca
1233 5193 1345 5238 eorum
1368 5173 1514 5237 laetantur
1533 5173 1689 5256 proiectu.
1715 5174 1832 5238 Omnes
1853 5194 1989 5258 quoque

431 5272 471 5334 de
491 5271 551 5334 hoc
572 5269 712 5348 nomine,
728 5271 813 5351 quod
834 5269 1061 5351 interpretatur
1082 5273 1179 5336 mans
1233 5273 1393 5336 daemones
1416 5281 1567 5334 verentur
1589 5273 1651 5337 hoc
1676 5292 1805 5354 nomen,
1827 5275 1936 5357 Μανία,
1952 5287 1989 5340 et
