4309 6250
391 520 431 569 nn
451 519 613 567 nromrarr
634 518 671 565 nr
691 517 839 563 eluamus
859 516 888 562 a.
911 516 940 561 v.
962 516 1080 573 arama,
1102 517 1190 564 cram
1211 518 1255 566 ιιι.
1276 538 1318 550 -
1337 522 1407 568 aar.
1430 522 1496 569 rxu
1669 501 1728 567 {37

175 690 227 753 ille
241 708 279 753 ιο
294 689 394 753 Filius
414 690 469 772 qui
491 709 528 753 err
551 696 656 751 mente
676 686 732 750 Dei
754 684 854 750 Patris
874 684 961 749 estA
980 692 1046 748 turn
1075 705 1162 768 purae
1191 698 1342 755 creaturae
1369 691 1509 756 conferri
1538 691 1643 773 quivit
1671 697 1726 753 aut

174 788 366 852 aeternaliter
380 789 525 871 genitus!
541 786 621 861 Quid
643 786 706 849 nisi
728 784 858 849 delicias
877 784 923 846 di·
977 784 1094 847 decuit.

175 887 287 964 nerim,
303 887 401 949 decus
423 884 613 967 virginitatis
635 902 708 947 cum
730 900 862 946 munere
877 881 923 945 fe
1016 882 1097 946 llinc
1122 883 1288 949 verissime
1313 894 1377 949 tota
1405 888 1539 970 pulcbra
1567 888 1723 965 laudatur,
1742 905 1873 956 aaran.

175 983 357 1059 cunditafis,
374 984 438 1046 imo
458 1002 531 1045 cum
551 982 658 1044 fructu
676 980 775 1043 Prolis
794 979 920 1057 divine,
976 979 1008 1041 in
1024 999 1087 1061 qua
1101 1002 1264 1064 nunquam
1286 984 1351 1047 ulla
1372 986 1493 1048 exstitit
1514 986 1640 1050 macula
1659 985 1727 1049 cul-

175 1079 363 1143 humilitatis
386 1080 510 1162 insigne
534 1080 691 1143 distillans
715 1078 854 1141 caritatis
877 1075 924 1139 fa·
978 1098 1037 1161 pae,
1055 1080 1110 1143 sed
1126 1082 1403 1163 splendidissimus
1419 1085 1504 1148 nitor
1521 1085 1641 1167 gratias,
1658 1084 1727 1146 uni-

175 1198 263 1259 vum,
285 1178 409 1243 viscera
432 1177 667 1254 misericordiae,
691 1176 922 1260 plenitudinem
978 1196 1142 1240 versamm
1170 1180 1321 1261 splendor
1344 1182 1509 1260 virtutum,
1535 1183 1726 1263 claritasque

175 1278 295 1358 gratias,
325 1278 566 1361 prerogativam
594 1276 702 1358 glor-iae
731 1274 922 1357 singularisl
978 1274 1133 1337 donorum
1154 1276 1187 1337 iu
1209 1296 1345 1355 summo,
1363 1280 1604 1343 ardentissimus
1619 1280 1727 1343 fervor

175 1376 259 1453 ldeo,
281 1376 472 1458 quicumque
494 1394 629 1439 moerore
650 1373 847 1457 deprimeris,
871 1372 924 1435 de-
978 1372 1080 1436 divini
1097 1375 1226 1453 amoris,
1251 1377 1492 1458 copiosissimus
1513 1378 1600 1442 zelus
1623 1377 1726 1441 divini

175 1474 330 1538 solatione
344 1472 512 1555 affligeris,
529 1472 775 1536 adversitatibus
789 1490 924 1553 praegra·
978 1471 1109 1535 honoris
1134 1492 1171 1535 ac
1196 1471 1345 1539 fraterna
1371 1477 1494 1556 salutis,
1521 1476 1728 1540 exuberantia

175 1572 271 1650 varis,
288 1573 370 1634 banc
392 1570 566 1653 piissimam
591 1589 784 1652 prorsusque
806 1570 925 1632 suavis·
979 1572 1164 1635 meritorum
1188 1593 1226 1637 ac
1250 1575 1396 1638 omnium
1420 1576 1608 1640 interiorum
1636 1594 1728 1639 orna-

176 1671 289 1732 simam
311 1670 438 1749 accede,
462 1669 607 1752 implora,
629 1667 844 1751 contemplere
864 1668 924 1730 lla-
978 1676 1091 1745 tuum3
1114 1671 1148 1733 in
1170 1690 1234 1753 qua
1258 1672 1390 1755 singulae
1414 1674 1509 1752 vires,
1537 1674 1640 1737 modis
1665 1673 1726 1737 sibi

175 1767 266 1845 riam,
283 1776 315 1830 et
329 1767 392 1829 cito
407 1767 524 1829 senties
540 1764 611 1848 ejus
625 1784 718 1849 opem
733 1790 740 1845 3
758 1784 924 1847 persevera
979 1769 1240 1849 congruentibus,
1270 1780 1361 1833 erant
1390 1771 1527 1853 praefatis
1556 1771 1727 1835 charisma-

175 1866 326 1928 iuvocare
350 1864 421 1946 ejus
447 1864 708 1940 misericordiam,
725 1872 757 1925 et
780 1862 961 1927 celeriterB
979 1865 1063 1927 tibus
1097 1868 1268 1949 gratiarum
1301 1869 1334 1930 iu
1368 1870 1505 1933 termino
1532 1870 1727 1933 excellentia

175 1962 349 2045 experieris
371 1961 621 2025 consolationem
642 1962 823 2025 mentalem.
980 1963 1202 2027 coeliformifer
1215 1985 1252 2028 ac
1269 1966 1525 2031 christiformiter
1538 1976 1725 2050 peramatae.

1019 2062 1099 2137 Quid
1116 2063 1245 2142 mirum,
1262 2065 1288 2127 si
1303 2074 1366 2127 tam
1383 2065 1626 2149 speciosissimae
1640 2067 1729 2148 puel-

982 2159 1029 2240 lae,
1048 2168 1112 2223 tam
1131 2161 1362 2225 honestissime
1379 2164 1525 2245 virginis,
1540 2173 1606 2227 tam
1626 2165 1731 2247 perfe-

359 2224 606 2289 ARTICULUS
631 2224 740 2287 XXH·
981 2266 1039 2321 ctas
1054 2260 1299 2323 adolescentulas
1313 2262 1452 2343 speciem
1466 2263 1652 2345 concupivit
1666 2264 1730 2327 ller

174 2378 221 2437 De
235 2374 492 2449 supernaturali
509 2392 547 2432 αο
558 2376 657 2448 plena
673 2372 926 2447 pulchritudine
982 2376 1137 2437 summuS,
1164 2358 1313 2440 Ρῐῑῦθθβθ
1341 2359 1507 2441 GOElOPflffl,
1536 2360 1643 2442 glOPlffl
1672 2362 1731 2423 90-

375 2464 496 2524 Marv'oe
515 2462 726 2539 dignissimae.
982 2455 1098 2533 minus,
1115 2474 1175 2517 nec
1197 2457 1333 2518 cessavit
1347 2475 1513 2538 quousque
1528 2456 1623 2520 fieret
1644 2457 1730 2521 filius

982 2552 1063 2633 ejus,
1081 2560 1113 2615 et
1133 2553 1289 2616 babitaret
1311 2555 1344 2616 iu
1366 2554 1471 2619 medio
1492 2556 1574 2637 eius,
1590 2574 1628 2618 ac
1642 2556 1732 2619 dein-

73 2669 162 2715 ‚maa
241 2650 521 2713 ONCUPISCET
547 2668 607 2707 rec·
640 2650 785 2707 decorem
821 2657 925 2708 terrra.
982 2668 1057 2731 ceps
1072 2660 1316 2714 conversaretur
1330 2672 1402 2715 cum
1418 2673 1455 2715 ea
1475 2653 1508 2715 iu
1529 2662 1621 2733 terra,
1637 2663 1731 2736 alque

253 2745 428 2809 Pulchrum
448 2746 487 2807 ad
509 2746 557 2807 sui
579 2762 718 2807 amorem
741 2744 874 2807 inclinat
897 2752 928 2807 et
983 2748 1170 2811 seinvicem
1193 2750 1364 2831 purissime
1385 2751 1662 2833 amplecterentur,
1678 2755 1733 2816 de-

177 2845 279 2909 allicit
294 2846 481 2907 intuentem.
498 2842 534 2905 Et
549 2844 632 2906 siout
646 2844 765 2905 bonum
781 2862 817 2906 ac
833 2862 928 2926 appe
983 2846 1203 2909 oscularentur
1223 2856 1255 2910 et
1276 2853 1533 2912 contrectarentl
1555 2850 1645 2913 Certe
1666 2869 1731 2914 non

176 2944 270 3008 tibile
285 2943 403 3005 dicitur
424 2960 479 3022 per
493 2941 763 3023 comparationem
779 2942 818 3005 ad
833 2961 928 3023 appe·
983 2944 1082 3006 alium
1107 2932 1211 3007 filium
1236 2964 1331 3027 quam
1357 2947 1454 3010 Deum
1480 2949 1597 3011 babere
1625 2950 1733 3011 decuit

176 3042 302 3104 titivam
320 3039 557 3121 potentiam,sic
574 3058 683 3101 verum
699 3038 925 3120 sepulchrum,
943 3045 964 3108 G
984 3042 1153 3123 virginem,
1170 3045 1345 3126 praesertim
1366 3046 1524 3127 virginem
1540 3047 1655 3123 talem;
1672 3066 1731 3110 nec

177 3161 233 3222 per
248 3147 431 3222 respectum
447 3140 485 3201 ad
500 3139 674 3220 potentiam
690 3139 925 3201 intellectivam.
983 3141 1077 3203 aliam
1104 3150 1236 3204 matrem
1262 3162 1356 3223 quam
1382 3145 1540 3224 virginem
1566 3153 1629 3208 tam
1654 3165 1733 3228 pree-

177 3239 384 3302 Pulcbritudo
412 3254 537 3317 quoque
562 3236 769 3317 consequitur
791 3235 927 3300 formam
985 3239 1103 3302 claram
1124 3240 1241 3302 habere
1263 3243 1397 3304 decebat
1418 3243 1529 3305 Deum

177 3338 234 3400 rei.
256 3337 296 3399 Et
321 3337 401 3398 sicut
423 3335 524 3397 forma
549 3341 597 3396 est
621 3341 841 3396 ornamentum
864 3355 928 3397 ma·
1024 3337 1077 3414 Te,
1095 3338 1341 3400 osacratissima
1361 3339 1451 3421 virgo
1465 3340 1571 3420 llaria,
1589 3341 1649 3404 sibi
1670 3342 1731 3424 ipsi

176 3436 278 3516 teriae,
303 3433 350 3496 sic
372 3433 471 3516 gratia
492 3441 541 3494 est
563 3440 784 3495 ornamentum
809 3442 928 3496 naturae
984 3443 1047 3496 tam
1076 3435 1257 3512 amabilem,
1288 3445 1353 3498 tam
1380 3437 1636 3517 desiderabilem,
1667 3449 1732 3503 tam

176 3535 340 3614 decorque
362 3531 486 3594 animae.
985 3551 1109 3595 summe
1132 3541 1163 3594 et
1188 3533 1404 3614 singulariter,
1431 3543 1494 3597 tam
1520 3536 1614 3616 plene
1638 3547 1732 3620 atque

216 3631 328 3706 Porro,
343 3630 382 3692 de
405 3627 539 3690 naturali
562 3635 593 3690 et
612 3627 766 3710 corporali
788 3628 928 3709 pulchri·
986 3630 1123 3694 totaliter
1158 3633 1410 3714 complacentem
1447 3633 1525 3696 fecit
1558 3635 1733 3699 altissimus

176 3731 290 3792 tudine
306 3727 445 3808 Virginis
461 3727 646 3803 benedictae,
662 3726 782 3788 dictum
802 3735 850 3788 est
865 3726 927 3806 pri·
985 3729 1066 3790 Deus
1094 3729 1195 3809 Pater,
1224 3731 1279 3812 qui
1310 3739 1339 3792 to
1369 3731 1471 3794 voluit
1498 3732 1614 3794 babere
1649 3753 1735 3796 com-

74 3877 79 3884 .
96 3860 161 3890 nire.
177 3847 228 3890 mo
244 3827 369 3890 libello.
388 3827 431 3888 lle
446 3824 631 3888 excellentia
646 3843 772 3905 quoque
787 3824 928 3906 pulchri·
985 3828 1200 3908 parentalem3
1217 3828 1299 3890 Deus
1320 3828 1430 3906 Pilius,
1453 3830 1507 3911 qui
1530 3839 1560 3892 te
1581 3831 1679 3912 elegit
1699 3832 1732 3894 in

176 3925 299 3989 tudinis
329 3943 399 4005 quae
427 3923 488 3985 fuit
516 3923 549 3984 in
585 3922 748 3984 intellectu
783 3921 926 4002 ejusdem
984 3935 1140 4002 matrcrn3
1166 3927 1248 3988 Deus
1278 3927 1414 4007 Spiritus
1442 3927 1587 4006 Sanctus,
1618 3929 1672 4010 qui
1702 3939 1732 3992 te

175 4045 213 4087 cr
241 4021 444 4108 plenitudine
468 4021 643 4102 sapientiae,
669 4020 810 4083 scientias
834 4028 927 4101 atque
984 4023 1044 4086 sibi
1060 4023 1249 4106 preparavit
1268 4022 1301 4085 iu
1323 4024 1590 4088 formosissimum
1610 4047 1647 4089 ac
1667 4035 1733 4091 tolo

175 4121 357 4206 prudentiae
381 4119 580 4201 multiplicis,
608 4128 849 4199 oeterorumque
874 4118 928 4181 ha·
983 4121 1059 4184 orbe
1092 4121 1342 4184 famosissimum
1378 4123 1543 4204 templum,
1574 4133 1669 4206 atque
1698 4126 1732 4187 in

175 4222 304 4286 bituum
320 4229 352 4283 et
373 4227 513 4296 actuum,
530 4218 646 4299 quibus
668 4217 864 4280 intellectiva
879 4217 928 4279 vis
944 4219 968 4280 D
983 4221 1054 4300 ejus
1083 4221 1375 4302 praestantissimam
1404 4221 1593 4302 genitricem
1622 4243 1640 4285 a
1669 4242 1732 4303 quo

175 4318 449 4404 praestantissima
473 4317 615 4398 Virginis
639 4316 850 4380 ineffabiliter
876 4337 928 4378 ex·
985 4318 1053 4398 ipse
1080 4338 1153 4380 vere
1178 4320 1321 4401 procedit
1349 4338 1405 4400 per
1433 4320 1667 4384 emanationem
1692 4323 1732 4386 ad

176 4419 256 4480 stitit
272 4419 433 4493 decorata,
450 4423 482 4478 et
496 4415 536 4476 ab
557 4413 644 4476 omni
667 4433 772 4476 errore
788 4433 824 4477 ac
840 4414 928 4496 igno
985 4417 1067 4478 intra
1095 4425 1256 4479 aeternam.
1283 4417 1393 4493 Tuam,
1419 4436 1439 4480 o
1464 4417 1652 4482 felicissima
1675 4421 1734 4484 llo-

175 4517 280 4579 rautia
306 4514 422 4592 aliena,
449 4521 535 4595 patet
559 4531 597 4575 ex
621 4511 809 4576 introductis
834 4513 866 4576 in
891 4513 928 4575 li·
984 4515 1070 4577 mina
1094 4535 1130 4577 ac
1154 4516 1274 4597 Regina
1299 4515 1449 4594 coelestis,
1476 4525 1563 4579 tuam
1592 4519 1733 4599 speciem

175 4615 261 4678 bello
291 4611 445 4676 secundo.
474 4610 564 4673 Nune
592 4628 718 4692 quoque
747 4629 785 4672 err
812 4612 927 4676 babilis
984 4621 1015 4675 et
1039 4613 1198 4692 decorem,
1223 4633 1287 4676 non
1313 4614 1416 4676 solum
1440 4615 1487 4678 sol
1511 4623 1543 4678 et
1568 4616 1653 4696 luna,
1677 4618 1732 4679 sed

175 4715 208 4775 in
239 4711 354 4776 libello
387 4711 447 4772 boc
483 4709 587 4788 tertio,
617 4715 722 4791 potest
756 4716 927 4791 utcumque
984 4712 1126 4774 universi
1141 4712 1233 4774 electi
1250 4730 1287 4774 ac
1309 4711 1395 4774 cives
1417 4712 1547 4794 superui
1562 4714 1729 4792 mirantur,

174 4821 284 4895 patere
299 4811 340 4872 de
355 4807 593 4890 pulchritudine
608 4808 757 4888 porentia
771 4807 928 4872 affectiva
984 4809 1232 4892 admirandoque
1255 4810 1428 4888 intuentur,
1451 4829 1487 4872 ac
1510 4811 1663 4875 intuendo
1685 4813 1733 4874 in-

174 4931 230 4972 seu
259 4905 438 4971 voluntatis
467 4905 584 4968 divinas
612 4923 649 4967 ac
677 4905 927 4986 praeclarissimae
983 4907 1191 4970 flammantur
1216 4931 1223 4968 :
1251 4909 1360 4989 sicque
1385 4908 1418 4969 in
1443 4917 1474 4971 te
1497 4916 1530 4971 et
1557 4911 1596 4971 de
1625 4918 1655 4972 te
1679 4930 1732 4973 ve

173 5007 335 5072 listrisln
352 5003 441 5069 omni
457 5021 593 5084 namque
609 5003 735 5080 virtute,
754 5003 927 5084 praesertim
983 5006 1159 5083 bcmenter,
1190 5007 1254 5069 imo
1283 5005 1492 5068 ineffabiliter
1520 5008 1727 5071 delectantur.

174 5109 206 5169 in
221 5106 358 5170 caritate
373 5102 456 5165 hanc
478 5101 652 5183 potentiam
668 5100 925 5183 pulchrificante,
983 5103 1038 5180 Tu,
1069 5103 1288 5166 amantissima
1315 5104 1459 5182 Domina,
1489 5103 1523 5165 in
1553 5113 1641 5166 utero
1669 5113 1730 5170 tua

173 5204 380 5290 perficiente,
396 5199 615 5281 dignificante,
633 5199 694 5262 fuit
708 5200 926 5262 amantissima
983 5200 1092 5262 matris
1121 5200 1332 5275 sanctificata,
1361 5219 1489 5281 egressa
1520 5219 1554 5262 es
1583 5201 1727 5284 pulchra,

173 5304 228 5367 Dei
243 5300 390 5385 perfecte
405 5298 499 5382 plena
513 5317 550 5362 ac
566 5297 927 5381 pleneperfecta,quan·
982 5316 1118 5380 moxque
1143 5306 1178 5361 ut
1201 5297 1333 5363 rationis
1357 5317 1488 5381 compos
1513 5318 1547 5362 es
1576 5299 1671 5382 facta,
1694 5302 1728 5365 in
