4309 6250
500 521 620 570 comm
640 523 808 570 ιιιιιιιιιιιιι
827 523 1000 580 urucam,
1022 523 1110 569 uasn
1131 523 1153 570 ι.
1174 541 1215 552 -
1234 522 1306 570 ιιιτ.
1329 523 1385 570 v1n
1657 503 1716 568 tot

168 693 443 769 Quemadmodum
466 692 554 755 enim
577 693 684 758 media
705 692 778 774 nni,
799 693 845 757 sic
869 695 958 758 ιιι-Δ
974 693 1088 756 stianis
1108 695 1257 758 molestas
1281 701 1544 777 expugnaverunt
1564 700 1596 756 et
1613 691 1720 774 gladio

168 800 323 874 gumenta
336 791 568 874 proportionari
583 799 707 874 oportet
720 791 918 855 conclusioni
973 799 1200 855 converterunt
1230 815 1237 853 :
1263 792 1381 874 quibus
1408 800 1515 855 tamen
1544 789 1718 870 conversis,

169 891 405 974 probandaeque
426 889 563 952 veritati.
973 889 1055 950 Deus
1086 907 1157 952 mox
1185 889 1272 951 misit
1300 889 1386 952 viros
1415 897 1541 952 sanctos
1567 886 1720 950 miracula

208 989 339 1052 l'ertum
353 997 402 1050 ast
413 997 520 1051 autem
535 988 619 1050 istud
634 986 754 1050 lactum
768 1006 833 1051 non
847 1008 919 1052 esse
972 995 1152 1067 operantes,
1178 987 1233 1069 qui
1263 987 1334 1049 illas
1364 986 1397 1049 in
1421 986 1487 1050 lide
1511 985 1637 1068 plenius
1666 984 1721 1047 do

168 1105 187 1148 a
212 1084 374 1168 principio
401 1105 458 1167 per
485 1084 670 1148 violentiam
697 1085 837 1166 aliquam
864 1093 919 1148 aut
973 1093 1119 1148 cuerunt.

169 1185 332 1262 timorem,
357 1201 461 1264 neque
485 1201 542 1264 per
565 1201 708 1262 munera,
734 1201 838 1264 neque
862 1203 920 1265 per
1013 1183 1165 1264 lienique,
1182 1202 1240 1266 pro
1257 1182 1323 1246 lide
1343 1183 1494 1246 trinitatis
1514 1199 1719 1264 personarum

169 1281 311 1363 magicas
338 1288 433 1358 artes,
463 1298 534 1361 quaa
565 1279 751 1343 Christianis
783 1281 918 1342 maximo
974 1281 1007 1342 in
1022 1281 1098 1358 Deo,
1114 1300 1150 1344 ac
1172 1281 1299 1344 deitatis
1322 1282 1354 1344 in
1369 1279 1503 1359 Christo,
1519 1279 1620 1342 multa
1640 1297 1722 1342 mar-

169 1379 391 1460 prohibontur‚
407 1395 467 1440 nec
483 1377 569 1442 vims
588 1378 758 1460 sapientes,
776 1377 919 1458 iugenio
974 1387 1078 1461 tyrum
1102 1378 1204 1440 millia
1228 1377 1416 1460 sanguinem
1439 1396 1531 1440 suum
1556 1376 1719 1453 fuderunt,

169 1496 234 1555 sos,
264 1476 479 1554 doctissimos,
508 1477 547 1538 ad
576 1474 675 1538 iidem
702 1475 816 1538 Christi
844 1493 920 1539 con·
973 1485 1009 1539 ut
1023 1475 1209 1539 certissima
1223 1475 1381 1538 chronica
1395 1482 1618 1556 protestantur.
1634 1473 1673 1536 Et
1688 1473 1721 1536 iu

170 1575 355 1654 versos,diu
369 1574 546 1656 potuissent
560 1573 780 1655 latere0pera
793 1592 919 1656 quoque
975 1575 1101 1637 illorum
1127 1574 1284 1656 passione,
1302 1593 1358 1654 pro
1381 1571 1624 1636 confirmatione
1644 1571 1720 1634 lidei

169 1673 303 1753 magicae
317 1672 406 1750 artis,
421 1679 454 1734 et
474 1690 544 1753 quaa
562 1672 666 1735 solum
687 1672 920 1754 praestigialiter
973 1692 1083 1736 eorum
1098 1671 1337 1756 praeclarissima
1359 1669 1482 1733 fiebant
1495 1670 1647 1732 miracula
1664 1693 1670 1730 ι
1688 1669 1721 1730 in

168 1769 266 1842 liunt,
298 1787 363 1832 non
390 1777 525 1851 possunt
552 1769 597 1832 ita
623 1770 738 1833 durare
766 1779 801 1832 ut
827 1771 920 1832 dura-
975 1772 1064 1854 aquis
1089 1779 1121 1833 et
1143 1771 1271 1851 ignibus
1297 1777 1481 1832 manserunt
1503 1769 1603 1846 illesi,
1620 1787 1678 1831 nec
1704 1789 1722 1830 a

169 1877 288 1930 verunt
301 1867 447 1949 prodigia
461 1887 602 1948 perque
616 1867 763 1930 homines
778 1869 817 1930 ad
831 1867 919 1930 Chri·
932 1865 956 1926 B
975 1869 1120 1932 leonibus
1132 1867 1271 1950 ferisque
1282 1867 1635 1950 tangebantur.lpsique
1645 1885 1723 1928 mar-

168 1967 209 2028 sti
234 1964 337 2028 iidem
364 1966 511 2028 conversi
540 1975 624 2028 sunt.
649 1966 740 2043 ltem,
769 1967 853 2047 quod
881 1986 920 2028 ex
974 1977 1059 2050 tyros
1077 1967 1180 2030 sancti
1199 1975 1271 2029 anta
1291 1985 1378 2028 suam
1400 1966 1593 2047 passionem,
1609 1965 1643 2027 in
1665 1985 1722 2026 sua

169 2073 262 2127 utero
292 2063 403 2125 matris
431 2064 519 2142 caeci,
550 2064 649 2142 surdi,
679 2064 796 2144 claudi,
827 2063 918 2140 muti,
975 2065 1124 2147 passione
1138 2073 1170 2126 ct
1191 2072 1262 2146 post
1283 2082 1371 2126 suam
1387 2063 1568 2146 passionem
1592 2063 1724 2125 suscita·

169 2162 245 2224 lacti
262 2171 338 2224 sunt
352 2161 509 2241 videntes,
521 2161 918 2240 audientes,ambulantes,
975 2169 1090 2226 verunt
1105 2162 1283 2240 defunctos,
1300 2170 1492 2224 curaverunt
1506 2162 1658 2243 leprosos,
1675 2179 1724 2223 sa-

169 2261 351 2340 loquentes,
378 2277 578 2341 nequaquam
602 2260 726 2340 magica
753 2269 820 2322 arte
848 2258 920 2321 lieri
975 2269 1133 2322 naverunt
1147 2259 1287 2339 claudos,
1304 2279 1416 2338 caecoS,
1434 2260 1545 2322 surdos
1560 2267 1591 2322 et
1605 2267 1720 2322 mutos.

168 2359 275 2434 valet,
292 2366 325 2420 et
338 2358 366 2420 si
381 2357 614 2439 praestigialiter
635 2366 756 2420 tanturn
771 2357 840 2434 liat,
856 2375 920 2419 non
975 2359 1013 2422 Et
1027 2359 1090 2421 nisi
1105 2359 1172 2421 baec
1188 2367 1281 2438 atque
1297 2359 1426 2438 similia,
1442 2357 1550 2420 divina
1572 2356 1724 2420 lecissent

168 2456 225 2519 diu
240 2457 457 2519 durat—At
478 2473 553 2518 vero
567 2455 622 2536 qui
644 2455 749 2537 primo
767 2454 920 2518 adlidem
976 2477 1013 2520 ac
1041 2455 1250 2537 contigissent
1277 2455 1404 2532 virtute,
1436 2456 1516 2518 fides
1550 2455 1725 2517 christiana

169 2555 254 2617 banc
270 2552 629 2635 incomprehensibilem
645 2553 794 2614 trinitatis
809 2553 842 2615 in
858 2553 921 2616 lteo
977 2555 1061 2617 inter
1079 2553 1293 2616 atrocissimas
1319 2573 1355 2616 ac
1374 2553 1632 2634 generalissimas
1654 2571 1724 2635 per-

169 2662 202 2716 et
214 2651 395 2714 divinitatis
412 2651 445 2713 in
467 2650 590 2714 Christo
611 2651 757 2714 conversi
778 2651 919 2728 luerunt,
976 2651 1156 2715 secutiones
1184 2669 1383 2733 nequaquam
1412 2650 1458 2713 sic
1491 2669 1635 2714 cresccre
1671 2667 1725 2730 po

170 2759 290 2812 cuncta
311 2758 437 2812 terrena
459 2749 596 2810 maxime
615 2749 838 2830 despexemnt,
855 2748 922 2812 sola
976 2749 1088 2812 tuisset
1114 2771 1120 2810 :
1147 2749 1276 2830 dempto
1304 2749 1388 2829 quod
1417 2749 1498 2812 Deus
1522 2747 1724 2830 omnipotens

170 2848 316 2912 coelestia
335 2855 368 2909 ct
387 2856 505 2909 aterna
525 2845 609 2910 bona
631 2856 820 2927 quarentes,
841 2847 923 2910 sicut
977 2867 1088 2911 omncs
1103 2847 1222 2928 absque
1238 2845 1400 2908 miraculis
1416 2845 1482 2908 sola
1494 2845 1725 2908 illuminatione

170 2965 274 3027 usque
294 2945 329 3007 in
349 2963 489 3027 praesens
513 2942 646 3026 perlecti
668 2963 779 3006 eorum
800 2944 924 3008 faciunt
977 2947 1102 3008 interna
1124 2951 1229 3026 posset
1250 2944 1289 3006 ad
1311 2941 1410 3006 lidcm
1432 2951 1627 3006 convertere.
1646 2943 1725 3004 l'era

171 3052 359 3107 sectatores.
387 3041 456 3104 n'on
484 3061 559 3123 ergo
588 3051 786 3104 terrenorum
814 3062 923 3107 amore
940 3040 962 3104 C
977 3063 1053 3127 ergo
1081 3042 1142 3105 luit
1170 3043 1283 3105 horum
1313 3048 1484 3122 martyrum
1510 3040 1603 3118 fides,
1628 3058 1724 3121 quam

172 3144 332 3206 bonorum
358 3141 456 3203 lldcm
481 3142 562 3203 banc
586 3150 797 3223 suscepemnt
823 3165 830 3204 ε
858 3142 922 3207 imo
977 3143 1060 3204 lleus
1088 3141 1262 3203 altissimus
1290 3147 1336 3202 tot
1364 3140 1524 3202 roboravit
1548 3138 1723 3201 miraculis.

171 3260 230 3323 per
251 3240 410 3321 plurimos
430 3256 544 3315 annos,
567 3238 611 3299 ita
635 3240 801 3301 credentes
826 3259 845 3301 a
870 3260 924 3321 pa·
977 3240 1107 3303 Praelata
1135 3257 1260 3320 quoque
1290 3236 1443 3300 miracula
1474 3245 1545 3317 post
1573 3244 1725 3318 martyres

171 3337 266 3421 genis
280 3337 349 3399 suis
363 3336 570 3419 privabantur
580 3336 921 3412 substantiis-Quod
978 3346 1105 3401 sanctos
1117 3337 1261 3399 lecerunt
1276 3336 1495 3417 copiosissime
1505 3334 1634 3418 plurimi
1651 3353 1725 3397 con-

171 3455 251 3499 vem
275 3454 340 3499 non
366 3452 527 3495 armorum
550 3432 703 3496 violentia
727 3442 782 3495 aut
810 3434 923 3497 timore
980 3436 1117 3498 sessores
1145 3444 1176 3497 ct
1205 3434 1306 3497 sancti
1336 3434 1478 3516 episcopi
1515 3452 1551 3496 ac
1580 3433 1725 3496 doctores

172 3551 345 3617 poenarum
360 3531 399 3593 ad
413 3531 496 3593 bane
511 3530 609 3593 iidem
625 3530 772 3594 homines
786 3532 851 3594 sint
864 3532 925 3614 pri·
979 3533 1140 3613 catholici,
1157 3540 1191 3594 ut
1215 3532 1298 3595 inlra
1322 3532 1423 3612 magis
1448 3531 1577 3613 patebit.
1594 3532 1727 3594 Homm-

173 3652 227 3695 mo
253 3629 389 3709 inducti,
411 3648 523 3693 omnes
546 3637 702 3691 testantur
726 3630 864 3694 historias
884 3632 924 3693 de
979 3650 1042 3713 que
1066 3630 1208 3694 omnium
1238 3629 1320 3692 lides
1347 3630 1420 3707 luit,
1446 3631 1530 3711 quod
1555 3629 1588 3691 in
1617 3649 1726 3711 supcr-

174 3729 256 3792 lidei
270 3728 370 3808 bujus
389 3726 607 3809 divulgatione
628 3728 829 3810 conscriptas.
845 3730 922 3807 lmo,
980 3730 1076 3807 bono,
1093 3726 1374 3809 superdulcissimo
1393 3734 1424 3789 et
1444 3726 1727 3809 incircumscripti-

173 3829 253 3891 dum
267 3825 504 3901 Constantinus,
520 3825 692 3907 imperator
705 3825 875 3903 Romanus,
889 3828 927 3889 ll-
979 3828 1037 3889 hili
1058 3828 1133 3904 Deo,
1157 3826 1276 3906 absque
1295 3824 1499 3907 derogatione
1518 3825 1635 3888 divinae
1659 3825 1727 3887 uni-

173 3926 250 3988 dem
271 3924 356 3985 banc
380 3922 584 4005 suscepisset,
607 3942 667 3985 nec
692 3932 798 3986 tamen
821 3925 925 3988 adhuc
981 3926 1102 3989 tatisac
1119 3923 1388 4005 simplicitatis‚sit
1402 3923 1526 3986 trinitas
1540 3932 1727 3987 aeternarum

173 4020 296 4103 aliquis
310 4029 491 4083 senatorum
505 4038 576 4082 eam
598 4020 695 4083 vellet
708 4022 863 4102 accipere,
881 4032 927 4085 at·
979 4044 1018 4087 ac
1042 4022 1366 4106 supervenerabilium
1391 4022 1616 4100 Personarum
1642 4023 1728 4102 quod

173 4139 239 4202 que
267 4118 312 4181 ob
337 4118 398 4180 boc
429 4117 602 4199 imperator
629 4118 800 4199 indignans
829 4120 927 4182 vellet
982 4123 1057 4185 item
1072 4122 1214 4183 Christus
1235 4120 1267 4181 in
1290 4120 1412 4182 unitate
1426 4138 1571 4202 personae
1592 4120 1633 4182 sit
1646 4120 1729 4182 lleus

172 4236 290 4280 omnes
310 4215 456 4278 occidere
470 4222 525 4276 aut
542 4216 582 4277 ad
602 4214 700 4277 iidem
721 4216 924 4298 compellere,
942 4218 1013 4283 Det
1027 4221 1134 4297 bomo,
1151 4220 1226 4299 quia
1241 4218 1420 4280 humanitas
1442 4218 1512 4299 ejus
1527 4218 1566 4279 ad
1582 4218 1730 4300 hyposta-

173 4323 308 4378 sanctus
322 4314 404 4395 Papa
415 4312 565 4375 Silvester
578 4313 610 4375 id
626 4314 697 4377 lieri
713 4314 844 4377 omnino
858 4334 928 4397 pro·
982 4318 1082 4379 ticum
1099 4336 1168 4379 esse
1184 4336 1274 4378 suum
1297 4316 1450 4391 divinum,
1467 4324 1619 4379 aetemum
1635 4325 1666 4379 et
1682 4316 1729 4378 in-

174 4410 520 4494 hibuit,persuasitque
531 4412 736 4475 Constantino
751 4422 785 4475 ut
800 4413 871 4475 illos
883 4434 928 4475 ra·
982 4424 1124 4479 creatum
1154 4422 1316 4495 assumpta
1343 4423 1391 4477 est
1415 4423 1445 4477 et
1475 4414 1672 4497 suppositata
1696 4416 1727 4477 in

174 4509 365 4574 tionabilius
374 4527 437 4590 quo
452 4518 558 4590 posset
568 4510 748 4573 hortaretur
760 4513 800 4574 ad
815 4512 925 4574 lidem.
982 4514 1038 4577 illo
1051 4538 1058 4575 ε
1073 4522 1202 4595 propter
1216 4513 1301 4593 quod
1317 4532 1380 4575 non
1396 4520 1469 4573 sunt
1484 4513 1517 4575 in
1532 4531 1570 4575 eo
1585 4513 1648 4576 duo
1663 4533 1729 4594 per-

174 4610 269 4684 Quod
296 4627 395 4689 quum
421 4608 562 4687 lecisset,
588 4627 700 4671 omnes
727 4610 928 4672 concorditer
983 4613 1105 4675 sonalia
1127 4630 1208 4686 esse,
1226 4620 1261 4672 ut
1281 4610 1365 4673 inlra
1386 4611 1510 4693 plenius
1532 4612 1726 4673 ostendetur.

173 4707 255 4770 lacti
280 4714 356 4768 sunt
378 4705 560 4769 Christiani.
585 4705 622 4768 llt
646 4708 792 4788 quamvis
815 4709 928 4789 despe-
1022 4710 1178 4791 Amplius,
1188 4728 1295 4790 quaero
1309 4728 1327 4771 a
1342 4708 1521 4771 Sarracenis
1536 4717 1567 4771 et
1581 4710 1730 4771 omnibus

172 4807 301 4868 xissent
324 4804 364 4866 ad
387 4803 486 4866 lidem
509 4805 666 4883 converti,
692 4806 793 4869 voluit
820 4814 926 4869 tamen
982 4809 1038 4890 qui
1058 4806 1222 4870 affirmant
1243 4804 1340 4868 iidem
1363 4806 1443 4869 banc
1458 4806 1619 4869 Trinitatis
1634 4808 1731 4869 deita-

173 4904 263 4987 Papa
282 4902 435 4965 Silvester
458 4910 494 4964 ut
518 4903 773 4983 relinquerentur
791 4905 927 4985 propria
982 4905 1086 4987 tisque
1101 4904 1215 4967 Gbristi
1239 4924 1297 4966 nec
1320 4904 1473 4967 aCbn'sto
1488 4923 1591 4985 neque
1606 4906 1646 4967 ab
1660 4904 1730 4987 ojus

174 5001 330 5080 libertati,
359 5009 393 5063 et
419 5001 593 5082 imperator
620 5002 662 5063 ita
696 5001 838 5064 lecisset.
869 5002 927 5065 Ve
981 5002 1141 5084 Apostolis
1156 5020 1224 5065 esse
1246 5002 1448 5082 praedicatam
1464 5010 1557 5083 atque
1573 5003 1728 5081 edoctam,

175 5110 359 5164 rumtamea
388 5106 499 5180 postea
522 5098 622 5180 aliqui
652 5100 815 5181 principes
843 5100 928 5163 chri·
982 5100 1141 5181 aquibus
1166 5098 1269 5179 primo
1295 5099 1479 5179 excogitata,
1507 5100 1674 5181 predicata
1699 5109 1730 5163 et

175 5199 289 5273 atiani,
306 5206 342 5259 ut
354 5196 486 5259 Carolus
501 5215 555 5259 rex
569 5205 600 5259 ot
614 5196 732 5279 Ogerus
746 5198 822 5274 dur,
834 5217 928 5279 quas·
983 5199 1076 5261 docta
1097 5198 1148 5258 sit.
1166 5196 1197 5258 Si
1218 5195 1338 5273 dicant,
1355 5197 1437 5276 quod
1459 5216 1478 5260 a
1493 5196 1679 5258 Christianis
1695 5197 1728 5259 in

176 5299 254 5361 dam
270 5293 419 5359 infideles
432 5313 471 5357 ac
485 5293 666 5358 barbaricas
681 5296 827 5360 nationes
841 5296 927 5359 Chri·
982 5295 1109 5359 Nioaeno
1134 5293 1269 5358 concilio
1293 5295 1504 5376 cougregatis,
1521 5294 1552 5356 in
1578 5312 1640 5376 quo
1664 5295 1729 5379 pri-
