4309 6250
463 491 524 560 ²98
635 582 640 589 ἡ
791 514 911 562 CONTRA
932 516 1102 563 l’ttttvtbttlt
1122 517 1293 574 lllttottttvt,
1315 515 1405 564 ttnntt
1427 517 1458 565 ll·
1481 536 1522 548 ··-
1542 517 1612 564 altr.
1635 517 1686 565 xlv

463 684 623 749 biberunt.
640 686 728 749 Unde
743 686 778 748 in
792 686 906 750 Genesi
925 689 1118 752 describitur
1135 691 1252 771 qua-A
1306 689 1345 752 At
1364 707 1439 754 vero
1458 689 1568 752 ludum
1587 690 1727 754 alearum
1743 709 1800 753 seu
1819 689 1998 768 taxillorum,

372 823 450 862 .an
463 785 537 848 liter
551 786 647 849 Jacob
667 785 783 848 obtulit
799 785 886 850 Isaac
907 788 988 869 patri
1008 807 1066 851 sno
1086 787 1207 865 vinum,
1265 807 1323 852 nos
1337 807 1464 870 quoque
1484 788 1714 872 vituperamus.
1731 789 1785 852 Est
1805 799 1907 852 minen
1926 807 2001 870 quae
2105 797 2106 824 ¹

342 903 349 916 ·
463 875 562 964 quum
586 882 825 946 benedicendus
849 884 911 948 luit
934 885 974 947 ab
998 904 1047 948 eo.
1074 886 1211 948 Sanctis·
1265 887 1337 950 dam
1366 888 1467 951 virtus
1496 889 1626 951 moralis
1654 907 1712 971 pcr
1735 906 1832 969 quam
1855 887 1946 950 bomo
1972 905 2001 949 se
2105 879 2106 890 ³

462 981 536 1044 simi
552 983 681 1045 demum
697 983 838 1064 Apostoli
860 1002 897 1046 ae
917 983 1079 1065 Prophetae
1098 983 1209 1046 vinum
1266 986 1346 1049 bene
1370 986 1465 1049 habet
1488 987 1520 1048 in
1545 986 1630 1062 ludo,
1654 995 1729 1068 puta
1751 985 1932 1068 eutrapelia,
1954 1005 2002 1067 per
2105 991 2106 1069 l

462 1079 621 1143 biberunt.
638 1080 794 1162 Amplius,
811 1081 844 1143 in
866 1081 1044 1145 Proverbiis
1068 1082 1207 1146 dicitur:
1265 1084 1471 1165 quametiam
1488 1085 1520 1146 in
1540 1084 1796 1148 ludosoacorum
1815 1084 2001 1164 benesepo
2105 1073 2106 1078 ¹

383 1179 537 1248 mullate
561 1178 695 1242 siceram
723 1181 942 1258 moerentibns,
969 1189 1001 1243 et
1023 1182 1135 1244 vinum
1160 1181 1209 1244 his
1266 1190 1326 1246 test
1339 1183 1469 1263 habere,
1486 1182 1653 1246 referendo
1673 1203 1746 1245 eum
1766 1183 1807 1245 ad
1828 1181 1924 1245 linem
1943 1181 2000 1244 lau·
2105 1201 2106 1254 j

365 1289 372 1300 ·
462 1278 516 1361 qui
540 1297 648 1341 amaro
674 1286 749 1340 sunt
773 1279 901 1356 anim03
929 1279 1049 1360 bibant,
1074 1289 1107 1342 et
1130 1280 1210 1342 obli·
1265 1280 1414 1360 dabilem,
1432 1289 1468 1344 ut
1492 1281 1616 1344 scilieet
1640 1281 1775 1344 honesto
1794 1300 1832 1343 ac
1850 1281 2000 1344 moderato

382 1418 387 1428 ι
462 1377 625 1439 viscantur
640 1376 759 1440 doloris
774 1376 835 1440 sui.
851 1378 924 1440 Haec
939 1397 1014 1460 ergo
1034 1379 1209 1461 prohibitio
1265 1387 1424 1444 recreatus
1449 1379 1574 1459 solatio,
1591 1380 1693 1462 aptior
1718 1379 1777 1442 liat
1801 1380 1839 1443 ad
1863 1377 2000 1442 exercitia
2105 1387 2106 1454 J

462 1474 530 1537 vini
545 1494 747 1557 nequaquam
767 1495 786 1537 a
804 1476 869 1539 Deo
890 1477 1056 1558 processit,
1073 1478 1128 1539 sed
1149 1478 1210 1540 lla-
1265 1478 1415 1541 virtuosa.

462 1574 525 1637 hon
541 1593 623 1654 eam,
639 1573 724 1636 sicut
737 1583 769 1637 et
782 1574 843 1637 alia
858 1577 958 1638 multa
976 1575 1208 1658 superstitiosa,

462 1691 554 1750 vana,
572 1673 690 1755 injusta
704 1680 736 1735 et
757 1672 848 1752 lalsa,
865 1673 1031 1737 conlinxit.
1048 1673 1103 1736 Est
1123 1675 1209 1738 enim

461 1771 622 1835 contraria
644 1773 798 1835 doctrina
822 1772 896 1835 novi
918 1781 950 1834 et
969 1772 1085 1835 veteris
1105 1772 1211 1836 Testa·
1457 1743 1702 1808 ARTICULUS
1727 1742 1820 1806 XIV·

462 1870 573 1948 menti,
590 1879 685 1952 atque
700 1871 854 1952 exemplis
874 1871 1061 1936 Sanctorum
1076 1873 1131 1953 qui
1151 1873 1210 1936 sub
1227 1871 1250 1933 B
1265 1893 1386 1954 Contra
1402 1895 1501 1970 gemm
1521 1911 1619 1972 quam
1634 1893 1798 1953 Mapomep
1817 1893 1856 1951 ,pe
1870 1909 2002 1951 mmm

462 1979 597 2052 llll'oqlle
619 1970 821 2032 Testamenlvo
842 1969 983 2033 luerunt.
1442 1983 1581 2058 repudio
1597 1982 1835 2059 promulyavit‚

503 2069 728 2131 Verumtamen
743 2087 808 2131 non
823 2087 977 2150 negamus
995 2068 1071 2150 quin
1087 2089 1124 2133 ex
1140 2089 1210 2152 spe-

462 2166 533 2230 ciali
555 2175 586 2229 et
609 2166 788 2229 rationabili
813 2187 907 2230 causa
933 2167 1027 2230 liceat
1050 2168 1209 2232 abstinere
1304 2169 1405 2232 Nisto
1420 2168 1558 2252 capitulo
1570 2169 1662 2231 datur
1677 2168 1727 2231 lex
1741 2168 1782 2231 de
1797 2167 2002 2250 repudiatione

461 2265 591 2343 avino,
617 2264 684 2327 sive
707 2265 747 2326 ad
773 2273 910 2346 tempus,
933 2266 1002 2329 sive
1026 2285 1084 2348 per
1108 2275 1208 2330 totum
1266 2329 1268 2333 ,
1319 2287 1464 2347 uxorum,
1480 2269 1524 2330 ila
1548 2275 1582 2330 ut
1604 2266 1699 2330 liceat
1723 2267 1844 2330 maritis
1868 2285 1939 2329 suas
1961 2285 2003 2328 re·

461 2362 598 2445 spatium
623 2362 707 2441 vitae,
734 2371 861 2444 propter
885 2362 1114 2445 perlectionem
1144 2385 1209 2427 ma·
1266 2367 1398 2448 pudiare
1431 2384 1544 2430 uxores
1577 2375 1608 2428 et
1641 2385 1749 2428 rursus
1782 2384 1836 2428 eus
1868 2365 2002 2446 accipere

460 2460 575 2542 jurem,
592 2460 675 2524 sicut
693 2461 727 2522 io
747 2462 846 2524 veteri
868 2462 1069 2526 Testamento
1089 2464 1130 2527 eit
1150 2465 1209 2528 llo
1266 2485 1367 2546 usque
1391 2465 1497 2544 tertio,
1513 2464 1557 2527 ita
1582 2472 1616 2526 ut
1639 2463 1878 2544 quaternarium
1904 2481 2001 2524 nume

328 2556 568 2624 maxaminus
593 2558 633 2619 ad
655 2559 759 2620 Aaron
782 2559 922 2621 :Vinum
948 2568 980 2622 et
1003 2579 1099 2623 omne
1124 2563 1208 2642 quod
1267 2583 1337 2626 rum
1352 2582 1417 2627 non
1432 2563 1679 2638 transcendant3
1696 2569 1728 2624 et
1747 2561 1847 2623 multa
1865 2561 2002 2624 dicuntur

460 2654 620 2718 inebriare
642 2664 745 2738 potest
767 2676 831 2721 non
850 2658 939 2721 bibes
962 2666 995 2720 tu
1015 2666 1047 2721 et
1065 2658 1127 2721 lilii
1149 2660 1206 2738 tui,
1266 2661 1306 2724 de
1330 2661 1401 2740 isto,
1417 2661 1478 2724 hoe
1498 2655 1579 2723 loco.
1596 2660 1657 2723 Sed
1681 2658 1731 2722 lex
1757 2658 1819 2720 ista
1841 2658 1929 2723 omni
1953 2657 2002 2718 im·

459 2754 586 2834 quando
609 2753 767 2817 intrabitis
795 2755 829 2817 in
858 2757 1097 2820 tabernaculum
1121 2759 1209 2820 testi·
1266 2758 1380 2841 pietate
1395 2767 1427 2821 et
1441 2757 1626 2822 crudelitate
1641 2765 1689 2820 est
1703 2757 1809 2839 plena,
1826 2765 1857 2820 et
1877 2755 2002 2819 naturali

460 2851 572 2916 monii.
604 2852 758 2916 Nazaraeis
787 2873 913 2936 quoque
946 2875 1023 2917 usus
1052 2854 1119 2916 vini
1148 2854 1210 2918 luit
1266 2857 1327 2938 legi
1349 2857 1506 2919 contraria
1526 2863 1584 2918 est.
1602 2857 1645 2918 De
1666 2856 1787 2919 ratione
1808 2855 1925 2918 etenim
1948 2873 2004 2916 ma-

461 2951 649 3032 prohibitus.
668 2951 728 3014 Sed
743 2954 828 3016 etde
843 2953 1074 3035 gloriosissimo
1090 2954 1209 3017 Ioanne
1266 2955 1405 3018 trimonii
1432 2963 1481 3017 est
1504 2953 1753 3034 indivisibilitas,
1781 2962 1817 3016 ut
1842 2953 1938 3016 etiarn
1964 2971 2004 3014 sa·

459 3048 600 3131 Baptista
623 3048 747 3112 Gabriel
772 3052 904 3133 angelus
928 3051 1007 3113 dixit
1030 3053 1070 3114 ad
1097 3051 1210 3114 Zacba-
1229 3051 1387 3136 Cpientes
1415 3051 1582 3136 gentilium
1613 3061 1688 3114 sunt
1722 3052 1839 3115 testati.
1870 3051 1954 3114 Unde
1979 3057 2005 3112 et

323 3161 377 3205 cuc.
387 3174 402 3213 ι,
413 3165 445 3205 rs.
461 3148 541 3209 riam
559 3149 697 3211 :Vinum
712 3158 744 3211 et
758 3149 893 3213 siceram
908 3170 972 3213 non
987 3150 1084 3214 bibet.
1102 3151 1208 3213 Sancti
1264 3152 1375 3216 doctor
1403 3172 1485 3235 saepe
1513 3152 1735 3234 praeallegatus
1761 3152 1795 3213 in
1821 3170 1879 3213 sua
1907 3148 2004 3212 scribit

460 3246 555 3309 etiam
571 3247 712 3313 eremitat
727 3256 758 3310 et
773 3248 864 3310 multi
875 3248 1027 3331 Religiosi
1043 3249 1208 3311 christiani
1264 3249 1406 3331 epistola,
1444 3248 1609 3330 alloquens
1647 3249 1858 3311 Sarracenum
1890 3270 1897 3308 :
1925 3245 2004 3308 lllam

460 3344 682 3407 abstinuerunt
704 3366 738 3408 se
762 3366 781 3408 a
806 3346 881 3410 vino
898 3370 905 3409 :
924 3367 985 3410 non
1008 3348 1092 3428 quod
1116 3355 1208 3429 potus
1264 3347 1493 3429 turpitudinem
1509 3348 1579 3428 quis
1600 3346 1733 3409 audiens
1754 3364 1819 3409 non
1839 3343 2002 3419 exhorruit,

460 3442 514 3505 ille
539 3442 580 3506 sit
603 3443 635 3505 in
661 3463 694 3506 se
719 3444 859 3507 illicitus.
878 3444 941 3508 Nec
962 3446 1045 3508 Deus
1066 3464 1207 3527 unquam
1263 3464 1357 3527 quam
1373 3464 1438 3508 non
1453 3444 1579 3508 erubuit
1592 3444 1749 3507 blahomet
1770 3442 1802 3505 in
1819 3462 1877 3507 suo
1897 3459 2002 3525 ponere

459 3540 685 3604 universaliter
719 3561 791 3604 eum
829 3543 1001 3624 prohibuit.
1037 3544 1144 3621 Porro,
1180 3542 1206 3605 si
1263 3544 1430 3622 Alcoruno,
1457 3551 1492 3606 ut
1516 3544 1637 3606 scilicet
1661 3542 1756 3605 liceat
1780 3542 1849 3605 viro
1873 3540 2002 3624 quando

458 3641 615 3704 blahomet
638 3640 724 3703 dicat
748 3640 820 3705 ideo
848 3642 940 3705 illum
965 3651 1075 3726 potum
1105 3643 1208 3705 consi·
1264 3662 1400 3725 cumque
1421 3642 1556 3705 voluerit
1577 3641 1728 3724 qualique
1748 3660 1844 3706 causa
1863 3638 1999 3709 voluerit,

458 3748 541 3803 stere
563 3740 725 3819 vitiosum,
742 3741 816 3821 quia
840 3740 1024 3821 frequenter
1050 3743 1134 3804 mala
1160 3762 1207 3805 se·
1263 3760 1391 3803 uxorem
1412 3740 1596 3821 repudiaret
1612 3748 1672 3803 etc.
1691 3740 1777 3802 Hanc
1798 3748 1885 3802 certe
1908 3738 2000 3818 legem

459 3847 601 3919 quuntur
624 3858 663 3902 ex
687 3858 736 3917 eo,
763 3839 859 3901 simili
889 3840 1010 3903 ratione
1039 3841 1207 3922 prohibere
1262 3840 1359 3902 etiam
1388 3840 1479 3901 bruta
1506 3838 1666 3915 animalia,
1698 3838 1723 3901 si
1754 3837 1841 3919 loqui
1870 3844 1999 3919 possent,

459 3936 613 4019 potuisset
636 3956 725 4000 esum
753 3938 908 4017 carnium,
932 3939 1058 4020 aliaque
1082 3939 1208 4001 diversa
1264 3939 1415 4019 injustam
1440 3937 1623 3999 clamarent.
1652 3937 1713 4000 Sed
1739 3936 1823 3999 istud
1848 3936 1914 4018 jam
1938 3933 2002 3996 dili·

458 4035 574 4118 pocula
588 4044 683 4117 atque
698 4036 829 4114 cibaria,
847 4056 884 4099 ex
905 4057 1040 4119 quorum
1055 4037 1208 4120 sumptio-
1263 4036 1389 4117 gentius
1409 4044 1459 4098 est
1480 4036 1689 4118 probandum.

459 4153 499 4196 ne
523 4133 699 4216 superflua,
722 4135 822 4196 multa
845 4135 991 4198 oriuntur
1014 4144 1154 4217 peccata.
1171 4136 1209 4197 Et
1303 4134 1434 4212 Interea,
1452 4133 1563 4196 Mahon
1587 4133 1689 4215 legem
1709 4132 1823 4196 Christi
1841 4152 1897 4196 seu
1912 4131 2001 4193 Eran-

459 4231 485 4294 si
517 4231 636 4295 idcirco
657 4233 724 4295 vini
745 4242 837 4315 potus
857 4233 961 4296 luerat
979 4233 1207 4315 prohibendus,
1225 4238 1249 4300 ll
1264 4234 1382 4315 gelium
1407 4231 1624 4315 approbando,
1650 4232 1811 4314 propriam
1837 4231 1938 4313 legem
1961 4228 2002 4291 in·

458 4330 533 4410 quia
557 4330 807 4394 immoderanter
834 4340 983 4412 acceptus
1009 4332 1084 4393 vitia
1113 4332 1207 4413 parit,
1263 4330 1486 4394 excusabiliter
1511 4330 1700 4411 reprobavit.
1728 4329 1871 4392 Christus
1895 4328 2000 4411 quippe

459 4446 496 4490 er
512 4428 574 4489 alia
589 4428 843 4492 consideratione
863 4429 1207 4509 lueratlioentiandus,
1264 4430 1360 4511 hujus
1386 4430 1428 4491 rei
1453 4428 1634 4510 oppositum
1659 4428 1768 4491 docuit
1792 4438 1821 4491 et
1848 4425 1998 4510 praecepit.

459 4527 610 4607 quoniam
648 4528 808 4590 moderate
848 4538 1014 4609 susceptus
1055 4529 1209 4610 plurimas
1264 4530 1313 4592 Ait
1336 4547 1473 4609 namque
1501 4527 1657 4589 :Dictum
1688 4535 1736 4590 est
1765 4526 1913 4609 antiquis,
1938 4523 2002 4598 Oui·
2022 4534 2101 4581 ttavtv

459 4625 610 4687 utilitates
633 4626 765 4689 inducit.
783 4627 957 4704 hloerorem,
975 4626 1206 4703 infirmitatem,
1265 4646 1401 4708 cumque
1424 4626 1580 4688 dimiserit
1607 4644 1736 4689 uxorem
1762 4644 1865 4703 suam,
1887 4626 1938 4687 det
1960 4621 2000 4684 illi
2012 4604 2038 4645 ³¹·
2050 4602 2067 4639 ³²

459 4722 655 4786 debilitatem
679 4724 812 4806 depellit
832 4750 839 4787 :
859 4734 891 4787 et
913 4726 1033 4788 scimus
1058 4726 1209 4806 quoniam
1265 4725 1406 4789 libellum
1432 4724 1574 4805 repudii3
1598 4743 1657 4806 ego
1681 4732 1786 4786 autem
1811 4724 1884 4788 dico
1907 4722 1999 4797 vobis,

460 4822 542 4883 sicut
567 4821 650 4885 tinea
675 4824 876 4903 vestimento,
899 4825 940 4886 ita
966 4824 1092 4886 tristitia
1117 4833 1210 4888 nocet
1264 4824 1339 4905 quia
1366 4823 1471 4890 omnis
1496 4822 1550 4904 qui
1579 4822 1738 4885 dimiserit
1765 4839 1897 4885 uxorem
1921 4838 2000 4883 suam

340 4932 346 4943 ’
460 4920 559 4983 cordi.
576 4920 750 4998 Postremo,
767 4941 863 5003 quarn
879 4922 1082 4986 ridiculosam
1097 4942 1133 4985 ac
1150 4931 1211 4986 sto·
1265 4930 1505 5005 exceptacausa
1521 4919 2001 4997 fornicationiS‚laciteammta

461 5019 649 5082 lidissimam
673 5019 898 5101 prohibitionis
918 5021 984 5083 vini
1008 5040 1136 5084 causam
1151 5019 1211 5082 lla·
1266 5020 1352 5083 chari
1376 5020 1423 5100 (id
1447 5028 1505 5099 est,
1532 5018 1587 5081 dat
1609 5018 1639 5080 ei
1664 5018 1867 5081 occasionem
1893 5016 2002 5081 adulte

459 5118 524 5181 hon
548 5117 691 5199 assignet
714 5116 746 5178 in
770 5137 827 5179 sua
848 5118 1005 5194 Doctrina,
1022 5117 1106 5180 inlra
1127 5118 1213 5181 dioe—
1266 5118 1368 5196 randi,
1398 5126 1430 5180 et
1463 5116 1531 5200 ipsa
1562 5114 1751 5179 adulterium
1784 5124 1953 5198 perpetrat,
1980 5111 2001 5173 si

461 5225 524 5293 tur,
549 5215 604 5277 ubi
628 5215 660 5277 in
687 5215 819 5298 speciali
844 5222 978 5277 tractatu
1003 5223 1113 5279 contra
1142 5216 1211 5297 ejus
1266 5216 1438 5279 misceatur
1452 5215 1636 5297 cuiquam);
1653 5222 1684 5275 et
1698 5212 1752 5295 qui
1772 5213 1937 5277 dimissam
1954 5212 2003 5273 du-

462 5315 644 5379 Doctrinam
667 5313 840 5398 disputatio
861 5314 1029 5378 inseretur.
1187 5364 1190 5371 .
1268 5314 1359 5393 xerit,
1377 5313 1534 5378 adulterat
1549 5338 1556 5377 ι
1569 5314 1644 5398 quia
1658 5312 1791 5377 alterius
1804 5311 1865 5377 viri
1884 5326 2002 5377 uxorem
