4309 6250
413 455 451 521 lt
988 475 1132 521 sersrom
1153 474 1389 522 nnncmaroms

411 647 575 712 Dominus
593 667 610 714 e
629 649 759 714 diverso
780 647 937 712 excitavit
954 665 1085 729 semper
1103 665 1172 710 suae
1191 648 1435 728 augustissimae
1455 650 1569 714 Matris
1584 669 1762 733 praeconeS,
1779 651 1837 733 qui
1856 651 1962 732 ipsius

409 755 549 835 gloriam
570 759 602 819 et
626 757 796 834 honorem,
826 758 861 818 ut
890 771 950 836 par
972 755 1032 832 est,
1054 753 1159 817 multa
1186 753 1380 820 dexteritate
1408 761 1680 838 propugnarent:
1702 761 1739 821 nt
1765 776 1832 821 non
1857 774 1985 839 pauca.

409 861 613 942 dignissimae
629 863 835 927 auctoritatis
853 862 893 926 de
909 863 1015 944 ipsius
1029 859 1183 924 laudibus
1197 861 1378 925 habeamus
1392 866 1540 926 veterum
1550 868 1721 928 auctorum
1733 866 1958 942 monumenta,

409 969 508 1032 etiam
531 968 560 1032 si
583 970 777 1048 neotericos,
795 969 853 1050 qui
877 969 982 1032 multo
1003 967 1114 1030 labore
1132 967 1168 1031 in
1187 968 1248 1031 bac
1268 969 1420 1049 palaestra
1438 971 1651 1052 desudarunt,
1667 970 1799 1036 silentio
1822 971 1961 1034 transire

408 1057 625 1156 voluerimus,
642 1075 732 1156 quod
754 1092 869 1140 eorum
893 1075 1004 1140 studia
1027 1075 1109 1137 satis
1132 1092 1204 1138 sese
1229 1077 1471 1140 commendent.

476 1182 517 1246 ut
531 1183 679 1265 proinde,
701 1183 791 1264 quod
815 1183 919 1246 nostri
944 1182 1089 1245 instituti
1111 1182 1411 1264 impraesentiarum
1430 1187 1490 1264 est,
1513 1186 1714 1265 curavimus,
1736 1186 1799 1248 viri
1822 1185 1960 1268 praecla-

407 1289 544 1369 rissimi,
566 1289 657 1354 bisce
676 1288 804 1368 diebus,
825 1290 912 1352 inter
930 1291 1037 1352 cetera
1055 1289 1098 1352 D.
1112 1288 1267 1370 Dionysii
1288 1290 1442 1354 aRickel
1461 1292 1615 1356 monachi
1630 1293 1764 1358 Ordinis
1782 1294 1887 1356 nostri
1902 1293 1959 1356 de-

408 1397 581 1460 votissima
603 1413 715 1478 opera,
735 1397 877 1478 quatuor
897 1397 970 1476 ejus
991 1395 1094 1459 libros
1112 1395 1153 1458 de
1175 1394 1345 1459 Laudibus
1363 1397 1563 1462 beatissimae
1583 1398 1721 1480 virginis
1739 1400 1862 1480 Mariae,
1882 1417 1958 1462 cum

407 1503 473 1567 alio
489 1503 631 1585 quodam
649 1503 798 1584 ejusdem
819 1503 860 1566 de
881 1503 1077 1584 Cognitione
1097 1502 1276 1567 Beatorum
1295 1503 1329 1565 in
1349 1506 1454 1587 patria
1475 1523 1541 1569 non
1564 1506 1692 1588 ingrato
1707 1506 1880 1589 opusculo,
1900 1523 1959 1570 ex-

408 1611 575 1676 cudendos
591 1631 599 1673 :
615 1609 785 1693 inquibus
804 1610 916 1674 videre
930 1609 1008 1674 licet
1026 1610 1151 1692 quanta
1166 1609 1322 1674 Auctoris
1336 1611 1370 1673 in
1387 1612 1537 1677 eamdem
1553 1615 1585 1676 et
1598 1613 1737 1678 Sanctos
1750 1613 1883 1678 devotio
1901 1615 1956 1678 sit.

407 1718 510 1799 Cujus
525 1718 677 1800 exemplo
693 1718 793 1781 simul
810 1719 842 1782 et
856 1717 1016 1796 doctrina,
1034 1734 1150 1780 omnes
1165 1735 1241 1781 vere
1256 1718 1370 1782 fideles
1388 1719 1475 1783 baud
1496 1721 1618 1800 injuria
1636 1721 1677 1783 ad
1698 1723 1795 1785 tantae
1810 1721 1959 1802 Virginis

407 1828 440 1890 et
457 1825 572 1890 Matris
586 1826 659 1905 Dei,
678 1843 715 1888 ac
729 1827 937 1903 Sanctorum,
961 1823 1255 1888 inflammabuntur
1268 1843 1415 1890 amorem
1430 1828 1552 1907 pariter
1570 1830 1603 1891 et
1621 1828 1843 1908 devotionem,
1859 1829 1958 1893 modo

406 1951 463 1998 eos
477 1950 543 2016 qua
558 1935 687 2015 oportet
705 1932 845 2013 legerint
863 1934 962 2013 atque
979 1931 1153 2011 relegerint
1167 1932 1349 1996 attentione
1363 1935 1396 1996 et
1410 1933 1581 2015 diligentia
1597 1955 1605 1998 :
1622 1935 1656 1998 id
1674 1935 1764 2016 quod
1781 1953 1834 1998 res
1852 1937 1959 2017 magis

405 2039 558 2121 probabit
580 2056 680 2122 quam
700 2039 823 2102 nostris
842 2055 926 2120 opus
951 2038 996 2100 sit
1019 2036 1325 2118 pollicitationibus.
1345 2039 1417 2103 Hos
1441 2043 1551 2105 autem
1577 2041 1680 2106 libros
1703 2041 1808 2104 multa
1832 2043 1958 2106 ratione

405 2146 468 2211 sub
486 2148 595 2210 vestro
615 2145 798 2228 patrocinio
818 2143 1020 2224 evulgandos
1044 2144 1235 2225 putavimus
1259 2145 1457 2209 Procurator
1478 2149 1591 2211 noster
1609 2150 1641 2211 et
1660 2165 1732 2229 ego,
1752 2148 1833 2212 olim
1857 2149 1958 2212 vestri

405 2253 543 2334 Collegit
562 2254 601 2315 ut
614 2252 758 2316 humiles
772 2251 819 2314 ita
833 2245 1018 2314 fidelissimi
1033 2249 1182 2313 clientuli
1197 2269 1205 2312 ε
1222 2250 1420 2315 Procurator
1437 2254 1572 2334 quidem
1587 2254 1644 2318 ille
1657 2256 1780 2333 noster,
1792 2255 1958 2318 Gerendus

405 2360 568 2425 Calcilicis
588 2359 629 2422 ab
655 2359 812 2438 Hamont,
834 2357 887 2421 vir
909 2357 1005 2438 (citra
1024 2357 1247 2420 adulationem
1267 2357 1398 2439 loquor)
1422 2377 1487 2422 non
1505 2361 1617 2424 minus
1636 2361 1706 2424 Deo
1725 2378 1763 2424 ac
1785 2361 1824 2423 B.
1845 2362 1956 2426 Mariae

405 2467 557 2546 devotus,
576 2482 675 2547 quam
694 2465 818 2529 Domui
837 2466 958 2527 nostrae
977 2481 1077 2545 supra
1092 2462 1266 2545 plerosque
1284 2467 1507 2529 antecessores
1524 2483 1604 2530 suos
1617 2467 1710 2531 utilis
1728 2470 1760 2531 et
1774 2485 1958 2532 accommo-

406 2573 481 2646 dus.
503 2574 560 2655 qui
585 2575 619 2636 in
646 2575 798 2635 octavum
822 2571 892 2653 iam
915 2587 1040 2634 annum
1065 2571 1149 2632 mira
1166 2570 1361 2635 dexteritate
1380 2575 1412 2635 et
1431 2574 1604 2654 prudentia
1624 2591 1685 2638 suo
1703 2574 1852 2655 iungitur
1869 2576 1957 2657 apud

407 2698 469 2745 nos
487 2680 606 2758 officio,
628 2681 667 2742 ut
692 2678 776 2742 nihil
799 2679 876 2742 miri
900 2679 954 2757 sit,
982 2678 1071 2759 quod
1096 2677 1189 2757 olim,
1210 2677 1292 2741 dum
1318 2679 1390 2759 ejus
1417 2679 1581 2745 famulitio
1606 2681 1791 2763 Collegium
1809 2685 1957 2747 vestrum

407 2789 442 2853 in
470 2787 661 2852 Notariatus
688 2785 794 2850 ollicio
823 2787 980 2864 uteretur,
1006 2784 1117 2865 ipsum
1139 2783 1174 2847 in
1199 2785 1305 2865 pretio
1328 2787 1421 2849 tanto
1446 2787 1592 2867 baberet,
1617 2790 1780 2868 quatenus
1804 2789 1835 2852 ei
1862 2807 1956 2870 spem

407 2898 529 2960 certam
558 2894 709 2959 laceretis
737 2893 857 2956 futurae
885 2892 1086 2974 provisionis
1114 2892 1147 2954 in
1179 2891 1409 2956 ecclesiasticis
1436 2889 1615 2974 beneficiis,
1643 2896 1760 2958 sinon
1786 2895 1958 2961 maluisset

407 3020 537 3068 mecum
561 3001 604 3066 ad
626 3000 748 3065 Christi
774 3000 958 3063 doctrinam
980 2999 1216 3080 Apostolorum
1239 3000 1378 3080 vestigia
1399 3001 1559 3080 aemulari,
1585 3005 1623 3065 ut
1649 3003 1772 3066 relictis
1789 3002 1955 3083 omnibus,

406 3111 581 3192 abnegaret
599 3109 827 3190 semetipsum,
850 3110 882 3172 et
899 3107 1102 3190 poenitentiae
1128 3123 1258 3171 crucem
1277 3124 1462 3189 assumens,
1482 3108 1517 3172 in
1535 3127 1678 3191 paupere
1695 3108 1888 3173 Cartusiana
1905 3128 1957 3175 re·

407 3220 529 3302 ligione
552 3235 731 3302 pauperem
755 3218 947 3299 sequeretur
974 3216 1009 3279 in
1031 3216 1106 3296 jngi
1129 3215 1305 3296 disciplina
1326 3215 1506 3279 Christum.
1529 3216 1651 3298 inqua
1675 3216 1757 3281 adeo
1781 3234 1957 3298 pauperem

406 3327 560 3391 ducimus
587 3326 702 3404 vitam,
729 3326 767 3388 ut
794 3324 876 3387 nihil
905 3322 1002 3387 nobis
1030 3322 1195 3402 reliquum
1223 3322 1268 3385 sit
1294 3322 1381 3385 unde
1410 3321 1505 3386 vobis
1533 3323 1775 3388 venerabilibus
1806 3324 1960 3388 Dominis

407 3434 529 3498 nostris
556 3432 732 3514 gratificari
760 3432 940 3513 possimus,
965 3447 1065 3511 quam
1091 3427 1221 3492 devotis
1246 3429 1451 3492 orationibus
1479 3432 1512 3493 et
1539 3431 1659 3494 studiis
1683 3432 1817 3509 nostris,
1839 3429 1961 3511 quibus

407 3540 705 3623 impraesentiarum
726 3538 831 3601 multo
851 3537 962 3601 labore
985 3539 1018 3600 et
1042 3536 1199 3618 gravibus
1224 3536 1406 3599 amicorum
1434 3539 1467 3600 et
1486 3537 1649 3600 bonomm
1669 3538 1816 3601 virorum
1836 3554 1960 3619 expen-

406 3648 465 3726 sis,
487 3646 633 3710 nitimur·
649 3645 691 3709 ad
709 3662 847 3726 operum
867 3644 1020 3723 Dionysii
1040 3643 1145 3706 nostri
1165 3642 1253 3723 (quae
1275 3659 1340 3705 non
1366 3644 1522 3724 pauciora
1544 3644 1623 3706 sunt
1641 3645 1739 3724 atque
1763 3644 1869 3725 ipsius
1893 3643 1962 3707 Au-

405 3753 546 3836 gustini)
574 3753 765 3817 editionem.
783 3750 1200 3831 Quemadmodum'igitur
1231 3748 1409 3830 aliquando
1437 3750 1538 3813 vestri
1563 3750 1661 3813 ambo
1692 3750 1806 3813 fideles
1831 3750 1961 3814 Notarii

407 3862 544 3941 luimus,
567 3862 613 3924 ita
639 3878 727 3924 nunc
755 3876 888 3942 quoque
915 3858 1086 3921 communi
1113 3873 1275 3921 consensu
1303 3858 1428 3936 nostro,
1456 3858 1490 3919 in
1518 3856 1729 3937 gratitudinis
1756 3856 1890 3938 pignus,
1919 3876 1961 3922 ne

406 3971 506 4033 tantae
525 3969 560 4033 in
578 3985 640 4032 nos
663 3966 900 4031 benevolentiae
926 3967 1043 4029 vestrae
1058 3964 1272 4027 immemores
1297 3962 1494 4042 videremur,
1516 3964 1626 4026 visum
1646 3962 1742 4027 nobis
1761 3965 1842 4042 erat,
1858 3964 1960 4044 hujus

407 4076 560 4158 Dionysii
579 4091 679 4157 opera
698 4074 739 4137 de
755 4072 961 4136 Beatissimae
980 4070 1128 4153 Virginis
1146 4070 1312 4150 laudibus,
1329 4072 1362 4133 et
1380 4069 1575 4151 Cognitione
1593 4069 1769 4134 Beatorum
1789 4071 1824 4133 in
1842 4071 1959 4153 patria,

406 4183 502 4247 vobis
529 4179 760 4263 nuncupanda,
785 4180 823 4242 ut
850 4178 913 4242 sub
941 4180 1049 4243 vestro
1075 4177 1173 4241 titulo
1202 4178 1235 4240 et
1262 4177 1397 4240 nomine
1424 4178 1459 4239 in
1494 4176 1665 4259 publicum
1696 4177 1846 4242 edantur.
1874 4177 1960 4242 'l'um

407 4290 529 4373 quippe
548 4287 704 4353 omnibus
722 4287 865 4367 gratiora
883 4285 953 4349 lore
971 4301 1155 4366 speramus,
1171 4284 1201 4347 si
1219 4300 1239 4347 a
1257 4284 1358 4348 tantis
1375 4285 1510 4365 umque
1532 4282 1741 4347 omnifariam
1760 4284 1961 4350 doctissimis

407 4398 500 4477 viriS,
516 4396 551 4460 in
570 4395 673 4460 sacris
691 4394 821 4473 litteris,
843 4394 984 4474 utroque
1002 4392 1089 4473 jure,
1109 4391 1320 4473 philosophia
1339 4393 1372 4455 et
1389 4391 1515 4455 artibus
1538 4389 1729 4455 liberalibus
1752 4408 1961 4456 consumma·

409 4505 561 4584 tissimis,
577 4499 717 4583 benigne
736 4503 872 4583 excepta
890 4500 1128 4580 intelligantur.
1145 4498 1228 4573 Quis
1246 4499 1335 4563 enim
1355 4516 1422 4562 non
1440 4499 1611 4579 acceptum
1633 4496 1779 4579 baberet,
1800 4500 1891 4579 quod
1910 4502 1960 4563 tot

410 4614 559 4693 tantique
583 4609 702 4675 emditi
726 4608 823 4690 Juxta
848 4610 880 4671 et
905 4607 975 4671 Deo
999 4625 1037 4671 ac
1062 4607 1262 4672 beatissimae
1288 4606 1408 4687 virgini
1434 4606 1546 4669 Mariae
1565 4604 1771 4669 devotissimi
1795 4606 1871 4686 viri,
1893 4623 1959 4671 non

410 4719 510 4785 modo
528 4717 801 4796 commendarint,
822 4716 880 4779 sed
901 4717 932 4778 et
953 4715 1016 4780 sub
1034 4733 1095 4779 sua
1116 4714 1219 4779 tutela
1237 4717 1270 4777 et
1290 4714 1473 4795 patrocinio
1496 4714 1654 4793 tanquam
1678 4713 1747 4775 ven·
1765 4712 1959 4779 Maecenates

410 4828 445 4893 in
462 4828 570 4892 lucem
590 4824 722 4909 prodire
740 4821 952 4906 paterentur?
971 4822 1086 4903 Porro,
1107 4822 1231 4885 nemini
1251 4838 1316 4884 non
1336 4822 1464 4884 constat
1489 4835 1588 4901 quam
1612 4818 1747 4901 insigne*
1766 4837 1803 4883 ac
1825 4821 1960 4885 solenne

410 4941 455 5004 sit
476 4936 538 5000 hoc
556 4936 703 4999 vestrum
721 4931 918 5012 Collegium,
935 4930 1031 5010 cujus
1049 4929 1198 4995 Caesarea
1218 4927 1374 5009 majestas
1392 4928 1551 5007 glorietur
1566 4945 1639 4991 sese
1654 4927 1855 4992 Canonicum
1874 4946 1957 5010 esse,

411 5046 518 5129 quiin
536 5041 665 5107 duabus
683 5040 754 5103 suis
771 5037 913 5101 Vicariis
930 5036 1056 5118 jugiter
1071 5036 1270 5101 beatissimae
1292 5035 1444 5099 Dominae
1463 5034 1635 5098 vobiscum
1658 5034 1857 5117 famuletur3
1873 5037 1906 5099 et
1923 5037 1959 5099 in

410 5171 476 5235 quo
500 5150 613 5215 nullus
636 5147 701 5210 nisi
730 5146 763 5209 in
788 5145 918 5225 egregia
943 5144 1098 5227 quapiam
1125 5143 1280 5207 facultate
1307 5144 1491 5224 promotus,
1511 5142 1709 5221 admittitur,
1731 5144 1764 5206 et
1785 5144 1843 5223 qui
1866 5144 1958 5207 omni

409 5259 580 5325 honestate
599 5257 631 5320 et
647 5252 808 5336 probitate
833 5250 1013 5332 refulgeat3
1037 5268 1077 5314 ne
1103 5250 1202 5314 modo
1222 5268 1262 5314 ex
1281 5250 1531 5333 pretiosissimis
1552 5249 1704 5313 divorum
1725 5250 1956 5332 exuviisque
