4309 6250
441 505 479 552 ns
501 503 665 552 nxuvxrnrr
685 503 722 550 ar
743 505 891 551 xnunrsus
913 503 942 548 n.
964 503 992 548 v.
1015 503 1134 564 annm,
1156 501 1244 550 xum
1264 502 1297 548 u.
1319 519 1361 532 -
1379 501 1451 548 aar.
1473 501 1506 548 tv
1715 477 1755 544 lli

198 675 321 738 eunctis
346 675 529 739 doctoribus
557 683 589 738 et
617 675 755 759 praelatis
783 673 944 755 Ecclesia,
961 674 986 736 A
1002 673 1239 755 copiosissimas
1251 671 1499 736 illuminationes
1514 690 1532 733 a
1548 669 1669 752 Spiritu
1680 669 1755 731 San·

198 793 263 856 prae
282 773 442 836 universis
456 773 615 854 Apostolis
634 792 671 836 ac
690 773 865 856 Prophetis,
882 791 947 854 prae
1002 779 1053 834 cto
1066 770 1130 833 luit
1151 771 1326 853 aptissima.
1342 768 1407 833 Nec
1427 769 1560 833 dubium
1581 767 1659 849 quin
1681 785 1751 828 eam

198 871 408 954 Evangelistis
430 879 461 934 et
482 871 668 934 Patriarohis
683 869 947 934 excellentissima
1002 869 1143 951 quotidie
1176 867 1423 931 affluentissime
1459 866 1642 943 illustravit,
1682 883 1753 946 quse

198 989 235 1032 ae
251 969 519 1033 illuminatissima
533 969 703 1046 exstitisse,
720 978 752 1032 et
767 967 852 1050 ipses
867 967 948 1030 Seri·
1002 987 1075 1031 eum
1096 967 1245 1049 concepit
1263 975 1296 1030 et
1314 967 1447 1049 peperit,
1465 965 1595 1030 lactavit
1619 972 1652 1027 et
1674 983 1753 1026 enu-

199 1077 307 1150 pturas
342 1068 538 1131 intellexisse
571 1066 774 1148 profundius,
803 1066 946 1130 ordinem
1003 1066 1387 1148 trivit‚aquoipsevere
1405 1064 1660 1144 atemeliterque
1681 1079 1753 1143 pro

199 1184 325 1247 quoque
340 1174 372 1228 et
386 1184 513 1242 nexum,
531 1165 772 1228 consonantiam
794 1183 832 1227 ac
853 1164 949 1226 ratio·
1004 1165 1096 1228 cedit.
1134 1164 1290 1246 Amplius,
1327 1164 1411 1226 sicut
1445 1160 1655 1245 praehabitum
1691 1167 1900 1237 esbatae-aaa.

200 1264 397 1327 nubilitatem
425 1263 625 1326 credibilium
650 1262 819 1346 agnovisse
844 1261 949 1344 limpi-
1004 1263 1126 1345 puritas
1151 1261 1270 1326 mentis
1304 1261 1410 1324 ellicit
1442 1261 1603 1324 hominem
1635 1258 1753 1320 divinas

200 1363 284 1439 dius,
300 1361 333 1424 in
347 1369 471 1424 tanturn
486 1363 570 1442 quod
591 1361 651 1442 ipsi
671 1381 798 1443 quoque
817 1360 947 1443 gloriosi
1005 1360 1225 1424 illustrationis
1250 1378 1412 1443 capacem,
1429 1367 1460 1422 et
1483 1376 1547 1439 quo
1572 1356 1753 1420 intellectus

199 1459 339 1542 Apostoli
370 1459 548 1522 hahuerunt
573 1461 611 1522 ad
635 1479 705 1523 eam
731 1459 902 1542 refugium,
918 1465 950 1522 et
1005 1457 1157 1521 exstiterit
1180 1457 1301 1540 purior,
1325 1475 1363 1520 eo
1382 1457 1422 1519 ad
1442 1455 1660 1538 sapientialem
1681 1453 1754 1516 illu-

200 1557 466 1622 illuminatiouem
491 1567 683 1641 acceperunt
707 1559 749 1622 ab
771 1577 819 1621 ea.
837 1557 950 1632 Quem·
1006 1556 1213 1618 minationem
1237 1555 1423 1638 dispositior
1441 1553 1630 1635 digniorque
1649 1552 1755 1616 consi·

200 1657 371 1720 admodum
388 1675 526 1737 namque
546 1656 663 1719 divinae
677 1656 857 1738 Scriptura,
873 1675 951 1737 quo
1006 1655 1071 1717 stit.
1084 1654 1169 1732 ldeo,
1182 1653 1265 1716 sicut
1278 1652 1539 1734 prestantissima
1554 1651 1644 1732 virgo
1659 1651 1754 1712 llario

199 1755 241 1818 ad
256 1773 365 1818 earum
381 1754 557 1837 principale
572 1754 782 1832 intentum,in
797 1773 834 1816 ea
848 1763 881 1816 et
894 1773 951 1835 per
1008 1752 1070 1814 luit
1094 1759 1165 1834 post
1183 1751 1342 1814 Christum
1362 1769 1487 1813 summa
1505 1758 1537 1812 et
1556 1749 1756 1831 incompara-

202 1873 273 1917 cam
288 1852 493 1916 excellentius
508 1861 583 1915 sunt
601 1852 759 1934 impletas,
775 1852 820 1914 sie
841 1854 949 1914 datum
970 1853 993 1915 B
1009 1851 1064 1914 hili
1081 1849 1217 1931 puritate
1231 1859 1352 1928 ornata,
1369 1849 1415 1911 sic
1429 1857 1462 1910 et
1475 1847 1509 1910 in
1524 1847 1680 1930 sapientie
1695 1847 1755 1909 ista

202 1960 252 2015 est
265 1951 295 2015 ei
312 1951 382 2014 illas
396 1951 514 2014 clarius
535 1959 712 2033 penetrare,
729 1959 761 2014 et
780 1951 819 2014 de
841 1969 950 2013 earum
1008 1957 1039 2012 et
1054 1949 1287 2030 Scripturarum
1302 1947 1425 2024 notitia,
1442 1948 1530 2010 omni
1545 1964 1672 2028 quoque
1687 1945 1756 2008 illu-

205 2049 365 2131 mysteriis
394 2047 501 2110 decuit
532 2067 601 2111 eam
634 2068 653 2110 a
685 2047 803 2129 Spiritu
837 2049 951 2112 Sancto
1009 2047 1161 2110 stratione
1189 2065 1338 2127 superna,
1365 2045 1463 2108 luisse
1486 2042 1755 2108 excellentissima

204 2147 343 2211 lucidius
371 2146 498 2209 edoceri
527 2165 563 2208 ao
591 2146 761 2228 gratiosius
786 2147 948 2208 illustrari.
1009 2153 1056 2208 est
1077 2144 1246 2207 credenda.

203 2247 305 2321 Quum
320 2245 406 2308 enim
422 2243 577 2308 veraciter
590 2245 676 2307 dicat
696 2245 857 2326 apostolus
876 2245 953 2306 Pau·
1049 2241 1160 2304 Adhuc
1183 2249 1302 2318 autem,
1328 2241 1409 2302 sicut
1432 2239 1634 2322 Evangelista
1661 2247 1756 2303 testa-

46 2363 188 2411 reanum.
205 2345 266 2423 lus,
283 2342 344 2406 Nos
366 2361 429 2406 non
450 2341 597 2425 spiritum
617 2341 713 2424 hujus
731 2342 841 2405 mundi
863 2361 949 2404 aoce-
1010 2347 1072 2418 tur,
1089 2337 1256 2402 benedicta
1271 2338 1361 2419 virgo
1375 2338 1471 2401 Aleria
1492 2337 1701 2400 conservabat
1722 2337 1755 2398 in
1770 2355 1855 2406 ιιωι,
1868 2357 1902 2406 rr,

204 2443 321 2524 pimus,
349 2442 404 2504 sed
429 2441 580 2524 Spiritum
604 2441 659 2521 qui
684 2459 721 2503 ex
746 2441 809 2504 llco
834 2449 892 2518 est,
920 2449 953 2502 ut
1010 2439 1105 2501 corde
1120 2455 1189 2514 suo,
1205 2455 1270 2500 non
1285 2436 1418 2499 dubium
1433 2435 1511 2516 quin
1527 2454 1601 2498 cum
1622 2421 1804 2517 diligen-⁵¹·

204 2541 343 2604 sciamus
369 2558 439 2621 qum
463 2558 481 2601 a
505 2539 569 2602 [leo
592 2540 708 2601 donata
734 2547 807 2600 sunt
831 2539 950 2602 nobis:
1009 2537 1053 2599 tia
1076 2535 1225 2612 maxima,
1252 2535 1359 2598 omnia
1382 2533 1571 2614 verbaque
1599 2543 1690 2597 erant
1717 2535 1757 2597 de

203 2638 442 2720 quantomagis
462 2637 723 2719 prestantissima
743 2645 774 2699 et
793 2637 953 2698 illumina·
1010 2635 1145 2714 Christo,
1160 2652 1231 2715 quan
1256 2634 1324 2714 ipsa
1346 2654 1364 2696 e
1389 2632 1581 2714 pastoribus,
1597 2633 1637 2695 ab
1660 2631 1759 2695 Elisa-

203 2737 328 2799 tissima
343 2736 439 2817 Virgo
460 2734 638 2798 Deileraex
653 2735 804 2797 unctione
826 2743 857 2796 et
878 2735 954 2797 irra-
1010 2732 1098 2806 beth,
1125 2752 1143 2794 e
1168 2730 1276 2813 Magis,
1301 2750 1320 2792 a
1349 2731 1507 2809 Simeone,
1531 2730 1571 2792 ab
1598 2731 1700 2808 Anna,
1726 2738 1759 2792 et

203 2834 345 2897 diatione
360 2833 494 2915 Spiritus
509 2831 615 2895 Sancti
631 2832 782 2913 cognovit
795 2833 879 2896 dona
893 2833 952 2895 sibi
1011 2830 1186 2913 prasertim
1202 2829 1242 2892 eb
1258 2829 1372 2910 angelo
1391 2836 1502 2891 sancto
1520 2829 1654 2906 audivit,
1669 2836 1702 2890 et
1721 2847 1758 2890 ea

203 2934 341 3014 desuper
356 2931 527 3014 impertita,
543 2939 574 2993 et
588 2930 725 3010 qualiter
744 2929 777 2992 in
793 2949 831 2992 ea
844 2949 881 2994 ac
898 2949 955 3012 per
1010 2930 1042 2992 in
1072 2947 1130 2992 suo
1158 2927 1295 2991 contulit
1322 2927 1428 2990 eorde.
1454 2927 1596 3007 Denique
1621 2926 1760 2988 certissi-

204 3049 276 3092 eam
301 3037 408 3094 essent
436 3028 601 3110 completas
626 3028 852 3110 Prophetarum
878 3029 991 3093 sori-C
1011 3046 1098 3090 mum
1114 3026 1261 3107 estquod
1280 3023 1377 3088 verba
1396 3025 1436 3087 ab
1454 3043 1509 3087 ore
1528 3023 1686 3106 Unigeniti
1708 3023 1758 3085 sui

204 3138 317 3213 pturae,
342 3128 396 3211 qui
421 3147 545 3205 omnes,
571 3136 607 3188 ut
630 3126 727 3189 etiam
752 3128 953 3190 Hebraeorum
1011 3126 1213 3208 praedicando
1228 3124 1349 3207 prolata
1368 3123 1612 3205 diligentissime
1633 3121 1760 3186 auscul-

204 3228 345 3291 lateutur
378 3226 535 3303 doctores,
566 3243 630 3287 non
661 3232 736 3286 suut
764 3223 861 3288 locuti
890 3226 953 3288 nisi
1011 3225 1099 3301 tavit,
1115 3232 1210 3305 atque
1235 3242 1299 3305 prae
1319 3222 1433 3285 ceteris
1452 3221 1686 3303 sapientissime
1711 3222 1760 3283 in-

204 3345 300 3407 super
315 3324 383 3386 dies
398 3322 527 3400 llessite,
546 3322 577 3385 id
593 3330 640 3384 est
655 3322 694 3384 de
708 3321 821 3383 Christi
838 3324 955 3385 adven·
1011 3320 1141 3385 tellexit.
1158 3321 1275 3400 Sisque
1290 3338 1347 3402 per
1362 3320 1454 3381 istam
1473 3319 1644 3397 assiduam,
1662 3319 1761 3381 sorio-

203 3431 239 3485 tu
254 3421 496 3503 insignibusque
516 3418 674 3500 mysteriis
689 3419 760 3500 ejus
775 3438 869 3501 quem
892 3420 955 3483 ele·
1010 3438 1076 3483 sam
1103 3437 1139 3481 ac
1165 3416 1321 3481 fervidam
1349 3417 1530 3479 divinorum
1559 3416 1760 3497 eloquiorum

204 3521 345 3584 ctissime
360 3538 396 3582 ac
411 3517 636 3582 honestissima
655 3517 744 3599 virgo
765 3517 859 3579 llaria
880 3538 955 3581 con·
1010 3514 1760 3596 conservationem,revolutionem,collationem,

204 3620 293 3702 cepit
312 3638 349 3681 ac
371 3618 511 3699 peperitl
1011 3634 1135 3677 summe
1150 3612 1286 3695 proiecit
1302 3614 1335 3675 in
1351 3612 1530 3695 sapientieli
1551 3612 1760 3694 intelligentia

245 3716 398 3797 Denique,
416 3715 538 3797 ipsade
554 3712 723 3776 beneficiis
739 3713 799 3776 sibi
820 3714 956 3795 desuper
1011 3712 1257 3794 Scripturarum,
1288 3720 1355 3773 tum
1383 3730 1422 3773 ex
1450 3710 1604 3773 naturalis
1637 3711 1758 3792 ingenii

205 3814 393 3881 condonatis
412 3813 471 3876 tuit
491 3812 565 3875 totis
585 3812 707 3874 viribus
728 3812 790 3875 lleo
814 3812 955 3893 gratissi·
1010 3810 1169 3889 acumine,
1186 3818 1253 3871 tum
1273 3829 1310 3872 ex
1329 3808 1561 3890 supernaturali
1582 3810 1691 3890 gratiae
1712 3810 1759 3871 lu-

205 3934 269 3977 ma.
285 3913 406 3977 Idcirco
421 3912 487 3975 haee
510 3910 579 3993 ipsa
600 3909 759 3973 benelicia
780 3928 955 3990 eorumque
1012 3908 1108 3985 mine,
1128 3916 1196 3969 tum
1219 3926 1257 3969 ex
1275 3906 1436 3969 habitibus
1461 3905 1701 3986 sapientialibus
1722 3926 1759 3969 ac

204 4012 392 4095 dignitatem
421 4029 457 4072 ac
487 4008 692 4072 eminentiam
717 4007 893 4070 clarissime
918 4027 954 4070 ao
1010 4006 1238 4081 scientialibus,
1255 4004 1419 4086 acquisitis
1444 4013 1538 4085 atque
1563 4004 1688 4081 inlusis,
1706 4024 1761 4086 po-

206 4108 466 4193 prolundissima,
482 4114 637 4188 quantum
652 4124 737 4185 purae
753 4105 869 4167 exstitit
888 4124 957 4167 cre·
1011 4104 1133 4167 tissime
1158 4123 1233 4167 vero
1252 4124 1289 4166 ex
1309 4102 1578 4185 frequentissima,
1599 4102 1761 4184 gratiosis-

205 4219 305 4273 aturss
319 4206 444 4271 viatrioi
460 4204 622 4288 possibile,
641 4204 808 4281 intellexit,
824 4212 953 4286 utputa:
971 4210 994 4271 l)
1011 4204 1093 4265 sima
1120 4220 1156 4264 ac
1181 4220 1310 4283 prorsus
1334 4200 1521 4282 plenissima
1549 4200 1760 4265 illustratione

206 4314 326 4388 quanta
340 4304 477 4385 dignitas
493 4303 534 4364 sit
547 4321 617 4365 esse
632 4302 759 4365 Matrem
775 4302 847 4377 Ilei3
859 4322 957 4383 quan·
1010 4310 1135 4363 aeternae
1156 4308 1189 4361 et
1208 4300 1355 4361 increatae
1374 4298 1554 4380 Sapientia,
1570 4317 1666 4382 quarn
1685 4319 1761 4363 con-

207 4416 239 4469 ta
254 4404 379 4480 caritas,
394 4402 507 4484 pietas,
524 4400 690 4483 sapientia,
707 4399 841 4481 justitia,
857 4401 956 4464 omni·
1011 4399 1106 4479 cepit,
1124 4398 1247 4479 peperit
1268 4406 1300 4460 et
1321 4397 1464 4460 nutrivit.

207 4502 351 4587 potentia
365 4501 419 4563 Dei
435 4499 505 4577 init,
522 4500 607 4579 quod
631 4518 688 4581 per
703 4498 954 4561 incarnationem
1049 4496 1194 4579 lnsuper,
1212 4494 1347 4558 inomni
1362 4514 1479 4575 genere
1498 4495 1691 4578 principium
1711 4506 1760 4561 est

206 4612 240 4666 et
267 4608 402 4663 mortem
431 4596 525 4661 Verbi
554 4596 663 4659 aeterni
692 4614 793 4677 genus
808 4596 956 4659 *redemit
1011 4595 1195 4673 maximum,
1211 4602 1244 4656 et
1268 4594 1302 4655 in
1320 4594 1432 4655 ordine
1452 4612 1509 4656 suo
1534 4592 1757 4674 potissimum3

206 4702 404 4773 humanum3
420 4714 515 4777 quam
537 4693 796 4757 decentissimum
819 4693 879 4755 luit
900 4714 957 4776 per
1011 4701 1042 4754 et
1057 4693 1142 4773 quod
1159 4691 1205 4754 illi
1220 4700 1321 4754 exstat
1336 4690 1483 4769 vicinius,
1501 4700 1548 4755 est
1563 4692 1592 4753 ei
1608 4692 1756 4756 similius.

206 4798 277 4862 Filii
291 4796 346 4859 [lei
362 4794 610 4857 incarnationem
625 4812 661 4855 ao
677 4792 855 4876 passionem
870 4811 956 4855 mun·
1011 4792 1151 4854 Christus
1166 4799 1271 4853 autem
1287 4790 1359 4853 lons
1377 4790 1541 4872 sapientias
1560 4790 1593 4852 in
1612 4793 1757 4871 excelsis,
1773 4814 1845 4859 secu.
1855 4829 1870 4864 ι.
1885 4817 1905 4857 s.

206 4898 283 4959 dum
306 4892 433 4956 salvari.
1012 4890 1045 4951 in
1065 4890 1273 4952 universitate
1292 4888 1437 4951 fidetium
1456 4898 1488 4951 et
1506 4889 1698 4970 sapientium
1722 4910 1759 4953 ac

247 4994 411 5071 Praeterea,
426 4988 614 5053 felicissima
628 4989 731 5068 hieria,
748 4988 832 5051 sicut
846 5008 958 5070 corpo
1011 4988 1229 5069 legislatorum
1257 4995 1307 5050 est
1334 4995 1430 5067 caput
1458 4996 1490 5049 et
1517 4996 1636 5066 vertex,
1663 5008 1759 5052 causa

205 5112 240 5155 re
255 5090 317 5153 luit
331 5087 548 5171 pulcherrima
563 5086 854 5168 complexionisque
876 5088 958 5169 opti·
1011 5087 1265 5168 universalisque
1281 5086 1371 5149 dator
1385 5085 1628 5149 illuminationis
1649 5089 1757 5151 totius.

205 5189 329 5267 maa,ita
344 5184 601 5268 ingeniosissima
616 5184 677 5246 luit
691 5192 808 5261 mente,
817 5185 957 5249 studiosa
1010 5184 1091 5246 Hinc
1106 5182 1344 5245 deificatissima
1360 5182 1456 5245 hlater
1470 5183 1583 5265 ipsius,
1599 5193 1671 5266 post
1685 5204 1759 5247 eum

203 5307 242 5351 ac
264 5284 379 5350 docilis
399 5282 491 5347 valde
509 5306 515 5345 :
532 5282 651 5347 idcirco
671 5282 710 5347 ad
735 5283 953 5367 recipiendum
1011 5284 1044 5345 in
1059 5282 1146 5347 omni
1161 5282 1303 5344 Ecclesia
1323 5300 1389 5364 prae
1410 5282 1534 5345 cunctis
1548 5283 1705 5366 praelulsit
1724 5284 1759 5347 in
