4309 6250
443 470 504 535 tlt
776 489 893 537 course
915 490 1083 537 rnnrrormr
1102 490 1274 548 ιιιιιοιιιιιι,
1296 492 1385 540 arans
1403 493 1443 540 nv.
1468 511 1507 521 -
1527 493 1598 540 aar.
1621 493 1656 540 ιιι

445 657 554 721 videre
579 659 661 723 bona
685 659 808 723 Domini
833 660 866 723 in
892 668 975 724 tarra
1003 661 1235 726 viventiumd
1289 666 1387 724 Beati
1408 666 1531 725 mundo
1555 666 1662 733 corde,
1688 663 1719 725 id
1745 670 1805 742 est,
1832 661 1997 743 purgatis

445 756 516 820 llaec
541 765 590 819 est
613 757 701 839 regio
725 758 780 821 illa
800 759 1035 841 supercoelestis
1056 780 1112 823 seu
1132 779 1195 823 coe-
1250 758 1349 836 vitiis,
1366 761 1438 843 puri
1459 760 1493 823 in
1512 760 1676 823 intellectu
1697 780 1754 843 per
1772 759 1873 822 lidern
1894 778 1933 821 ac
1954 777 1998 820 sa-

445 854 512 917 lum
526 874 710 938 empyreum
728 880 734 919 :
751 858 835 939 quod
859 857 1118 921 similitudinarie
1133 866 1195 921 ter-
1249 857 1416 941 pientiam,
1434 858 1551 921 sinceri
1568 858 1600 920 in
1615 856 1737 921 ellectu
1758 878 1816 941 per
1836 858 1995 919 caritatem

446 973 481 1015 ra
495 962 635 1033 vocatur,
652 955 727 1036 quia
743 964 791 1018 est
804 956 972 1019 Beatorum
988 956 1052 1019 lixa
1074 976 1111 1019 ac
1133 965 1195 1019 sta-
1249 963 1344 1038 atque
1359 956 1526 1039 justitiam,
1543 976 1678 1038 quorum
1694 956 1830 1020 intentio
1844 956 1880 1017 in
1900 954 1997 1018 omni-

444 1051 519 1113 bilis
542 1052 677 1116 mansio.
1250 1056 1309 1119 bus
1330 1064 1416 1119 recta
1434 1064 1493 1136 est,
1509 1055 1613 1119 omnis
1637 1055 1771 1135 fraudis,
1787 1054 1995 1118 simulationis

483 1153 581 1212 Beati
604 1153 664 1231 qai
688 1155 812 1229 lugeat,
828 1152 957 1234 propria
981 1161 1035 1215 aut
1060 1153 1193 1216 aliorum
1249 1153 1485 1236 impietatisque
1500 1173 1631 1236 expers:
1645 1156 1802 1234 quoniam
1817 1155 1884 1230 ipsi
1896 1157 1995 1215 Deum

443 1257 573 1330 peccata
587 1249 748 1329 deflendo,
766 1250 815 1313 vel
837 1252 875 1313 ad
895 1250 1035 1315 laturam
1057 1251 1193 1314 beatitu-
1250 1254 1418 1323 videbunt,
1433 1252 1465 1314 id
1486 1261 1544 1331 est,
1561 1251 1595 1314 in
1616 1271 1715 1334 regno
1736 1250 1859 1315 coelesti
1877 1249 1995 1333 angelis

443 1347 551 1410 dinem
566 1348 765 1431 suspirando,
783 1358 837 1411 aut
851 1348 965 1412 Christi
986 1350 1193 1413 amarissimae
1250 1350 1372 1413 similes
1400 1358 1505 1431 erunt,
1534 1351 1634 1413 Deum
1662 1350 1747 1413 clare
1774 1369 1832 1432 per
1860 1349 1993 1432 speciem

443 1446 584 1529 passioni
599 1447 782 1511 cordialiter
796 1448 995 1511 condolendo
1013 1472 1020 1511 ι
1037 1452 1192 1529 quoniam
1250 1448 1506 1531 contemplando.
1536 1450 1607 1511 llaec
1642 1457 1691 1513 est
1720 1467 1795 1511 vera
1824 1448 1992 1528 beatitudo,

442 1548 508 1621 ipsi
521 1546 848 1622 consolabantur.Qui
864 1548 950 1609 enim
965 1547 1009 1609 ita
1025 1546 1193 1610 salubriter
1249 1547 1416 1629 premium
1440 1555 1708 1624 consummatum,
1733 1546 1899 1609 deiformis
1923 1546 1994 1608 assi-

444 1644 563 1725 lugent,
580 1653 742 1707 merentur
765 1666 783 1708 a
808 1647 871 1709 Deo
896 1646 928 1706 in
953 1646 1102 1755 prasenti
1127 1646 1193 1708 vita
1249 1646 1371 1708 milatio
1389 1645 1568 1724 beatorum,
1584 1645 1854 1728 quemadmodum
1875 1645 1910 1707 in
1934 1646 1993 1727 pri-

444 1742 641 1825 spiritualem
664 1743 916 1807 consolationem
938 1744 1093 1825 accipere,
1110 1744 1193 1806 sicut
1249 1764 1301 1806 ma
1319 1763 1376 1806 sua
1395 1744 1530 1826 epistola
1548 1752 1678 1808 sanctus
1698 1744 1743 1807 ait
1760 1744 1900 1807 loannes
1923 1763 1994 1826 apo-

331 1880 350 1909 s.
388 1880 429 1916 ιιι,
445 1860 479 1903 ιιι
493 1840 616 1904 Psalmo
635 1841 679 1903 ait
698 1841 795 1905 David
815 1842 993 1924 pmpbeta:
1010 1842 1190 1905 Secundum
1210 1842 1372 1909 Bstclus:
1390 1842 1563 1921 Carissimi,
1579 1862 1667 1906 nune
1680 1842 1742 1906 inlu
1757 1842 1812 1905 Dei
1827 1862 1950 1921 sumus,
1964 1852 1994 1905 θῖ
2013 1860 2109 1907 traaas

325 1964 330 1975 ·
443 1939 681 2003 multitudinem
702 1940 846 2003 dolorum
870 1959 1012 2003 meorum
1037 1942 1071 2003 in
1098 1941 1205 2004 corde
1248 1943 1390 2005 noudum
1418 1943 1565 2024 apparuit
1597 1942 1673 2023 quid
1706 1941 1848 2018 erimus,
1877 1925 2023 2005 scimus*

444 2056 527 2118 meo,
544 2037 777 2102 consolationes
799 2046 871 2119 tuae,
888 2039 1032 2119 Domine,
1049 2039 1193 2102 laetifica·
1247 2042 1398 2123 quoniam
1416 2061 1515 2123 quum
1534 2041 1728 2124 apparuerit,
1745 2041 1914 2104 similes
1886 2062 1916 2104 θι
1937 2041 1994 2104 eri-

444 2144 560 2198 verunt
577 2135 716 2197 animam
741 2155 856 2199 meam.
873 2138 974 2217 Atque
999 2145 1072 2218 post
1095 2136 1191 2199 vitam
1247 2159 1329 2218 mus,
1346 2139 1421 2221 quia
1439 2138 1620 2203 videbimus
1640 2160 1714 2203 eum
1736 2140 1830 2202 sicuti
1849 2148 1911 2203 est.
1926 2140 1994 2202 llaec

445 2235 526 2296 banc
542 2243 666 2297 aeterna
679 2233 841 2297 felicitatis
856 2234 992 2316 gloriam
1008 2235 1190 2298 sortientur.
1247 2247 1296 2300 est
1316 2237 1458 2320 perlecta
1472 2246 1567 2318 atque
1581 2237 1842 2321 incomparabilis
1862 2258 1992 2301 merces.

295 2357 364 2403 neca
366 2372 410 2409 ‚‚‚‚‚
413 2362 431 2401 a.
444 2334 523 2396 Hinc
548 2333 696 2397 Salomon
715 2357 721 2395 :
739 2333 847 2395 llelius
867 2341 916 2395 est
934 2332 1065 2415 (inquit)
1085 2334 1131 2396 ire
1153 2334 1192 2396 ad
1247 2336 1316 2401 Non
1331 2338 1410 2400 dixit
1429 2336 1573 2400 Salvator
1594 2338 1718 2418 mundi,
1734 2336 1878 2400 cbristus
1898 2337 1994 2399 virms

444 2432 575 2495 domum
590 2432 694 2494 luctus
715 2451 812 2513 quam
831 2432 870 2494 ad
889 2432 1019 2495 domurn
1041 2431 1190 2495 convivii.
1248 2446 1280 2500 et
1308 2437 1465 2519 sapientia
1492 2436 1603 2514 Patris,
1628 2437 1715 2499 Beati
1740 2436 1862 2500 mundo
1890 2438 1993 2516 corde,

304 2556 430 2608 scama,
445 2531 558 2594 Paulus
579 2549 705 2612 quoque
730 2530 892 2613 apostolus
915 2530 1079 2611 loquitur:
1096 2530 1195 2592 sene·
1248 2536 1399 2617 quoniam
1419 2534 1607 2598 mulieribus
1629 2534 1906 2599 abundantissime
1931 2554 1996 2618 per·

297 2622 318 2662 ⁴·
444 2631 549 2693 dictus
568 2629 661 2707 Deus,
678 2626 733 2710 qui
756 2628 938 2693 consolatur
963 2647 1020 2692 nos
1047 2627 1192 2691 inomni
1247 2634 1414 2710 truentur3
1431 2635 1498 2712 sed,
1515 2634 1667 2715 quoniam
1681 2634 1782 2696 Deum
1797 2633 1995 2698 videbunt.0

447 2726 651 2790 tribulatione
672 2734 790 2789 nostra.
1248 2739 1402 2814 quantum
1425 2732 1522 2794 distat
1542 2731 1714 2813 purissima
1738 2731 1856 2794 Christi
1885 2731 1997 2796 doctri·

482 2829 580 2889 Beati
594 2829 654 2905 qai
667 2828 820 2887 esuriunt
835 2836 865 2887 et
880 2827 1191 2903 sitiuntjustr'tiam,
1247 2850 1289 2893 na
1314 2829 1354 2893 ab
1383 2829 1649 2893 immundissimis
1675 2829 1871 2893 falsitatibus
1896 2830 1995 2893 llabo-

443 2926 476 2987 id
490 2934 549 3005 est,
560 2930 625 2988 tcto
639 2923 742 2987 cordis
757 2923 877 2987 aflectu
890 2923 968 3005 justi
983 2943 1053 2985 esse
1068 2924 1192 2986 deside-
1248 2929 1325 2991 meti
1342 2936 1348 2991 l
1365 2929 1500 3011 lpseque
1519 2929 1676 2992 llabomet
1689 2928 1849 2991 Christum
1868 2930 1996 2992 laudan·

442 3032 523 3102 rant,
541 3031 572 3085 et
591 3022 746 3105 justitiam
765 3022 796 3083 in
812 3022 961 3084 omnibus
983 3022 1117 3104 cupiunt
1137 3022 1192 3085 ob-
1210 3028 1233 3091 C
1248 3030 1289 3091 do
1318 3037 1350 3091 et
1373 3028 1581 3110 Evangelium
1603 3028 1820 3110 approbando,
1836 3048 1871 3092 se
1891 3030 1995 3111 ipsun

444 3123 575 3201 servari,
593 3131 627 3185 ut
640 3121 722 3185 Deus
738 3121 770 3184 in
786 3121 919 3204 singulis
934 3122 1118 3185 honoretur.
1135 3120 1192 3184 Per
1248 3137 1280 3190 et
1309 3129 1498 3191 alcoranum
1533 3147 1627 3190 suum
1658 3127 1922 3191 inexcusabiliter
1950 3146 1996 3188 re

441 3222 503 3286 hoe
528 3229 634 3284 tamen
662 3240 727 3284 non
755 3219 933 3283 excluditur
960 3220 1085 3302 pietatis
1113 3219 1193 3283 atta
1248 3227 1372 3308 probat.

443 3329 522 3384 ctus,
541 3322 702 3390 Quoniam
718 3321 783 3397 ipsi
803 3321 1054 3380 saturabantur.
1070 3319 1105 3381 ln
1127 3321 1192 3382 vita
1286 3327 1383 3387 Beati
1394 3327 1539 3404 pacifici,
1548 3325 1580 3388 id
1594 3333 1654 3402 est,
1667 3325 1721 3406 qui
1737 3324 1821 3388 intra
1835 3344 1870 3389 εθ
1886 3343 1994 3408 pacem

443 3419 529 3483 enim
551 3417 697 3500 prasenti
718 3426 804 3481 tanto
829 3417 942 3498 majori
967 3418 1068 3499 gratia
1093 3418 1193 3480 adim·
1246 3424 1386 3506 pectoris
1420 3424 1549 3502 babent,
1586 3431 1699 3505 utputa
1733 3423 1994 3505 tranquillitatem

443 3517 571 3600 plentur
589 3524 708 3599 quanto
727 3516 889 3578 ardentius
910 3534 966 3597 pro
984 3515 1116 3596 justitias
1137 3517 1192 3579 ob-
1247 3522 1363 3585 mentis
1388 3523 1421 3584 in
1447 3522 1522 3601 Deo,
1547 3541 1660 3604 pacem
1688 3540 1815 3603 quoque
1843 3521 1994 3604 temporis

443 3616 621 3679 servatione
636 3614 833 3678 alliciuntur.
850 3615 885 3677 ln
900 3614 1021 3678 coelcsti
1040 3634 1117 3678 vero
1137 3634 1192 3696 pa·
1247 3640 1320 3683 cum
1334 3620 1407 3682 aliis
1421 3620 1538 3682 babere
1562 3619 1728 3697 allectant,
1743 3627 1839 3700 atque
1858 3620 1994 3702 pacifice

443 3714 502 3778 tria
518 3715 654 3798 repletur
669 3732 778 3777 eorum
789 3713 948 3795 appetitus
962 3713 1099 3776 totaliter
1109 3713 1193 3777 bono
1247 3728 1477 3783 conversantur
1490 3737 1564 3781 cum
1579 3717 1745 3800 proximis,
1760 3727 1794 3780 et
1813 3718 1995 3782 discordan-

442 3814 564 3894 divino,
580 3822 612 3876 et
632 3821 833 3876 contentatur
856 3830 966 3875 eorum
988 3811 1135 3875 voluntas
1158 3812 1191 3874 in
1246 3827 1294 3882 tes
1322 3819 1516 3882 concordare
1544 3818 1689 3880 nituntm
1713 3841 1721 3880 :
1747 3819 1906 3897 quoniam
1930 3818 1996 3896 filii

224 3983 227 3990 ,
294 3933 425 3985 rasilis.
442 3912 515 3974 lleo.
537 3912 667 3993 Propter
691 3912 775 3992 quod
800 3911 844 3973 ait
866 3909 1032 3972 Psalmista
1059 3933 1065 3971 :
1094 3910 1193 3973 Satia-
1246 3921 1309 3981 Dei
1323 3916 1464 3999 adoptivi
1486 3919 1699 3978 vocabantur.
1715 3917 1780 3979 Hoc
1801 3915 1922 3998 quippe
1942 3933 1994 3998 pc

441 4010 510 4087 bor,
527 4028 546 4072 o
566 4009 659 4089 Deus,
675 4028 774 4091 quum
795 4007 978 4090 apparuerit
996 4007 1096 4088 gloria
1114 4017 1190 4087 tua;
1247 4015 1369 4079 tissime
1385 4014 1538 4097 competit
1552 4015 1627 4092 Deo,
1643 4033 1756 4096 pacem
1770 4033 1878 4077 amare
1899 4023 1932 4077 et
1952 4013 1995 4075 la·

307 4130 425 4181 raxam
441 4116 472 4172 et
487 4127 596 4171 rursus
613 4107 831 4188 :Adimplebis
846 4125 897 4169 me
912 4106 1021 4169 laetitia
1036 4126 1109 4170 cum
1124 4109 1193 4170 vul·
1247 4133 1331 4192 cere,
1356 4112 1411 4195 qui
1431 4113 1526 4176 etiam
1552 4112 1584 4174 in
1611 4131 1645 4175 se
1669 4113 1740 4195 ipso
1765 4112 1996 4176 invariabiliter

440 4217 475 4272 tu
496 4215 562 4271 tuo.
1206 4211 1528 4293 lltranquillissimus
1553 4217 1665 4273 exstat.
1691 4209 1749 4274 Ubi
1774 4210 1841 4291 jam
1868 4211 1992 4288 blabon,

480 4308 578 4368 Beati
592 4307 830 4376 misericordes,
845 4304 900 4386 qui
916 4304 1042 4368 miseris
1057 4324 1095 4367 ac
1110 4305 1192 4367 indi·
1246 4312 1301 4394 qui
1317 4311 1463 4375 homiues
1478 4309 1592 4374 fideles
1607 4329 1644 4373 ao
1659 4308 1817 4375 virtuosos
1838 4329 1905 4375 non
1927 4311 1992 4373 vult

439 4405 589 4486 gentibus
605 4403 775 4467 condolent
794 4411 825 4466 et
845 4412 1044 4483 succurrunt,
1062 4412 1190 4485 tamque
1245 4410 1300 4475 Dei
1320 4410 1407 4474 lilios
1426 4409 1601 4492 appellarit
1615 4409 1728 4473 Nonne
1746 4409 1869 4472 Christo
1895 4409 1993 4474 totali·

441 4503 623 4585 spirituales
648 4522 743 4583 quam
768 4502 948 4584 corporales
972 4502 1191 4585 eleemosynas
1245 4517 1293 4572 ter
1312 4507 1522 4571 contradicitl
1538 4507 1679 4588 Denique
1705 4525 1768 4570 non
1794 4507 1876 4570 dixit
1898 4508 1994 4570 ludex

440 4621 498 4686 pro
518 4621 612 4685 posse
632 4620 689 4665 suo
708 4601 875 4683 egentibus
898 4600 1074 4682 largiuntur
1091 4626 1097 4664 :
1114 4624 1190 4682 qao·
1245 4627 1283 4669 ac
1307 4606 1460 4669 Donninus
1485 4605 1629 4668 liliorum
1652 4606 1752 4668 Adam
1770 4605 1882 4668 :Beati
1907 4606 1994 4669 belli·

440 4705 531 4762 aiam
547 4703 613 4778 ipsi
633 4702 894 4761 misericordiam
914 4711 1191 4780 consequentum
1246 4705 1323 4784 cosi,
1353 4705 1437 4768 beati
1471 4704 1526 4786 qui
1559 4704 1638 4768 alios
1666 4705 1863 4787 perturbant,
1893 4706 1994 4788 impu·

440 4801 515 4880 Dec,
539 4799 690 4862 videlicet
714 4797 946 4879 indulgentiam
972 4807 1187 4880 peccatorum,
1244 4812 1353 4887 guent,
1370 4803 1542 4881 occidunt3
1559 4804 1614 4866 sed
1632 4827 1638 4864 ι
1655 4803 1741 4866 Beati
1757 4803 1901 4885 pacifici.

441 4899 632 4962 charismata
646 4898 830 4979 gratiarum,
842 4897 976 4978 gloriam
990 4897 1187 4979 angelorum.
1283 4905 1381 4964 Beati
1394 4904 1454 4981 qui
1463 4904 1721 4979 persecutiones
1730 4905 1916 4978 patiantur
1922 4921 1993 4980 pro

440 4997 710 5073 Quemadmodum
725 4996 812 5058 enim
827 4997 921 5059 bomo
941 4995 1019 5059 facit
1036 4997 1190 5080 proximis
1241 5011 1318 5078 pter
1339 5003 1524 5078 justitiam,
1552 4998 1585 5062 id
1613 5008 1662 5062 est
1693 5010 1822 5084 propter
1849 4999 1929 5064 lidei
1957 5018 1991 5062 ao

440 5099 517 5176 suis,
536 5097 581 5160 sic
602 5096 690 5159 liter
712 5117 730 5158 a
755 5097 829 5174 Deo,
847 5095 930 5158 sicut
952 5097 997 5159 ait
1019 5097 1185 5160 Salvator:
1244 5099 1398 5163 doctrinae
1418 5097 1596 5179 veritatem,
1612 5107 1666 5162 aut
1690 5107 1820 5182 propter
1840 5101 1990 5162 virtutum

325 5209 412 5256 naris.
439 5197 475 5261 ln
489 5217 553 5280 qua
567 5214 716 5259 mensura
731 5194 833 5258 mensi
852 5194 988 5274 faenilia,
1007 5195 1190 5286 remetietur
1245 5208 1400 5277 tenorem,
1416 5197 1565 5260 videlicet
1579 5196 1731 5278 quoniam
1745 5197 1823 5278 justi
1839 5207 1926 5277 sunt,
1942 5198 1990 5260 vel

291 5274 364 5356 7¹¹¹*
442 5297 544 5363 vobis
1245 5297 1321 5381 quia
1334 5295 1414 5360 alios
1429 5296 1469 5360 ad
1482 5295 1561 5359 lidei
1575 5296 1740 5362 veritatem
1754 5305 1850 5383 atque
1862 5297 1990 5382 justitia
