4309 6250
444 481 483 544 80
675 497 715 546 nx
736 495 901 546 nrouulra
923 496 960 542 ur
981 495 1129 568 uacuum
1149 496 1177 540 a.
1200 495 1229 540 v.
1252 495 1370 556 aaran,
1392 497 1481 544 arnna
1501 497 1533 544 υ.
1555 517 1597 529 -
1617 501 1687 547 aar.
1710 499 1766 548 vm

441 686 594 732 arcanum
617 663 901 749 supersapientiale
925 664 1097 728 consilium
1120 664 1231 747 ejusll
1285 664 1430 747 Insuper,
1446 674 1482 728 ut
1504 669 1634 732 tradunt
1656 669 1814 750 doctores,
1834 669 1939 734 fomes
1963 681 1993 736 θι

441 767 481 829 de
511 767 605 830 modo
634 765 778 828 salvandi
806 783 907 846 genus
935 764 1112 825 humanum
1139 781 1192 824 su·
1244 763 1350 826 omnis
1377 764 1543 829 inclinatio
1571 767 1611 828 ad
1636 769 1846 848 peccandum,
1871 769 1938 833 imo
1962 778 1994 834 et

386 919 388 926 .
441 863 573 927 blimius
601 873 793 946 penetrans;
824 870 975 943 tantoque
1009 861 1190 924 evidentius
1245 861 1399 942 peccandi
1423 863 1628 944 possibilitas,
1645 864 1757 928 ablata
1781 875 1910 930 eranta
1933 868 1992 930 lla-

440 962 591 1044 mysteria
611 961 839 1025 incarnationis
863 968 894 1022 et
912 959 1088 1021 nativitatis
1106 958 1191 1020 Chri·
1245 959 1291 1020 ria
1310 961 1531 1041 mundissima,
1549 961 1593 1023 ita
1610 963 1695 1042 quod
1711 981 1827 1046 corpus
1847 983 1911 1028 non
1932 974 1993 1028 tra-

441 1060 480 1122 sti
507 1060 700 1142 intelligens,
722 1065 840 1141 quanto
865 1056 1055 1139 singularius
1081 1057 1189 1119 datum
1244 1056 1290 1117 xit
1324 1066 1464 1121 montem
1499 1057 1600 1140 ipsius
1635 1059 1796 1140 deorsum,
1832 1081 1892 1125 nec
1928 1063 1993 1126 ulla

440 1167 489 1220 est
508 1159 538 1221 ei
559 1159 614 1221 illa
634 1159 667 1221 in
689 1177 723 1220 se
743 1157 812 1239 ipsa
832 1155 1020 1218 felicissime
1041 1154 1188 1237 experiri,
1245 1171 1384 1233 unquam
1419 1154 1599 1219 inordinata
1635 1155 1777 1236 affectio,
1814 1159 1991 1239 distractio,

441 1257 617 1338 eademque
638 1257 671 1319 iu
694 1275 732 1319 ea
754 1263 785 1318 θι
805 1273 864 1337 per
884 1273 955 1316 eam
976 1253 1113 1335 impleri.
1243 1249 1411 1331 fragilitas,
1444 1253 1710 1317 virtuosissimam
1744 1265 1886 1320 υυθυιθιυ
1923 1259 1992 1340 ejus

348 1379 426 1419 aaa.
481 1355 644 1436 Praeterea,
669 1354 758 1435 juxta
786 1359 946 1434 praetacta,
976 1370 1033 1433 per
1060 1350 1189 1413 tertium
1244 1367 1263 1410 θ
1286 1350 1563 1432 contemplationis
1588 1352 1708 1416 lumine
1738 1355 1911 1434 revocavit,
1939 1375 1993 1419 ne-

439 1472 477 1515 ae
501 1471 686 1534 supremum
708 1449 870 1531 sapientia
894 1449 1013 1512 donum
1035 1448 1073 1511 fit
1094 1450 1189 1512 horno
1243 1465 1305 1527 que
1333 1449 1501 1530 occupatio
1525 1450 1592 1512 ulla
1618 1451 1754 1515 exterior
1775 1475 1782 1514 ι
1803 1452 1869 1516 imo
1895 1473 1992 1518 omne

439 1551 529 1634 quasi
555 1549 742 1614 secretarius
767 1554 800 1610 et
823 1547 1026 1611 consiliarius
1050 1546 1117 1609 Dei.
1141 1547 1189 1608 ld·
1243 1544 1328 1625 quod
1351 1545 1417 1626 egit
1441 1547 1647 1627 extrinsecus,
1670 1548 1796 1612 assidue
1821 1550 1931 1613 retulit
1952 1553 1992 1614 ad

440 1650 537 1728 circo,
553 1669 616 1732 quo
641 1647 902 1731 praestantissima
927 1646 1015 1726 virgo
1035 1645 1131 1707 blaria
1155 1645 1188 1706 in
1243 1642 1298 1703 Dei
1328 1644 1483 1707 honorem
1516 1665 1554 1708 ao
1587 1665 1694 1708 veram
1724 1647 1870 1711 salutem.
1899 1648 1993 1712 Nulla

438 1747 500 1810 hoo
525 1764 674 1829 supremo
700 1743 865 1826 sapientiae
887 1743 971 1805 dono
994 1741 1053 1803 fuit
1074 1740 1189 1804 ineffa-
1243 1757 1369 1822 quoque
1395 1741 1549 1821 otiositas,
1580 1743 1669 1806 nulla
1696 1745 1828 1810 omissio
1856 1756 1910 1810 aut
1938 1767 1994 1811 ne-

439 1844 548 1908 biliter
572 1845 697 1906 cunctis
722 1840 904 1924 perfectior,
930 1859 968 1903 eo
993 1838 1225 1902 eminentiusB
1243 1838 1396 1919 gligentia
1425 1860 1566 1922 unquam
1600 1842 1710 1904 habuit
1738 1843 1845 1907 locum
1874 1845 1907 1908 in
1942 1865 1990 1908 ea.

437 1961 475 2005 ac
503 1941 690 2005 familiarius
717 1940 780 2003 fuit
806 1958 871 2022 prae
899 1937 1055 2000 universis
1085 1937 1189 2000 consi·
1243 1936 1315 1999 ldeo
1344 1937 1570 2017 indesinenter,
1602 1941 1754 2004 continue
1786 1951 1840 2004 aut
1868 1963 1992 2006 summe

439 2041 529 2103 liaria
556 2049 588 2104 θι
616 2039 786 2104 secretaria
815 2036 1067 2118 Omnipotentis3
1094 2045 1187 2117 atque
1243 2033 1370 2098 assidue
1394 2055 1516 2100 memor
1540 2039 1660 2101 exstitit
1683 2039 1751 2119 Dei,
1767 2041 1917 2122 cogitavit
1944 2063 1993 2106 sa-

439 2159 477 2202 cx
505 2138 697 2201 revelatione
727 2146 758 2200 et
787 2135 958 2199 intuitione
986 2135 1106 2212 divina,
1133 2152 1188 2197 no
1243 2132 1357 2212 lubria,
1384 2136 1658 2217 contemplabatur
1685 2138 1805 2218 divina,
1830 2147 1862 2202 et
1887 2141 1993 2221 perfe

440 2237 485 2300 vit
512 2236 604 2318 plura
629 2244 749 2298 secreta
774 2243 805 2298 et
830 2233 999 2297 secretiora
1024 2232 1185 2314 mysteria,
1244 2230 1384 2293 ctissime
1406 2232 1593 2314 adimplevit
1607 2234 1687 2297 illud
1705 2237 1848 2317 Apostoli
1866 2261 1873 2298 :
1890 2238 1991 2302 Omne
2016 2259 2109 2307 coeau

439 2335 535 2398 otiam
560 2335 677 2397 clarius
701 2353 796 2415 quam
820 2332 875 2394 alii
900 2331 1019 2409 Sancti,
1036 2331 1080 2393 ita
1103 2331 1186 2411 quod
1243 2329 1465 2411 quodcumque
1490 2329 1596 2394 facitis
1622 2331 1655 2393 in
1679 2334 1778 2396 verbo
1802 2343 1856 2397 θυι
1878 2354 1988 2418 opere,
2004 2325 2035 2367 ¹⁷·

439 2441 546 2496 mente
575 2432 755 2514 gratissima
788 2430 1053 2494 excellentissime
1081 2430 1186 2492 dicere
1242 2426 1348 2490 omnia
1363 2427 1397 2489 in
1413 2429 1542 2492 nomine
1557 2431 1681 2493 Domini
1700 2433 1801 2495 nostri
1816 2432 1890 2496 lesu
1904 2434 1993 2497 Chri-

327 2545 423 2598 stus.
440 2532 544 2614 potuit
557 2531 696 2594 Creatori
714 2555 720 2593 :
737 2531 859 2592 lncerta
875 2537 906 2592 θι
920 2529 1046 2592 οθθυΙιθ
1061 2529 1188 2610 sapien·
1242 2525 1281 2587 sti
1301 2526 1396 2606 agite,
1412 2527 1530 2608 gratias
1550 2537 1679 2610 agentes
1697 2531 1761 2593 Deo
1781 2539 1812 2594 et
1830 2531 1912 2595 Patri
1934 2553 1994 2616 per

440 2630 492 2693 tiae
514 2639 574 2692 tuae
595 2627 808 2691 manifestasti
831 2626 922 2689 mihi.
1242 2623 1369 2704 ipsum;
1395 2633 1427 2687 ct
1450 2627 1534 2706 quod
1562 2627 1642 2689 dixit
1665 2627 1830 2692 Psalmista
1856 2654 1864 2692 ε
1889 2631 1991 2694 Dene
2006 2655 2128 2701 rammi

479 2729 623 2809 Insuper,
659 2746 717 2810 per
751 2727 915 2789 caritatem
956 2745 1046 2788 mens
1082 2732 1187 2788 creata
1242 2723 1347 2784 dicam
1362 2723 1530 2786 Dominum
1546 2724 1681 2788 inomni
1697 2734 1994 2813 tempore,semper

438 2826 647 2908 conjungitur
666 2826 730 2888 Deo
749 2824 916 2907 potissime
933 2847 941 2887 ι
958 2832 988 2887 θι
1003 2841 1067 2904 quo
1088 2823 1121 2885 iu
1136 2843 1187 2886 ca-
1242 2822 1311 2883 laus
1333 2822 1404 2903 ejus
1425 2823 1457 2884 iu
1479 2842 1533 2886 ore
1555 2843 1638 2887 meo.
2127 2840 2128 2859 ¹

438 2925 531 2987 ritate
559 2923 658 2987 fuerit
692 2922 859 3004 sincerior,
889 2923 1066 2985 ferventior
1093 2930 1187 3004 atque
1281 2919 1435 3000 Denique,
1456 2928 1520 2983 tres
1544 2921 1595 2982 isti
1621 2921 1759 2985 effectus
1784 2923 1991 3005 hierarchici,

438 3021 622 3106 perfectior,
638 3041 675 3086 eo
695 3019 839 3084 intimius
860 3040 896 3084 ac
917 3019 1108 3083 familiarius
1123 3022 1187 3084 Deo
1202 3023 1224 3086 G
1242 3019 1382 3099 purgari,
1398 3019 1571 3082 illuminari
1594 3029 1624 3083 θι
1648 3023 1775 3103 perfici,
1791 3024 1830 3086 ad
1848 3025 1992 3089 invicem

437 3121 558 3202 unitur,
589 3119 749 3203 copiosius
782 3138 909 3201 quoqne
942 3119 983 3184 ab
1016 3119 1087 3202 ipso
1115 3118 1187 3182 illu·
1242 3127 1316 3180 sunt
1335 3119 1469 3182 connexi
1487 3144 1495 3181 ι
1512 3119 1557 3183 sic
1577 3120 1661 3202 quod
1681 3121 1719 3185 ad
1741 3122 1895 3204 majorem
1913 3145 1993 3207 pur-

438 3220 587 3300 minatur,
612 3219 755 3283 eruditur
773 3239 810 3282 ao
830 3219 970 3300 ungitur.
996 3218 1113 3280 Electis
1142 3226 1186 3280 et·
1241 3216 1402 3297 gationem
1428 3217 1571 3299 sequitur
1594 3218 1787 3284 illuminatio
1811 3222 1924 3303 major,
1951 3224 1993 3286 ad

438 3318 523 3381 enim
545 3317 610 3380 suis
636 3317 804 3399 precipuis
824 3317 906 3379 Deus
931 3315 1121 3392 adorandus,
1138 3335 1187 3379 es·
1242 3313 1396 3396 maJorem
1428 3334 1553 3397 quoque
1587 3316 1852 3382 illuminationem
1885 3321 1993 3402 maior

438 3415 615 3479 sentialitar
634 3416 736 3479 bonus
756 3422 787 3478 et
807 3413 1057 3477 substantialiter
1072 3414 1185 3476 caritas
1240 3412 1406 3493 perfectio.
1431 3414 1515 3494 ldeo,
1545 3414 1628 3477 sicut
1654 3416 1748 3479 unica
1776 3418 1866 3499 virgo
1893 3418 1991 3482 llaria

437 3514 517 3596 ipsa,
539 3532 596 3576 sua
620 3514 732 3596 pandit
757 3520 888 3593 secreta,
910 3511 991 3573 sicut
1014 3511 1047 3573 in
1072 3511 1185 3574 Genesi
1241 3511 1365 3573 cunctis
1399 3520 1466 3574 erat
1500 3513 1792 3595 incomparabiliter
1825 3518 1992 3600 purgatior

219 3662 223 3669 .
298 3634 422 3687 canui.
437 3612 481 3675 ait
511 3634 518 3674 :
547 3610 630 3675 Νιυυ
659 3609 762 3674 celare
791 3618 900 3693 potero
928 3609 1086 3671 Abraham
1115 3629 1185 3691 quae
1240 3618 1334 3688 atque
1368 3609 1551 3691 perfectior,
1588 3611 1632 3673 ita
1666 3621 1698 3674 et
1731 3631 1795 3694 prae
1829 3614 1991 3679 universis

289 3700 322 3741 ¹⁷·
437 3709 578 3771 facturus
608 3710 701 3771 sumt
726 3708 812 3771 Unde
835 3714 868 3769 et
889 3708 985 3771 Amos
1010 3707 1091 3770 dixit
1114 3726 1185 3789 pro-
1241 3706 1365 3769 Sanctis
1400 3708 1610 3772 ineffabiliter
1649 3709 1917 3775 illuminatissima
1958 3722 1992 3776 et

288 3831 421 3883 amauri.
436 3809 532 3890 pheta
548 3831 555 3869 :
572 3806 641 3871 Non
666 3805 762 3869 faeiat
782 3804 934 3868 Dominus
958 3806 1104 3883 verbum,
1121 3805 1184 3868 nisi
1241 3804 1580 3887 contemplativissima
1609 3808 1739 3869 exstitit.
1769 3809 1809 3870 lt
1836 3828 1911 3873 voro
1947 3812 1990 3874 de

436 3914 594 3968 secretum
615 3923 708 3967 suum
724 3902 913 3967 revelaverit
926 3902 965 3964 ad
986 3922 1096 3966 servos
1111 3922 1185 3966 suos
1240 3902 1412 3965 eminentia
1451 3903 1643 3985 cognitionis
1681 3906 1785 3969 Maria
1824 3907 1989 3973 altissima

436 4004 617 4086 Prophetas.
647 4003 721 4066 ldeo
749 4001 948 4065 electissima
981 4021 1018 4063 ac
1046 4000 1185 4064 dilectis·
1240 4009 1367 4063 sanctus
1392 4002 1436 4063 nit
1459 4002 1638 4065 Bernardus
1659 4024 1666 4063 ε
1688 4004 1775 4085 Quis,
1796 4005 1852 4069 illa
1876 4005 1988 4071 forsan

436 4102 525 4165 simae
549 4121 613 4165 suae
638 4119 773 4182 sponsae,
799 4100 864 4163 imo
890 4108 922 4163 et
946 4099 1184 4183 procerissima
1240 4106 1371 4179 excepta
1399 4118 1468 4180 quas
1494 4099 1561 4162 sola
1585 4101 1618 4163 in
1643 4121 1677 4164 se
1700 4103 1761 4166 hoc
1788 4103 1906 4166 meruit
1933 4124 1989 4168 ex·

436 4199 536 4279 Matri,
562 4197 862 4262 excellentissimam
888 4198 1080 4263 condonavit
1104 4197 1185 4261 divi·
1199 4203 1224 4264 D
1238 4195 1346 4277 periri,
1367 4194 1530 4259 intellectu
1552 4198 1655 4261 valeat
1678 4219 1793 4283 capere
1817 4210 1871 4264 aut
1893 4201 1990 4267 ratio-

436 4316 551 4361 norum
570 4296 783 4361 intuitionem.
1239 4313 1280 4356 ne
1304 4294 1486 4358 discernere
1509 4295 1646 4377 qualiter
1670 4297 1901 4362 inaccessibilis
1929 4300 1987 4365 ille

476 4395 633 4478 Amplius,
649 4396 775 4477 egregia
796 4404 827 4459 ot
845 4394 1023 4478 propinqua
1043 4402 1184 4459 coutem-
1239 4393 1390 4475 splendor
1403 4393 1557 4475 virgineis
1572 4414 1605 4457 se
1620 4394 1773 4458 infuderit
1786 4396 1986 4463 visceribus‘l

437 4494 544 4578 plaudi
563 4493 732 4576 dispositio
753 4502 801 4557 est
815 4495 935 4576 puritas
950 4493 1079 4575 mentis,
1094 4494 1183 4574 juxta
1238 4491 1312 4573 quia
1344 4490 1497 4554 nimirum
1529 4511 1579 4555 res
1607 4503 1674 4555 erat
1700 4493 1734 4555 in
1762 4504 1985 4576 sacrament03

315 4621 404 4667 „apg
435 4594 520 4675 quod
548 4593 593 4655 ait
620 4592 790 4655 Salvator:
811 4592 897 4655 Beati
925 4593 1046 4656 mundo
1074 4595 1181 4674 corde,
1238 4597 1271 4653 et
1297 4589 1381 4670 quod
1409 4590 1476 4653 sola
1504 4610 1562 4672 per
1584 4610 1619 4653 se
1643 4591 1778 4655 Trinitas
1801 4593 1834 4655 in
1858 4594 1926 4657 sola
1952 4604 1988 4658 et

286 4697 309 4737 ’ν
324 4687 344 4731 ⁸·
436 4691 587 4774 quoniam
615 4690 676 4773 ipsi
706 4690 805 4753 Deum
834 4690 997 4753 videbunt.
1024 4691 1124 4770 Unde,
1149 4700 1183 4753 ut
1238 4707 1311 4751 oum
1337 4688 1405 4751 sola
1429 4687 1558 4769 Virgine
1581 4688 1683 4752 voluit
1705 4690 1843 4771 operari,
1868 4692 1898 4755 ei
1922 4693 1985 4756 soli

337 4812 376 4854 ιιι
391 4823 420 4855 u.
436 4798 554 4854 tactum
578 4798 627 4853 est
651 4808 758 4870 supra,
781 4788 950 4871 Sapientia
977 4789 1114 4871 septimo
1138 4789 1184 4851 le·
1237 4787 1346 4848 datum
1360 4793 1408 4850 est
1428 4804 1522 4850 nosse
1538 4785 1590 4848 cui
1609 4787 1717 4849 datum
1732 4795 1781 4850 est
1798 4788 1985 4855 felicissime

287 4907 420 4966 separer.
435 4889 521 4971 gitur
552 4912 559 4949 :
589 4887 752 4969 Sapientia
780 4886 813 4949 in
842 4888 965 4949 animas
994 4895 1120 4950 sanatas
1147 4907 1182 4950 se
1237 4884 1383 4967 experiri.
1404 4884 1532 4947 Dicatur
1559 4903 1635 4965 ergo
1655 4908 1663 4947 ε
1684 4885 1819 4968 Spiritus
1848 4887 1984 4954 Sanctus
2012 4912 2116 4959 aare

434 4985 595 5051 transfert.
626 4985 758 5063 ldcirco,
789 5002 852 5067 quo
885 4983 1182 5047 misericordissima
1237 4982 1441 5065 superveniet
1464 4982 1498 5045 iu
1523 4991 1565 5061 te,
1581 4982 1636 5064 qui
1660 4990 1691 5045 te
1714 4984 1825 5065 utique
1848 5004 1904 5048 sua
1926 5004 1984 5068 po·

434 5086 524 5168 virgo
550 5084 648 5147 Maria
676 5084 799 5146 cunctis
823 5082 947 5145 Sanctis
975 5080 1036 5145 fuit
1063 5082 1097 5145 in
1126 5101 1183 5164 pu·
1236 5081 1336 5143 tentia
1375 5079 1582 5159 fecundabit;
1617 5090 1650 5145 et
1689 5080 1790 5145 virtus
1823 5083 1981 5148 altissimi

434 5183 527 5247 ritate
554 5180 747 5265 preclarior,
776 5199 815 5244 eo
847 5188 878 5243 ct
905 5179 940 5242 in
968 5180 1116 5243 acumine
1145 5199 1182 5243 ac
1236 5178 1440 5243 obumbrabit
1467 5179 1537 5259 tibi,
1563 5180 1623 5243 hoe
1651 5187 1709 5261 est,
1734 5179 1827 5243 illum
1850 5183 1982 5247 modum

433 5279 559 5345 fervore
580 5276 1057 5367 contemplationissublimior.
1237 5295 1300 5358 quo
1332 5277 1372 5339 de
1404 5276 1523 5359 Spiritu
1550 5276 1666 5341 Sancto
1694 5278 1868 5361 concipies,
1893 5280 1983 5347 Chri-
