4309 6250
397 515 438 562 ua
458 515 622 564 oremmrn
643 517 680 564 aa
700 517 849 564 tammus
870 518 899 563 a.
922 518 951 562 v.
974 516 1092 575 naara,
1115 517 1203 566 amaa
1223 517 1245 564 1.
1268 535 1309 548 —
1328 519 1398 565 aar.
1421 520 1508 568 xrvrr
1689 499 1727 565 tl

179 682 354 765 virginitas,
372 693 522 768 tauquam
538 707 666 750 carnem
682 687 783 770 ipsam
799 687 926 750 femina
941 689 965 750 A
982 705 1041 750 ma
1060 706 1130 750 eam
1150 688 1190 750 ad
1209 688 1450 771 conceptionem
1473 687 1546 752 Filii
1571 687 1627 751 nai
1652 704 1731 770 prea-

179 781 276 862 hujus
305 783 478 865 praesertim
506 785 677 866 aptificans
706 786 745 847 ad
775 785 926 847 unionem
982 785 1091 847 sertim
1113 787 1246 868 aptavit.

179 897 251 940 cum
268 879 371 943 Verbo
393 879 531 944 infinitae
553 883 738 961 munditiam
756 881 924 964 sapientia,
1020 884 1128 967 ltaque
1142 885 1206 947 dici
1224 892 1338 967 potest,
1356 886 1440 967 quod
1456 904 1580 948 summa
1595 892 1627 947 et
1645 902 1730 946 ama·

179 983 329 1058 tanquam
344 997 362 1040 a
377 979 491 1042 creatis
506 980 544 1042 ad
561 980 735 1042 increatum
752 979 830 1042 illud
842 979 927 1061 obje-
980 981 1139 1044 bilissima
1160 983 1267 1064 Virgo,
1289 991 1444 1063 quantum
1468 983 1507 1045 ad
1533 980 1728 1063 superiorem

179 1079 265 1136 ctum
287 1075 406 1139 directe
428 1077 637 1160 intuitiveque
658 1078 798 1140 elevans.
817 1077 923 1154 Porro,
981 1080 1046 1141 vim
1072 1099 1162 1142 suam
1185 1079 1405 1161 appetitivam,
1422 1081 1557 1142 maxime
1582 1078 1730 1160 dispone-

179 1190 236 1253 per
256 1172 525 1255 pulchritudinem
548 1194 603 1238 seu
625 1175 926 1257 docoremVirgiois
981 1177 1073 1240 batur
1092 1178 1202 1240 adbel
1224 1178 1467 1258 conceptionem
1488 1197 1525 1240 ac
1548 1176 1730 1239 matemita·

178 1270 364 1350 benedictae,
395 1281 499 1354 potest
534 1272 669 1355 intelligi
705 1274 870 1355 congeries
895 1281 926 1336 et
980 1283 1043 1337 tem
1061 1293 1118 1356 per
1133 1274 1288 1336 actualem
1305 1273 1575 1337 ferventissimam
1590 1273 1729 1338 dilectio

178 1375 320 1450 ornatus,
336 1371 492 1434 connexio
511 1381 543 1432 et
566 1371 834 1454 complementum
859 1389 927 1434 om·
980 1391 1054 1434 nem
1068 1372 1124 1434 llei
1139 1381 1171 1434 et
1185 1371 1399 1454 proximorum
1413 1396 1421 1451 3
1438 1380 1593 1454 quantum
1607 1372 1647 1434 ad
1662 1370 1728 1434 vim

178 1466 268 1530 nium
285 1467 436 1530 virtutum
451 1477 482 1532 et
497 1471 652 1533 donorum
676 1469 925 1552 meritorumque
980 1470 1179 1550 rationalem,
1196 1489 1254 1552 per
1272 1469 1372 1533 fidem
1392 1469 1602 1533 certissimam
1622 1477 1654 1532 et
1675 1470 1730 1534 do-

178 1565 415 1646 gratiosissima
430 1567 542 1646 florias,
553 1586 609 1650 per
624 1586 693 1649 quas
708 1567 815 1630 omnia
830 1567 924 1630 simul
980 1587 1056 1630 num
1076 1568 1241 1650 sapientie
1265 1567 1297 1629 in
1324 1569 1424 1649 gradu
1448 1568 1613 1650 perfecto,
1630 1587 1730 1651 quan·

178 1673 305 1745 sumpta
318 1664 455 1728 maxime
470 1665 533 1729 Deo
547 1666 749 1748 complacuit,
760 1673 792 1728 et
807 1666 839 1728 in
855 1667 925 1748 ajtrs
979 1675 1047 1728 tum
1067 1666 1105 1728 ad
1128 1667 1193 1728 vim
1219 1665 1423 1744 irascibilem,
1441 1686 1497 1748 per
1518 1667 1730 1750 profundissi-

177 1771 311 1825 matrem
333 1772 496 1847 assumpta
517 1771 575 1826 est.
980 1785 1063 1828 mam
1079 1765 1313 1843 humilitatem;
1330 1774 1485 1846 quantum
1505 1785 1580 1829 vero
1600 1766 1640 1828 ad
1660 1766 1728 1829 vim

217 1859 369 1934 Quocirca
389 1863 599 1942 pensandum,
615 1863 699 1944 quod
722 1861 754 1924 in
780 1861 925 1924 incarna—
942 1861 966 1925 B
981 1863 1259 1946 concupiscibilem
1275 1872 1306 1926 ct
1318 1865 1491 1946 potentiam
1503 1865 1725 1946 generativam,

177 1956 263 2021 tione
278 1967 310 2020 et
323 1960 531 2041 conceptione
546 1961 616 2022 Filii
631 1960 685 2023 Dei
701 1960 800 2022 multa
822 1961 925 2024 consi·
980 1983 1037 2046 per
1050 1970 1302 2026 consummatam
1319 1981 1355 2024 ac
1371 1961 1661 2025 redolentissimam
1676 1983 1729 2026 oa·

176 2057 337 2119 derantur.
367 2057 506 2120 Primum
542 2067 590 2120 est
618 2058 865 2140 supernaturalis
893 2066 925 2120 et
979 2062 1117 2124 stitatem
1141 2085 1148 2123 ε
1172 2061 1282 2141 sicque
1304 2079 1339 2123 se
1360 2069 1457 2124 totam
1472 2061 1617 2123 exhibuit
1638 2061 1730 2125 Crea-

176 2154 511 2235 incomprebeusibilis
530 2155 670 2219 arduitas
690 2156 758 2218 sive
782 2155 925 2219 sublimi·
979 2161 1050 2238 tori,
1067 2167 1099 2222 et
1117 2160 1146 2222 ei
1168 2159 1403 2240 perfectissime
1417 2158 1569 2222 obedivit.
1587 2158 1676 2222 Unde
1698 2168 1730 2222 et

177 2251 320 2314 testanti
342 2252 495 2334 mysterii.
512 2252 634 2315 ldcirco
652 2251 713 2315 boc
736 2252 864 2314 credere
886 2268 924 2313 ex
979 2257 1060 2319 Deus
1088 2257 1302 2338 omnipotens,
1328 2256 1383 2337 qui
1412 2256 1636 2320 obedientibus
1665 2257 1728 2320 sibi

177 2367 210 2410 se
236 2349 382 2431 pmtinus
406 2349 657 2431 adimplendum,
680 2349 742 2412 fuit
766 2349 923 2432 praecipue
979 2353 1133 2435 plenarie,
1163 2354 1244 2417 solet
1271 2355 1503 2434 quodammodo
1531 2354 1670 2434 obedire,
1696 2357 1728 2419 id

176 2447 375 2511 meritorium
394 2447 527 2529 :sicque
552 2446 635 2510 fides
659 2447 867 2510 serenissimae
892 2455 924 2509 et
978 2461 1027 2514 est
1045 2471 1103 2535 per
1126 2453 1255 2516 modum
1279 2452 1458 2517 obedientis
1481 2472 1591 2517 eorum
1616 2473 1728 2536 preces

176 2544 394 2626 glorificandae
408 2546 509 2608 llariae
527 2565 597 2609 eam
619 2547 659 2609 ad
680 2546 922 2626 conceptionem
978 2569 1015 2613 ac
1030 2549 1188 2613 desideria
1203 2551 1349 2614 celeriter
1363 2551 1550 2633 adimplere,
1560 2550 1665 2614 factus
1680 2560 1729 2614 est

177 2642 273 2706 Verbi
296 2643 405 2706 aeterni
431 2643 612 2725 specialiter
636 2643 835 2726 preparavit.
852 2642 924 2707 Pro-
978 2646 1130 2711 obediens
1155 2648 1230 2711 huic
1253 2648 1521 2712 obedientissimae
1548 2656 1643 2729 atque
1670 2649 1729 2711 hu·

19 2765 104 2818 rw,
123 2770 159 2812 aa.
177 2742 345 2822 pterqnod
360 2740 481 2804 dictum
496 2740 587 2804 estei
605 2764 612 2802 ε
629 2741 807 2824 Beataquae
822 2741 924 2804 credi·
978 2745 1119 2809 millimae
1152 2765 1189 2809 ac
1222 2746 1459 2809 amabilissimo
1491 2765 1556 2809 susa
1589 2746 1725 2826 ancillae,

175 2839 423 2920 disti,quoniam
438 2838 646 2922 perficientur
661 2839 694 2902 in
709 2848 739 2902 te
754 2859 825 2922 qua
838 2839 924 2903 dicta
976 2842 1119 2925 fecitque
1137 2863 1208 2907 eam
1228 2863 1318 2907 suam
1342 2852 1476 2906 matrem
1500 2863 1538 2907 ac
1563 2844 1653 2926 regni
1678 2844 1727 2907 sui

176 2945 251 3001 sunt
271 2938 328 3001 tibi
343 2956 362 3000 a
377 2937 521 3000 Domino.
539 2937 684 3001 &cundo
706 2937 924 3000 consideratur
977 2941 1177 3023 participem.

175 3035 209 3098 in
234 3034 451 3098 incarnatione
479 3043 511 3098 et
539 3034 748 3118 conceptione
771 3035 841 3098 Filii
867 3035 959 3099 lleiG

174 3152 299 3198 summa
320 3133 450 3198 dilectio
465 3134 519 3197 noi
535 3136 574 3197 ad
589 3154 690 3217 genus
712 3135 887 3197 humanum
912 3158 919 3197 :

173 3250 237 3313 qua
251 3240 315 3293 tam
330 3231 512 3295 immediate
526 3240 558 3295 et
572 3232 715 3315 proxime
732 3232 837 3295 univit
859 3232 919 3295 sibi
1135 3206 1379 3272 ARTICULUS
1411 3206 1555 3272 XXVH.

173 3329 345 3392 humanam
362 3338 507 3393 mmmm
529 3331 562 3393 in
585 3349 661 3393 ⁵⁰¹⁰
682 3330 767 3393 virili
788 3350 845 3414 per
866 3330 921 3413 hi'
1058 3356 1107 3416 De
1120 3356 1295 3414 nativitate
1309 3358 1428 3416 Sancti
1440 3359 1638 3417 Sanctorum

173 3427 360 3509 postaticum
394 3428 557 3507 unionem,
586 3429 758 3491 numanam
794 3446 920 3511 quoquo
1021 3462 1061 3502 eo
1092 3445 1284 3503 aurearoma
1315 3464 1354 3504 ac
1385 3447 1674 3507 attemerare.

174 3542 343 3607 personam
367 3525 400 3586 in
426 3544 502 3588 sexu
525 3524 677 3604 femineo,
702 3525 825 3588 faciens
849 3544 919 3589 eam

174 3624 335 3705 pmpriam
351 3631 495 3701 matrem,
512 3630 547 3685 ut
568 3642 624 3705 per
642 3623 709 3687 haeo
731 3623 868 3687 salvaret
888 3631 921 3687 ot
1046 3631 1296 3695 VANOFLIZO
1335 3633 1423 3691 vobis
1455 3636 1618 3709 paediam
1655 3654 1722 3694 ma·
1736 3657 1819 3709 aaa.
1836 3660 1869 3709 ra,

173 3720 414 3799 sibiunirat,in
436 3721 582 3803 praesenti
604 3722 813 3803 pergratiam
835 3722 918 3783 etin
1049 3748 1154 3806 qaum
1178 3747 1191 3787 .·
1213 3730 1293 3807 qaia
1317 3738 1485 3789 natusest
1514 3730 1601 3789 vodis
1628 3732 1723 3791 laodic
1737 3722 1770 3763 ¹¹·

172 3819 281 3882 futuro
305 3838 362 3901 per
384 3818 530 3899 gloriam,
555 3826 655 3882 totum
683 3838 785 3901 genus
809 3819 919 3882 huma·
972 3828 1139 3894 Salvator,
1163 3827 1224 3903 qui
1245 3834 1292 3885 est
1316 3827 1466 3886 Christus
1488 3829 1660 3898 Dominus,
1685 3831 1722 3888 in

19 3938 158 3993 epactae
172 3935 260 3979 num.
277 3918 349 3980 ldeo
371 3916 415 3979 ait
430 3918 597 3999 Apostolus
615 3940 621 3979 :
640 3917 769 3999 Pmpter
789 3918 917 3981 nimiam
971 3924 1106 3982 civitate
1118 3924 1240 3984 David.
1257 3921 1368 3985 Omnia
1388 3922 1422 3984 in
1438 3922 1564 4003 Virgine
1585 3922 1723 4005 gloriosa

19 4000 157 4053 ⁶“V‘·''·‘·
172 4016 333 4079 caritatem
363 4033 424 4097 qna
452 4014 563 4077 dilexit
591 4032 652 4077 nos
677 4015 778 4094 Pater,
804 4015 917 4079 Filium
972 4018 1102 4081 fuerunt
1116 4020 1367 4102 supernaturalia
1380 4040 1419 4083 ao
1433 4020 1542 4083 divina
1560 4021 1594 4083 in
1615 4023 1722 4086 conci·

171 4132 264 4177 suum
286 4114 384 4177 misit.
401 4114 501 4195 Atque
521 4113 650 4177 loannis
673 4114 766 4177 tertio
789 4113 915 4179 fertur:
971 4116 1089 4198 piendo
1103 4136 1141 4179 ao
1161 4118 1324 4198 pariendo.
1341 4116 1410 4180 Non
1431 4118 1517 4180 enim
1539 4119 1646 4182 decuit
1665 4140 1722 4184 au·

31 4233 155 4287 raanan,
170 4212 222 4276 Sic
237 4212 319 4275 Dens
334 4210 444 4275 dilexit
458 4212 625 4291 mundum,
642 4220 676 4274 ut
694 4210 808 4275 Filium
824 4231 917 4276 suum
933 4220 958 4285 Ι)
972 4223 1093 4279 ctorem
1122 4223 1252 4295 natura,
1276 4215 1456 4279 Creatorem
1486 4218 1718 4299 universorum,

21 4301 54 4342 ¹⁶·
169 4308 368 4391 unigenitum
390 4309 490 4373 daret.
516 4308 619 4373 Tertio
640 4308 859 4374 consideratur
883 4311 916 4374 in
973 4314 1194 4376 communibus
1218 4314 1343 4396 legibus
1367 4314 1544 4395 subjacere,
1567 4324 1621 4379 aut
1645 4335 1721 4381 con·

170 4407 379 4490 conceptione
394 4406 465 4469 Filii
485 4406 539 4469 Dei
560 4406 698 4469 maxima
718 4407 857 4489 dignitas
879 4428 916 4473 ac
973 4421 1063 4474 sueto
1087 4430 1182 4475 cursu
1206 4420 1325 4475 naturae
1348 4413 1475 4492 arctari,
1497 4422 1553 4476 aut
1575 4414 1720 4479 ordinem

168 4513 308 4589 potestas
337 4504 477 4587 Virginis
510 4505 732 4587 concipientis,
762 4524 832 4587 quaa
859 4526 916 4589 per
972 4510 1063 4573 illum
1079 4508 1197 4572 servari
1212 4508 1244 4571 in
1260 4509 1394 4573 Domino
1409 4529 1504 4592 quem
1525 4511 1594 4595 ipse
1614 4514 1721 4597 subje-

169 4604 229 4667 hoc
244 4603 329 4667 facta
342 4610 391 4667 ost
404 4602 568 4685 dignitatis
587 4603 820 4684 quodammodo
841 4603 916 4668 infi-
971 4607 1030 4670 ctis
1054 4606 1207 4690 imposuit
1229 4609 1382 4671 creaturis
1400 4632 1407 4671 ε
1424 4609 1489 4673 imo
1514 4610 1578 4672 Rex
1598 4611 1667 4693 ipse
1688 4619 1721 4674 et

168 4702 254 4780 nite,
271 4709 302 4765 et
320 4701 449 4765 domina
469 4720 507 4765 aa
531 4702 640 4784 regina
665 4703 760 4766 totius
788 4706 911 4769 mundi.
970 4705 1123 4767 Dominus
1142 4705 1318 4786 maiestatis
1339 4706 1514 4788 immensae,
1531 4728 1627 4791 supra
1648 4728 1720 4772 cur·

169 4799 285 4881 Sicque
313 4800 477 4863 humilitas
506 4799 696 4863 beatissimas
718 4802 822 4865 llarioe
843 4822 914 4867 eam
971 4822 1041 4866 sum
1056 4810 1089 4866 et
1101 4805 1247 4867 ordinem
1268 4806 1443 4868 naturalem
1465 4806 1567 4869 voluit
1587 4826 1606 4870 a
1627 4827 1719 4871 mun·

169 4898 328 4981 praecipue
360 4900 399 4961 ad
432 4898 486 4961 Dei
519 4898 753 4963 maternitatem
781 4902 912 4983 aptavit,
970 4902 1103 4964 dissime
1127 4911 1222 4984 atque
1247 4902 1444 4967 sanctissima
1463 4904 1590 4987 Virgine
1615 4907 1715 4985 nasci,

21 5025 155 5078 impr,
166 4996 256 5079 juxta
271 4996 349 5059 illud
365 4997 448 5077 quod
464 4996 581 5078 legitur
597 5022 603 5059 :
620 4998 678 5072 Qui
701 5018 734 5061 se
754 4999 912 5082 humiliat,
970 5000 1238 5082 quemadmodum
1253 5009 1284 5063 et
1298 5010 1472 5084 conceptus
1486 5001 1548 5065 fuit
1561 5004 1601 5066 ab
1615 5024 1663 5068 ea.

168 5095 368 5159 exaltabitur.
398 5095 525 5173 Quarto,
554 5095 750 5159 familiaritas
779 5100 915 5163 maxima
1009 5100 1116 5182 ltaque
1131 5108 1223 5182 partu
1237 5100 1374 5181 Virginis
1393 5102 1591 5183 imminente,
1608 5122 1840 5175 ascen-ruam.

167 5202 198 5256 et
212 5192 443 5256 administratio
464 5194 569 5256 carnis
591 5193 687 5257 nnita
702 5196 805 5261 Verbo
826 5206 915 5261 uter-
970 5199 1016 5263 dit
1044 5198 1114 5280 ipsa
1137 5217 1210 5261 cum
1241 5216 1298 5261 suo
1324 5198 1467 5262 ministro
1495 5200 1528 5262 a.
1555 5201 1671 5283 loseph
1698 5222 1718 5267 a

168 5308 211 5354 no
228 5289 341 5353 :etita
356 5290 498 5373 virginea
512 5292 641 5355 castitas
660 5294 763 5357 llario
784 5296 915 5378 purissi-
971 5298 1098 5361 civitate
1113 5317 1170 5360 aua
1184 5296 1334 5360 Nazareth
1350 5298 1383 5360 iu
1397 5298 1579 5362 Bethlehem
1594 5301 1715 5384 urbem,
