4309 6250
549 524 668 575 corrma
689 520 857 571 ιιιιιιιιιι
877 518 1048 579 nanuum,
1071 518 1159 567 amaa
1179 520 1220 567 ιι.
1242 538 1284 551 -
1303 521 1373 568 ιιι.
1395 522 1438 570 xx
1711 502 1769 569 bil

224 717 363 780 eumque
376 698 569 781 evangelice
583 696 647 779 legi
662 694 803 779 perlecta
816 691 970 757 obediens
985 690 1010 754 Α
1028 690 1093 755 vita
1116 692 1241 775 remoti,
1257 694 1341 775 quod
1366 692 1393 755 si
1417 694 1490 777 quis
1511 693 1559 757 eis
1583 712 1698 757 manus
1721 692 1776 757 ab·

224 798 333 877 luerit,
349 797 421 863 luce
435 795 553 861 clarius
572 795 653 859 sciet
669 790 972 877 experimentaliter-
1028 790 1176 854 scidisset
1190 800 1245 854 aut
1259 792 1366 873 pedes,
1383 811 1585 875 nequaquam
1601 792 1777 856 sensissent

224 916 287 979 que
307 904 489 977 cognoscet,
504 894 589 976 quod
609 893 692 957 tides
713 899 746 955 et
766 890 817 954 lex
831 889 973 953 christia·
1028 890 1162 953 durante
1187 898 1278 973 raptu
1301 909 1422 955 eorum.
1439 891 1526 966 Quod
1551 892 1661 973 utique
1684 910 1779 974 expe-

225 1014 268 1059 na
291 1014 366 1059 vere
391 1015 409 1058 a
428 995 491 1058 Deo
512 994 563 1071 sit,
580 991 627 1055 nil
646 990 723 1071 doli,
739 989 784 1053 nil
805 988 973 1053 continens
1030 988 1144 1052 rientia
1167 998 1253 1056 certa
1277 990 1405 1054 edocuit
1421 1014 1429 1054 e
1445 1010 1520 1053 nam
1545 999 1578 1053 et
1600 1010 1620 1054 a
1643 990 1778 1054 curiosis

225 1094 386 1157 falsitatis.
402 1092 527 1157 Etenim
552 1111 608 1175 per
632 1100 696 1153 tarn
722 1088 906 1153 insolubilia
926 1106 975 1150 ar·
1029 1097 1061 1151 et
1080 1088 1125 1151 rei
1144 1088 1242 1170 hujus
1263 1088 1437 1152 incredulis
1457 1088 1679 1171 multipliciter
1698 1107 1780 1172 pun·

224 1201 388 1277 gumenta,
404 1211 462 1274 per
476 1200 540 1255 tam
560 1190 699 1273 gloriosa
721 1187 874 1251 miracula
889 1204 975 1249 cem·
1030 1188 1087 1265 eti,
1116 1188 1220 1265 tracti,
1246 1188 1370 1267 tentati,
1399 1188 1481 1251 nilril
1509 1196 1690 1267 senserunt,
1719 1207 1780 1251 nec

225 1292 389 1375 probatur,
406 1291 490 1373 quod
511 1286 687 1353 adversarii
711 1286 855 1350 veritatis
879 1286 973 1349 aliam
1031 1288 1220 1369 sangninem
1244 1286 1449 1365 elluderuut;
1467 1296 1559 1371 raptu
1583 1296 1688 1351 autem
1712 1308 1781 1351 ces·

226 1390 383 1455 evadendi
400 1389 483 1453 viam
502 1406 567 1451 non
587 1388 789 1467 invenerunt,
806 1384 868 1447 nisi
891 1385 975 1466 quod
1032 1394 1121 1449 sante
1139 1386 1307 1448 redeuntes
1327 1387 1365 1448 ad
1389 1405 1433 1463 se,
1450 1385 1636 1468 gmvissime
1655 1385 1781 1469 uitligo·

226 1489 278 1553 vel
295 1488 370 1551 talia
385 1486 469 1550 lacta
482 1505 553 1549 esse
568 1492 776 1567 negavemnt,
783 1491 838 1547 aut
852 1482 976 1563 magica
1032 1484 1158 1562 bantur,
1174 1490 1206 1545 et
1220 1482 1407 1565 sanguinem
1422 1486 1623 1549 emanabant.
1637 1476 1780 1567 Deuiqm

226 1595 295 1651 arte
311 1587 394 1649 lacta
408 1605 478 1649 esse
498 1583 684 1649 srnxemnt:
700 1600 836 1665 qucmm
857 1589 977 1643 utrum·
1031 1583 1161 1663 quidam
1181 1582 1228 1645 sic
1250 1583 1342 1664 rapti,
1358 1582 1452 1646 etiam
1475 1602 1607 1665 corpore
1633 1583 1781 1648 levaban·

50 1692 139 1742 tib!
159 1696 213 1735 ut
227 1704 292 1767 qua
320 1683 522 1767 reprobatum
548 1691 596 1746 est
621 1680 761 1765 copiose.
778 1680 850 1757 Sed,
872 1688 905 1741 ut
933 1678 978 1741 ait
1033 1688 1084 1742 tur
1098 1688 1130 1742 et
1147 1680 1355 1791 pendebant
1347 1700 1382 1742 ιιι
1403 1700 1488 1760 aere,
1503 1679 1604 1763 aliqui
1624 1681 1732 1764 altius,
1749 1690 1780 1745 et

41 1770 87 1807 vn,
107 1770 168 1799 ιιιι.

227 1781 384 1860 Salvator,
400 1780 580 1845 volentibus
602 1780 797 1845 voluntatem
815 1776 871 1840 llei
893 1776 978 1840 lace·
1031 1777 1130 1860 aliqui
1160 1778 1265 1841 minus
1292 1778 1365 1842 alte.
1391 1778 1541 1842 Nonnulli
1570 1799 1696 1892 quoque
1723 1800 1781 1865 per

228 1900 275 1959 re,
291 1881 324 1943 id
339 1888 387 1943 est
401 1880 465 1943 Deo
487 1878 650 1942 humiliter
670 1876 810 1955 obedire,
828 1874 910 1938 istud
926 1894 979 1939 ex
994 1877 1102 1942 Bdies
1118 1877 1225 1959 plures
1240 1876 1410 1941 continuos
1425 1887 1669 1961 permanserunt
1683 1880 1716 1942 in
1733 1900 1780 1942 ra·

227 1976 481 2060 perimentaliter
495 1983 629 2039 constat.
646 1973 708 2039 Nos
722 1973 807 2037 enim
822 1970 979 2035 Christili-
1034 1984 1112 2059 ptu3
1136 1983 1169 2038 et
1196 1975 1293 2057 aliqui
1323 1976 1370 2039 sic
1398 1976 1604 2058 rapiebantur
1627 1977 1779 2058 quotidie,

228 2075 318 2138 deles
333 2074 606 2157 supercertissime
621 2072 751 2150 scimus,
768 2070 852 2153 quod
868 2088 979 2135 omnes
1034 2074 1099 2138 imo
1115 2074 1233 2155 septies
1247 2074 1389 2156 quolibet
1407 2076 1470 2152 die,
1488 2082 1521 2137 et
1537 2074 1668 2157 quidam
1682 2077 1783 2141 multo

229 2174 363 2255 magicae
388 2180 471 2236 artes
493 2172 526 2234 in
547 2170 721 2254 Evangelio
745 2169 980 2233 districtissime
1034 2171 1244 2253 frequentius,
1260 2171 1304 2234 ita
1321 2172 1407 2253 quod
1426 2172 1522 2235 vitam
1546 2172 1722 2255 angelicam
1745 2193 1782 2237 ac

230 2272 291 2334 sub
314 2278 438 2334 aeternae
467 2268 680 2333 damnationis
705 2267 847 2350 periculo
874 2266 980 2348 probi·
1034 2269 1197 2333 coelestem
1220 2269 1303 2333 inter
1323 2269 1470 2335 homines
1498 2270 1698 2355 apertissime
1725 2271 1782 2335 du·

229 2368 366 2445 bentur;
382 2369 466 2450 quod
491 2368 567 2431 item
587 2365 756 2431 Christiani
777 2363 909 2447 perlecti
924 2364 979 2445 qui
1035 2388 1108 2431 cere
1129 2368 1357 2450 probabantur.

230 2466 386 2531 miracula
414 2473 617 2549 peregemnt,
648 2484 666 2527 a
695 2462 819 2527 cunctis
847 2462 980 2545 magicis
1075 2467 1238 2544 Praeterea,
1255 2467 1282 2529 si
1302 2467 1504 2531 adversarius
1523 2468 1626 2551 lingat
1644 2477 1677 2531 et
1695 2488 1784 2533 men-

230 2566 352 2630 artibus
367 2564 592 2627 immunissimi
607 2562 901 2644 exstitemnt3quod
917 2581 980 2626 om·
1036 2564 1118 2629 tiens
1136 2566 1232 2644 dicat,
1248 2565 1333 2647 quod
1352 2565 1501 2630 alienatio
1520 2567 1580 2629 ista
1597 2586 1617 2629 a
1636 2567 1783 2631 sensibus

231 2665 267 2727 ni
282 2663 472 2741 bumilitate,
489 2662 653 2745 patientia,
667 2660 918 2738 mansuetudine,
931 2660 981 2741 ju·
1035 2671 1067 2727 et
1081 2662 1311 2745 obrigescentia
1324 2663 1477 2745 corporis,
1492 2683 1556 2727 non
1572 2665 1786 2746 procedebant

231 2764 331 2841 stitia,
358 2762 500 2843 caritate,
524 2761 654 2826 luerunt
679 2760 878 2845 plenissimi;
901 2778 980 2842 quos
1036 2764 1076 2827 ab
1104 2762 1273 2825 altitudine
1301 2762 1580 2845 contemplationis
1613 2772 1645 2826 et
1672 2766 1783 2829 ardore

230 2862 330 2926 etiam
351 2870 415 2925 tam
437 2860 471 2923 in
490 2860 555 2925 vita
572 2880 610 2925 ac
630 2868 732 2925 morte
750 2878 860 2924 eorum
885 2878 980 2941 quam
1036 2858 1247 2921 intensissimi
1269 2859 1368 2921 divini
1389 2861 1519 2940 amoris,
1539 2860 1595 2923 sed
1615 2861 1722 2943 potius
1746 2882 1784 2925 ea

230 2968 353 3045 postea,
370 2960 451 3023 [leus
470 2960 618 3042 gloriosis
637 2979 674 3023 ac
693 2958 871 3022 numerosis
895 2956 982 3020 miri·
1036 2956 1277 3020 alterationibus
1298 2958 1383 3020 intus
1405 2976 1424 3019 a
1444 2958 1571 3021 diabolo
1595 2958 1690 3021 lactis
1710 2960 1786 3040 (dae-

230 3058 346 3122 licavit
366 3078 403 3121 ac
424 3058 593 3121 bonoravit
615 3056 788 3120 miraculis.
966 3137 971 3147 Ι
995 3060 1017 3124 G
1037 3074 1147 3119 mones
1171 3054 1288 3138 quippe
1313 3055 1388 3118 dum
1414 3056 1652 3140 permittuntur,
1670 3076 1785 3142 corpus

273 3158 406 3240 lasuper
420 3157 536 3220 veritas
551 3156 628 3220 lidei
643 3155 821 3220 christiana
836 3154 981 3218 etiamen
1037 3163 1171 3238 possunt
1199 3154 1411 3218 diversimode
1442 3156 1575 3220 alterare
1607 3165 1639 3220 et
1671 3157 1787 3222 immu-

40 3275 215 3334 uapmee.
231 3255 393 3340 praetactis
417 3253 551 3318 occultis
570 3252 625 3316 Dei
646 3253 885 3336 operationibus
903 3271 981 3334 quas
1038 3262 1116 3332 tare,
1147 3253 1229 3317 sieut
1260 3254 1294 3316 in
1327 3253 1506 3334 arrepticiis
1539 3255 1709 3336 cemitur);
1739 3277 1788 3320 re·

229 3354 265 3417 in
292 3352 439 3416 cordibus
459 3351 632 3416 electorum
657 3350 802 3415 fidelium
822 3361 980 3434 operatur,
1038 3353 1243 3434 spondemus,
1259 3350 1344 3433 quod
1372 3359 1458 3414 tanta
1478 3358 1513 3414 ut
1537 3353 1657 3416 dietum
1687 3361 1745 3432 est,
1769 3375 1788 3418 a

230 3450 414 3515 eilicaciter
445 3451 691 3530 demonstratur,
721 3449 871 3531 quoniam
905 3449 982 3512 tales
1037 3449 1235 3514 daemonibus
1259 3448 1330 3512 sieri
1355 3449 1500 3514 alteratio
1524 3451 1645 3533 nequit.
1661 3453 1786 3516 Scimus

230 3549 496 3628 illuminationes,
530 3548 825 3631 contemplationes,
854 3548 982 3611 inllam-
1036 3567 1175 3630 quoque,
1191 3548 1275 3630 quod
1290 3566 1434 3630 personae
1454 3548 1570 3630 quibus
1590 3550 1646 3613 illa
1664 3551 1786 3615 contin-

230 3648 402 3726 mationes,
419 3646 652 3711 consolationes
674 3653 704 3710 et
729 3654 849 3728 raptus,
865 3665 983 3728 nequa-
1037 3655 1128 3730 gunt,
1145 3647 1223 3709 tales
1243 3646 1431 3726 consistant,
1446 3649 1532 3728 quod
1551 3647 1584 3711 in
1604 3649 1651 3712 eis
1670 3651 1786 3714 damo-

229 3765 329 3829 quam
343 3765 413 3809 esse
427 3753 561 3828 possunt
575 3743 636 3807 nisi
650 3764 670 3807 a
683 3744 854 3826 Deozquod
870 3743 982 3807 lideles
1037 3765 1095 3808 nes
1109 3753 1297 3828 potestatem
1319 3753 1351 3808 et
1365 3745 1582 3827 operationem
1604 3747 1699 3812 talem
1715 3749 1785 3813 nul-

229 3843 325 3908 electi
352 3843 527 3908 certissime
553 3841 585 3905 in
609 3861 643 3906 se
668 3843 882 3925 experiuntur,
904 3861 982 3925 pro-
1037 3844 1161 3907 latenns
1194 3842 1313 3906 babent
1343 3867 1350 3904 ε
1381 3844 1445 3908 irno
1478 3845 1555 3927 ipsae
1586 3844 1784 3911 daemonibus

229 3941 342 4006 sertim
375 3941 526 4023 quoniam
554 3949 586 4004 et
618 3939 801 4022 frequenter
835 3933 907 4003 talia
935 3941 981 4004 eis
1038 3942 1206 4024 imperant,
1224 3942 1407 4023 praevalent,
1422 3961 1541 4026 eosque
1560 3944 1679 4026 ubique
1700 3965 1787 4010 com·

229 4040 422 4122 contingunt
437 4039 599 4122 inopinate
619 4047 650 4102 et
664 4039 782 4130 absque
805 4057 914 4102 eorum
930 4057 982 4108 co
1037 4049 1173 4124 pescuut
1186 4048 1280 4120 atque
1295 4039 1439 4120 ejiciunt.
1458 4040 1548 4104 Tales
1568 4042 1696 4107 demum
1715 4064 1786 4127 per-

229 4137 372 4215 numiae,
390 4137 550 4201 interdum
577 4155 653 4202 vero
678 4156 715 4200 ea
739 4137 903 4219 acquirere
926 4157 983 4204 ne·
1036 4156 1124 4201 senas
1148 4137 1327 4201 certissime
1351 4146 1469 4202 norunt
1493 4159 1526 4204 se
1550 4160 1630 4224 pure
1653 4151 1685 4204 et
1709 4142 1786 4207 irre·

228 4245 366 4319 queunt,
383 4236 529 4318 quamvis
561 4235 635 4299 totis
665 4255 698 4298 se
726 4234 848 4298 viribus
876 4235 915 4297 ad
944 4236 1120 4302 callllexe
1151 4235 1241 4300 allici
1272 4236 1347 4315 lieo,
1374 4237 1569 4302 inflammari
1603 4249 1635 4304 et
1664 4240 1723 4325 ligi
1752 4242 1784 4305 in

227 4335 412 4398 extendant.
425 4333 550 4398 Scimus
565 4351 700 4416 quoque,
714 4341 746 4396 et
760 4332 980 4412 ubertim,imo
1036 4355 1087 4414 eo,
1112 4336 1203 4417 eique
1228 4334 1332 4398 solum
1358 4355 1391 4398 se
1415 4335 1581 4401 intendere
1602 4347 1635 4402 ct
1658 4360 1783 4418 vacare,

229 4431 509 4495 innumerabiliter
533 4431 695 4513 corporeis
720 4431 820 4494 oculis
841 4430 980 4494 vidimus
1035 4443 1130 4517 atque
1151 4454 1189 4497 er
1204 4453 1261 4496 sua
1279 4435 1320 4496 ad
1338 4434 1438 4497 Deum
1453 4435 1641 4516 elevatione,
1659 4440 1697 4501 ad
1718 4458 1787 4504 om-

228 4530 386 4614 quosdam
406 4549 425 4594 a
443 4531 506 4594 Deo
530 4529 572 4592 ita
596 4538 785 4612 praeventos,
802 4529 848 4592 sic
873 4538 980 4612 raptos
1036 4534 1126 4597 nium
1149 4533 1301 4596 vitiorum
1326 4533 1567 4598 detestationem
1592 4538 1725 4621 moveri,
1745 4541 1784 4602 ad

227 4637 327 4709 atque
347 4628 512 4710 absorptos
530 4628 564 4690 in
584 4627 693 4705 Deum,
711 4628 795 4710 quod
819 4627 859 4690 ab
878 4627 980 4690 omni·
1035 4633 1083 4694 sui
1099 4631 1353 4695 humiliationem
1373 4631 1656 4713 profundissimam
1671 4655 1785 4718 provo—

226 4727 294 4790 bus
307 4725 516 4790 exterioribus
535 4725 682 4788 sensibus
701 4724 831 4788 omnino
850 4724 979 4788 iuemnt
1034 4731 1112 4810 cari,
1128 4731 1168 4792 ad
1188 4730 1332 4793 omnium
1354 4731 1587 4795 mundanarum
1607 4734 1781 4800 vanitatum

226 4826 395 4904 abstracti,
411 4833 506 4907 atque
519 4824 560 4888 ab
579 4825 666 4890 omni
682 4845 741 4887 usu
756 4834 787 4887 et
802 4833 874 4888 actu
890 4845 979 4908 orga—
1034 4837 1064 4892 et
1094 4829 1271 4892 carnalium
1299 4827 1497 4910 voluptatum
1526 4833 1782 4913 aspamationem

226 4927 376 4989 nicanum
392 4923 508 4988 virium
525 4923 671 5007 suspensi
691 4932 723 4986 et
742 4923 882 5004 alienati,
901 4933 978 4988 toto-
1034 4928 1155 5008 induci,
1181 4927 1220 4991 ad
1245 4926 1350 4990 omnis
1376 4927 1451 4990 boui
1475 4928 1601 4992 honesti
1626 4951 1779 5014 amorem,

223 5043 295 5109 que
319 5042 453 5106 corpore
477 5022 582 5104 rigidi,
604 5023 637 5085 in
663 5029 784 5086 tantum
810 5024 894 5104 quod
919 5023 979 5086 mi·
1032 5027 1073 5089 ad
1095 5024 1212 5088 mentis
1232 5023 1413 5107 puritatem,
1429 5025 1468 5088 ad
1491 5045 1647 5092 summam
1664 5032 1781 5094 mentis

223 5123 319 5188 nima
352 5141 426 5204 pars
459 5122 598 5202 corporis
631 5140 740 5185 eorum
776 5121 845 5184 sine
879 5121 977 5185 totius
1033 5122 1210 5188 custodiam
1225 5122 1363 5184 incitari.
1381 5123 1553 5204 Postremo,
1567 5126 1712 5191 diabolus
1727 5149 1782 5193 ue

222 5220 374 5303 eorporis
393 5227 482 5283 motu
501 5219 593 5284 locali
612 5217 733 5284 moveri
755 5219 898 5283 localiter
912 5240 976 5285 non
1032 5241 1190 5303 quaquam
1216 5241 1310 5303 agere
1334 5229 1437 5302 potest
1461 5221 1579 5286 directe
1599 5225 1632 5286 in
1657 5227 1781 5307 apicem

221 5319 366 5385 valebat.
384 5318 500 5400 Sicque
513 5318 554 5381 ab
569 5319 656 5383 omni
675 5318 828 5382 sensitiva
846 5319 976 5384 fuerunt
1032 5319 1201 5399 allectivaa,
1219 5337 1315 5401 quem
1329 5318 1375 5381 illi
1396 5319 1603 5402 experiuntur
1617 5323 1781 5389 immedia-
