4309 6250
458 471 519 539 282
797 491 917 540 coma
937 491 1106 538 resalutant
1126 489 1297 550 nanclart,
1319 489 1408 538 albex
1428 491 1461 538 ll.
1483 509 1526 522 ·-
1545 489 1615 537 ΛΒΤ.
1638 491 1670 537 Vl

460 682 532 745 quas
550 670 625 725 sunt
642 663 681 726 ad
698 662 807 725 finem.
824 663 922 743 Unde,
938 663 1114 725 secundum
1136 661 1249 743 apo-ll
1265 661 1438 743 spiritualis
1453 662 1615 744 profectus
1635 661 1669 724 in
1684 661 1865 743 virginitate
1881 680 1990 724 manse

311 776 447 827 warnae
462 761 579 825 stolum
605 761 749 842 Paulum,
776 780 841 826 non
866 761 1019 824 debemus
1049 761 1209 842 evangeli·
1266 769 1349 839 runt,
1366 769 1438 842 post
1462 759 1726 824 resurrectionem
1751 759 1886 822 futuram
1907 759 1989 841 virgi-

312 840 448 958 ξῇζέᾗᾞζ
462 879 532 922 zare
556 868 592 922 nt
615 861 856 937 manducemus,
879 861 933 922 sed
959 868 1098 935 econtra,
1121 878 1209 920 man·
1264 859 1394 921 nitatem
1423 859 1570 921 amittent
1600 883 1606 920 :
1637 858 1721 941 qnod
1751 857 1870 922 nefarie
1900 869 2020 922 sonat·

312 979 330 1009 ι-
461 958 577 1021 ducere
603 965 638 1019 ut
659 956 941 1039 evangelizemus:
968 956 1087 1038 alioqui
1113 956 1207 1018 vilius
1264 956 1335 1019 llee
1354 965 1458 1019 autem
1481 957 1593 1020 ldahon
1613 955 1758 1020 doctrina
1783 956 1852 1018 talis
1869 957 1990 1018 certissi·
2100 973 2101 1008 t

368 1069 377 1083 ·
460 1054 596 1118 facimus
635 1055 844 1137 Evangelium
883 1055 1088 1118 comestione.
1125 1055 1206 1135 Ergo
1264 1075 1315 1118 me
1340 1063 1399 1133 est,
1416 1063 1451 1117 ut
1474 1074 1675 1136 nequaquam
1701 1055 1761 1117 nisi
1788 1054 1990 1118 normalibus

459 1161 550 1216 actus
574 1152 662 1232 fidei,
684 1153 763 1233 spei,
787 1152 940 1228 caritatis,
964 1151 1140 1234 sapientiae,
1163 1152 1207 1214 la·
1263 1154 1348 1216 credi
1364 1153 1465 1235 possit
1479 1153 1671 1217 hominibus.
2100 1165 2101 1224 l

459 1252 539 1328 triae,
561 1251 678 1331 quibus
703 1251 802 1313 Deum
828 1250 862 1311 in
885 1251 951 1312 vita
974 1251 1034 1312 bac
1059 1249 1206 1329 colimus,
1301 1253 1346 1314 rld
1367 1252 1427 1314 ista
1448 1252 1611 1333 probanda
1632 1253 1733 1315 sancti
1749 1253 1892 1315 Doctores
1905 1253 1990 1314 nostri

459 1367 661 1430 nequaqnam
690 1348 730 1412 ad
759 1348 1003 1430 prenominatae
1036 1349 1207 1410 manduca·
1262 1351 1376 1413 multas
1410 1350 1571 1414 adducunt
1600 1351 1678 1412 alias
1709 1347 1926 1412 subtilissimas
1951 1369 1991 1412 ra-
2100 1347 2101 1432 l

458 1447 572 1527 tiones,
588 1447 778 1528 potationes,
792 1447 1034 1509 commixtiones
1049 1447 1204 1526 carnales,
1261 1449 1376 1528 tioneS,
1392 1468 1470 1531 quas
1496 1448 1643 1512 brevitati
1670 1449 1803 1511 studens
1823 1449 1948 1512 dimitto.
1962 1449 1989 1510 la
2100 1433 2101 1482 l

458 1545 606 1607 ordinere
631 1545 795 1622 debemus,
823 1563 882 1606 nec
910 1553 1038 1627 propter
1061 1564 1115 1607 eas
1143 1545 1206 1607 Deo
1262 1546 1367 1629 primo
1388 1565 1514 1628 quoqne
1536 1546 1645 1609 libello
1665 1547 1731 1628 jam
1754 1565 1849 1628 supra
1868 1565 1904 1609 ex
1926 1546 2074 1610 scri-rara

459 1643 591 1722 servire,
621 1642 676 1705 sed
710 1661 766 1724 spe
798 1662 835 1704 ac
869 1642 1028 1706 desiderio
1057 1643 1206 1724 perfecte
1263 1644 1363 1726 pturis
1378 1644 1453 1708 novi
1469 1664 1505 1708 ac
1521 1645 1638 1708 veteris
1653 1644 1845 1708 Testamenti
1864 1644 1989 1726 probari,

458 1741 734 1823 contemplationis
749 1760 785 1803 ac
801 1739 938 1804 fruitivac
957 1740 1114 1804 beatificae
1129 1742 1207 1804 dile·
1260 1744 1345 1824 quod
1364 1762 1564 1825 nequaquam
1587 1743 1621 1805 in
1643 1742 1825 1806 carnalibus
1844 1743 1903 1804 illis
1925 1742 1992 1805 deli·
2100 1729 2101 1732 ¹

458 1840 575 1904 ctionis
589 1839 702 1922 ipsius.
1222 1847 1245 1908 B
1261 1842 1332 1920 eila,
1349 1843 1403 1905 sed
1419 1843 1450 1904 in
1471 1841 1557 1904 clara
1570 1861 1608 1904 ac
1628 1841 1759 1904 fruitive
1774 1841 1888 1904 divine
1899 1861 1992 1905 essen-

499 1939 661 2017 Prasterea,
677 1958 755 2001 vera
768 1938 923 2020 perfectio
941 1938 1083 2002 hominis
1103 1939 1207 2002 consi·
1263 1940 1314 2002 tias
1334 1940 1457 2004 visione
1477 1940 1644 2003 hominum
1665 1940 1828 2002 beatitudo
1847 1939 1991 2003 consistat.

458 2038 513 2100 stit
527 2038 561 2099 in
576 2037 671 2118 plena
690 2035 900 2100 conversione
920 2036 969 2098 sui
989 2038 1028 2099 ed
1044 2038 1206 2119 proprium
1301 2039 1442 2120 Denique
1470 2039 1632 2102 Avicenna
1660 2045 1693 2100 et
1724 2038 1862 2120 Algazel,
1890 2038 1993 2100 Arabes

459 2135 638 2198 Creatorem
655 2134 774 2216 absque
795 2133 968 2198 reflexione
987 2144 1081 2216 atque
1103 2155 1208 2217 respe-
1261 2136 1456 2219 philosophi,
1483 2139 1515 2198 in
1545 2136 1816 2218 contemplatione
1845 2136 1993 2199 beatitudi-

459 2242 513 2296 ctu
542 2235 582 2295 ad
610 2233 775 2315 proprium
810 2235 1024 2296 commodum.
1055 2235 1115 2296 Sed
1144 2235 1207 2297 Deo
1262 2254 1334 2297 nem
1364 2234 1502 2297 bominis
1529 2241 1718 2297 statuerunt.
1745 2234 1784 2296 Αἰ
1809 2253 1882 2298 vero
1905 2233 1993 2295 llaho

460 2333 580 2395 servire
609 2339 738 2413 propter
764 2331 948 2412 hujusmodi
980 2331 1207 2395 delectationes
1263 2341 1365 2395 metus
1400 2332 1500 2412 magis
1536 2333 1632 2410 rudis,
1669 2332 1772 2414 turpis
1812 2332 1992 2412 carnalisque

460 2431 615 2510 carnales,
632 2448 697 2492 non
712 2437 760 2491 est
774 2449 853 2511 pure
868 2430 906 2491 ad
930 2429 1035 2509 ipsum
1050 2431 1206 2510 converti,
1263 2429 1335 2510 fuit,
1361 2448 1455 2511 quam
1480 2430 1636 2512 Epicurus
1665 2430 1886 2512 philosophus,
1910 2448 1991 2510 quem

460 2529 516 2592 sed
540 2529 579 2590 ad
605 2528 768 2609 proprium
790 2528 991 2590 commodum
1018 2535 1049 2590 et
1069 2528 1208 2591 oblecta·
1264 2548 1375 2591 omnes
1390 2529 1579 2609 posteriores
1594 2528 1741 2591 meliores
1761 2528 1936 2610 philosophi
1950 2528 1994 2588 de

460 2637 604 2690 mentum
620 2626 748 2688 carnale
768 2625 903 2704 reflecti,
920 2633 1015 2707 etque
1034 2626 1066 2688 in
1088 2626 1208 2688 Divini-
1264 2626 1411 2688 riserunt.
1429 2625 1584 2707 Epicurus
1609 2645 1747 2708 namque
1771 2646 1926 2689 summum
1949 2626 1994 2688 bo

459 2725 533 2787 tatis
559 2723 714 2805 obsequio
738 2723 899 2804 propriam
924 2723 1091 2786 avaritiam
1114 2732 1208 2805 atque
1263 2743 1340 2786 num
1369 2724 1442 2786 vitae
1470 2725 1634 2805 praesentis
1664 2724 1696 2785 in
1726 2723 1866 2787 sensuali
1902 2722 1994 2807 posuit

460 2823 624 2885 libidinem
639 2821 796 2884 collocare
813 2843 821 2881 ε
837 2823 922 2901 qnod
938 2841 1020 2884 verae
1042 2821 1147 2900 saluti,
1165 2823 1209 2884 in·
1262 2822 1482 2885 delectatione.
1506 2823 1607 2896 Quum
1635 2822 1732 2904 igitur
1759 2822 1828 2885 vita
1855 2822 1993 2885 bonorum

459 2930 558 2984 terna
573 2918 775 3002 perfectioni,
792 2919 923 2982 sinceras
938 2919 1061 2981 ceritati
1077 2920 1208 2984 omniuo
1263 2929 1334 3003 post
1360 2921 1623 2996 resurrect'onem
1643 2921 1789 2983 ultimam
1814 2921 1927 2998 futura,
1942 2938 1995 2981 ma-

460 3026 627 3101 repugnat.
1223 3018 1244 3080 C
1264 3020 1313 3100 gis
1328 3019 1437 3082 divina
1452 3039 1489 3082 ae
1511 3019 1686 3101 spiritualis
1701 3028 1836 3082 ventura
1855 3019 1895 3082 sit
1913 3035 1994 3099 quam

500 3117 612 3180 Adhuc
626 3124 731 3179 autem
748 3115 828 3179 ratio
843 3115 946 3196 docet,
957 3117 1040 3197 quod
1055 3116 1208 3180 comestio
1265 3138 1404 3199 presens
1421 3117 1461 3180 sit
1476 3116 1758 3198 vita,consequens
1773 3116 1814 3180 fit
1827 3117 1909 3199 quod
1922 3115 1995 3178 illius

461 3216 628 3279 ordinatur
659 3215 699 3277 ad
732 3214 1007 3277 conservationem
1037 3214 1206 3291 individui,
1265 3217 1338 3279 vitre
1363 3215 1548 3278 felicitatem
1574 3216 1606 3277 in
1633 3215 1836 3278 sensualibus
1857 3216 1995 3278 collocare

460 3314 729 3397 quemadmodum
751 3312 853 3375 coitus
872 3313 912 3375 ad
933 3313 1208 3375 conservationem
1265 3310 1518 3391 oblectamentis
1536 3314 1576 3376 sit
1599 3313 1702 3394 magis
1724 3312 1804 3375 rude
1829 3333 1865 3376 ac
1889 3312 1994 3375 fatuum

460 3411 579 3494 speciei
597 3435 604 3473 :
623 3411 743 3474 idcireo
765 3410 797 3471 in
813 3410 878 3473 vita
892 3410 999 3473 futura
1018 3412 1210 3493 incorrupti·
1265 3432 1359 3493 quam
1376 3412 1460 3492 quod
1475 3412 1599 3475 dixerat
1612 3411 1781 3493 Epicurus.

460 3510 517 3572 bili
540 3510 647 3572 locum
671 3527 735 3571 non
757 3509 886 3570 habent.
902 3509 991 3588 ltem‚
1008 3529 1106 3590 quum
1127 3511 1208 3572 Deus
1303 3511 1464 3573 Postremo
1488 3512 1527 3573 de
1552 3510 1612 3572 bac
1638 3529 1672 3572 re
1696 3510 1741 3572 sie
1765 3510 1876 3573 scribit
1897 3508 1926 3571 in
1949 3525 1995 3568 sua

461 3609 503 3670 sit
517 3626 679 3669 summum
694 3606 833 3668 bominis
853 3607 983 3684 bonum,
1002 3608 1034 3668 in
1053 3608 1117 3669 illis
1132 3608 1209 3671 acti·
1263 3607 1398 3689 epistola
1426 3608 1536 3670 doctor
1564 3608 1747 3688 frequenter
1781 3607 1995 3689 praeallegatus

459 3696 520 3768 bus
543 3705 688 3769 consistit
712 3704 850 3767 felicitas
877 3706 1016 3768 hominis
1045 3726 1102 3788 per
1129 3725 1208 3788 qnos
1263 3706 1424 3769 doctorem
1441 3725 1477 3767 ac
1493 3706 1670 3787 principem
1689 3706 1857 3787 alloquens
1875 3722 1997 3768 sarrace-

461 3805 525 3868 Dco
544 3804 755 3886 propinquius
776 3805 954 3884 copulatur,
972 3813 1007 3866 ut
1027 3814 1102 3867 sunt
1120 3813 1208 3868 aetus
1264 3804 1407 3866 numeni
1423 3804 1588 3885 rescripsit
1605 3827 1610 3865 :
1628 3804 1708 3866 lllud
1728 3822 1856 3886 qnoque
1876 3803 1996 3885 pruden-

461 3902 602 3966 caritatis
630 3910 662 3965 et
690 3902 866 3985 sapientias.
897 3902 954 3965 Per
981 3903 1208 3967 delectationes
1263 3902 1313 3963 tie
1349 3909 1409 3964 tuae
1444 3902 1626 3964 nullatenus
1658 3902 1797 3965 arbitror
1828 3900 1994 3969 convenire,

460 4010 567 4066 autem
587 4001 730 4064 carnales
751 4002 846 4064 bomo
871 4002 976 4083 potius
997 4002 1209 4082 impeditura
1264 4002 1348 4082 quod
1373 4000 1509 4063 invitare
1534 4019 1585 4063 me
1611 3999 1716 4063 taliter
1735 4000 1876 4080 voluisti,
1892 4008 1924 4063 ut
1947 3997 1997 4061 sci·

461 4102 524 4164 Deo
539 4124 545 4163 :
563 4100 627 4162 imo
643 4099 855 4181 vituperabile
871 4110 920 4163 est
934 4109 1062 4181 propter
1076 4101 1209 4163 delecta-
1266 4100 1340 4161 lieet
1355 4098 1549 4161 dimitterem
1570 4106 1771 4160 sacrosancta
1792 4108 1825 4162 et
1839 4095 1996 4180 spiritualia

461 4200 580 4261 tionem
597 4206 717 4260 tantum
732 4198 911 4278 comedere,
927 4198 1047 4276 bibere,
1064 4198 1247 4264 feminis-D
1264 4198 1390 4261 Domini
1416 4196 1516 4260 nostri
1540 4197 1614 4259 lesu
1639 4196 1752 4258 Christi
1783 4205 1944 4279 praecepta,
1965 4212 1996 4256 ex

462 4316 524 4379 que
536 4296 674 4359 misceri.
1264 4296 1379 4377 quibus
1394 4296 1462 4376 ipse
1477 4295 1556 4357 mihi
1571 4313 1636 4358 non
1652 4293 1742 4355 illum
1760 4294 1995 4357 sordidissimum

502 4394 659 4475 Amplius,
684 4403 764 4457 teste
788 4402 820 4457 et
847 4396 970 4472 blahon,
991 4396 1085 4459 llario
1109 4405 1210 4459 mater
1263 4412 1357 4473 quem
1393 4393 1591 4475 descripsisti
1620 4392 1805 4475 paradisum
1834 4402 1929 4471 tuum,
1951 4390 1997 4453 sed

462 4494 535 4555 Jesu
555 4512 594 4555 ex
613 4514 671 4556 sue
690 4493 873 4575 virginitate
894 4494 1052 4573 laudatur,
1068 4495 1208 4557 Christus
1263 4502 1413 4555 aeternam
1438 4492 1624 4573 angelorum
1653 4484 1842 4554 felicitatem
1867 4492 1898 4553 in
1921 4488 1997 4553 colis

462 4608 589 4672 quoqne
624 4593 713 4673 virgo
754 4592 937 4674 permensit.
975 4593 1209 4655 Continentiam
1265 4590 1430 4672 promittit,
1457 4597 1552 4670 atque
1580 4590 1765 4653 accederem
1798 4591 1836 4653 ad
1865 4585 1999 4671 impiissi-

316 4710 394 4754 mam
399 4724 448 4761 11111
463 4690 560 4753 etiam
575 4690 766 4771 virginalem
787 4691 940 4768 Christus,
957 4700 988 4753 et
1006 4690 1120 4754 Paulus
1139 4692 1209 4773 ejus
1265 4708 1334 4752 mos
1363 4689 1576 4771 pecualesque
1601 4688 1691 4769 ritus,
1709 4708 1774 4752 non
1796 4710 1815 4752 a
1840 4690 1911 4769 Deo,
1926 4684 1997 4769 quod

312 4773 447 4888 fflffg
461 4789 635 4871 apostolus,
659 4790 859 4852 continentia
884 4789 1012 4870 prefert
1036 4790 1207 4871 conjugali.
1265 4789 1359 4867 absit,
1378 4789 1432 4850 sed
1455 4807 1473 4848 a
1495 4786 1610 4869 spiritu
1628 4787 1852 4851 fornicationis
1875 4796 1905 4850 et
1928 4784 1997 4868 gula

312 4904 394 4956 etseq.
461 4887 584 4950 ldcirco
598 4887 848 4950 innumerabiles
863 4888 895 4949 in
912 4906 996 4949 novo
1010 4888 1210 4951 Testamenta
1266 4886 1453 4950 miserrimis
1478 4893 1509 4948 et
1534 4886 1670 4949 carnalis
1698 4885 1887 4950 feculentia
1911 4883 1997 4949 servis

463 4985 495 5048 in
516 4983 700 5066 virginitate
721 4993 974 5067 permanserunt.
992 4987 1024 5047 Si
1043 5004 1119 5067 ergo
1139 4985 1212 5048 bea·
1266 4984 1500 5049 infelicissimis
1525 5002 1693 5066 persuasos
1721 5008 1728 5046 :
1755 5003 1890 5065 quorum
1916 4983 2092 5063 (sicutrmaaa¹

462 5083 564 5146 titudo
589 5084 622 5143 in
652 5082 917 5145 delectationibus
941 5082 1006 5144 illis
1030 5083 1211 5145 carnalibus
1266 5086 1305 5147 de
1335 5082 1492 5145 similibus
1517 5082 1561 5144 ait
1588 5081 1703 5145 Paulus
1731 5082 1906 5164 apostolus)
1931 5070 2032 5143 deus¹’·

463 5182 525 5243 sita
548 5190 606 5261 est,
623 5181 764 5244 Christus
789 5182 922 5264 ejusque
950 5181 1089 5245 Genitrix
1118 5182 1213 5245 bena-
1266 5190 1379 5244 venter
1392 5189 1451 5259 est,
1468 5188 1499 5243 et
1513 5179 1613 5261 gloria
1628 5180 1660 5242 in
1677 5178 1866 5244 confusione
1880 5196 1996 5249 cornm;

464 5280 560 5359 dicta,
577 5299 615 5342 ac
639 5280 735 5343 ceteri
754 5281 808 5363 qui
829 5279 861 5341 in
880 5280 940 5344 hoc
962 5280 1082 5343 mundo
1102 5297 1210 5344 amore
1268 5280 1321 5364 qui
1341 5298 1406 5343 non
1427 5279 1489 5341 nisi
1509 5286 1633 5342 terrena
1652 5287 1684 5342 et
1704 5279 1825 5342 caduca
1847 5279 1944 5343 ventri
1962 5284 1998 5339 at
