4309 6250
458 482 518 547 670
546 501 585 547 nc
606 501 813 549 aucrommrc
835 501 929 548 suurn
951 498 1117 546 ronrrrmrs
1138 499 1176 544 rr
1196 497 1364 545 cessastis
1385 498 1526 552 concrcu,
1548 499 1636 544 crees
1658 499 1700 542 m.
1724 517 1765 526 —
1785 497 1853 542 nur.
1875 497 1967 542 xxnu

465 668 609 732 biliorc'm
634 669 871 732 damnationem
896 669 1048 732 incurret.
1066 668 1097 731 Si
1124 667 1208 730 enim
1226 669 1249 730 Α
1264 667 1318 729 bet
1332 667 1550 730 indesinenter
1564 666 1707 745 scrutari,
1720 674 1865 743 tractare,
1875 665 1992 728 dictare.

464 768 635 850 unicuique
650 776 793 831 nostrum
810 786 866 850 pro
879 768 1007 851 propria
1022 767 1128 829 anima
1143 767 1210 829 sola
1264 765 1303 827 Et
1317 766 1391 847 quia
1406 767 1445 827 ad
1465 765 1525 828 boc
1545 764 1709 847 potissime
1728 764 1851 827 confert
1870 764 1993 826 celebra-

463 873 585 928 tantum
605 864 781 948 periculum
802 864 959 943 imminet,
977 874 1011 928 ut
1030 865 1115 928 dicat
1129 865 1211 947 Apo-
1265 864 1309 926 tio
1335 863 1494 945 generalis
1519 863 1657 939 concilii,
1684 863 1780 925 debet
1807 871 1941 943 satagere
1966 870 1992 922 ut

463 963 574 1040 stoluS,
591 963 669 1026 Cum
697 971 795 1041 metu,
812 963 925 1027 timore
950 971 981 1025 et
1001 970 1137 1025 tremore
1158 981 1210 1024 ve
1265 962 1436 1042 generalia,
1453 961 1518 1024 lmo
1532 969 1564 1023 et
1578 961 1788 1043 provincialia
1806 959 1936 1022 eoncilia
1954 979 1994 1020 sa·

344 1083 350 1094 ·
463 1068 558 1123 stram
584 1061 717 1122 salutem
742 1059 918 1140 operemini
943 1083 949 1122 :
976 1078 1071 1141 quam
1097 1059 1211 1121 inaesti-
1265 1059 1400 1122 lubriter
1419 1068 1514 1140 atque
1533 1059 1731 1139 frequentius
1751 1058 1954 1136 celebrentur,
1967 1067 1993 1118 et

463 1159 579 1222 mobile
609 1156 786 1240 periculum
817 1157 961 1220 imminet
989 1158 1030 1234 ei,
1059 1166 1089 1219 et
1115 1176 1211 1238 quam
1265 1157 1319 1237 qui
1344 1157 1382 1219 ad
1406 1157 1484 1220 alios
1507 1156 1727 1219 reformandos
1752 1157 1949 1235 conveniunt,
1965 1155 1992 1217 in

463 1257 702 1320 timoratissime
726 1276 763 1320 ac
788 1255 1068 1339 providentissima
1093 1255 1212 1318 sollici·
1265 1255 1378 1337 primis
1394 1255 1569 1318 reforment
1583 1273 1617 1316 se
1632 1255 1991 1337 ipsos.Deceretdemum

463 1356 573 1418 tudine
596 1375 669 1418 eum
690 1355 871 1418 conversari
894 1362 1029 1436 oportet,
1048 1355 1099 1416 cui
1127 1363 1211 1417 totus
1266 1371 1393 1416 omnem
1408 1369 1568 1415 summum
1583 1351 1772 1415 Pontificem
1793 1352 1905 1434 saepius
1923 1352 1993 1413 intu-

463 1453 653 1517 commissus
677 1463 725 1516 est
749 1454 898 1531 mundus,
916 1454 966 1515 cui
988 1454 1136 1515 universa
1155 1453 1212 1516 Eo·
1266 1451 1310 1514 eri
1325 1471 1362 1514 ac
1378 1452 1482 1533 legere
1498 1451 1614 1513 librum
1628 1451 1660 1514 S.
1676 1451 1826 1513 Bernardi
1845 1451 1883 1512 de
1901 1450 1994 1514 funsi-

463 1551 561 1614 clesia
577 1551 691 1614 tradita
706 1560 764 1630 est,
782 1551 833 1614 cui
849 1559 912 1612 tam
929 1549 1211 1614 innumerabilium
1265 1550 1429 1613 deratione
1457 1550 1496 1612 ad
1524 1550 1703 1631 Eugenium
1731 1549 1856 1631 Papam,
1884 1549 1915 1611 in
1939 1568 1992 1629 quo

464 1649 600 1711 millium
615 1650 794 1712 animarum
814 1647 960 1710 imminet
980 1667 1067 1726 cura,
1084 1648 1138 1730 qui
1155 1666 1212 1729 pro
1267 1647 1585 1731 compendiosissime
1622 1649 1813 1711 documenta
1845 1649 1993 1710 traduntur

463 1746 623 1810 universis
645 1746 826 1808 redditurus
848 1754 896 1808 est
918 1745 1098 1808 rationemf
1267 1768 1324 1830 per
1344 1767 1415 1828 qua
1435 1747 1518 1829 Papa
1539 1767 1574 1809 se
1596 1747 1712 1829 ipsum,
1729 1748 1848 1809 curiam
1863 1767 1944 1809 suam
1962 1766 1992 1808 ac

379 1918 382 1924 ¹
503 1845 656 1927 Denique,
673 1843 819 1925 quamvis
840 1843 1013 1924 unicuique
1033 1843 1212 1906 Christiano
1230 1851 1253 1913 Β
1268 1855 1389 1909 ceteros
1412 1864 1524 1908 omncs
1548 1846 1648 1926 possit
1666 1844 1805 1908 feliciter
1822 1846 1991 1928 gubemarc,

464 1941 811 2025 supergloriosissimus
846 1943 927 2004 Deus
960 1941 1001 2004 ob
1038 1941 1211 2005 bonitatem
1268 1944 1453 2024 reformare,
1469 1943 1603 2007 salvare.

465 2062 553 2104 suam
574 2040 777 2124 purissimam
798 2049 829 2104 et
849 2041 1037 2102 immensam
1058 2039 1100 2102 sit
1118 2059 1214 2122 super
1306 2041 1577 2115 Quemadmodum
1600 2050 1708 2105 autem
1734 2041 1802 2105 baec
1825 2042 1863 2104 dc
1884 2059 1993 2103 summo

464 2140 570 2203 omnia
595 2148 660 2204 toto
684 2140 779 2202 corde
803 2139 968 2216 amandus,
994 2146 1082 2201 tanto
1107 2146 1212 2199 tamen
1267 2149 1342 2203 sunt
1375 2141 1505 2202 inducta
1539 2139 1704 2220 Pontifice,
1740 2140 1786 2203 sic
1819 2140 1856 2202 ad
1888 2148 1994 2202 ceteros

464 2239 627 2302 ardentius
643 2259 716 2301 eum
731 2257 837 2301 amare
852 2238 946 2300 debet
964 2237 1109 2300 Pontifex
1129 2256 1214 2298 sum·
1267 2238 1414 2321 praelatos
1436 2247 1524 2302 tanto
1543 2238 1788 2302 convenientius
1802 2239 1992 2320 applicantur,

466 2357 547 2418 mus,
564 2346 682 2420 quanto
698 2337 789 2420 plura
804 2356 840 2400 ac
855 2337 1073 2419 prestantium
1088 2335 1213 2417 abipso
1268 2345 1385 2420 quanto
1400 2337 1545 2418 pluribus
1559 2345 1700 2419 presunt
1719 2345 1751 2400 et
1771 2337 1803 2398 in
1823 2337 1919 2399 altiori
1936 2354 1993 2416 gra-

358 2468 361 2473 ·
465 2435 623 2498 beneficia
638 2445 686 2498 εει
701 2435 968 2516 sortitus,quanto
983 2433 1152 2496 sublimius
1167 2441 1214 2495 cst
1267 2436 1311 2498 du
1338 2435 1513 2517 officioque
1537 2435 1725 2498 consistunt.
1751 2435 1807 2498 Cui
1830 2436 1911 2497 enim
1933 2433 2090 2515 plasmas.

466 2534 639 2598 collocatus
658 2543 691 2598 et
708 2553 804 2616 super
823 2541 946 2596 ceteros
966 2533 1151 2596 honoratus.
1176 2532 1215 2594 Et
1267 2535 1376 2596 datum
1397 2542 1456 2612 est,
1480 2534 1552 2616 plus
1573 2534 1682 2614 utiquc
1703 2533 1879 2614 requiretur
1897 2533 1991 2594 abeo.

464 2643 583 2716 quanto
598 2632 669 2714 plus
683 2632 787 2714 diligit
801 2633 913 2712 Deum,
930 2639 1018 2694 tanto
1038 2630 1214 2694 ferventius
1267 2633 1413 2715 Cogitent
1426 2652 1553 2715 semper
1566 2631 1673 2713 magni
1689 2632 1919 2714 praelati,quam
1932 2649 1993 2693 con·

465 2733 558 2795 debet
584 2730 684 2813 ipsius
707 2731 860 2793 bonorem
886 2729 1062 2810 exquirere,
1093 2729 1214 2791 cultum
1268 2731 1398 2794 fusibilc
1413 2740 1446 2794 et
1463 2731 1589 2814 poenale
1608 2731 1655 2793 cis
1674 2729 1758 2793 foret
1777 2737 1848 2812 post
1863 2730 1940 2792 hunc
1956 2728 1994 2788 vi·

466 2850 593 2912 augere,
613 2829 881 2911 glorificationem
906 2837 1027 2909 optare,
1048 2828 1215 2890 universos
1268 2839 1331 2893 tam
1354 2830 1387 2892 in
1414 2829 1576 2893 infernum
1597 2829 1739 2911 demergi
1760 2849 1798 2892 ac
1819 2828 1993 2892 demonibus

313 2930 539 3005 Epter.1v.t.tot'ts
560 2927 681 2990 viribus
699 2927 879 2990 inducendo
905 2935 940 2988 ut
963 2924 1129 2990 vocatione
1152 2945 1215 3007 qua
1268 2929 1373 3006 subdi,
1390 2929 1445 3013 qui
1462 2947 1547 2991 nnnc
1569 2929 1602 2990 in
1624 2927 1766 2991 Ecclesia
1785 2927 1819 2989 in
1837 2935 1917 2990 tanta
1932 2933 1994 2988 sunt

468 3027 569 3089 vocati
592 3035 677 3104 sunt,
693 3026 757 3089 Deo
778 3025 1032 3088 honorabilitatis
1051 3025 1250 3093 immensaefl
1268 3027 1422 3108 dignitate
1437 3035 1469 3091 et
1482 3026 1583 3108 gloria
1598 3026 1774 3089 constituti.
1791 3026 1993 3105 Quodcumque
2012 3046 2090 3089 caan

467 3123 563 3207 digne
578 3123 752 3204 ambulent,
769 3124 831 3186 Deo
846 3122 1008 3201 obediant,
1025 3121 1096 3203 ejus
1115 3121 1216 3186 hono·
1268 3146 1343 3209 ergo
1378 3134 1482 3210 potest
1509 3146 1622 3189 manus
1650 3145 1761 3189 eorum
1789 3123 1993 3189 instantissime
2005 3115 2028 3155 ¹⁰⁴

467 3242 533 3285 rem
554 3230 586 3286 et
604 3221 736 3304 gloriam
750 3222 869 3303 jugiter
888 3220 1108 3303 superomnia
1130 3239 1215 3301 quae-
1268 3235 1427 3308 operetur.

466 3330 547 3384 rant.
564 3320 707 3402 Insuper,
724 3339 822 3402 quum
842 3318 984 3383 Pontifex
1005 3339 1149 3382 summus
1171 3318 1212 3381 sit

466 3419 702 3502 paranymphus
735 3427 767 3481 et
795 3426 901 3481 custos
929 3419 1058 3500 Sponsae
1090 3417 1215 3481 Domini

464 3517 520 3581 Dei
537 3517 598 3597 sui,
615 3517 709 3580 debet
723 3515 811 3579 illam
830 3524 1013 3579 reverenter
1027 3535 1063 3579 ac
1079 3515 1216 3597 diligen·
1423 3498 1669 3565 ARTICULUS
1698 3498 1861 3563 XXXIII.

464 3616 587 3679 liSSlfflss
615 3616 795 3693 custodirc;
820 3634 982 3697 quumque
1011 3614 1143 3696 insuPer
1173 3615 1215 3678 Sit
1268 3642 1323 3701 An
1351 3639 1592 3699 sacratissimus
1614 3640 1737 3699 Petrus
1766 3640 1921 3712 apostolus
1938 3636 1995 3711 suit

467 3734 604 3797 sponsus
634 3712 793 3777 vicarialis
821 3713 977 3793 ejusdem,
1007 3732 1071 3795 prae
1100 3712 1214 3775 ceteris
1341 3780 1344 3783 ,
1425 3728 1680 3804 fundamentum
1697 3728 1859 3787 pectem,

467 3812 627 3875 universis
648 3812 742 3874 debet
763 3830 833 3873 eam
855 3819 920 3873 tota
940 3820 1047 3873 mente
1065 3810 1212 3892 diligere,

465 3920 497 3974 ει
511 3909 579 3974 zelo
594 3910 771 3972 animarum
788 3908 822 3970 in
836 3917 1011 3971 extremum
1026 3909 1215 3972 mirabiliter
1271 3912 1485 4114 OUAESTID
1517 3913 1577 3976 ista
1609 3912 1837 3975 difficultatem
1867 3926 1994 3992 magnam

464 4029 534 4073 esse
550 4026 733 4086 succensus,
750 4016 782 4070 et
796 4025 854 4088 pro
873 4006 1017 4069 omnium
1039 4007 1213 4071 salvatione
1353 4032 1418 4075 non
1440 4012 1537 4074 babet
1558 4035 1565 4073 ι
1588 4019 1705 4090 tamen,
1722 4011 1875 4091 qnoniam
1893 4010 1922 4071 in
1938 4026 1995 4069 ver·

463 4106 654 4172 fidelissimo
675 4106 829 4168 laborare·
1267 4112 1318 4175 bis
1332 4113 1519 4174 Sanctorum
1534 4110 1660 4173 videtur
1673 4110 1713 4172 de
1729 4110 1790 4173 boc
1805 4108 1924 4171 diversa
1938 4122 1994 4168 csse

504 4207 591 4270 Unde
605 4211 730 4286 oportet
749 4211 784 4265 ut
804 4203 837 4264 in
856 4202 967 4285 primis
989 4223 1022 4266 se
1043 4204 1147 4286 ipsum
1168 4213 1214 4268 to·
1229 4214 1253 4277 D
1268 4210 1435 4289 sententia,
1461 4210 1567 4272 danda
1590 4216 1639 4271 est
1663 4207 1830 4289 responsio
1853 4206 1949 4289 plana,
1970 4210 1995 4264 et

463 4306 525 4369 tius
540 4303 716 4368 sanctitatis
730 4310 762 4364 et
777 4301 927 4365 bonitatis
948 4302 1110 4385 exemplar
1126 4303 1214 4366 exbi-
1268 4309 1364 4372 verba
1388 4310 1554 4371 doctorum
1578 4326 1649 4389 quas
1673 4306 1823 4369 videntur
1846 4302 1993 4374 contraria,

464 4407 547 4482 beat,
563 4411 595 4466 et
609 4410 695 4465 tanta
709 4399 880 4482 gratiarum
896 4401 1096 4482 plenitudine
1120 4402 1214 4466 decc·
1267 4416 1342 4470 sunt
1363 4406 1595 4470 concordanda.

463 4512 561 4580 retur,
579 4509 613 4563 ut
636 4502 675 4563 de
700 4498 893 4562 abnndantia
919 4518 983 4561 suae
1008 4498 1213 4582 perfectionis
1307 4503 1501 4587 Augustinus
1516 4502 1675 4585 siquidem
1691 4502 1833 4566 secundo
1847 4500 1921 4563 libro
1933 4516 1996 4561 con·

463 4600 578 4665 influat
594 4598 726 4661 cunctis.
745 4597 863 4660 Deinde
878 4598 1000 4660 curiam
1021 4618 1111 4661 suam
1130 4600 1214 4662 ordi·
1268 4612 1315 4666 tra
1342 4602 1521 4666 Donatistas
1545 4602 1662 4683 allegat
1690 4601 1880 4684 Cyprianum
1904 4598 1996 4661 dicen

464 4699 663 4763 natissimam
688 4696 813 4775 babeat,
830 4715 888 4758 nec
913 4696 1065 4759 indecens
1090 4697 1212 4779 aliquid
1267 4710 1332 4764 tem
1349 4725 1355 4763 :
1373 4701 1498 4763 Petrum
1519 4700 1672 4764 Dominus
1696 4699 1837 4781 primum
1860 4697 1996 4778 elegitet

464 4801 548 4863 inter
563 4815 637 4861 suos
651 4816 721 4860 esse
736 4796 1073 4877 sustineat3praecipue
1088 4814 1213 4878 quoquc
1267 4819 1363 4881 super
1387 4798 1493 4881 ipsum
1515 4797 1689 4861 edificavit
1712 4797 1886 4859 Ecclesiam
1909 4810 1993 4856 suam.

464 4918 522 4982 per
549 4896 706 4977 majorum
732 4893 989 4957 reformationem
1011 4894 1212 4975 praelatorum
1266 4898 1475 4979 Eiemnymns
1499 4916 1626 4978 quoquc
1650 4915 1747 4977 super
1770 4895 1940 4957 llattbaeum
1959 4899 1995 4952 te

465 5003 598 5061 conetur
612 4995 696 5076 quod
713 5012 769 5075 per
788 4991 860 5054 illos
880 4992 941 5054 alia
961 4992 1099 5073 corrigat
1118 4994 1214 5057 colle·
1268 5004 1378 5075 statur,
1394 4996 1478 5076 quod
1504 4995 1646 5058 Christus
1666 5013 1763 5076 super
1781 4993 1903 5055 Petrum
1920 5005 1994 5051 snam
2013 5003 2070 5052 reu.

464 5098 526 5179 gia,
544 5096 682 5158 claustra
697 5110 887 5172 omnemque
902 5092 1022 5153 clerum
1039 5091 1210 5156 reformet:
1266 5093 1440 5158 edificavit
1462 5093 1648 5157 Ecclesiam.
1676 5093 1736 5155 Sed
1761 5100 1793 5155 ct
1818 5088 1993 5173 Augustinus
2005 5070 2060 5120 ''¹''³·
2106 5161 2107 5176 χ

465 5214 528 5278 quo
552 5192 735 5271 reformato,
762 5191 851 5273 plebs
875 5190 1001 5253 facilius
1022 5191 1209 5272 corrigetur.
1266 5193 1433 5276 Apostolos
1453 5192 1638 5274 frequenter
1655 5190 1794 5273 appellat
1813 5190 1994 5253 firmamenti
2106 5179 2107 5204 l

464 5295 564 5377 Unde,
580 5312 643 5375 quo
658 5291 764 5356 omnia
784 5290 843 5352 ista
862 5288 985 5373 possint
1004 5288 1143 5371 impleri,
1158 5292 1213 5354 dc·
1267 5301 1299 5355 et
1312 5291 1520 5354 fundamenta
1534 5288 1694 5352 Ecclesia.
1710 5288 1745 5350 ln
1765 5287 1898 5370 epistola
1914 5284 1995 5349 etiarn
