4309 6250
480 516 600 565 courua
621 517 789 565 ιιιιιιιιιι
809 515 982 575 usnemu,
1004 515 1093 564 ιιιιιι
1115 517 1147 564 ιι.
1170 535 1210 548 -
1230 515 1300 564 ιιι.
1323 515 1422 563 xxvru
1456 527 1459 536 ·
1665 493 1724 560 art

174 697 393 758 uenerantur,
402 707 504 768 qaum
515 689 595 766 ipsis
599 696 795 766 praeceptam
805 689 848 749 sit
862 707 928 748 uon
942 687 968 751 Α
983 705 1102 768 regem.
1132 687 1284 750 Preterea
1311 687 1343 748 S.
1369 686 1505 750 loannes
1532 683 1727 766 evangelista

176 788 248 846 uisa·
268 805 374 847 unum
394 791 499 850 mum
518 789 670 848 odorare.
982 784 1015 848 in
1030 784 1220 868 Apocalypsi
1236 793 1365 848 testatur
1378 803 1413 848 se
1427 784 1566 849 voluisse
1581 781 1728 866 angelum
1753 803 1874 860 amm.

50 903 86 940 ιιι
104 910 162 938 mu·
218 884 289 947 lam
329 903 426 967 supra
460 903 499 948 ex
533 884 699 966 utriusque
735 883 927 947 Testamenti
981 883 1124 946 adorare.
1142 883 1275 964 Insuper
1294 882 1328 944 in
1348 881 1515 965 scripturis
1533 880 1650 946 veteris
1672 881 1729 944 Te·
1743 868 1775 909 ¹⁰·

177 983 349 1064 scripturis
372 982 594 1066 copiosissime
607 991 656 1046 est
670 983 928 1065 probatum,san-
982 981 1130 1044 statuenti
1152 981 1272 1064 praelati
1295 1000 1332 1044 ae
1353 981 1477 1062 judiees
1498 979 1542 1043 dii
1561 987 1725 1057 vocantur,

177 1090 248 1144 etos
273 1080 430 1159 homines,
452 1080 507 1144 Dei
530 1079 617 1145 lilios
641 1081 807 1162 adoptivos
830 1079 929 1143 veris·
983 1087 1135 1162 utquam
1157 1080 1191 1143 in
1212 1080 1318 1144 Exodo
1339 1079 1459 1161 Moyses
1480 1079 1621 1162 loquitur
1637 1103 1644 1142 :
1661 1078 1728 1142 Diis
1743 1098 1874 1148 reama.

176 1178 260 1241 sime
284 1178 438 1261 appellari
463 1180 551 1259 (nam
575 1177 810 1242 Deuteronomii
835 1197 929 1260 quar·
981 1196 1047 1242 non
1070 1178 1240 1255 detrahes3
1262 1177 1401 1259 itemque
1424 1177 1600 1241 :Dominus
1614 1177 1728 1241 domus
1742 1165 1801 1270 {234
1816 1225 1836 1268 ,¹

39 1292 162 1339 teramu-
177 1277 341 1340 todeoimo
360 1276 500 1358 capitulo
518 1276 638 1359 Moyses
652 1276 697 1339 ait
713 1299 720 1338 :
737 1275 808 1338 Filii
828 1284 928 1340 estote
983 1275 1197 1359 applicabitur
1215 1276 1255 1340 ad
1277 1275 1365 1340 deos.
1383 1275 1607 1340 Verumtamen
1627 1275 1660 1339 in
1675 1295 1730 1340 au·

176 1375 306 1439 Domini
329 1374 386 1438 Dei
409 1375 531 1456 vestri),
547 1375 655 1438 lesum
676 1393 763 1452 vero,
780 1375 836 1437 Dei
854 1373 929 1438 Uni·
983 1373 1181 1438 ctoritatibus
1202 1373 1420 1456 prmiuduetis,
1441 1375 1581 1439 adoratio
1602 1381 1731 1438 extense

176 1475 325 1556 genitum
346 1473 535 1537 fidelissime
554 1473 745 1556 nuncupari.
761 1473 800 1536 Et
814 1473 928 1538 horum
982 1471 1149 1555 accipitur,
1171 1489 1228 1554 pro
1253 1471 1458 1538 veneratione
1482 1472 1587 1537 duliae.
1604 1473 1731 1555 Proprie

175 1573 363 1656 oppositum
397 1572 527 1651 doeens,
557 1571 745 1635 maledictus
773 1571 929 1635 blabomet
982 1589 1059 1634 vero
1085 1578 1221 1652 sumpte,
1243 1579 1320 1653 puta
1346 1588 1403 1653 pro
1427 1570 1526 1634 latriae
1551 1571 1732 1636 honoratio-

176 1691 253 1734 cum
268 1669 446 1734 Beelzebub
459 1677 509 1743 est
525 1670 704 1734 damnatus.
720 1669 826 1747 Porro,
843 1670 928 1751 quod
982 1689 1035 1748 ne,
1051 1668 1111 1732 soli
1125 1687 1201 1732 vero
1222 1689 1259 1732 ao
1281 1687 1405 1733 summo
1425 1669 1490 1734 Deo
1510 1670 1654 1734 debetur.

175 1769 234 1848 ait,
258 1769 455 1833 Christianos
478 1787 605 1832 sumere
632 1788 669 1833 ιι
697 1769 852 1833 bonorare
881 1787 929 1830 sa·
1023 1768 1156 1850 Insuper
1180 1767 1298 1831 dieitur
1320 1767 1373 1831 hie
1399 1789 1406 1828 ε
1432 1771 1599 1832 Nuntium
1623 1789 1732 1840 mum,

177 1869 327 1931 cer-dotes
341 1885 416 1930 suos
430 1886 468 1930 ιι
488 1866 639 1949 presules
658 1866 729 1931 loeo
745 1866 799 1930 Dei
814 1875 847 1930 et
860 1874 928 1929 tan-
944 1865 968 1930 B
985 1865 1136 1929 videlieet
1154 1865 1320 1945 ldabomet,
1336 1887 1410 1928 eum
1431 1870 1485 1928 vta
1502 1876 1589 1930 recta
1604 1871 1734 1949 tepeque

176 1985 277 2049 quam
305 1965 456 2030 Domitios
483 1983 569 2045 suos,
599 1965 668 2048 ipse
701 1964 930 2029 obtenebratis·
984 1966 1067 2026 bona
1080 1969 1168 2027 Deus
1186 1965 1289 2036 misit,
1304 1973 1342 2026 ut
1362 1967 1465 2042 ipsam
1488 1967 1687 2043 manifestet,
1702 1977 1734 2027 et

177 2066 281 2127 simus
310 2063 422 2127 llahon
457 2082 570 2127 vocem
605 2063 767 2146 propriam
797 2063 929 2127 minime
983 2081 1083 2140 super
1096 2083 1201 2124 omues
1223 2067 1306 2140 lepes
1325 2067 1472 2125 extollat.

177 2162 349 2226 intellexit.
364 2161 433 2226 Non
454 2161 541 2225 enim
560 2161 717 2225 sumimus
731 2180 786 2225 eos
800 2181 860 2225 nec
874 2163 930 2226 bo
1023 2161 1134 2236 Quaero
1148 2181 1167 2224 ι
1182 2160 1284 2239 vobis,
1301 2179 1320 2225 o
1335 2161 1512 2240 Sarraceni,
1527 2181 1566 2224 an
1582 2161 1632 2226 lex
1646 2161 1734 2226 Chri-

177 2280 333 2324 noramus
357 2261 428 2323 loco
453 2260 521 2340 Dei,
544 2267 695 2342 tanquam
719 2278 812 2324 veros
836 2261 927 2339 Deos,
984 2258 1025 2321 sti
1040 2258 1083 2322 sit
1098 2258 1278 2341 perfectior,
1286 2258 1479 2342 spiritualior
1489 2267 1583 2341 atque
1597 2259 1736 2324 divinior

177 2369 236 2423 aut
255 2359 322 2422 Deo
342 2357 491 2441 equales,
508 2359 564 2421 sed
584 2366 736 2440 tanquam
757 2359 829 2441 ejus
849 2358 930 2422 vica·
985 2356 1055 2438 lege
1079 2356 1203 2436 blabon,
1220 2376 1260 2420 an
1284 2375 1470 2422 econverso.
1487 2357 1519 2420 Si
1545 2358 1594 2421 lex
1619 2357 1735 2421 Christi

177 2458 257 2538 rios,
293 2457 393 2520 Deum
428 2455 521 2520 nobis
555 2464 829 2538 repraesentantes.
866 2456 929 2520 Nee
984 2455 1157 2538 perfectior
1184 2463 1243 2535 est,
1274 2473 1349 2537 erga
1378 2455 1459 2518 Deua
1490 2455 1594 2538 legem
1622 2455 1735 2520 blahon

177 2555 320 2619 dicimus
345 2573 399 2618 eos
422 2555 583 2634 Dominus,
610 2563 760 2636 tanquam
787 2555 931 2619 domina·
985 2571 1186 2636 nequaquam
1202 2571 1382 2636 supeream
1398 2553 1526 2617 extollet
1543 2577 1550 2616 :
1568 2554 1735 2618 nonenim

177 2665 266 2720 tores
295 2653 414 2737 primos
441 2672 479 2716 ιι
508 2653 713 2736 principales,
743 2654 871 2736 propria
899 2663 931 2718 et
986 2652 1209 2734 imperfectum
1234 2652 1468 2734 praeterendum
1492 2661 1540 2716 ιιι
1568 2652 1737 2735 ριιιιιιίι-

179 2752 417 2836 imparticipata
435 2752 622 2816 auctoritate
641 2754 857 2835 presidentes,
874 2754 930 2816 sed
987 2749 1025 2812 ri.
1056 2751 1088 2813 Si
1118 2751 1167 2812 lex
1196 2750 1308 2813 blabou
1339 2750 1511 2833 perfectior
1538 2758 1597 2830 est,
1622 2751 1736 2814 merito

178 2852 273 2935 quasi
307 2851 455 2916 dominos
488 2850 664 2930 vicariales,
693 2851 929 2930 ministeriales,
986 2868 1225 2932 superomnom
1242 2849 1344 2931 legem
1360 2857 1408 2912 est
1423 2849 1612 2913 extollenda.
1628 2850 1735 2929 Porro,

179 2951 399 3029 secundarios,
417 2950 606 3034 participata
620 2959 652 3013 ιι
665 2951 810 3033 delegata
824 2959 931 3014 aucto
986 2947 1072 3029 quod
1098 2947 1147 3009 lex
1172 2947 1287 3010 Christi
1315 2947 1397 3009 inter
1420 2965 1533 3011 omnes
1555 2947 1642 3030 leges
1667 2967 1738 3030 per-

179 3050 276 3113 ritate
309 3048 525 3132 presidentes.
556 3049 664 3131 ltaque
698 3049 802 3113 salum
831 3048 930 3112 Deum
951 3046 1164 3115 Clectissima
1179 3045 1231 3124 sit,
1249 3045 1436 3109 facillimum
1452 3055 1501 3109 est
1514 3046 1658 3130 probare.
1672 3046 1737 3109 Pri·

179 3149 271 3213 cultu
295 3149 394 3212 latriae
417 3150 607 3225 adoramus3
624 3148 695 3231 ejus
718 3157 824 3212 autem
846 3150 932 3213 vica·
988 3164 1053 3224 mo,
1069 3144 1219 3226 quoniam
1236 3144 1347 3208 blahou
1366 3164 1493 3227 quoque
1510 3146 1636 3226 latetur,
1653 3146 1737 3227 quod

179 3248 245 3311 rios
270 3248 359 3311 cultu
384 3247 478 3310 duliae
498 3266 698 3310 veneramur.
715 3246 823 3311 Honor
843 3267 932 3310 nam·
986 3244 1130 3307 cbristus
1152 3243 1191 3305 sit
1213 3242 1343 3325 spiritus
1365 3252 1396 3306 et
1415 3244 1548 3307 verbum
1571 3244 1737 3326 virtusque

178 3366 244 3427 que
258 3364 425 3409 servorum
447 3364 485 3408 aa
506 3344 697 3408 vicariorum
722 3344 877 3408 redundat
898 3346 931 3407 in
986 3344 1054 3421 Dei,
1075 3350 1107 3404 et
1131 3361 1196 3425 praa
1220 3341 1343 3405 eunetis
1367 3342 1548 3405 bominibus
1569 3362 1587 3405 a
1606 3341 1669 3406 Deo
1690 3362 1738 3404 sa-

180 3442 349 3507 dominum
374 3441 596 3524 principalem.
620 3441 706 3505 Unde
730 3442 873 3505 Christus
898 3442 930 3503 iu
988 3440 1109 3524 pientia
1133 3439 1323 3522 adimpletus
1348 3460 1384 3503 aa
1409 3440 1575 3503 sanctitate
1593 3448 1734 3503 ornatus.

45 3560 119 3611 see.
133 3567 166 3607 ιι.
180 3540 358 3623 Evangelio
382 3540 427 3603 ait
451 3539 611 3623 Apostolis
633 3558 670 3602 aa
694 3540 833 3622 praelatis
850 3564 858 3603 ι
874 3540 932 3615 Qui
986 3540 1057 3622 lpse
1082 3556 1157 3620 erga
1184 3558 1249 3620 prae
1274 3537 1399 3601 eunctis
1423 3538 1608 3601 bominibus
1633 3539 1737 3622 perle

179 3658 239 3703 vos
260 3639 363 3719 audit,
379 3658 430 3702 rue
454 3638 563 3715 audit3
583 3647 615 3701 et
637 3639 692 3721 qui
718 3658 774 3702 vos
797 3640 930 3722 spernit,
988 3636 1390 3719 ctiorem,spiritualiorem
1405 3657 1441 3700 ae
1456 3637 1647 3701 diviniorem
1662 3657 1736 3720 prae

181 3757 235 3801 me
257 3736 390 3820 spernit.
988 3736 1068 3800 stitit
1103 3736 1217 3818 legem.
1255 3735 1397 3816 Denique
1432 3735 1605 3814 Aviaenna,
1636 3736 1735 3799 Arabs

222 3834 382 3913 h'onne,o
404 3835 528 3913 blabon,
544 3833 666 3898 Eliezer
689 3835 723 3897 in
743 3834 858 3899 Genesi
880 3854 934 3899 vo-
988 3835 1209 3917 pbilosopbus,
1225 3833 1286 3897 hoc
1302 3842 1444 3914 testatur,
1461 3842 1492 3896 et
1511 3834 1617 3897 lesum
1634 3834 1667 3896 iu
1688 3853 1736 3896 sa-

58 3942 168 4028 'jmuu
181 3943 235 3997 cat
249 3933 410 3997 Abraham
424 3932 590 3997 dominum
605 3936 721 3997 suuml
736 3934 840 3997 Aaron
855 3952 933 4015 quo·
988 3934 1108 4016 pientia
1128 3952 1165 3995 ao
1188 3932 1367 3995 moralitate
1389 3932 1525 4014 pretulit
1544 3930 1732 4009 blahometo,

60 4033 153 4110 ”M
181 4054 246 4116 que
271 4034 351 4097 dixit
370 4033 411 4096 ad
434 4033 560 4115 lloysen
577 4058 584 4096 :
601 4032 645 4096 Ne
673 4033 856 4115 indignetur
878 4034 933 4098 do
987 4034 1071 4095 sicut
1095 4032 1127 4093 in
1158 4030 1229 4111 ejus
1254 4030 1417 4094 codicibus
1444 4030 1630 4111 reperimus.
1657 4030 1736 4093 Pras-

48 4135 148 4179 ¹¹¹¹¹·¹²·
182 4134 293 4196 minus
322 4151 423 4195 meus.
450 4132 523 4194 titii
551 4149 677 4214 queque
706 4133 932 4214 prophetarum
988 4140 1085 4211 terea,
1111 4138 1146 4192 ut
1174 4148 1270 4212 supra
1298 4128 1496 4191 abundanter
1524 4136 1883 4196 monstratummruau,

48 4247 167 4303 uvaque.
182 4242 298 4315 quarto
316 4233 438 4315 Regum
460 4231 607 4294 dixerunt
624 4231 730 4295 Eliseo
747 4256 754 4294 :
772 4231 932 4314 Numquid
949 4230 973 4293 D
987 4237 1046 4309 est,
1060 4230 1221 4311 prophete
1237 4227 1426 4291 sanctissimi
1440 4226 1732 4305 isaias,Zacharias,
1748 4223 1791 4253 ''¹·

182 4333 248 4395 scis
268 4331 345 4413 quia
365 4331 519 4395 Dominus
541 4329 630 4394 tollet
650 4331 744 4394 bodie
767 4331 931 4394 domiuum
987 4328 1087 4391 David
1108 4346 1144 4391 ιι
1159 4327 1279 4403 Daniel,
1297 4324 1508 4408 predixerunt
1528 4325 1629 4407 legem
1649 4326 1736 4389 Chri-

49 4007 56 4044 t

182 4440 276 4494 tuum
291 4434 381 4513 (puta
393 4429 509 4509 liliam)
524 4447 544 4491 a
557 4433 609 4493 tel
624 4430 768 4511 Denique
783 4430 815 4492 in
835 4431 932 4493 veteri
988 4427 1028 4488 sti
1044 4446 1101 4509 per
1117 4433 1216 4488 totum
1233 4425 1386 4487 muudum
1401 4424 1658 4505 dilluudendam,
1670 4444 1737 4490 om-

182 4530 388 4592 'l'estamento
409 4527 593 4609 frequenter
613 4527 763 4609 leguntur
781 4529 842 4592 viri
863 4548 935 4591 san·
989 4543 1126 4606 nemque
1141 4523 1306 4606 populum,
1320 4522 1436 4585 tribum
1453 4542 1489 4585 ιι
1505 4523 1647 4605 linguam
1663 4542 1737 4586 oon-

183 4627 228 4691 eti
243 4628 393 4690 adorasse
408 4625 720 4707 hominesquoadam
739 4646 776 4689 ac
791 4627 931 4707 angelos.
989 4623 1157 4687 vertendos
1183 4640 1252 4684 esse
1277 4621 1316 4683 ad
1340 4620 1498 4684 Christum
1526 4643 1533 4683 ε
1558 4621 1640 4685 sieut
1663 4640 1737 4685 vere

49 4739 169 4813 perna.
183 4727 219 4790 ln
243 4726 359 4790 Genesi
384 4723 532 4807 equidem
554 4724 707 4808 scriptum
729 4734 777 4788 est
794 4748 801 4788 ι
818 4727 935 4788 Adora·
989 4724 1155 4805 impletum
1177 4730 1237 4801 est,
1254 4720 1400 4801 quamvis
1423 4720 1550 4784 interim
1573 4720 1737 4783 Sarraceni

53 4821 67 4841 ''
184 4825 231 4888 vit
253 4824 414 4887 Abraham
438 4823 591 4905 populum
617 4831 718 4902 terrae,
735 4823 822 4887 lilios
848 4824 935 4887 vide-
989 4841 1027 4885 ac
1041 4820 1161 4883 Tartari
1177 4818 1450 4883 Christianismum
1472 4819 1503 4881 in
1520 4818 1628 4881 multis
1648 4837 1738 4881 mun-

184 4924 264 4987 lieet
276 4923 368 4986 lieth.
384 4922 424 4985 Et
436 4922 476 4984 de
490 4922 584 4984 Josue
605 4922 834 5004 scriptumest,
850 4924 935 5005 quod
990 4920 1022 4983 di
1039 4919 1181 5003 partibus
1197 4917 1446 4980 minoraverunt.
1456 4918 1515 4980 Sed
1532 4918 1593 4980 tale
1608 4916 1738 4998 quidde

50 5044 170 5097 remus.
186 5022 339 5105 angelum
357 5018 510 5084 adoravit.
527 5018 599 5081 Filii
619 5037 746 5101 quoque
764 5021 860 5086 Jacob
882 5040 937 5103 pa·
991 5019 1061 5101 lege
1082 5017 1193 5080 Mahon
1217 5015 1323 5078 nullus
1339 5015 1561 5096 Prophetarum
1584 5014 1736 5097 predixit.

62 5130 172 5181 eam...
187 5121 337 5183 triarchas
366 5117 496 5180 fratrem
525 5136 618 5179 suum
647 5117 764 5200 Joseph
787 5120 938 5183 adarave
1031 5118 1210 5195 Pensate,0
1235 5114 1412 5189 Sarraceni,
1429 5120 1582 5195 quantum
1609 5130 1740 5175 conver·

51 5193 80 5232 Ἀ
187 5227 264 5281 mnt
287 5216 381 5300 proni
404 5216 438 5278 in
459 5223 587 5279 terram.
605 5215 683 5293 lrno,
700 5216 793 5279 tertio
816 5218 937 5298 Regum
993 5216 1072 5279 satio
1087 5213 1201 5277 Christi
1219 5213 1251 5274 in
1267 5212 1383 5274 saeculo
1403 5212 1463 5274 isto
1485 5210 1622 5274 distabat
1643 5230 1661 5273 ι
1679 5211 1741 5273 Μι-

53 5271 144 5380 idm
158 5291 173 5327 '⁸
188 5316 308 5401 legitur
334 5313 458 5380 Nathan
486 5314 641 5398 propheta
668 5315 817 5379 adorasse
839 5315 939 5380 David
996 5315 1104 5377 homet
1119 5311 1310 5375 vitallahon
1325 5311 1435 5373 decem
1450 5317 1482 5373 et
1496 5316 1617 5391 septem
1629 5308 1742 5372 habuit
