4309 6250
462 489 522 555 nos
792 504 911 554 nomm
932 502 1100 552 rmrrnrau
1120 500 1291 559 ιιιιιοιιιιιι,
1312 500 1401 549 uram
1421 502 1466 548 ιιι.
1488 519 1529 531 -
1546 500 1618 547 aar.
1640 500 1683 547 xx

463 696 557 759 gnus,
578 684 610 739 et
627 676 736 739 veniet
753 684 880 757 tempus
894 675 988 756 quale
1007 692 1071 737 non
1093 672 1154 736 fuit
1171 672 1212 735 ab
1225 674 1252 735 A
1267 671 1327 734 bus
1346 690 1410 754 prae
1430 670 1543 735 timore
1561 678 1594 733 et
1611 669 1842 753 exspectatione
1865 687 1934 751 quae
1954 686 1996 729 su·

463 794 502 839 eo
526 795 565 839 ox
592 794 655 858 quo
679 784 790 857 gentes
815 794 884 837 esse
909 780 1085 856 coeperunt,
1112 791 1211 853 usque
1266 770 1454 852 pervenient
1482 769 1632 833 universo
1656 767 1738 832 orbi.
1765 770 1850 831 Tune
1875 784 1995 845 namque

464 876 504 938 ad
532 882 657 956 tempus
686 875 775 937 illud.
805 873 1076 948 Quemadmodum
1105 879 1211 933 autem
1267 870 1314 932 sol
1329 868 1562 948 obscurabitur,
1578 876 1611 929 et
1625 867 1701 929 luna
1714 886 1779 931 non
1799 867 1884 930 dabit
1901 865 1994 926 lumen
2015 882 2078 926 ιιιιι,

465 973 645 1054 persecutio
664 971 847 1035 Antichristi
870 970 1100 1047 crudelissima,
1117 969 1161 1031 ita
1180 976 1213 1031 et
1266 986 1360 1030 suum
1384 967 1423 1029 ad
1447 965 1680 1047 aliquantulum
1705 974 1830 1047 tempus
1856 972 1890 1027 et
1915 951 2081 1043 snpra¹”''³⁹·

464 1071 653 1135 brevissima
677 1071 746 1134 erit.
774 1070 852 1133 Nam
877 1079 1029 1152 quantum
1053 1069 1093 1131 ad
1118 1068 1213 1131 vebe
1267 1072 1423 1142 naturam,
1454 1064 1616 1145 stellaeque
1644 1063 1758 1127 cadere
1786 1062 1993 1126 videbuntur:

331 1182 391 1225 Dan.
413 1169 617 1234 numantiam
638 1188 738 1247 suam,
760 1187 825 1231 non
844 1169 971 1231 durabit
990 1167 1052 1230 nisi
1072 1186 1130 1250 per
1149 1175 1212 1228 tres
1266 1173 1392 1227 namet
1413 1164 1546 1227 virtutes
1567 1164 1721 1226 coelorum
1743 1170 1818 1225 tnnc
1839 1161 1996 1225 movebun-

317 1246 358 1297 ²⁵³
373 1246 450 1356 ¹¹:3⁷2}
464 1286 565 1331 annos
584 1286 657 1329 eum
677 1266 821 1330 dimidio.
838 1266 968 1347 Propter
985 1266 1069 1346 quod
1089 1265 1134 1327 ait
1147 1264 1213 1327 Sal·
1266 1272 1327 1326 tur.
1337 1264 1458 1339 Quibus
1471 1261 1621 1345 peractis,
1632 1261 1739 1325 statim
1754 1261 1860 1324 veniet
1873 1268 1995 1323 extrema

354 1320 387 1349 00.

317 1308 354 1419 id
374 1373 395 1419 ι·
416 1372 449 1411 ¹⁴·
464 1372 554 1427 vator
570 1388 577 1426 :
594 1364 661 1426 Nisi
675 1363 810 1427 breviati
831 1363 968 1427 inissent
986 1364 1055 1425 dies
1071 1361 1130 1441 illi,
1148 1380 1212 1425 non
1266 1361 1335 1425 dies
1358 1361 1466 1423 finalis
1490 1379 1528 1423 ac
1551 1360 1711 1441 generalis
1738 1359 1861 1441 judicii.
1885 1359 1918 1421 ln
1943 1378 1995 1439 qua

317 1432 436 1547 „ml
463 1461 557 1524 lieret
578 1461 666 1525 salva
687 1462 791 1524 omnis
812 1481 907 1541 caro;
924 1462 978 1523 sed
1000 1470 1129 1543 propter
1150 1460 1213 1521 ele·
1268 1459 1408 1540 undique
1428 1459 1512 1541 ignis
1531 1460 1688 1521 maximus
1707 1458 1819 1521 divina
1840 1457 1995 1520 succende·

463 1569 531 1623 ctos
552 1559 794 1624 breviabuntur.
1267 1566 1319 1620 tur
1345 1558 1473 1637 virtute,
1502 1566 1538 1621 ut
1564 1557 1686 1620 dictum
1713 1566 1783 1635 est3
1810 1556 1994 1637 universique
2004 1585 2035 1621 a.
2046 1593 2076 1620 m.

504 1658 728 1721 Verumtamen
751 1665 894 1740 tempore
915 1657 972 1721 illo
994 1658 1075 1720 Deus
1097 1656 1214 1737 glorio-
1267 1657 1413 1719 bomines
1427 1663 1459 1718 et
1473 1656 1565 1719 bruta
1578 1675 1649 1737 quaa
1664 1664 1740 1718 tunc
1761 1656 1796 1718 in
1817 1666 1897 1718 terra
1916 1654 1996 1717 exsti-

464 1775 517 1817 sus
541 1763 573 1818 et
596 1763 725 1818 sanctus
750 1754 924 1817 Ecclesiam
955 1774 1044 1817 suam
1069 1774 1134 1818 uon
1159 1773 1213 1836 pe·
1267 1754 1374 1831 terint,
1390 1753 1446 1817 illo
1461 1754 1494 1815 in
1508 1754 1582 1835 igne
1602 1754 1788 1817 morientur.
1805 1753 1914 1816 bestiis
1932 1771 1997 1833 quo

317 1872 446 1923 retussa.
463 1852 549 1915 nitus
563 1851 773 1916 deseretNon
789 1853 875 1915 enim
891 1852 1052 1934 permittet
1066 1852 1211 1915 bomines
1229 1858 1253 1921 Β
1268 1871 1329 1933 qne
1357 1852 1489 1915 omnino
1516 1872 1586 1915 esse
1613 1851 1843 1930 desinentibus,
1868 1851 1996 1914 bomines

463 1970 558 2031 supra
586 1951 671 2013 vires
704 1970 777 2012 suas
807 1951 931 2012 tentari.
962 1950 1096 2029 idcirco,
1124 1950 1213 2012 Anti·
1268 1950 1342 2031 igne
1358 1950 1413 2013 illo
1427 1949 1586 2030 exstincti,
1602 1950 1714 2013 eadem
1734 1951 1786 2013 die
1808 1970 1880 2013 cum
1898 1947 1997 2011 ceteris

462 2049 573 2113 christi
602 2048 824 2131 persecutione
848 2069 885 2111 ac
910 2049 1136 2131 predicatione
1165 2049 1213 2109 in·
1267 2050 1416 2111 omnibus
1431 2057 1504 2111 ante
1518 2068 1537 2111 a
1551 2049 1710 2131 principio
1725 2049 1837 2111 mnndi
1855 2046 1997 2111 defunctis

462 2156 576 2228 stante,
592 2148 698 2209 mittet
716 2148 798 2209 Dens
819 2148 963 2209 excelsus
982 2156 1014 2209 et
1032 2148 1212 2209 adorandus
1268 2156 1445 2229 resurgent,
1462 2148 1713 2229 angelorumque
1728 2146 1903 2209 ministerio
1916 2146 1950 2208 ad
1963 2145 1998 2207 lo

461 2247 500 2309 ad
529 2244 807 2309 confirmationem
836 2245 994 2323 iidelium,
1021 2246 1102 2308 duos
1126 2245 1211 2307 vims
1268 2264 1341 2307 cum
1355 2245 1469 2326 judicii
1484 2245 1689 2323 delerentur,
1705 2253 1800 2327 atque
1814 2246 1921 2308 eodem
1941 2232 2017 2305 mo'

461 2343 680 2406 sanctissimos
704 2363 741 2405 ex
770 2343 915 2425 paradiso
945 2343 1098 2419 terrestri,
1124 2342 1213 2404 vide-
1267 2351 1375 2407 mento
1399 2344 1551 2423 Christus,
1573 2344 1656 2405 Deus
1680 2352 1712 2405 et
1737 2344 1843 2421 bomo,
1863 2344 1901 2406 de
1920 2341 1996 2405 culis

460 2442 536 2503 licet
560 2442 668 2504 Enoch
692 2450 786 2522 atque
812 2440 911 2504 liliam
929 2465 936 2503 ε
953 2460 1032 2523 quos
1052 2445 1101 2522 (nt
1123 2461 1212 2504 sacra
1267 2462 1340 2504 cum
1363 2442 1487 2505 Sanctis
1512 2442 1709 2505 descendens
1732 2450 1764 2504 et
1787 2442 1821 2504 in
1844 2460 1913 2504 aere
1933 2440 1997 2501 insi-

322 2560 445 2614 ceurae
460 2541 553 2604 docet
579 2540 754 2622 Scriptura)
777 2541 859 2602 Deus
884 2541 1044 2603 transtulit
1067 2540 1157 2619 illuc,
1180 2547 1213 2602 et
1266 2542 1357 2619 dens,
1369 2560 1470 2623 genus
1483 2540 1639 2621 judicabit
1653 2541 1997 2611 humanumluncom·

312 2622 407 2730 ψ·
423 2637 445 2674 ¹¹·
460 2658 546 2702 nunc
569 2640 613 2701 ibi
637 2648 711 2701 sunt
734 2659 771 2703 ac
792 2639 1025 2721 permanebunt
1046 2658 1211 2721 quousque
1266 2657 1323 2701 nes
1344 2638 1450 2720 angeli
1470 2638 1583 2717 sancti,
1600 2639 1747 2719 quamvis
1770 2638 1803 2700 in
1823 2656 1880 2701 sua
1899 2644 1996 2698 natura

459 2738 499 2800 ad
528 2737 766 2819 predicandum
790 2746 901 2801 contra
928 2738 1099 2820 perfidiam
1124 2738 1211 2800 Anti·
1265 2737 1330 2798 sint
1349 2736 1513 2818 simplices
1532 2755 1570 2798 ac
1584 2736 1764 2799 invisibiles
1779 2736 1917 2818 spiritus,
1931 2752 1995 2797 cun-

460 2836 570 2897 cbristi
598 2836 771 2913 mittantur,
789 2836 827 2897 ad
853 2854 988 2917 quorum
1014 2835 1210 2917 praedicatio-
1265 2836 1325 2897 ctis
1340 2835 1525 2898 bominibus
1539 2834 1712 2897 visibiliter
1725 2836 1764 2898 ad
1784 2835 1932 2916 majorem
1945 2833 1994 2895 im

459 2952 533 2995 nem
570 2934 819 2996 innumerabiles
855 2942 1090 2997 convertentur.
1121 2934 1209 2997 Unde
1264 2934 1391 3015 piorum
1412 2932 1666 3015 perterritionem
1685 2940 1718 2995 et
1736 2932 1855 2995 Iudicis
1874 2930 1992 3013 gloriam

459 3050 516 3113 per
536 3031 720 3094 Malachiam
741 3033 929 3114 prophetam
954 3032 1208 3114 loquiturverus
1227 3034 1249 3098 C
1264 3033 1471 3115 apparebunt.
1484 3032 1554 3093 Fiet
1572 3039 1679 3093 autem
1698 3031 1854 3112 judicium
1869 3030 1951 3110 illud,
1964 3038 1993 3089 ut

325 3154 429 3198 nauca.
458 3150 495 3194 ac
519 3151 614 3193 verax
639 3132 720 3194 lleus
747 3155 754 3193 :
778 3132 860 3195 Ecce
884 3151 943 3213 ego
968 3133 1094 3194 mittam
1116 3133 1208 3196 vobis
1264 3150 1360 3213 supra
1377 3131 1557 3212 expositum
1579 3139 1637 3208 est,
1655 3131 1764 3193 divina
1783 3131 1898 3193 virtute
1919 3147 2064 3211 pmrqua..

312 3232 341 3271 ¹l·
356 3222 376 3261 ⁵·
458 3229 557 3292 liliam
583 3231 782 3312 prophetam,
809 3238 978 3312 antequam
1004 3231 1113 3293 veniat
1140 3231 1209 3294 dies
1264 3249 1317 3292 sus
1339 3229 1525 3307 celerrime;
1542 3229 1690 3311 dicetque
1710 3228 1853 3292 Christus
1872 3228 1991 3290 electis:

458 3328 584 3391 Domini
607 3347 742 3410 magnus
765 3337 797 3392 et
818 3329 991 3392 horribilis.
1009 3329 1075 3392 lmo
1090 3331 1129 3392 de
1144 3350 1210 3392 am·
1263 3328 1387 3406 Venite,
1400 3328 1560 3390 benedicti
1581 3327 1681 3391 Patris
1701 3328 1776 3407 mei,
1792 3326 1940 3410 percipite
1950 3343 1994 3407 pa·
2011 3348 2070 3392 uera.

459 3428 572 3490 borum
594 3427 757 3508 (videlicet
778 3427 854 3491 llliae
876 3437 907 3490 et
929 3428 1051 3509 Enoch)
1070 3431 1209 3493 adventu
1265 3435 1367 3490 ratum
1378 3426 1469 3489 vobis
1491 3445 1624 3508 regnum
1643 3446 1663 3488 a
1680 3426 1904 3490 constitutione
1916 3442 1993 3486 mnn—
2002 3429 2039 3458 ¹¹¹·
2048 3417 2071 3454 ³⁸·

320 3551 446 3606 apocata-
460 3526 491 3588 S.
512 3525 649 3590 loannes
668 3527 830 3609 apostolus
854 3527 887 3588 in
907 3528 1096 3609 Apocalypsi
1117 3530 1211 3611 plura
1264 3527 1308 3590 di.
1329 3525 1483 3608 lleprobis
1508 3543 1635 3607 quoque
1658 3525 1805 3608 protinus
1828 3522 1990 3598 dicet:lte,
2003 3540 2039 3585 aa
2052 3543 2074 3581 ιι.

313 3617 346 3657 ¹³·
459 3625 615 3706 predixit.
633 3626 784 3704 Tandem,
802 3627 865 3688 Deo
886 3626 1102 3708 permittente,
1125 3627 1210 3689 Elias
1265 3624 1485 3703 maledicti,in
1505 3623 1613 3705 ignem
1627 3621 1992 3688 rotomumlilectisitem

352 3741 411 3786 ιιιι.
426 3745 446 3786 ι.
461 3731 492 3786 et
509 3724 619 3787 Enoch
638 3724 825 3786 occidentur
844 3725 884 3787 ab
904 3725 1110 3804 Antichristo,
1132 3745 1210 3806 prae-
1265 3731 1297 3786 et
1319 3723 1442 3786 Sanctis
1467 3741 1540 3785 cum
1564 3722 1686 3786 Christo
1709 3722 1743 3784 in
1766 3723 1830 3785 alta
1856 3721 1991 3785 coelomm

462 3821 571 3884 sertim
591 3823 742 3903 quoniam
764 3823 906 3885 debitum
931 3824 1042 3886 mortis
1067 3825 1209 3887 nondum
1264 3822 1499 3900 scandentibus,
1507 3822 1568 3885 hoc
1583 3821 1686 3904 ipsum
1700 3821 1740 3884 ad
1754 3821 1926 3903 graviorem
1939 3835 1992 3879 sne

319 3940 337 3984 ιι
346 3939 447 3992 ratur.
463 3920 636 3983 solverunt.
653 3920 748 3982 Paulo
763 3927 845 4003 post,
861 3921 984 3984 Christo
997 3922 1143 4004 jubente,
1158 3941 1212 3985 oc·
1265 3921 1452 3984 calamitatis
1476 3921 1659 3984 moestitiam
1684 3921 1888 3984 cernentibus
1910 3916 1993 4001 perli-

312 4006 334 4048 ⁸·
463 4019 585 4082 cidetur
603 4026 635 4080 et
653 4017 867 4082 Antichristus
885 4042 891 4080 :
909 4037 972 4100 quo
986 4019 1083 4102 lactc,
1099 4040 1211 4084 omnes
1264 4020 1314 4082 dis
1328 4039 1365 4083 ac
1381 4020 1521 4101 injustis,
1538 4029 1622 4082 terra
1636 4019 1734 4100 (sicut
1750 4019 1930 4102 praedictum
1941 4018 2056 4092 cellar.

461 4116 559 4179 Judaei
580 4125 612 4178 et
630 4116 726 4178 ceteri
747 4117 895 4179 infideles
916 4119 1054 4180 universi
1080 4138 1212 4182 conver·
1265 4137 1301 4180 os
1325 4139 1418 4180 suum
1442 4118 1599 4200 aperiens,
1617 4137 1671 4180 eos
1696 4117 1877 4200 deglutiet:
1897 4117 1991 4194 sicque

461 4223 568 4277 tentur
582 4215 621 4276 ad
636 4213 808 4294 Christum,
825 4215 935 4296 paucis
948 4217 1211 4279 obstinatissimis
1225 4218 1250 4280 D
1266 4217 1447 4279 transibunt
1470 4216 1572 4297 iniqui
1597 4217 1630 4278 in
1651 4216 1759 4297 ignem
1779 4226 1937 4290 aeternum,
1949 4211 1992 4292 jo·
2011 4226 2070 4298 uara.

462 4312 647 4375 Antichristi
671 4313 828 4374 ministris
850 4315 1001 4395 exceptis.
1267 4315 1306 4376 sti
1322 4334 1397 4378 vero
1416 4316 1450 4376 in
1468 4314 1602 4395 gloriam
1617 4323 1780 4377 aeternam.
1795 4315 1842 4377 Ad
1857 4315 1991 4377 bonorem
2002 4296 2069 4336 '¹⁸³⁰'

503 4411 656 4492 Denique,
673 4410 756 4473 sicut
774 4430 812 4474 ex
830 4413 959 4475 Daniele
979 4414 1134 4495 propheta
1155 4414 1212 4477 eli·
1266 4422 1297 4476 et
1311 4413 1436 4475 laudem
1452 4412 1607 4475 Creatoris
1622 4411 1838 4492 altissimi,qui
1853 4421 1993 4489 estsuper

463 4509 556 4589 citur,
573 4517 644 4590 post
658 4509 844 4572 Antichristi
861 4511 1023 4573 interitum
1039 4513 1122 4574 Deus
1136 4531 1212 4575 con·
1266 4512 1374 4574 omnia
1389 4513 1471 4573 Deus
1486 4510 1634 4572 sublimis
1649 4519 1681 4574 et
1695 4510 1990 4573 benedictus.Amen.

326 4629 386 4672 aaa.
411 4641 447 4680 ιι,
463 4608 555 4670 cedet
573 4607 781 4689 quadraginta
802 4609 943 4691 quinque
963 4611 1030 4672 dies
1050 4611 1091 4672 ad
1109 4611 1211 4693 poeni-

316 4693 397 4742 ¹¹¹¹²·
463 4706 594 4768 tendum
628 4705 677 4768 bis
712 4706 767 4786 qui
795 4707 835 4769 ab
863 4708 1058 4772 Antichristo
1091 4708 1211 4772 inerint
1460 4722 1705 4786 ARTlcULUS
1736 4722 1812 4785 xx.

462 4803 598 4885 decepti.
619 4803 689 4866 Post
714 4823 793 4885 quos
817 4805 923 4867 statim
946 4806 1097 4869 evenient
1119 4807 1211 4888 signa

461 4903 553 4964 valde
568 4902 746 4984 propinqua
761 4903 892 4965 extremi
906 4904 1079 4984 judicii,de
1093 4906 1210 4987 quibus

328 5021 382 5066 nuc.
403 5035 446 5074 m.
462 5001 495 5064 in
515 5000 686 5082 Evangelio
706 5001 846 5082 loquitur
865 5003 1006 5065 Christus
1024 5027 1030 5065 :
1048 5003 1148 5067 Erunt
1169 5005 1211 5066 si-

314 5085 392 5134 Μ·
460 5119 523 5182 gna
542 5100 576 5160 in
595 5100 660 5163 sole
680 5108 711 5162 et
730 5100 806 5162 luna
824 5109 856 5162 et
875 5101 986 5181 stellis,
1003 5111 1035 5165 et
1058 5103 1091 5164 in
1117 5105 1208 5166 terris
1326 5103 1442 5166 osser
1456 5103 1509 5165 bic
1528 5101 1606 5165 linis
1625 5102 1747 5184 imponi
1766 5101 1917 5185 opusculo
1936 5095 1988 5173 isti,

460 5217 608 5280 pressura
626 5199 770 5279 gentium
789 5218 853 5281 prae
873 5199 1060 5264 confusione
1086 5202 1208 5266 sonitus
1338 5221 1437 5285 quum
1454 5203 1521 5283 J'am
1543 5202 1615 5264 lnce
1635 5202 1752 5265 clarius
1770 5202 1812 5264 sit
1829 5201 1989 5284 probatum,
2099 5274 2100 5291 ἵ

1279 4855 1399 4915 Contra
1421 4856 1570 4933 quaedam
1593 4854 1717 4928 scripta
1734 4857 1979 4914 sarracenorum

1411 4945 1450 5002 de
1462 4943 1673 5020 generatione
1687 4943 1861 5004 Mahomet.

461 5299 557 5362 maris
582 5307 614 5361 et
636 5296 805 5377 fluctuum,
829 5300 1046 5388 arescentibus
1071 5301 1209 5364 bomini·
1263 5302 1473 5367 blabometnm
1506 5303 1693 5366 mendosum
1721 5301 1990 5385 impiissimumque
