4309 6250
457 490 517 556 776
1093 503 1188 551 nrorx
1207 504 1376 553 66666666

456 674 605 734 trucum
627 674 687 732 llil.
710 674 755 731 An
777 670 917 729 divinatio
939 686 1006 745 quse
1028 670 1061 727 66
1083 689 1136 747 per
1295 676 1421 733 66666666
1439 692 1517 733 unus
1529 692 1565 732 sc
1581 674 1718 749 simplex,
1732 676 1762 733 66
1779 676 1875 734 trinus
1887 692 1932 734 se-

493 765 611 823 somnis
629 765 714 823 liceat
751 805 1133 820 .........
1152 763 1207 819 226
1296 764 1413 823 risvime
1430 764 1461 821 in
1479 765 1612 838 personis
1648 807 1931 821 .......
1947 767 1992 822 ted

457 855 606 913 Articulus
619 854 690 911 xlll.
705 854 808 911 Utrum
823 852 963 909 divinatio
978 868 1030 924 per
1043 868 1136 925 augu-
1261 854 1408 912 articulus
1421 856 1467 911 66.
1481 855 1612 921 Qualiter
1629 854 1821 928 intelligenda
1838 856 1877 910 sit
1889 872 1934 928 ge

493 945 573 1001 rium
593 944 678 1001 liceat
704 982 1134 999 ..........
1153 941 1208 997 226
1298 943 1410 999 neratio
1433 942 1519 1001 Verbi
1546 943 1659 1006 eterni,
1682 947 1771 1015 atque
1793 943 1934 1016 processio

458 1034 607 1091 Articulus
628 1034 698 1089 llll'.
721 1035 765 1089 66
786 1030 927 1090 divinatio
949 1030 1073 1088 sortium
1101 1030 1137 1086 li·
1297 1032 1423 1104 Spiritus
1443 1032 1552 1097 Sancti,
1575 1048 1610 1089 ac
1632 1032 1783 1088 distinctio
1802 1048 1935 1103 persona·

495 1126 567 1190 reat,
580 1128 610 1179 et
622 1122 748 1196 qualiter
760 1122 874 1179 licitum
889 1120 928 1177 sit
940 1120 1068 1176 sortibus
1081 1119 1134 1177 uti.
1153 1120 1209 1175 226
1298 1138 1366 1179 rum
1380 1122 1410 1179 in
1426 1122 1493 1186 lieo,
1508 1121 1663 1194 unitasque
1680 1122 1882 1179 substantialis
1892 1138 1937 1177 es·

458 1213 606 1271 Articulus
622 1214 678 1269 xv.
694 1213 732 1269 lle
751 1210 927 1284 quibusdam
946 1208 1138 1267 observantiis
1297 1228 1365 1267 rum
1380 1211 1490 1284 inipso
1509 1254 1934 1269 ..........
1949 1212 1993 1267 266

495 1301 705 1376 superstitiosis
718 1305 805 1374 alque
820 1300 930 1357 illicitis
941 1340 1136 1357 .....
1154 1298 1209 1353 226
1263 1300 1411 1357 articulus
1421 1301 1480 1356 llll.
1488 1300 1625 1357 ltstiones
1637 1300 1803 1373 probabiles
1816 1301 1893 1373 quod
1905 1300 1933 1355 66

458 1392 607 1451 66666166
628 1392 696 1448 lll'l.
721 1392 760 1449 lle
784 1390 915 1448 materiis
937 1388 1137 1462 praeinductis,
1299 1390 1358 1447 Deo
1380 1406 1449 1446 cum
1473 1389 1584 1447 6666666
1604 1390 1739 1449 essentias
1760 1390 1800 1446 sit
1824 1389 1936 1446 trinitas

494 1500 528 1541 ex
543 1481 640 1539 verbis
654 1482 686 1537 B.
700 1480 857 1553 Augustini
895 1520 1089 1535 .....
1095 1538 1107 1553 .
1129 1522 1136 1533 .
1155 1477 1210 1535 226
1300 1494 1491 1551 personarum
1512 1520 1933 1537 ..........
1949 1479 1994 1534 sot

459 1571 607 1629 Articulus
620 1570 703 1627 XVll.
720 1570 760 1627 666
773 1570 876 1627 eadem
898 1567 1021 1625 materia
1034 1583 1070 1624 ex
1086 1569 1139 1623 ne
1264 1568 1413 1625 Articulua
1433 1568 1506 1624 lllll.
1530 1568 1571 1625 lle
1592 1568 1758 1641 primorum
1784 1572 1934 1642 parentum

495 1664 574 1719 creto
611 1698 1137 1719 ............
1156 1656 1212 1711 226
1299 1656 1540 1729 transgressione,
1574 1661 1605 1713 et
1640 1656 1794 1730 originalis
1830 1657 1934 1731 peccati

1299 1744 1496 1802 transfusione
1511 1788 1933 1803 ..........
1948 1747 1991 1801 266

539 1833 691 1898 thNTRA
711 1832 913 1897 Paullum
933 1832 1130 1896 ltnflodEtt
1264 1833 1413 1892 Articulus
1425 1835 1564 1891 lllV.Cur
1577 1852 1670 1909 genus
1682 1836 1848 1893 humanum
1862 1836 1934 1892 indi·

686 1930 786 1995 unffi
806 1930 982 2005 ΟΠΑΤΨΜ)ι
1300 1924 1365 1995 guil
1381 1923 1523 1981 salvatore
1532 1942 1542 1991 ;
1555 1928 1587 1981 et
1598 1942 1653 1981 cur
1669 1925 1867 1982 necessarium
1884 1924 1935 1981 luit

503 2068 510 2083 ,
788 2064 795 2077 ,
1301 2012 1486 2085 unigenitum
1501 2012 1552 2069 Dei
1565 2013 1674 2072 Filium
1687 2014 1845 2070 incarnari.
1883 2058 1890 2069 .
1925 2014 1992 2068 ,262

459 2068 587 2169 ³⁹¹⁸²⁰¹ff
601 2068 816 2139 ”mmmm
848 2108 1136 2122 ·······
1155 2066 1210 2121 ²³³
1263 2102 1411 2159 amenus
1428 2102 1484 2158 xv.
1504 2103 1544 2160 ne
1562 2103 1745 2176 nypoeauu
1761 2104 1870 2161 unone
1886 2120 1934 2160 ιι-

459 2160 638 2217 pmmmm
663 2197 1136 2211 ···········
1154 2154 1210 2209 m
1299 2193 1374 2247 ture
1387 2190 1527 2247 bumanve
1540 2192 1713 2255 cumyerbo
1727 2195 1849 2259 eterno;
1858 2196 1889 2249 et
1899 2193 1933 2249 de

1297 2278 1473 2353 6666666666
1495 2297 1530 2337 66
1551 2280 1732 2338 beatitudine
1750 2285 1864 2338 nature
1885 2282 1932 2339 bu

719 2343 809 2389 ΠΜ
828 2342 950 2389 ‘²³⁰⁸'
1298 2368 1570 2427 manarinclaristo
1598 2412 1932 2428 ........
1946 2371 1992 2427 stt

458 2460 606 2519 Articulus
638 2460 659 2517 l.
692 2458 871 2517 testimonis
905 2458 1061 2515 llabometi
1099 2459 1135 2514 de
1261 2458 1408 2515 Articulus
1421 2460 1491 2515 lll'l.
1506 2460 1590 2525 Quod
1603 2460 1704 2517 nullus
1721 2460 1828 2517 sslvari
1845 2464 1933 2533 potest

493 2551 606 2607 Christo
615 2591 1134 2607 ............
1152 2550 1208 2605 269
1296 2547 1354 2603 6666
1373 2548 1518 2605 eredendo
1541 2549 1572 2606 in
1590 2549 1749 2614 Christum,
1769 2552 1800 2607 66
1815 2567 1932 2623 evauge-

457 2640 605 2697 Articulns
619 2638 806 2696 llllesolutio
820 2638 966 2694 dictorum
980 2637 1136 2694 llabometi
1297 2636 1385 2693 licam
1399 2636 1495 2709 legem
1508 2640 1652 2695 servando
1666 2655 1675 2693 τ
1690 2638 1752 2695 imo
1765 2639 1843 2711 quod
1861 2656 1932 2696 nun·

385 2802 388 2807 ,
493 2732 530 2787 66
543 2729 674 2794 Cbristo;
689 2732 718 2785 et
731 2726 802 2799 quid
816 2726 919 2783 llabon
935 2743 969 2783 ae
983 2727 1135 2785 sarraceni
1296 2742 1386 2798 quarn
1400 2727 1468 2799 quis
1484 2727 1590 2785 salvari
1609 2727 1705 2801 potuit
1723 2727 1780 2784 nisi
1793 2728 1879 2785 sidem
1897 2732 1931 2786 de

493 2820 621 2877 66666666
634 2820 670 2876 66
683 2818 798 2875 Christo
812 2834 847 2873 ac
860 2816 1041 2873 Christianis.
1081 2861 1088 2873 .
1126 2859 1134 2871 .
1153 2818 1208 2874 266
1295 2816 1408 2873 Christo
1433 2816 1567 2877 babendo
1593 2817 1739 2891 explicite,
1761 2818 1808 2876 vel
1832 2819 1931 2876 saltem

456 2909 606 2967 Articulus
620 2908 667 2964 lll.
682 2906 797 2979 Scripta
815 2905 951 2963 sloormi
966 2910 994 2963 et
1008 2906 1138 2962 66666666
1296 2905 1438 2977 implicite
1458 2948 1926 2967 ...........
1943 2908 1989 2963 266

493 3000 545 3056 nia
556 2997 711 3055 llabometi
726 2999 762 3053 dc
774 2996 866 3052 ilaris
876 2995 990 3069 virgine
1003 2999 1033 3052 et
1049 2996 1137 3051 loan-
1259 2995 1408 3053 Articulus
1421 2997 1504 3053 lll'll.
1519 2998 1551 3053 tn
1570 3013 1638 3069 quo,
1652 2998 1817 3064 seeundum
1830 2998 1930 3057 doetri-

493 3104 531 3147 ne
545 3086 682 3161 Baptista,
702 3085 929 3160 parentibusque
942 3101 1044 3142 eorum
1079 3127 1088 3140 .
1125 3129 1132 3142 .
1152 3086 1208 3142 262
1296 3100 1366 3142 nam
1393 3101 1485 3143 sscrse
1514 3084 1682 3159 Scripturas,
1708 3103 1780 3146 vera
1809 3086 1931 3144 bominis

457 3179 605 3237 Articulus
623 3178 666 3233 ll'.
684 3177 768 3242 Quod
786 3175 977 3240 llabometus,
998 3175 1134 3231 omnium
1295 3175 1446 3234 beatitudo
1459 3176 1599 3234 consistat
1601 3220 1928 3234 ........
1944 3177 1990 3232 abl

493 3267 701 3340 principalium
720 3265 981 3322 haeresiarcbamm
995 3264 1045 3337 qni
1065 3281 1134 3322 eum
1259 3266 1408 3323 Articulus
1427 3267 1523 3322 xl‘ttl.
1543 3268 1583 3324 De
1600 3269 1795 3324 sacramentis
1814 3285 1931 3342 evange-

492 3362 625 3430 tempore
651 3357 871 3428 precesserunt,
899 3353 1024 3410 hereses
1050 3353 1136 3426 perfi-
1295 3355 1360 3412 6666
1373 3355 1454 3428 legis,
1469 3361 1499 3413 et
1512 3358 1548 3414 de
1562 3357 1724 3414 cessatione
1737 3357 1930 3414 circumcisio-

492 3447 614 3519 diesque
627 3445 782 3510 resorbuit,
797 3448 825 3500 et
844 3447 989 3516 resorptas
1005 3442 1136 3500 evomuit
1295 3446 1343 3501 nis
1362 3463 1396 3502 66
1418 3445 1663 3504 caerimonialium
1684 3447 1929 3504 observantiarum

492 3535 697 3600 66666666ιί6,
708 3533 874 3605 multosque
888 3531 1009 3603 insuper
1021 3548 1136 3588 errores
1295 3535 1427 3591 66666666
1448 3522 1530 3608 legii,
1544 3539 1632 3609 etque
1655 3537 1692 3593 66
1709 3537 1867 3610 baptismo,
1881 3537 1929 3610 qui

492 3625 649 3698 sacrilegos
670 3627 699 3681 et
718 3621 934 3695 superstitiosos
957 3621 1083 3686 induxit,
1105 3624 1136 3679 66
1294 3623 1513 3684 circumcisioni
1528 3627 1692 3684 seeundum
1707 3627 1813 3684 (bristi
1830 3626 1931 3684 doctri·

491 3731 566 3788 pene
587 3713 703 3772 tertiam
727 3715 841 3784 partem
860 3709 1013 3766 bominum
1032 3727 1134 3766 secum
1295 3730 1366 3771 uam
1384 3714 1515 3772 succedit
1552 3756 1929 3775 .........
1943 3715 1988 3770 266
2109 3740 2110 3783 4

491 3806 522 3862 in
546 3802 726 3876 prolundum
746 3799 863 3864 inlerni.
883 3799 1135 3871 incomprebensi-

491 3894 544 3950 bili
557 3897 586 3952 et
599 3891 713 3950 occulto
727 3891 778 3947 sed
783 3891 865 3962 justo
880 3890 930 3946 6666
940 3888 1055 3962 judicio
1069 3907 1135 3962 per-
1384 3947 1389 3954 ,
1435 3937 1440 3944 .
1491 3929 1582 3976 um
1600 3927 1768 3977 mmm.

491 3984 635 4046 mittente,
655 3979 806 4038 demersit
845 4021 1134 4036 .......
1151 3981 1207 4036 262
1678 4029 1685 4034 .

455 4072 603 4130 Articulus
616 4071 649 4124 V.
665 4071 704 4127 De
724 4069 812 4124 modo
832 4067 1008 4140 procedendi
1027 4067 1058 4123 in
1077 4067 1134 4123 isto
1257 4070 1436 4128 Prooemurn
1456 4113 1927 4130 ...........
1942 4070 1985 4125 Yll

492 4165 619 4220 66666666
656 4197 1132 4215 ...........
1150 4159 1206 4214 263
1256 4159 1405 4216 666666666
1417 4159 1439 4214 l.
1452 4160 1493 4217 lle
1509 4160 1685 4229 Habometo,
1698 4164 1729 4218 et
1746 4162 1783 4219 66
1801 4161 1929 4218 introdu-

456 4250 662 4310 6666666661.
678 4249 718 4306 [66
731 4245 914 4320 argumentis
932 4245 999 4302 lidei
1017 4245 1133 4302 christi·
1292 4249 1388 4306 atione
1401 4249 1476 4322 legis
1488 4250 1581 4322 ipsius
1595 4293 1926 4307 ........
1942 4249 1987 4304 262
2109 4250 2110 4271 ¹

491 4355 556 4399 6666
570 4339 601 4396 66
620 4337 748 4412 generali
752 4377 1132 4392 .........
1149 4337 1206 4394 266
1255 4338 1403 4395 eruemus
1417 4338 1451 4393 ll.
1466 4339 1596 4405 Qualiter
1612 4343 1642 4396 et
1659 4356 1712 4412 per
1723 4357 1814 4412 quem
1832 4345 1927 4397 ortum

456 4429 604 4488 trucum
622 4429 679 4484 vu.
699 4427 830 4494 ouuvur
848 4425 944 4498 primo
964 4427 1132 4498 predicata,
1292 4429 1428 4486 nonest
1441 4429 1488 4486 ux
1500 4429 1658 4486 nonomen
1687 4473 1926 4488 ......
1942 4428 1987 4484 au
2109 4410 2110 4429 ¹

491 4520 639 4592 divulgata
657 4521 686 4576 et
704 4534 796 4590 usque
816 4517 845 4574 in
869 4532 997 4589 praeno
1016 4533 1133 4574 666666-
1255 4518 1403 4575 Articulus
1420 4519 1468 4574 lll.
1482 4518 1621 4575 Recitatio
1639 4518 1754 4576 domini
1775 4519 1862 4587 Petri,
1880 4521 1927 4576 ab·

490 4615 557 4667 rata
570 4609 607 4664 sit
622 4609 694 4665 tides
707 4607 867 4664 christiana
889 4649 1130 4664 ......
1149 4610 1205 4666 266
1290 4607 1366 4662 batis
1379 4606 1587 4672 cluniacensis,
1601 4609 1638 4665 de
1650 4609 1754 4665 666666
1767 4608 1891 4667 matema
1916 4606 1987 4664 ,266

455 4699 603 4758 Articulus
625 4699 696 4754 l'lll.
720 4697 854 4753 Probalio
880 4713 983 4754 eorum
1006 4713 1073 4769 quse
1099 4698 1131 4756 in
1254 4697 1403 4754 Articulus
1420 4697 1465 4752 ll‘.
1479 4698 1586 4754 Contra
1603 4698 1748 4770 qoosdsm
1765 4715 1879 4755 errores
1896 4697 1925 4754 in

492 4789 666 4862 precedenti
684 4787 808 4844 articulo
822 4788 900 4842 dieta
911 4789 990 4843 sunt.
1028 4829 1036 4842 .
1076 4831 1084 4842 .
1122 4833 1130 4844 .
1149 4791 1205 4847 266
1290 4786 1387 4858 primo
1400 4785 1537 4843 66666666
1549 4786 1678 4858 capitulo
1689 4791 1841 4844 contentos
1873 4833 1880 4843 .
1916 4827 1925 4844 .
1941 4785 1987 4840 266

454 4879 603 4937 siliculus
621 4879 666 4934 lx.
686 4876 821 4934 Probatio
839 4893 875 4933 ex
893 4877 1046 4948 scripturis
1065 4880 1133 4934 nori
1254 4876 1402 4933 Articulus
1416 4877 1447 4931 l'.
1462 4876 1622 4949 Responsio
1639 4877 1726 4949 plena
1743 4878 1781 4933 66
1798 4877 1926 4950 praealle-

492 4987 525 5027 ac
540 4970 643 5025 veleris
656 4968 840 5030 Testamenti,
856 4968 934 5038 quod
948 4967 1080 5024 Christrm
1092 4971 1130 5025 sit
1291 4971 1373 5040 galas
1385 4966 1522 5024 Alcorani
1539 4967 1736 5031 auctoritates,
1748 4971 1779 5024 et
1793 4968 1927 5040 reproba·

491 5078 550 5118 ¹¹⁰⁰
570 5059 909 5124 h⁰m⁰d¹1ffltfflb⁸ed
932 5059 1021 5113 eiiam
1044 5076 1130 5117 verus
1288 5063 1331 5118 tio
1342 5060 1440 5118 laudis
1451 5063 1481 5117 et
1497 5058 1675 5116 extollentiae
1686 5057 1831 5113 Aloorani.
1871 5101 1879 5114 .
1916 5055 1987 5113 ,268
2108 5080 2109 5143 3

489 5155 565 5212 Deus
607 5193 1126 5208 ............
1146 5157 1201 5210 262
1253 5155 1401 5211 articulus
1418 5153 1464 5208 l'l.
1478 5150 1640 5224 Disputatio
1657 5153 1760 5206 contra
1775 5149 1926 5206 irrationa-

451 5245 600 5302 Artieulus
610 5239 782 5309 lemnario
794 5258 831 5298 ex
844 5239 955 5298 eisdem
965 5242 1128 5314 scripturis,
1288 5242 1674 5307 ouinimumrudissimum
1687 5243 1927 5315 perfidissimum·

488 5335 567 5412 quod
583 5335 657 5390 lleus
672 5337 798 5389 eternus
810 5348 844 5388 ae
863 5333 1032 5388 adorandas
1044 5333 1082 5388 sit
1095 5333 1127 5388 in
1288 5351 1345 5406 que
1365 5349 1496 5391 66666666
1514 5333 1681 5402 1666616666,
1702 5334 1755 5407 qui
1776 5333 1809 5392 in
1829 5335 1925 5410 primo
