4309 6250
404 518 445 565 D!
465 518 629 565 utentum
650 516 687 563 ΕΤ
707 515 854 564 muamus
875 515 904 561 B.
928 514 956 560 V.
978 514 1095 573 nanta,
1117 513 1206 563 ttlttttt
1226 516 1266 563 Ν.
1288 534 1329 545 -
1349 516 1419 563 Ant.
1442 516 1487 563 vn
1666 496 1725 561 {57

173 685 227 749 sed
251 686 372 752 ornari.
393 685 501 767 ltaque
524 682 709 747 credibilius
733 681 919 761 estimatur,
934 680 961 745 t
976 682 1116 745 dendum
1135 682 1355 747 ascensionem
1377 683 1479 767 ipsius
1495 707 1503 747 ε
1519 690 1638 766 quanto
1659 702 1726 746 ma·

173 784 258 865 quod
272 783 502 866 gloriosissima
516 782 612 865 Virgo
626 781 809 864 quindecim
830 778 922 843 circi·
975 780 1036 861 gis,
1063 779 1090 843 si
1114 782 1286 863 praedicata
1309 782 1422 847 fuisset
1445 783 1553 845 statim
1577 782 1610 845 in
1634 782 1726 845 initio

173 888 221 943 ter
249 882 462 963 supervixerit
484 880 577 943 annis
601 886 673 962 post
700 877 921 941 ascensionem
976 876 1054 940 fidei
1076 879 1252 961 assumptio
1272 883 1367 943 meai

172 978 321 1040 altissimi
337 976 569 1060 Redemptoris‚
583 976 659 1059 quia
673 984 705 1038 et
724 984 769 1039 tot
787 983 842 1038 aut
862 974 923 1037 eir·
1016 974 1150 1059 lusuper
1169 977 1399 1059 benignissima
1420 977 1510 1059 virgo
1529 977 1625 1041 ldaria
1646 976 1727 1041 libro

172 1076 254 1139 citer
276 1078 370 1139 annis
394 1076 541 1139 feruntur
562 1074 704 1158 Apostoli
730 1082 803 1137 ante
832 1092 922 1135 suam
976 1073 1088 1135 eodem
1117 1074 1257 1155 loquitur
1283 1074 1422 1157 brigittae
1449 1098 1456 1137 :
1483 1076 1563 1137 Dum
1589 1077 1726 1156 quadarn

172 1174 366 1238 divisionem
382 1174 414 1237 in
430 1174 536 1238 tudes
550 1172 666 1253 eteius
685 1171 823 1235 circuitu
844 1188 922 1253 prae-
976 1171 1029 1234 die
1044 1171 1179 1235 multum
1193 1172 1338 1236 anxiarer
1350 1172 1508 1237 desiderio
1523 1173 1725 1255 pertingendi

172 1271 310 1336 dicasse.
975 1269 1015 1331 ad
1030 1269 1146 1333 lilium
1159 1289 1279 1349 meum,
1295 1270 1361 1333 vidi
1376 1270 1526 1351 angelum
1549 1270 1726 1352 fulgentem

211 1371 386 1449 Postremo,
401 1389 440 1433 ex
453 1368 611 1451 praetactis
625 1367 751 1431 elicitur
765 1367 849 1448 quod
864 1365 923 1428 cir·
978 1366 1058 1429 mibi
1078 1368 1238 1430 dicentem
1255 1390 1263 1429 :
1280 1368 1362 1431 licus
1381 1375 1413 1431 et
1432 1368 1584 1431 Dominus
1604 1377 1725 1447 noster,

171 1486 210 1531 ca
224 1468 434 1532 revolutiones
450 1484 656 1549 personarum
672 1464 831 1543 fidelium,
843 1482 922 1546 prva-
977 1464 1175 1543 illinemus,
1192 1466 1280 1527 misit
1294 1485 1346 1528 ma
1361 1465 1416 1528 tibi
1431 1466 1725 1548 annuntiare,quod

172 1566 283 1629 sertim
309 1565 504 1649 simplicium
532 1574 627 1647 atque
655 1562 786 1627 feminei
815 1580 920 1639 sexus,
977 1572 1102 1645 tempus
1119 1562 1187 1644 jam
1206 1564 1247 1625 sit
1270 1582 1334 1645 quo
1357 1564 1564 1645 corporaliter
1587 1565 1626 1626 ad
1650 1583 1725 1627 eum

171 1665 304 1746 grandis
319 1664 497 1727 adhibenda
512 1662 554 1726 sit
568 1662 686 1741 cautio,
703 1681 743 1725 ne
758 1660 922 1741 contingat
977 1660 1167 1741 pervenies;
1183 1662 1375 1743 venientque
1396 1661 1492 1724 amici
1506 1661 1578 1723 Filii
1593 1662 1652 1741 tui,
1668 1662 1724 1744 qui

172 1762 321 1845 deceptio
342 1770 374 1825 et
398 1761 520 1826 falsitas
544 1761 725 1824 misceatur.
741 1758 809 1822 Non
834 1758 921 1821 enim
977 1777 1092 1839 corpus
1106 1768 1196 1823 tuum
1211 1760 1378 1843 sepelient.
1386 1760 1452 1835 Quo
1466 1760 1563 1841 dicto,
1571 1760 1725 1844 disparuit

173 1858 361 1922 concordari
382 1878 473 1941 posse
490 1860 639 1922 videntur
659 1857 692 1920 ln
713 1858 773 1920 bac
795 1875 828 1918 re
844 1874 921 1937 pras-
935 1856 960 1919 B
976 1856 1120 1938 angelus.
1136 1858 1174 1920 lit
1191 1877 1251 1940 ego
1269 1878 1321 1921 me
1339 1858 1514 1941 praeparavi
1534 1860 1573 1921 ad
1592 1860 1722 1938 exitum,

172 1964 265 2020 tactae
288 1957 498 2021 revelationes
522 1957 683 2021 Elisabeth
708 1974 744 2019 ac
768 1954 918 2036 Brigittae.
977 1955 1136 2017 circuiens
1169 1956 1276 2020 omnia
1309 1957 1379 2020 loca
1411 1957 1445 2019 in
1476 1956 1591 2040 quibus
1622 1957 1723 2020 fitius

172 2054 339 2138 Quumque
362 2054 547 2119 revelationi
567 2054 683 2119 divinae
707 2052 824 2117 falsum
848 2052 922 2115 sub-
977 2072 1067 2116 meus
1081 2051 1186 2117 fuerat
1200 2073 1323 2137 passus.
1340 2054 1505 2138 Quumque
1519 2056 1655 2137 quadam
1670 2054 1724 2118 die

172 2172 242 2217 csse
264 2172 329 2217 non
348 2160 454 2235 queat,
470 2153 569 2215 altera
588 2152 700 2217 talium
719 2150 834 2215 salvari
857 2168 921 2214 non
977 2152 1103 2215 animus
1117 2171 1208 2216 meus
1222 2161 1307 2217 esset
1320 2152 1354 2215 in
1374 2152 1584 2217 admiratione
1605 2152 1724 2217 divina

173 2252 269 2315 valet.
977 2250 1117 2313 caritatis
1145 2270 1330 2333 suspensus,
1359 2250 1468 2314 anima
1493 2270 1566 2316 mea
1592 2251 1626 2313 in
1656 2249 1726 2335 ipsa

977 2348 1246 2431 contemplatione
1268 2348 1411 2413 caritatis
1435 2348 1522 2413 illius
1549 2357 1636 2412 unta
1663 2348 1726 2412 fuit

977 2446 1187 2510 exsultatione
1215 2448 1346 2530 repleta,
1371 2448 1456 2529 quod
1484 2466 1519 2511 se
1546 2447 1650 2531 ipsam
1672 2448 1725 2510 vix

370 2542 616 2608 ARTICULUS
646 2542 719 2606 Vll.
978 2564 1091 2627 capere
1106 2554 1239 2627 poterat,
1254 2554 1350 2627 atque
1365 2546 1399 2607 in
1413 2545 1483 2627 ipsa
1501 2546 1726 2609 consideratio·

978 2661 1017 2705 ne
1042 2663 1061 2706 a
1085 2662 1217 2726 corpore
1241 2642 1302 2706 fuit
1326 2643 1439 2707 soluta.
1460 2644 1579 2708 Verum
1601 2663 1673 2726 qua
1692 2652 1726 2707 et

174 2729 230 2789 ΕΦ
250 2727 516 2789 Revelaffflt'bw
535 2728 572 2788 S·
587 2726 756 2803 Brifilloes
770 2726 811 2783 de
831 2724 923 2827 ²²¹⁰de
977 2760 1071 2823 mam
1087 2741 1261 2825 magnilica
1274 2742 1354 2805 vidit
1367 2750 1443 2806 tunc
1462 2742 1570 2806 anima
1587 2762 1670 2822 mea,
1692 2752 1725 2807 et

215 2824 245 2876 θ’
271 2824 413 2919 ’θ”ἶΡθζθ
424 2815 672 2918 ,afflmpii‘lm'f‘
691 2820 923 2890 mmm*
977 2840 1062 2922 quali
1082 2841 1203 2905 bonore
1222 2841 1389 2905 bonoravit
1411 2860 1481 2905 eam
1506 2842 1606 2921 Pater,
1622 2849 1655 2905 et
1676 2842 1726 2904 lli·

215 2924 277 2965 Μ
298 2906 454 2981 γ’ΨΜῧ·
978 2937 1050 3019 lius,
1066 2946 1099 3001 et
1120 2939 1256 3022 Spiritus
1274 2940 1420 3019 Sanctus,
1436 2949 1531 3022 atque
1549 2960 1568 3003 α
1586 2940 1674 3023 quali
1693 2946 1726 3003 et

941 3040 1096 3118 cquanta
1124 3036 1310 3119 angelorum
1338 3038 1543 3102 multitudine
1575 3037 1636 3101 fuit
1662 3039 1727 3103 elc-

21 3159 159 3214 seum,
244 3141 300 3202 00
320 3140 357 3198 in
374 3136 546 3196 altissimis
565 3135 725 3204 tuditani,
738 3142 769 3193 et
785 3135 923 3194 ebrocas
978 3145 1061 3216 vata,
1088 3156 1147 3200 nec
1166 3156 1280 3220 capere
1302 3156 1423 3221 posses,
1449 3157 1509 3202 nec
1528 3137 1587 3201 tibi
1607 3139 1641 3200 in
1666 3139 1725 3202 bac

22 3225 44 3266 ⁷·
256 3255 346 3298 meua
366 3237 402 3296 in
425 3237 577 3294 columna
601 3233 707 3292 cabaa
724 3231 817 3295 Sexto
840 3230 923 3294 libro
978 3235 1041 3297 vita
1065 3236 1172 3298 dicere
1197 3235 1281 3300 volo.
1298 3236 1393 3300 Porro
1416 3237 1472 3318 qui
1497 3256 1624 3300 mecum
1649 3245 1725 3300 tunc

174 3333 416 3398 Revelationum
443 3331 474 3394 S.
504 3329 642 3412 Brigittse
671 3329 819 3392 recitatur
846 3328 923 3391 insi·
978 3341 1068 3396 erant
1083 3335 1117 3396 in
1131 3335 1227 3398 domo
1240 3335 1317 3397 dum
1332 3335 1445 3398 tradidi
1467 3334 1628 3418 spiritum,
1645 3336 1726 3399 bene

172 3432 329 3516 gnissima
343 3431 433 3512 virgo
447 3429 541 3491 llaria
555 3427 671 3490 dixisse
685 3427 724 3490 ad
738 3427 921 3509 Brigittam:
978 3441 1136 3495 noverunt
1150 3452 1188 3495 ex
1203 3432 1331 3496 insolito
1349 3432 1469 3496 lumine
1489 3433 1596 3516 qualia
1616 3434 1726 3496 divina

172 3531 318 3594 l‘atiebar
345 3548 384 3592 ex
410 3525 592 3591 vehementi
624 3525 784 3588 desiderio
812 3545 923 3608 perve-
977 3549 1104 3594 mecum
1128 3539 1204 3594 tunc
1227 3531 1413 3614 agebantur.
1435 3533 1508 3596 Post
1531 3533 1610 3612 baec,
1629 3532 1725 3596 amici

171 3629 284 3692 niendi
305 3627 345 3690 ad
366 3625 481 3690 Filium
496 3643 615 3704 meum,
631 3631 799 3706 postquam
813 3641 923 3686 ascen·
977 3628 1047 3691 lilii
1073 3629 1137 3692 mei
1159 3630 1314 3692 divinitus
1333 3630 1421 3692 missi
1440 3631 1635 3713 sepelierunt
1657 3650 1727 3694 cor-

171 3729 221 3791 dit
234 3727 268 3790 in
288 3727 418 3804 coelum,
433 3723 585 3809 quoniam
606 3724 702 3804 longa
721 3741 809 3786 mora
827 3741 921 3804 quam
978 3747 1037 3809 pus
1052 3747 1160 3791 meum
1175 3729 1209 3790 in
1224 3729 1374 3811 Josapbat
1392 3728 1475 3792 valle
1492 3753 1500 3792 :
1517 3749 1591 3793 cum
1610 3729 1725 3812 quibus
1816 3807 1821 3816 Ι

171 3825 331 3888 habebam
345 3824 379 3886 in
395 3823 514 3886 mundo
529 3829 601 3903 post
614 3819 832 3884 ascensionem
850 3819 923 3903 ipsi·
977 3825 1108 3888 fuerunt
1121 3825 1227 3908 angeli
1243 3825 1364 3889 infiniti
1383 3835 1418 3888 ut
1437 3828 1533 3890 atomi
1548 3827 1645 3906 solis;
1660 3847 1727 3890 ma·

172 3942 222 4000 us,
252 3939 361 3985 meum
389 3919 477 3982 auxit
508 3917 664 3981 dolorem.
695 3917 813 3980 Eodem
841 3917 923 3980 libro
978 3922 1056 4004 ligni
1073 3933 1178 3987 autam
1198 3924 1328 4006 spiritus
1348 3943 1413 3988 non
1434 3925 1594 3988 audebant
1613 3944 1727 4008 appro-

170 4019 276 4082 fertur
299 4017 395 4081 llaria
412 4015 600 4098 dignissima
623 4014 762 4097 brigittae
787 4014 924 4078 revelas-
978 4021 1144 4103 pinquare.
1171 4021 1359 4096 Quindecim
1383 4041 1460 4086 vero
1487 4023 1600 4086 diebus
1626 4023 1728 4105 jacuit

172 4137 208 4181 se
227 4141 234 4178 :
250 4117 317 4199 Ego
331 4123 404 4200 post
417 4113 637 4178 ascensionem
652 4112 723 4175 Filii
744 4113 805 4176 mei
827 4113 923 4196 longo
979 4137 1096 4202 corpus
1117 4139 1223 4182 meum
1248 4121 1408 4203 sepultum
1432 4121 1466 4182 in
1490 4129 1595 4200 terra;
1611 4121 1727 4185 deinde

172 4225 317 4298 ternpore
332 4214 394 4276 vixi
410 4214 443 4275 in
458 4212 586 4292 mundo,
593 4218 625 4274 et
639 4211 699 4274 boc
715 4211 817 4275 voluit
830 4212 920 4291 fleus,
938 4219 962 4282 D
978 4236 1051 4280 cum
1081 4216 1285 4282 multitudine
1310 4218 1496 4300 angelorum
1520 4218 1583 4282 fuit
1606 4239 1728 4284 assum-

171 4323 210 4377 ut
230 4314 298 4376 visa
324 4311 476 4394 patientia
500 4329 572 4374 mea
599 4317 633 4374 et
659 4309 800 4372 moribus
830 4310 921 4390 meis,
978 4326 1067 4400 ptum
1094 4317 1127 4378 in
1153 4315 1280 4380 coelum.
1308 4316 1346 4378 Et
1369 4317 1429 4380 boc
1455 4325 1580 4399 tempus
1609 4337 1727 4400 naqua-

171 4412 283 4496 plures
297 4411 412 4474 animae
425 4416 685 4473 converterentur
698 4408 737 4470 ad
753 4410 925 4490 eumolpo
978 4435 1074 4498 quam
1098 4415 1235 4478 maximo
1263 4416 1413 4498 mysterio
1442 4425 1529 4480 caret
1555 4441 1563 4480 z
1589 4418 1664 4500 quia
1692 4418 1726 4480 in

172 4509 247 4574 stoli
271 4527 399 4592 quoque
422 4507 540 4590 aliique
568 4506 661 4571 electi
687 4506 920 4570 roborarentur·
978 4513 1114 4596 septima
1128 4513 1281 4577 boraerit
1294 4515 1484 4578 resurrectio
1498 4534 1679 4599 corporum,
1694 4524 1727 4580 et

171 4609 212 4674 Et
226 4608 324 4672 etiam
338 4606 492 4669 naturalis
505 4604 672 4688 dispositio
693 4604 836 4688 corporis
858 4605 922 4669 mei
979 4612 1012 4674 in
1026 4621 1140 4675 octava
1154 4613 1365 4694 complebitur
1378 4612 1537 4678 bestitmlo
1550 4615 1725 4679 animarum

170 4709 234 4773 boc
249 4705 397 4789 exigebat
409 4705 494 4788 quod
508 4703 627 4768 diutius
642 4702 792 4782 viverem,
804 4712 838 4767 ut
851 4723 924 4768 mea
978 4729 1015 4775 ao
1037 4729 1218 4793 corporum.

169 4814 343 4890 augeretur
366 4823 494 4868 corona.
511 4803 617 4884 Porro,
638 4803 723 4884 quod
747 4803 923 4886 assumptio
1018 4809 1189 4888 Postremo,
1219 4809 1356 4892 septimo
1389 4830 1519 4874 suarum
1552 4812 1727 4877 Revelatio·

170 4923 244 4969 mea
261 4923 328 4969 non
347 4902 456 4966 multis
472 4902 600 4982 cognita
618 4901 690 4982 fuit,
707 4919 766 4964 nec
786 4920 805 4963 α
824 4901 923 4984 pluri·
978 4927 1055 4972 num
1081 4908 1163 4972 libro
1187 4909 1301 4971 asserit
1318 4909 1451 4991 Brigitts
1474 4919 1584 4974 sancta
1600 4934 1608 4974 ε
1623 4912 1725 4987 Quum

169 5005 231 5068 bus
264 5003 448 5086 predicata,
478 5001 538 5065 boc
573 5000 674 5064 voluit
709 5001 791 5065 Deus
823 5000 923 5064 lilius
978 5025 1082 5070 essem
1104 5007 1137 5068 in
1161 5007 1244 5070 valle
1258 5007 1418 5090 Josapbat,
1435 5027 1529 5072 orans
1550 5011 1590 5072 ad
1611 5011 1727 5074 beatis·

170 5127 271 5186 meus,
288 5115 325 5170 ut
339 5103 431 5188 prius
446 5102 634 5184 infigeretur
653 5102 801 5166 cordibus
822 5102 925 5166 bomi-
978 5107 1067 5170 sime
1089 5105 1224 5187 virginis
1242 5105 1345 5168 llario
1368 5107 1563 5188 sepulcrum,
1579 5109 1726 5190 apparuit

171 5225 246 5269 num
272 5201 448 5268 credulitas
467 5221 532 5265 suae
550 5200 758 5281 ascensionis,
773 5201 923 5283 quoniam
979 5204 1057 5266 mibi
1073 5223 1147 5267 cum
1161 5205 1330 5286 splendore
1345 5205 1455 5285 nimio,
1471 5205 1582 5268 dicens
1599 5199 1726 5270 :Atten-

170 5307 264 5372 corda
279 5305 425 5368 bumana
440 5302 527 5364 tarda
548 5309 638 5364 erant
651 5306 682 5363 ct
696 5299 775 5363 dura
796 5299 835 5362 ad
857 5319 923 5364 crc-
978 5303 1029 5383 de,
1046 5302 1209 5386 filialigo,
1220 5311 1387 5385 postquam
1402 5304 1499 5368 lilius
1513 5325 1602 5368 meus
1616 5325 1726 5370 ascen·
