4309 6250
398 529 438 578 or
458 529 621 579 prostrare
642 533 679 580 vr
699 533 848 581 alcuinus
871 533 897 579 e.
920 535 949 580 v.
972 533 1089 592 varin,
1112 534 1200 580 trusa
1220 535 1240 581 r.
1262 553 1304 565 -
1323 534 1393 581 aar.
1415 535 1471 582 vm
1675 513 1716 579 27

162 699 264 782 magis
283 719 379 781 quam
398 702 438 765 ad
460 700 536 764 vilia
559 701 743 781 inclinatur,
759 703 822 767 nisi
847 703 909 768 lor-
924 705 949 767 A
966 705 1092 787 plenius
1106 705 1232 787 scripsi.
1248 705 1287 768 llt
1308 706 1454 787 quamvis
1475 703 1626 768 nobilitas
1647 721 1713 766 car-
1738 718 1862 771 renunc

163 815 220 860 san
252 798 382 862 libertas
410 798 545 879 arbitrii,
575 803 772 865 cousuetudo
799 821 907 884 prava,
964 803 1016 866 nis
1031 823 1144 886 parum
1159 803 1274 867 habeat
1288 803 1485 882 laudis,dum
1501 810 1608 865 tamen
1623 801 1713 864 nobi·
1729 781 1863 896 w'ffi

163 903 217 958 aut
230 895 293 957 alia
307 915 402 960 causa
418 897 596 960 extrinseca
609 907 758 980 operetur
772 909 804 962 et
820 900 911 962 indu·
966 901 1037 964 litas
1062 901 1168 964 carnis
1192 911 1287 983 atque
1307 901 1457 965 nobilitas
1479 901 1585 964 cordis
1606 900 1640 962 in
1660 918 1713 962 eo-

164 1001 216 1056 eat
236 994 442 1058 contrarium.
964 999 1038 1062 dem
1060 999 1266 1078 conveniunt,
1283 1019 1317 1062 se
1339 999 1478 1062 invicem
1499 1005 1625 1062 ornant.

204 1091 331 1155 Constat
354 1091 472 1174 itaque,
488 1095 573 1174 quod
597 1094 747 1157 nobilitas
774 1113 839 1159 non
863 1103 912 1158 eat

164 1197 286 1252 tautum
311 1209 350 1253 ex
372 1190 525 1272 qualitate
548 1192 790 1275 complexionis,
812 1211 911 1275 quum

164 1305 218 1350 rex
234 1307 289 1350 seu
304 1287 367 1351 alia
380 1307 516 1370 persona
531 1289 676 1370 illustris,
686 1292 831 1374 quamvis
846 1309 912 1354 me·
1160 1281 1406 1364 ARTICULUS
1426 1299 1517 1363 VIII.

163 1384 348 1448 lancholica
362 1395 416 1449 aut
430 1387 651 1470 phlegmatica
670 1389 910 1470 complexionis

163 1484 377 1546 communiter
399 1485 559 1563 audacior,
591 1485 825 1567 magnanimior
851 1486 913 1549 lar-

163 1579 296 1690 gimqqe
334 1581 487 1692 ⁰⁰f¹⁸i⁸m
526 1583 644 1692 &⁵5⁰⁰
682 1583 912 1665 ⁰⁰mp¹⁰¹i⁰ni⁵
1008 1625 1155 1682 raculosc
1169 1631 1319 1696 concepta
1340 1625 1384 1681 sit
1393 1643 1408 1691 ,·
1421 1632 1451 1682 et
1466 1625 1549 1701 quid
1567 1625 1719 1683 ueritatis

164 1697 346 1759 sangumem
361 1699 428 1742 srvc
444 1679 619 1743 cholerica.
629 1681 793 1760 Praeterea,
803 1699 914 1762 quam·
1007 1710 1171 1770 contineat
1201 1711 1284 1770 liger
1309 1714 1366 1770 ,723
1391 1714 1596 1788 apocryphus
1624 1731 1720 1787 mm,

165 1776 215 1838 vis
243 1777 350 1838 anima
380 1777 541 1840 rationalis
575 1778 617 1840 sit
648 1779 830 1842 immediate
858 1797 915 1860 per
1010 1809 1110 1868 tacu„
1132 1802 1174 1859 de
1197 1803 1281 1862 om,
1305 1810 1336 1860 εἰ
1364 1802 1432 1859 „ica
1455 1803 1576 1861 Marioe
1601 1803 1719 1861 impu.

167 1873 360 1937 creationem
380 1893 399 1936 a
418 1875 493 1956 Ileo,
509 1893 573 1939 non
593 1877 779 1939 extraduce
799 1885 853 1939 aut
877 1879 951 1940 exB
1011 1891 1110 1948 larus,

966 1447 1021 1506 An
1033 1445 1254 1521 glorificando
1269 1453 1300 1503 et
1315 1445 1481 1504 benedicto
1496 1447 1589 1522 uirgo
1603 1446 1716 1507 Maria

1007 1535 1143 1609 Deisera
1158 1553 1200 1592 ee·
1213 1535 1361 1610 angelica
1380 1536 1590 1594 nuntiatc'one
1609 1555 1647 1594 ac
1660 1535 1720 1594 mi·

164 1972 332 2035 eductione
354 1973 503 2052 materiae,
520 1982 626 2037 minen
646 1975 820 2037 secundum
845 1975 917 2038 dis-

164 2069 354 2150 positionem
370 2069 475 2132 caruis
491 2071 543 2134 eui
563 2071 754 2149 inlundItur,
771 2091 912 2135 commu·
1041 2079 1102 2141 NA
1124 2087 1170 2138 est
1193 2079 1339 2138 columba
1363 2099 1446 2148 mea,
1466 2082 1612 2155 perfecta
1635 2099 1715 2140 mea.
1732 2097 1865 2147 canaam.

164 2167 249 2229 niter
273 2176 439 2249 operatur3
466 2177 497 2231 et
519 2177 614 2250 prout
641 2189 660 2231 a
689 2170 832 2251 corporis
860 2170 910 2233 sui
1053 2175 1325 2249 Quemadmodum
1344 2175 1389 2238 ait
1409 2175 1587 2253 Pulhcrtus,
1603 2175 1719 2239 Carno-

165 2265 357 2346 proprietate
381 2267 420 2328 ad
445 2265 564 2348 aliquid
592 2268 694 2349 magis
715 2259 778 2330 ¹aut
805 2269 912 2330 minus
970 2272 1070 2334 tensis
1085 2272 1267 2354 episcopus,
1284 2273 1317 2334 in
1332 2273 1521 2336 solennitate
1540 2273 1579 2336 de
1600 2271 1720 2336 Nativi-

166 2363 350 2442 iucliuatur,
367 2364 541 2427 secundum
557 2366 617 2428 hoc
634 2367 846 2430 communiter
868 2366 914 2429 al·
971 2377 1034 2432 tato
1058 2370 1281 2432 sacratissimae
1296 2370 1435 2452 Virginis
1458 2369 1611 2452 legendus
1635 2379 1719 2434 esset

171 2460 226 2523 liei
249 2461 330 2524 solet
349 2469 382 2524 et
401 2463 538 2543 operari.
971 2467 1100 2530 libellus
1118 2469 1158 2530 de
1179 2467 1255 2530 0rtu
1273 2476 1306 2530 et
1324 2467 1390 2531 vita
1409 2477 1526 2531 sanctas
1544 2469 1647 2532 llario
1672 2469 1719 2533 in-

207 2558 378 2638 Postremo‚
408 2560 447 2623 de
477 2561 725 2643 proprietatibus
759 2563 915 2626 nobilium
971 2566 1121 2648 scriptus,
1137 2566 1200 2628 uisi
1215 2575 1300 2629 esset
1321 2565 1404 2628 iuter
1425 2567 1607 2649 apocrypha
1630 2587 1649 2630 a
1672 2587 1721 2630 sa-

167 2664 279 2719 tractat
299 2657 509 2738 Philosophus
530 2657 562 2719 in
584 2657 674 2720 libris
698 2659 914 2738 Politicorum,
972 2664 1131 2747 pientibus
1146 2663 1224 2726 viris
1246 2683 1282 2727 ac
1304 2663 1448 2726 Patribus
1469 2671 1644 2746 reputatus.
1662 2666 1722 2727 Ve-

167 2762 199 2816 et
213 2754 257 2816 ait
270 2755 354 2835 quod
370 2755 525 2818 nobilium
541 2763 614 2818 sunt
629 2765 763 2837 quatuor
777 2759 915 2839 proprie
971 2770 1151 2824 rumtamcn
1176 2762 1275 2823 multa
1301 2760 1334 2822 in
1355 2760 1410 2824 illo
1430 2761 1589 2824 habentur
1612 2763 1722 2826 libello

167 2859 247 2914 tates
273 2871 328 2914 seu
354 2871 457 2915 mores
483 2852 668 2916 laudabiles.
695 2854 800 2918 Primo
829 2856 914 2918 enim
971 2877 1042 2940 quae
1071 2858 1276 2940 probabiliter
1299 2878 1374 2921 vera
1398 2868 1579 2935 censentur,
1606 2860 1723 2941 quiae

168 2949 380 3014 communiter
395 2957 469 3012 sunt
490 2951 721 3031 magnanimes,
738 2960 770 3014 et
783 2954 917 3016 tendunt
972 2957 1050 3019 viris
1080 2957 1198 3020 sanctis
1222 2965 1255 3018 et
1277 2957 1411 3020 eruditis
1438 2977 1513 3019 vera
1540 2957 1687 3020 feruutur
1713 2983 1721 3021 ι

169 3049 202 3111 iu
219 3068 343 3131 magua.
361 3049 517 3127 Secundo,
535 3051 638 3116 solent
653 3071 722 3115 esse
737 3052 914 3134 magnifici,
932 3059 954 3122 C
973 3063 1084 3137 utputa
1109 3056 1192 3137 quod
1218 3055 1360 3118 Joachim
1384 3063 1474 3136 pater
1491 3055 1632 3138 Virginis
1656 3057 1723 3139 glo

167 3148 199 3211 id
224 3156 272 3209 cst
296 3167 410 3229 magua
433 3156 563 3230 agentes
591 3157 684 3231 atque
712 3151 751 3213 ad
780 3152 916 3233 grandes
974 3154 1076 3230 riosae,
1094 3162 1125 3215 et
1139 3156 1230 3216 Anna
1244 3162 1345 3216 mater
1359 3154 1502 3235 ejusdem
1524 3174 1561 3217 ac
1580 3155 1723 3218 loachim

168 3254 313 3327 sumptus
328 3265 393 3327 prae
412 3244 484 3308 aliis
504 3246 662 3309 inclinati.
679 3248 796 3327 Tertio,
813 3249 917 3311 solent
973 3271 1062 3331 uxor,
1092 3251 1226 3313 luerunt
1259 3254 1299 3314 de
1332 3251 1417 3314 tribu
1446 3253 1537 3329 luda,
1568 3253 1612 3315 ita
1639 3255 1723 3334 quod

168 3363 237 3406 esso
262 3343 409 3406 industrii
429 3363 466 3406 ac
486 3344 618 3421 dociles,
638 3364 694 3407 seu
720 3346 799 3409 bene
825 3366 917 3428 capa·
972 3350 1117 3413 loaehim
1139 3348 1311 3413 luitnotus
1331 3370 1369 3413 ex
1393 3349 1557 3430 Nazareth,
1573 3352 1664 3413 Anna
1685 3371 1723 3414 ex

167 3460 232 3521 ces,
259 3442 409 3524 quoniam
434 3442 474 3505 ab
503 3442 639 3505 infantia
667 3443 751 3505 iuter
778 3444 915 3524 nobiles,
972 3447 1170 3510 Bethlehem.
1187 3448 1320 3529 Insuper
1339 3447 1442 3511 lertur
1461 3447 1518 3527 ibi,
1535 3448 1619 3529 quod
1642 3448 1725 3511 mul·

168 3539 375 3620 morigeratos
390 3548 421 3601 et
435 3549 580 3621 expertos
597 3550 670 3603 sunt
691 3543 916 3621 conversati,a
974 3546 1014 3607 tis
1036 3545 1129 3608 aunis
1149 3545 1219 3607 sine
1238 3546 1358 3608 sobolis
1382 3546 1602 3628 procreatione
1627 3545 1723 3609 simul

168 3636 285 3718 quibus
314 3637 427 3700 instrui
456 3656 493 3700 ac
527 3640 715 3721 reprehendi
744 3658 919 3704 consueve-
974 3644 1146 3706 vixerunt:
1164 3642 1235 3706 ideo
1254 3644 1424 3707 Dominum
1447 3644 1573 3707 assidue
1595 3662 1726 3726 rogave

169 3742 252 3797 runt.
269 3734 396 3811 Quarto,
413 3733 515 3798 solent
530 3755 599 3799 esse
620 3736 741 3817 politici
758 3746 790 3801 et
803 3738 918 3800 allabi·
975 3749 1049 3803 runt
1074 3748 1109 3803 ut
1131 3741 1177 3803 eis
1201 3742 1391 3805 concederet
1415 3743 1559 3824 prolcm;
1586 3744 1670 3825 quod
1696 3744 1724 3805 si

169 3833 226 3895 les.
255 3833 289 3895 ln
319 3831 477 3914 loquendo
510 3852 648 3915 quoque,
680 3836 849 3916 vescendo,
880 3856 916 3899 ac
974 3838 1080 3901 lacere
1108 3839 1304 3920 dignaretur,
1331 3848 1487 3902 voverunt
1511 3859 1581 3902 eam
1606 3840 1724 3903 divinis

169 3930 242 3992 aliis
257 3930 408 4012 gestibus,
425 3940 500 3993 sunt
514 3932 727 3995 communiter
749 3934 850 4014 magis
872 3933 917 3995 la·
975 3936 1158 4018 mancipare
1172 3936 1345 4017 obsequiis.
1355 3936 1470 4018 Sicque
1486 3939 1613 4000 tandem
1629 3957 1725 4020 ange-

168 4027 229 4090 ceti
251 4036 283 4089 et
302 4028 512 4092 honestiores.
529 4029 651 4091 Habent
672 4030 767 4092 etiam
792 4031 915 4112 aliquos
975 4033 1093 4097 luscis
1118 4052 1260 4097 seorsum
1286 4035 1496 4115 denuntiavit,
1512 4036 1596 4116 quod
1621 4034 1722 4098 liliam

168 4125 396 4205 vituperabiles
417 4144 533 4205 mores,
555 4127 739 4209 specialiter
761 4128 851 4205 duce,
870 4149 918 4191 se-
973 4140 1173 4213 gcncrarcut,
1189 4151 1260 4213 quae
1274 4150 1332 4195 suo
1346 4140 1490 4215 tempore
1504 4133 1648 4196 llessiem
1668 4153 1724 4215 pa-

168 4224 308 4287 cundum
332 4223 559 4307 Philosophum
586 4249 593 4289 ε
620 4226 693 4307 quia
717 4235 791 4288 sunt
818 4228 916 4290 nimis
935 4228 958 4289 b
974 4238 1056 4293 reret
1081 4248 1199 4311 regem,
1220 4231 1385 4313 ipsamque
1410 4230 1512 4294 liliam
1536 4232 1600 4295 Deo
1624 4231 1723 4295 oller-

168 4321 252 4384 avidi
267 4322 462 4385 excellentiae
476 4342 514 4385 ac
528 4324 678 4400 honorls3
695 4332 726 4386 et
741 4324 843 4388 solent
862 4326 915 4388 dc·
975 4336 1044 4391 rent
1059 4329 1247 4391 servituram
1263 4328 1413 4391 eidemin
1429 4330 1560 4411 templo.
1576 4330 1647 4393 llaec
1667 4350 1722 4393 au·

168 4420 291 4501 spicere
307 4440 381 4483 suos
401 4422 628 4503 progenitores
645 4422 760 4504 quihus
775 4444 808 4485 se
825 4443 917 4504 repu-
973 4435 1035 4489 tem
1059 4446 1135 4489 vera
1156 4427 1315 4490 videntur.
1332 4426 1462 4509 Nempe,
1480 4428 1506 4490 si
1529 4432 1578 4508 (ut
1598 4430 1642 4491 ait
1661 4429 1721 4491 lla-

167 4525 235 4579 tant
260 4517 445 4597 nobiliores,
466 4518 618 4600 quoniam
643 4539 680 4582 ex
705 4528 838 4603 utroque
862 4540 916 4602 pa·
972 4524 1075 4586 ximus
1090 4523 1259 4605 episcopus
1274 4522 1307 4585 in
1323 4542 1469 4587 sermone
1483 4524 1523 4587 de
1537 4526 1721 4588 beatissimo

168 4625 257 4679 rente
292 4616 422 4679 trahunt
456 4616 665 4680 nobilitatem.
702 4617 780 4696 lino,
815 4638 914 4701 quum
972 4622 1092 4685 Ioanne
1125 4621 1277 4703 Baptista)
1304 4622 1564 4685 decentissimum
1597 4622 1660 4685 luit
1687 4631 1721 4686 ut

168 4714 292 4778 nobiles
308 4714 518 4777 communiter
533 4714 597 4777 sint
610 4716 736 4793 divites,
754 4724 785 4779 et
804 4736 914 4781 omnes
972 4720 1040 4801 ipse
1055 4720 1192 4782 loannes
1207 4718 1319 4781 Christi
1338 4737 1513 4799 praecursor
1531 4722 1721 4785 miraculose

166 4812 303 4876 divitum
332 4830 447 4889 mores,
473 4814 648 4875 secundum
673 4814 912 4897 Philosophum,
972 4826 1156 4879 nasceretur
1174 4818 1214 4879 de
1234 4816 1335 4879 sterili
1359 4826 1469 4897 matre,
1485 4827 1641 4899 quatenus
1663 4822 1844 4888 minuati.

167 4912 233 4973 siut
256 4909 494 4993 vituperabiles,
521 4930 584 4973 una
609 4911 800 4994 proprietate
824 4931 915 4977 exce·
973 4915 1115 4978 rabiliter
1129 4923 1232 4995 uatus,
1251 4914 1427 4978 mirabilius
1442 4917 1639 4979 nasciturum
1662 4920 1721 4981 Do

168 5020 236 5092 pta3
253 5010 325 5073 ideo
340 5027 443 5072 mores
458 5009 627 5089 nobilium,
639 5012 814 5073 secundum
830 5014 913 5093 quod
973 5012 1096 5074 minum
1112 5012 1270 5074 Christum
1286 5030 1344 5074 suo
1365 5013 1494 5075 exordio
1516 5013 1718 5096 designaret3

165 5109 282 5171 divites
298 5114 381 5183 sunt,
399 5126 480 5189 pene
495 5126 606 5170 omnes
622 5118 695 5171 sunt
714 5110 799 5171 muli.
817 5111 914 5173 —lle
973 5110 1018 5171 sic
1041 5109 1302 5173 decentissimum
1322 5109 1422 5172 luisse
1441 5111 1567 5173 videtur
1586 5120 1621 5173 ut
1643 5132 1721 5194 pra

165 5207 226 5269 hac
249 5206 390 5285 materia,
408 5214 441 5267 et
461 5206 537 5287 quid
557 5204 598 5267 sit
622 5207 772 5270 nobilitas
798 5208 914 5289 carnis,
973 5207 1075 5270 electa
1107 5206 1249 5270 Genitrix
1278 5206 1391 5269 Christi
1420 5226 1459 5270 ex
1487 5208 1647 5272 sterilibus
1675 5211 1722 5292 gi-

168 5305 202 5368 iu
230 5303 311 5369 libro
335 5304 375 5367 de
401 5303 472 5366 Vita
495 5310 527 5367 et
551 5304 705 5387 regimine
734 5306 915 5390 principum
973 5313 1124 5387 gneretur
1144 5304 1341 5388 parentibus,
1356 5314 1511 5387 quatenus
1533 5306 1721 5373 mirabiliter
