4309 6250
280 528 321 575 na
341 526 550 574 anmonrrars
571 526 666 574 som
685 522 853 572 romaicis
873 522 911 569 ar
931 522 1102 571 summias
1123 522 1263 583 concino,
1285 524 1374 571 crasa
1395 524 1416 571 r.
1439 542 1479 555 -·-
1499 524 1570 573 aar.
1592 524 1612 571 v
1664 504 1724 570 537

170 706 312 782 potestas
327 699 473 781 superior
486 707 581 781 atque
602 697 734 761 inferior
750 695 922 780 dupliciter
935 695 961 758 Α
975 695 1090 759 simam
1109 696 1321 761 hierarchiam
1345 697 1548 761 imitatricem
1572 695 1723 779 angelicae

170 818 206 861 sc
227 798 347 861 habent
369 797 408 861 ad
433 797 584 861 invicem.
601 796 665 859 Aut
685 795 740 874 ita,
755 795 842 877 quod
866 812 920 877 po·
975 794 1218 859 hierarchicaEt
1232 796 1593 873 denu020rdinationas,
1607 795 1721 876 inquit,

169 904 270 960 testas
288 896 422 959 inferior
439 915 478 959 cx
497 904 563 960 toto
581 896 703 959 oriatur
722 915 741 958 a
764 900 920 977 potestate
976 895 1259 976 congregationum
1282 894 1480 958 sensibilium
1502 894 1644 959 ordinate
1659 893 1724 957 dis·

170 995 357 1078 superiori:
379 1002 411 1058 ct
437 1004 515 1058 tunc
542 1003 608 1058 tota
633 994 734 1057 virtus
758 991 921 1055 inferioris
973 991 1160 1074 positarum,
1192 992 1348 1075 imagines
1380 1002 1454 1056 sunt
1486 993 1723 1057 ordinationum

169 1094 325 1157 fundatur
338 1113 433 1176 super
452 1094 603 1157 virtutem
623 1092 807 1175 superioris.
824 1090 862 1153 Et
877 1091 921 1152 ita
974 1109 1045 1171 quaa
1064 1099 1138 1153 sunt
1162 1091 1195 1153 in
1220 1091 1403 1155 coelestibus
1422 1091 1588 1155 ordinibus
1609 1092 1647 1155 ad
1668 1090 1723 1153 llei

170 1193 321 1256 sehabet
340 1200 480 1275 potestas
501 1193 557 1255 llei
576 1193 615 1255 ad
635 1210 762 1255 omnem
786 1196 922 1272 potesta·
975 1186 1183 1253 imitationem
1195 1189 1531 1273 ordinatis-ltaque,
1540 1190 1621 1253 sicut
1635 1191 1667 1253 in
1683 1198 1725 1254 tc

170 1300 236 1353 tem
251 1299 411 1368 creatam,
428 1292 475 1353 sic
494 1292 589 1354 etiam
612 1310 646 1353 se
666 1288 762 1353 babet
782 1296 921 1370 potestas
976 1294 1007 1349 ta
1021 1287 1229 1369 triumphanti
1242 1287 1383 1351 Ecclesia
1398 1298 1494 1373 atque
1507 1289 1540 1351 in
1556 1297 1620 1353 tota
1634 1309 1725 1372 ange
1772 1308 1779 1318 ·

170 1390 374 1472 lmpcratoris
409 1392 449 1453 ad
484 1397 671 1472 potestatem
706 1386 919 1471 proconsulis,
976 1385 1038 1449 lica
1053 1384 1233 1449 hierarchia
1247 1395 1296 1449 est
1317 1407 1399 1450 unus
1414 1407 1558 1451 summus
1577 1388 1725 1451 omnibus

172 1490 314 1571 itemque
339 1497 478 1572 potestas
503 1489 593 1571 Papae
616 1489 656 1550 ad
679 1505 807 1550 omnem
829 1486 923 1569 spiri·
977 1484 1160 1565 praesidens,
1169 1485 1290 1549 scilicet
1304 1485 1452 1565 Deus3ita
1467 1487 1498 1549 in
1513 1485 1661 1550 militanti
1672 1486 1726 1551 Ec·

173 1589 293 1651 tualcm
321 1595 507 1670 potestatem
537 1588 571 1649 in
600 1586 754 1663 Ecclesia,
780 1584 855 1667 quia
882 1585 923 1647 ab
977 1582 1074 1647 clesia
1090 1602 1146 1647 seu
1161 1584 1376 1649 ecclesiastica
1390 1586 1567 1650 hierarchia
1581 1594 1726 1649 estunus

173 1687 246 1769 ipso
274 1686 358 1768 Papa
379 1686 497 1768 gradus
520 1684 712 1768 dignitatum
740 1683 859 1747 diversi
888 1682 922 1745 in
977 1699 1122 1743 summus
1142 1681 1256 1745 Christi
1276 1690 1307 1745 et
1325 1682 1380 1746 Ilei
1400 1684 1550 1761 vicarius,
1567 1683 1726 1745 universis

172 1784 319 1848 Ecclesia
345 1792 376 1847 et
404 1784 617 1867 disponuntur
644 1792 677 1847 et
699 1783 887 1846 ordinantur
913 1804 921 1844 z
978 1786 1010 1841 et
1035 1778 1171 1861 singulis
1196 1780 1359 1859 fidelibus,
1382 1790 1492 1864 utputa
1520 1782 1576 1845 toti
1602 1791 1634 1845 et
1658 1782 1728 1844 uni·

171 1885 260 1947 unde
281 1883 353 1965 ejus
373 1891 512 1965 potestas
530 1891 579 1945 est
598 1882 757 1964 quoddam
773 1879 923 1943 Ecclesia
940 1884 964 1947 Β
979 1878 1095 1941 versali
1110 1878 1271 1958 Ecclesia,
1289 1880 1473 1961 presidens,
1490 1881 1614 1943 scilieet
1632 1882 1724 1963 Papa.

172 1983 430 2045 fundamentum.
443 1981 601 2061 Secundo,
618 1988 757 2063 potestas
779 1979 925 2061 superior
1019 1977 1126 2056 Porro,
1142 1985 1176 2039 ut
1197 1977 1290 2041 tertio
1313 1978 1451 2061 capitulo
1466 1979 1625 2061 Angelice
1646 1980 1729 2043 bicr·

172 2089 204 2145 et
220 2080 411 2144 inferiorita
432 2099 466 2143 se
487 2079 617 2157 habent,
633 2079 719 2160 quod
740 2078 842 2141 amba
862 2077 925 2141 ori·
979 2075 1096 2137 archia
1130 2076 1297 2157 Dionysius
1332 2078 1435 2156 docet,
1466 2078 1645 2141 hierarchia
1679 2086 1728 2141 est

171 2189 272 2243 untur
295 2199 333 2241 ex
357 2198 421 2241 una
445 2179 582 2259 quadam
607 2198 732 2241 summa
756 2185 921 2259 potestate,
981 2180 1090 2236 sancta
1109 2174 1309 2237 rationalium
1330 2194 1536 2258 personarum
1556 2194 1753 2258 congrega·¹

172 2295 245 2358 qua
270 2293 366 2337 unam
391 2274 483 2337 alteri
507 2274 614 2337 subdit
638 2273 814 2337 secundum
838 2273 923 2353 qued
980 2272 1035 2351 tio,
1051 2290 1109 2354 per
1129 2274 1245 2354 gradus
1265 2282 1358 2357 atque
1375 2274 1643 2338 elliciaordinate
1665 2275 1729 2338 dis-

173 2374 244 2437 vult
261 2396 269 2434 ε
285 2381 317 2435 et
339 2380 416 2435 tnnc
441 2390 504 2435 una
528 2391 593 2435 non
617 2380 666 2435 est
690 2371 837 2455 superior
861 2370 943 2445 alia,
982 2371 1092 2449 tincta,
1124 2390 1196 2434 cum
1230 2372 1363 2435 scientia
1395 2382 1428 2437 ct
1455 2374 1638 2457 operatione
1667 2374 1727 2437 sibi

173 2472 239 2534 nisi
269 2471 303 2533 in
331 2471 449 2552 quibus
477 2489 541 2533 una
569 2470 760 2552 supponitur
787 2468 877 2531 alteri
906 2488 926 2530 a
981 2470 1245 2551 competentibus,
1262 2472 1300 2534 ad
1316 2472 1369 2535 Dei
1386 2472 1640 2536 conformitatem
1656 2492 1729 2555 pre

173 2588 326 2653 suprema
350 2576 514 2651 potestate.
532 2569 647 2649 Sicquc
671 2588 705 2631 se
729 2567 848 2630 babent
871 2584 926 2648 po
982 2576 1016 2630 ut
1036 2567 1097 2651 ipsi
1119 2568 1271 2651 possibile
1287 2578 1335 2632 est
1356 2570 1541 2649 assimilata,
1558 2579 1653 2653 atque
1672 2590 1730 2653 per

172 2674 307 2731 testatas
328 2664 561 2748 archiepiscopi
583 2674 677 2747 atque
698 2664 852 2746 episcopi,
872 2664 926 2725 de·
981 2665 1231 2731 illuminationes
1247 2668 1306 2731 sibi
1321 2670 1474 2733 divinitus
1489 2669 1624 2749 infusas,
1639 2669 1729 2751 juxta

173 2766 366 2828 scendentes
387 2784 405 2827 a
425 2765 515 2845 Papae
536 2771 702 2846 potestate.
723 2798 765 2809 —
782 2762 853 2825 Hac
874 2780 927 2824 ea-
980 2764 1233 2847 uniuscujusque
1254 2767 1462 2848 capacitatem
1484 2769 1523 2831 ad
1544 2768 1599 2832 llei
1626 2768 1731 2831 imita-

172 2866 248 2927 dem
262 2863 430 2925 hunaudus
444 2863 484 2925 de
499 2863 530 2926 S.
542 2862 690 2925 Partiano
705 2861 815 2924 scribit
831 2880 927 2943 super
981 2861 1101 2925 tionem
1116 2872 1324 2927 sursumacta.
1338 2866 1454 2929 Eodem
1471 2875 1575 2929 antem
1592 2867 1729 2949 capitulo

173 2963 356 3026 secundum
377 2960 623 3025 Sententiarum.
981 2968 1114 3023 testatur
1130 2984 1137 3023 :
1154 2961 1236 3024 Ordo
1260 2962 1444 3026 hierarchia
1469 2972 1528 3042 est,
1549 2964 1628 3028 alios
1655 2984 1728 3047 pur-

213 3062 351 3145 lnsuper
371 3060 485 3124 asserit
498 3060 645 3140 Thomas,
661 3059 747 3142 quod
767 3058 925 3142 spirituali
945 3064 1067 3142 cgere,
1084 3058 1163 3123 alios
1179 3060 1306 3144 purgari
1321 3084 1329 3140 3
1345 3062 1423 3126 alios
1439 3062 1631 3145 illuminare,
1648 3064 1729 3129 alios

174 3160 326 3244 potestati
348 3159 509 3223 secularis
532 3167 673 3242 poteslas
695 3157 727 3220 in
747 3158 830 3239 Papa
851 3177 927 3221 con·
981 3158 1176 3238 illuminari;
1201 3161 1280 3223 alios
1306 3161 1472 3243 perficere,
1499 3163 1579 3226 alios
1603 3163 1727 3247 perfici.

173 3258 334 3342 jungitur,
359 3257 413 3339 qui
444 3257 610 3338 utriusque
637 3256 801 3340 potestatis
826 3256 927 3336 (vide-
980 3259 1119 3332 Quorum
1135 3277 1210 3322 vero
1226 3259 1267 3321 sit
1287 3279 1432 3343 purgare,
1449 3261 1642 3343 illuminare,
1659 3283 1730 3347 per-

175 3354 680 3438 licetspiritualisetsecularis)
694 3353 926 3436 plenitudinem
981 3356 1090 3435 ficere,
1116 3376 1251 3439 quorum
1277 3359 1352 3421 item
1378 3362 1516 3442 purgari,
1544 3362 1728 3443 illuminari,

175 3463 265 3518 tenet
285 3463 318 3517 ct
335 3454 472 3536 apicem.
488 3453 587 3533 b'nde,
603 3453 631 3515 si
651 3453 838 3516 rationabile
857 3471 926 3515 esse
982 3456 1108 3543 perfici,
1139 3457 1256 3522 ibidem
1287 3459 1379 3522 docet
1409 3483 1416 3521 :
1447 3459 1529 3524 Ordo
1557 3462 1730 3545 (inquiens)
1756 3475 1817 3530 cca.
1830 3473 1876 3526 xv,

176 3553 386 3637 perspexerit,
401 3571 507 3634 regem
523 3552 673 3633 ignavum
694 3551 809 3633 poterit
828 3570 927 3632 regno
982 3554 1168 3619 hierarchia
1196 3564 1255 3636 est,
1285 3566 1320 3619 ut
1348 3557 1514 3621 inferiores
1543 3569 1728 3642 purgentur,
1743 3552 1765 3594 Ρ·
1779 3537 1837 3580 ⁸⁰⁰·

175 3652 317 3735 privare,
339 3659 372 3713 ct
394 3648 532 3731 digniori
557 3649 636 3711 illud
662 3658 823 3732 prestare,
844 3648 928 3711 sicut
983 3653 1203 3717 illuminentur
1230 3663 1263 3718 et
1289 3655 1519 3738 perficiantur,
1550 3659 1730 3740 superiores

175 3758 301 3814 constat
315 3749 481 3831 aliquoties
492 3758 761 3832 peractum,prout
776 3748 928 3811 infracla·
983 3771 1058 3815 vcro
1078 3762 1225 3835 purgent,
1247 3753 1430 3818 illuminent
1449 3764 1543 3838 atque
1563 3757 1732 3839 perficiant

175 3849 244 3911 rius
259 3849 663 3912 deducetur-Postremo
677 3857 710 3911 et
723 3849 784 3911 hoc
800 3847 927 3930 plenius
983 3850 1151 3914 inferiores
1175 3871 1259 3915 suos.
1277 3853 1364 3916 Unde
1389 3863 1419 3916 et
1438 3863 1551 3918 octavo
1571 3856 1731 3938 Angelicae

174 3947 261 4010 infra
292 3947 499 4011 scrutandum
531 3967 568 4010 ac
596 3947 834 4009 discutiendum
866 3953 925 4023 cst,
964 3949 1379 4032 hierarchiaecapituloait
1397 3975 1403 4013 :
1421 3951 1616 4017 Generaliter
1635 3955 1731 4019 allec

173 4045 260 4128 quod
277 4045 413 4108 Thomas
427 4045 569 4109 affirmat
583 4064 711 4109 omnem
732 4044 927 4128 spiritualem
982 4048 1162 4111 ordinatum
1178 4057 1274 4111 estut
1289 4049 1455 4114 inferiores
1475 4071 1532 4133 per
1552 4053 1731 4134 superiores

173 4143 329 4207 Ecclesia
347 4152 536 4226 potestatem
550 4163 589 4206 ex
608 4151 674 4207 toto
694 4163 713 4206 a
732 4143 814 4225 Papa
833 4141 924 4206 oriri.
982 4147 1174 4230 participent
1210 4147 1497 4213 illuminationibus
1533 4150 1661 4216 divinis.
1690 4189 1732 4199 -

942 4246 1090 4327 llltaquc
1110 4265 1147 4308 ex
1173 4246 1222 4308 his
1248 4247 1424 4310 certissime
1450 4248 1629 4330 innotescit,
1646 4252 1731 4333 quod

399 4382 641 4448 ARTICULUS
664 4383 706 4446 V·
983 4363 1021 4407 co
1051 4344 1121 4427 ipso
1149 4363 1212 4425 quo
1240 4345 1322 4428 Papa
1351 4347 1406 4409 toti
1440 4357 1555 4428 praeest
1581 4348 1731 4414 Ecclesia

984 4442 1080 4505 simul
1105 4451 1253 4525 accepte,
1275 4444 1543 4524 quemadmodum
1568 4448 1650 4510 Deus
1675 4449 1730 4512 toti

984 4541 1105 4604 coelesti
1140 4542 1290 4623 presidet
1325 4543 1420 4606 curiae
1456 4543 1549 4606 simul
1586 4555 1730 4628 sumpte,

215 4715 292 4754 vum
312 4694 508 4770 Dionysium
533 4694 787 4753 S.Bernardum
805 4697 843 4754 B.
854 4696 931 4754 Tho·
984 4639 1136 4750 commit
1162 4639 1251 4722 Papae
1280 4641 1401 4752 miqm
1430 4643 1478 4754 ⁵0¹¹i
1505 4643 1609 4707 ⁰ffi⁰ii
1635 4654 1731 4709 mmm

214 4803 302 4843 mam
326 4792 356 4842 e,
384 4737 555 4858 Hwongm
582 4783 624 4842 de
645 4784 680 4843 S·
708 4740 831 4843 Vmo’re
852 4804 864 4843 ¹,
886 4804 928 4842 ex
983 4737 1158 4801 Ecclesiam
1182 4758 1328 4821 purgare,
1350 4739 1541 4822 illuminare,
1563 4743 1730 4825 perficere,

214 4873 335 4950 quibus
347 4871 522 4947 probatur,
538 4873 625 4951 quod
644 4873 681 4931 fn
701 4881 768 4931 tota
782 4875 928 4934 Ecclesia
983 4837 1160 4919 gnbernare
1175 4846 1206 4900 θῑ
1219 4838 1373 4919 judicare,
1386 4840 1512 4920 Plenam
1533 4841 1662 4904 habenti
1678 4861 1734 4925 po-

217 4981 307 5021 m,
326 4981 472 5021 summu,
482 4962 660 5036 pmideag
676 4963 843 5038 pom-sex·
982 4944 1127 4998 testatem
1143 4945 1173 4998 et
1187 4937 1443 5017 jurisdictionem
1464 4957 1560 5022 super
1579 4959 1670 5018 eam3
1688 4949 1733 5005 ta·

982 5053 1055 5096 men
1081 5036 1256 5098 secundum
1283 5055 1464 5098 mensuram
1488 5045 1520 5100 el
1545 5038 1647 5121 legem
1671 5039 1730 5102 sibi

240 5129 332 5192 alato
366 5129 507 5212 capitulo
540 5130 701 5212 Angelicao
740 5131 926 5196 hierarchia
980 5133 1136 5195 divinitus
1158 5133 1377 5215 praestitutam,
1395 5136 1446 5198 cui
1470 5136 1586 5218 subjici
1610 5138 1728 5200 debet:

255 5228 632 5309 magnusllionysiusait
649 5230 926 5293 :Sanctaordina-
980 5253 999 5295 a
1026 5251 1090 5314 qua
1117 5232 1144 5294 si
1174 5232 1310 5312 recedat,
1340 5233 1553 5296 obediendum
1582 5245 1630 5298 est
1665 5237 1728 5300 [leo

171 5328 221 5392 tio
237 5325 294 5390 Dei
308 5327 437 5409 dignata
449 5335 499 5390 est
512 5327 617 5391 facere
631 5336 773 5390 nostram
791 5328 925 5391 sanctis·
981 5331 1082 5413 magis
1104 5350 1198 5412 quarn
1221 5331 1294 5414 ipsi.

173 4517 223 4576 De
231 4515 438 4590 dispositione
447 4514 668 4574 ecclesiasticae
678 4514 874 4574 hierarchica
885 4515 929 4572 ia·

216 4614 290 4664 star
303 4603 500 4663 hierarchiae
513 4605 680 4678 angelicae,
691 4607 868 4664 secundum
879 4607 929 4663 di-
