4309 6250
225 523 265 570 DE
287 519 496 570 auctorum!
517 521 611 568 SUssl
632 519 799 568 PON'l‘ll‘lClS
821 519 858 564 ET
878 516 1049 564 unusnttls
1071 517 1211 582 concurr,
1234 519 1322 565 trans
1342 519 1387 565 111.
1410 537 1450 548 ···
1470 519 1539 565 ΛΒΤ.
1562 519 1616 564 xxt
1649 500 1710 565 853

160 692 320 754 recusavit
336 716 343 753 :
360 699 509 755 ettamen
527 710 560 754 se
576 709 734 753 summum
755 690 837 752 intra
852 687 909 750 Ec·
923 689 947 750 A
964 689 1025 750 lius
1040 688 1151 771 populi
1166 689 1326 771 princeps,
1343 689 1437 752 sicin
1451 688 1570 771 populo
1585 687 1710 750 christi·

32 811 144 860 sagas,
160 789 292 852 clesiam
307 780 547 868 demonstrarit,
564 789 640 851 dum
655 788 785 852 Ananias
805 795 837 850 et
855 788 909 849 Sa·
964 806 1024 851 ano
1039 807 1122 849 unus
1136 797 1184 850 est
1198 787 1252 870 qui
1272 788 1419 870 praesidet
1437 786 1572 864 cunctis,
1589 785 1710 849 scilicet

159 887 261 970 phirae
286 888 413 970 culpam
439 886 609 968 redarguit,
626 893 744 966 quanta
768 885 909 967 potentia
963 889 1055 971 Papa.
1071 889 1179 953 Refert
1192 908 1318 972 quoque
1334 890 1367 952 in
1382 889 1552 972 Epistolari
1566 907 1624 951 suo
1638 889 1712 950 Eie-

160 1006 258 1067 supcr
281 994 403 1048 ceteros
428 984 622 1048 excrevisset
645 983 827 1060 ostendens,
842 982 910 1062 jus·
964 975 1124 1070 ronpmus,
1151 988 1235 1069 quod
1258 988 1408 1070 Origenes
1431 988 1519 1050 misit
1542 987 1708 1070 epistolam

160 1103 223 1165 que
239 1084 403 1167 potestatis
419 1103 483 1146 suae
498 1082 656 1164 aperiens
673 1082 754 1144 Ecce
769 1081 820 1143 his
840 1100 910 1143 ver·
962 1085 1103 1148 Romano
1138 1086 1285 1150 Pontifici
1313 1088 1362 1148 sni
1391 1085 1555 1166 temporis,
1585 1085 1618 1147 in
1646 1104 1709 1166 qna

159 1182 210 1245 his
233 1190 366 1244 testatur
388 1181 558 1262 Gregorius
584 1181 708 1243 Petrum
737 1179 908 1262 primatum
963 1183 1182 1265 poenitentiam
1207 1185 1271 1267 egit
1297 1185 1381 1267 qnod
1404 1184 1542 1246 ahsurda
1565 1184 1709 1265 quaedam

159 1281 311 1344 Ecclesiae
338 1280 491 1344 tenuisse.
516 1279 580 1342 Nec
609 1279 740 1341 dubium
765 1279 845 1359 quin
869 1278 908 1340 de
964 1281 1154 1364 scripsisset.
1171 1282 1237 1356 Quo
1252 1281 1435 1364 patetquod
1450 1281 1602 1362 Origenes
1623 1299 1711 1343 reco-

159 1379 335 1442 universali
351 1379 498 1460 loquatur
510 1377 663 1454 Ecclesia,
680 1376 720 1439 de
735 1395 798 1458 qua
817 1377 908 1458 quasi
962 1380 1073 1460 gnovit
1087 1382 1264 1444 Romanum
1279 1379 1466 1442 Pontificem
1482 1397 1552 1442 esse
1566 1380 1709 1443 omnium

161 1498 219 1560 per
239 1497 351 1541 omnes
371 1477 470 1540 libros
494 1475 657 1540 Moralium
684 1475 833 1555 loquitur.
851 1475 909 1537 lle·
962 1479 1163 1562 prelatorum
1187 1479 1398 1557 hierarcham,
1419 1478 1458 1540 ad
1482 1497 1578 1560 quem
1600 1478 1710 1560 preci-

159 1596 232 1639 rum
247 1577 377 1657 quidam
393 1575 514 1638 faciunt
529 1575 593 1636 vim
608 1575 648 1636 de
667 1574 739 1653 hoc,
757 1573 841 1654 quod
862 1573 908 1634 ait
964 1595 1024 1658 pue
1040 1577 1179 1659 pertinet
1192 1575 1269 1639 fidei
1285 1595 1407 1639 errores
1423 1577 1592 1658 corrigere.

160 1675 287 1738 Petrum
309 1674 409 1736 fuisse
430 1692 588 1736 summum
615 1673 696 1735 intra
719 1671 907 1750 Ecclesiam,
1004 1675 1157 1756 Denique,
1173 1674 1256 1736 sicut
1270 1675 1303 1736 in
1318 1675 1446 1736 Summa
1461 1683 1571 1737 contra
1585 1693 1709 1738 errores

159 1793 225 1836 non
252 1792 348 1854 supra
371 1791 452 1834 cam.
479 1771 566 1845 Quod
595 1789 690 1851 quam
719 1768 839 1831 nullius
868 1769 909 1831 sit
963 1770 1143 1835 Grecorum
1164 1773 1299 1834 Thomas
1323 1771 1448 1853 allegat,
1465 1772 1599 1854 Cyrillus
1624 1773 1710 1836 lero-

160 1871 321 1954 ponderis,
338 1878 462 1934 constat
475 1887 514 1932 ex
527 1887 565 1933 eo
580 1869 664 1950 quod
684 1867 853 1950 Gregorius
875 1866 908 1928 in
924 1865 946 1928 B
964 1871 1173 1952 solymitanus
1187 1872 1366 1953 patriarcha
1387 1871 1421 1934 in
1440 1891 1575 1955 persona
1594 1872 1709 1935 Christi

158 1971 328 2034 Aloralihus
343 1977 374 2032 et
388 1968 462 2031 alihi
479 1987 562 2050 saepe
578 1975 670 2031 vocat
684 1967 809 2030 Petrum
825 1984 909 2028 surn-
964 1969 1007 2030 ait
1026 1968 1064 2031 ad
1085 1969 1210 2031 Petrum
1227 1994 1234 2032 :
1251 1970 1297 2031 ru
1317 1989 1391 2033 cum
1410 1969 1489 2050 fine,
1505 1978 1537 2033 et
1555 1989 1615 2051 cgo
1640 1971 1710 2033 sine

160 2089 249 2132 mum
264 2088 301 2132 sc
316 2068 455 2151 primum
470 2076 628 2149 pastorem
648 2065 809 2128 Ecclesiae.
827 2063 909 2126 Talis
963 2067 1030 2130 fine
1053 2087 1127 2130 cum
1146 2068 1295 2132 omnihus
1314 2088 1393 2151 qnos
1417 2069 1487 2132 loco
1511 2069 1556 2131 tui
1579 2087 1708 2150 ponam,

160 2177 268 2231 autem
283 2175 390 2250 pastor
411 2175 459 2229 est
478 2184 573 2247 super
591 2183 720 2246 gregem
741 2164 801 2226 sihi
824 2183 910 2227 com·
964 2175 1162 2230 sacramento
1184 2175 1215 2230 ct
1239 2167 1424 2231 auctoritate
1444 2168 1537 2249 plene
1556 2175 1588 2230 ct
1607 2167 1711 2251 perfe-

161 2268 308 2345 missum,
324 2266 406 2328 sicut
426 2265 459 2327 in
474 2263 646 2345 Evangelio
666 2262 806 2344 loquitur
824 2261 910 2324 Chri·
964 2273 1014 2327 ctc
1034 2284 1099 2328 ero.
1116 2265 1155 2327 Et
1172 2266 1233 2328 hoc
1253 2274 1302 2328 est
1320 2265 1405 2346 quod
1429 2265 1563 2347 Cyrillus
1578 2266 1710 2328 Alexan-

44 2375 131 2418 ΜΛ-
161 2375 229 2429 stus
257 2389 264 2427 ε
290 2365 374 2441 Ouis,
402 2371 504 2446 putee,
531 2370 579 2424 cst
608 2359 715 2423 fidelis
740 2380 851 2423 servus
878 2367 911 2422 et
964 2363 1075 2426 drinus
1100 2364 1360 2446 archiepiscopus
1385 2366 1434 2444 (ut
1457 2364 1571 2446 sepius
1594 2365 1711 2447 allega·
1735 2383 1857 2433 tumst

77 2443 112 2482 ⁴⁵¹
162 2466 302 2548 prudens
326 2481 420 2544 quem
450 2460 614 2525 constituit
639 2460 790 2523 Dominus
815 2478 911 2540 super
965 2470 1031 2524 tum
1057 2464 1118 2542 est)
1143 2470 1348 2543 contestatur,
1373 2463 1457 2542 quod
1482 2462 1625 2527 Christus
1651 2460 1857 2553 εοΙίἷίξῗῖῈῑ

32 2585 146 2632 ΜΠ.
162 2563 318 2626 familiam
341 2563 454 2624 suamt
474 2560 575 2640 Atque
601 2559 634 2621 in
658 2558 781 2621 Psalmo
802 2581 809 2618 :
831 2558 910 2620 Con·
966 2561 1053 2624 Petro
1069 2580 1159 2623 suam
1174 2562 1394 2625 auctoritatem
1409 2561 1551 2644 plenarie
1563 2563 1709 2642 contulit,
1725 2541 1802 2620 ratiti.
1819 2542 1856 2625 1¹¹}

161 2663 274 2724 stitues
298 2679 351 2724 eos
377 2659 539 2742 principes
569 2677 665 2740 super
692 2675 820 2720 omnem
850 2665 910 2720 ter·
963 2659 1048 2742 quod
1077 2660 1153 2722 item
1177 2660 1317 2742 Apostoli
1345 2660 1470 2722 Petrum
1495 2660 1612 2741 ubique
1640 2640 1817 2724 locontur.

160 2781 240 2823 ram.
267 2759 349 2841 Papa
374 2777 450 2839 ergo
474 2765 506 2820 et
530 2776 624 2839 supra
648 2756 823 2820 Ecclesiam
848 2763 907 2835 est,
963 2758 1076 2821 Christi
1092 2757 1336 2820 hahuerunt.Oe
1352 2757 1610 2840 cujus’S.Cyrilli
1626 2760 1713 2822 testi-

159 2859 312 2941 quouiam
332 2857 386 2920 toti
412 2855 656 2919 Christianitatis
676 2855 803 2918 residuo
824 2854 909 2935 quod
964 2857 1079 2919 moniis
1094 2855 1171 2918 satis
1185 2855 1395 2936 praehabitum
1410 2865 1468 2919 est.
1484 2856 1604 2931 Qrihus
1625 2877 1711 2922 nunc

160 2960 241 3021 citra
263 2958 369 3039 ipsum
388 2964 447 3032 est,
463 2954 631 3037 presidet3
648 2962 680 3017 et
699 2955 781 3016 intra
802 2953 910 3015 Eccle-
964 2955 1055 3031 addo,
1081 2953 1166 3035 quod
1193 2953 1225 3014 in
1251 2953 1333 3017 lihro
1358 2954 1591 3017 Thesaurorum
1620 2957 1712 3021 affir-

159 3057 253 3133 siam,
270 3073 368 3137 quum
383 3053 425 3116 sit
439 3061 533 3136 caput
554 3052 791 3136 principaleque
811 3069 910 3114 mem·
927 3051 949 3115 C
964 3061 1029 3116 mat
1054 3075 1061 3113 ε
1089 3052 1177 3114 Sicut
1194 3050 1338 3114 Christus
1358 3053 1482 3135 accepit
1504 3053 1654 3116 ducatum
1679 3065 1712 3118 et
1740 3072 1825 3129 aptet.
1842 3086 1857 3122 ι.

161 3158 253 3219 hrum
269 3153 419 3217 Ecclesia
437 3177 443 3215 :
462 3172 543 3215 unus
565 3152 676 3233 utique
695 3151 734 3213 de
753 3150 907 3228 Ecclesia,
965 3160 1125 3233 sceptrum
1140 3151 1290 3214 Ecclesiae
1305 3152 1443 3233 gentium
1459 3171 1497 3215 ex
1512 3153 1606 3215 lsrael
1626 3174 1713 3237 egre
1726 3137 1858 3255 mnf·

160 3254 317 3317 sumendo
332 3251 506 3315 Ecclesiam
527 3251 735 3326 incommote,
753 3267 810 3331 pro
833 3248 909 3312 ovili
965 3252 1056 3313 diens
1079 3270 1174 3333 super
1192 3269 1320 3313 omnem
1342 3250 1554 3332 Principatum
1574 3252 1760 3316 orote-1⁰·
1812 3230 1817 3249 ⁸
1851 3232 1857 3251 ¹

161 3363 192 3417 et
215 3360 352 3436 pastore.
966 3358 1091 3428 statem,
1114 3356 1146 3412 et
1170 3368 1264 3430 super
1288 3367 1383 3412 omne
1407 3349 1629 3430 quodcumque
1652 3359 1711 3430 est,

202 3452 313 3515 Adhuc
343 3458 460 3526 autem,
486 3448 622 3511 Isidorus
652 3448 733 3510 lihro
760 3448 800 3510 de
829 3447 911 3510 Viris
967 3458 1001 3510 ut
1029 3448 1059 3510 ei
1087 3467 1191 3529 genua
1214 3457 1329 3511 cuncta
1358 3458 1541 3527 curventur,
1566 3448 1715 3531 plenissi-

162 3550 340 3613 illustrihus
356 3548 514 3629 loquitur:
529 3547 637 3609 Simon
652 3547 760 3608 Petrus
776 3545 809 3607 in
825 3545 912 3608 Chri·
966 3566 1049 3609 mam
1062 3554 1262 3628 potestatem,
1272 3545 1318 3609 sic
1329 3546 1419 3609 Petro
1434 3554 1466 3609 et
1479 3548 1715 3612 successorihus

53 3676 77 3703 ω
162 3659 213 3712 sto
227 3646 377 3711 Ecclesiae
397 3646 634 3708 firmamentum
654 3653 713 3723 cst,
730 3644 850 3726 Cephas
866 3643 911 3725 (id
968 3645 1038 3727 ejus
1060 3644 1245 3728 plenissime
1265 3644 1435 3725 commisit,
1453 3634 1716 3711 videlicet'duca-

35 3729 51 3767 ²·
162 3756 213 3811 est
237 3746 360 3823 Petrus)
384 3744 430 3806 sic
455 3750 595 3806 vocatus.
613 3742 758 3824 Corporis
783 3742 909 3818 Christi,
967 3753 1034 3806 tum
1057 3752 1089 3806 et
1110 3751 1311 3825 potestatem.

163 3844 287 3908 scilicet
311 3841 449 3924 mystici,
465 3842 547 3921 qnod
572 3849 620 3903 est
642 3840 831 3902 universalis
856 3840 914 3902 Ec·
1007 3841 1248 3923 Chrysostomus
1263 3860 1388 3923 quoque
1403 3841 1435 3903 in
1451 3860 1586 3923 persona
1600 3844 1715 3907 Christi

162 3943 274 4021 closis,
291 3941 486 4023 principatus
502 3948 533 4001 et
548 3947 642 4021 caput
664 3947 721 4017 est,
738 3940 792 4019 qui
812 3938 914 4019 (juxta
968 3942 1102 4021 loquens
1117 3939 1155 4001 ad
1170 3939 1295 4001 Petrum
1312 3962 1320 4000 ι
1337 3939 1396 4002 Ter
1409 3949 1452 4017 te,
1465 3940 1607 4021 inquam,
1621 3942 1717 4005 inter·
1742 3958 1825 4003 rme.

161 4040 357 4117 llatthaeum)
386 4038 506 4119 primus
538 4036 688 4117 cligitur3
715 4056 774 4099 nec
803 4036 915 4098 imme·
969 4058 1045 4121 rogo
1060 4058 1100 4099 cn
1117 4057 1167 4099 me
1181 4036 1300 4118 diligis,
1316 4038 1466 4118 quoniam
1489 4046 1536 4101 ter
1556 4059 1607 4102 mc
1623 4040 1717 4122 trepi-
1730 4036 1773 4072 ‘¹¹¹'
1785 4024 1854 4066 ¹⁸⁴⁷·

163 4142 235 4217 rito,
257 4138 408 4219 quoniam
434 4135 654 4218 Apostolorum
680 4142 728 4197 est
752 4135 912 4219 princeps,
968 4138 1027 4200 dus
1043 4136 1388 4217 timidusqncnegasti;
1405 4146 1610 4200 nuncautem
1625 4140 1717 4201 redu-

161 4248 193 4301 et
220 4238 341 4319 primus
366 4234 532 4298 confessor
555 4232 624 4294 Eilii
650 4233 717 4310 Dei,
733 4242 840 4315 pastor
862 4234 1051 4315 hu-Dctus,
1083 4254 1124 4297 nc
1153 4234 1284 4297 credant
1318 4241 1349 4295 te
1383 4233 1496 4296 fratres
1524 4236 1657 4316 gratiam
1686 4246 1718 4301 et

161 4336 249 4399 mani
272 4334 492 4417 gregiS,petra
512 4331 673 4408 Ecclesia,
692 4332 914 4394 clavicularius
970 4341 1157 4417 potestatem
1196 4331 1335 4395 clavium
1370 4332 1527 4410 amisisse,
1564 4335 1716 4415 quoniam

162 4435 266 4517 regni.
731 4480 733 4485 ,
969 4452 1056 4496 amas
1075 4451 1139 4511 me,
1156 4450 1262 4494 coram
1285 4430 1362 4512 ipsis
1387 4429 1443 4492 tihi
1469 4431 1535 4513 jam
1560 4432 1718 4498 confirmo

203 4531 410 4596 Praainductis
425 4530 596 4594 concordat
609 4530 694 4610 quod
717 4548 812 4611 super
830 4530 914 4592 lere·
969 4532 1054 4613 quod
1077 4549 1183 4593 meum
1206 4538 1254 4592 est
1274 4529 1417 4610 plenum.

163 4631 262 4694 miem
279 4629 420 4710 loquitur
434 4627 583 4709 Origenes
601 4628 678 4701 :Oui
694 4627 748 4689 toti
764 4627 913 4691 Ecclesiae
1009 4630 1047 4693 Et
1062 4630 1176 4693 iterum
1191 4627 1341 4711 prefatus
1360 4628 1563 4692 beatissimus
1584 4631 1718 4713 Cyrillua

163 4736 280 4813 preest
301 4736 334 4791 et
361 4727 457 4790 totius
486 4726 635 4789 Ecclesiae
663 4726 786 4807 apicem
814 4734 911 4806 tenet,
970 4729 1012 4791 ait
1027 4752 1033 4789 :
1047 4728 1144 4791 Pedes
1158 4726 1473 4804 Christi,humanitas
1488 4735 1537 4790 est
1551 4748 1607 4792 seu
1622 4730 1718 4794 homo

164 4847 223 4910 pro
236 4826 323 4890 omni
339 4824 480 4888 Ecclesia
495 4824 670 4887 redditurus
685 4832 733 4886 cst
748 4825 910 4887 rationem.
969 4826 1036 4907 ipsc
1060 4825 1113 4888 cui
1138 4833 1203 4888 tota
1228 4824 1365 4886 Trinitas
1388 4822 1605 4907 plenissimam
1630 4827 1718 4890 dcdit

57 4954 146 4993 exta„
162 4927 307 5007 Insuper,
325 4943 420 5007 super
445 4923 523 4985 illud
549 4922 717 5002 Geneseos,
740 4922 808 4986 Non
833 4923 913 4985 defi·
969 4932 1155 5007 potestatem
1166 4948 1173 4985 :
1186 4942 1281 5004 quam
1297 4924 1526 4987 humanitatem
1542 4945 1604 4988 una
1619 4926 1715 4989 trium

54 5035 58 5045 '
163 5026 228 5088 ciet
242 5024 393 5106 prinecps
407 5022 447 5085 de
464 5023 553 5102 luda,
572 5030 703 5085 testatur
720 5045 726 5084 :
744 5022 811 5084 Non
832 5024 914 5085 defi·
968 5024 1175 5086 Personarum
1195 5023 1368 5103 assumpsit
1387 5023 1419 5084 in
1436 5024 1555 5086 unitate
1571 5044 1714 5106 persone

164 5123 227 5185 ciet
261 5121 410 5203 princeps
439 5119 589 5183 Ecclesiae
618 5139 718 5201 usque
750 5121 782 5183 iu
812 5122 912 5183 linem
968 5132 999 5185 et
1018 5121 1190 5185 transverit
1212 5122 1250 5183 ad
1275 5121 1398 5184 Patrem
1423 5130 1454 5184 et
1472 5141 1568 5204 super
1586 5142 1712 5187 omnem

164 5220 289 5283 mundi.
306 5218 343 5281 Et
359 5218 442 5281 circa
456 5219 566 5282 eadem
582 5220 678 5283 vcrha
701 5220 811 5301 tangit,
828 5221 912 5301 quod
968 5220 1182 5303 Principatum
1198 5228 1230 5283 ct
1243 5220 1484 5299 Potestatcm,ut
1497 5221 1630 5284 adorent
1643 5242 1713 5285 cam
1727 5240 1846 5297 notata.

164 5319 249 5383 sicut
264 5318 297 5380 in
317 5317 435 5401 populo
456 5317 551 5381 lsrael
573 5317 638 5381 fuit
656 5338 738 5382 unus
759 5318 854 5383 totius
876 5320 914 5383 il·
970 5340 1082 5386 omncs
1096 5319 1201 5400 angeli
1216 5318 1288 5397 llei3
1304 5318 1389 5400 qnod
1405 5327 1504 5382 totum
1522 5319 1645 5383 dimisit
1658 5340 1716 5405 per
