4309 6250
210 492 252 538 nn
272 489 481 540 admonuere
502 493 597 540 sum
617 493 783 540 ronrrucrs
804 493 842 538 ar
862 492 1032 540 causatus
1052 493 1193 552 concurr,
1215 494 1303 542 anan
1323 494 1365 540 ιιι.
1389 513 1430 524 -
1449 495 1520 541 aar.
1543 495 1626 541 xxxv
1653 475 1714 541 673

162 661 298 744 speciali
314 662 499 727 adsistentia
512 663 627 727 Christi
641 664 747 728 debite
763 664 829 746 regi
844 670 912 746 pot-
927 664 952 727 A
968 665 1107 727 munitas
1123 665 1193 747 lege
1213 665 1351 728 humana
1369 665 1556 747 judicioque
1574 667 1714 728 humano

161 769 222 840 est,
239 770 393 842 quantum
412 771 461 824 est
478 783 516 826 ex
535 763 675 827 humano
693 763 825 844 judicio,
842 763 911 845 lege
967 762 1035 826 solo
1057 763 1210 844 regibilis,
1227 765 1283 826 sed
1298 774 1332 827 ut
1347 772 1395 826 est
1413 764 1550 846 populus
1571 763 1716 826 christie-

160 857 303 921 humana
330 867 385 921 aut
412 860 532 923 divina.
558 859 619 923 Sed
647 861 731 941 quod
760 860 843 923 istud
872 860 912 922 sit
967 881 1038 939 nus,
1055 869 1167 944 utputa
1186 861 1251 924 fide
1271 871 1304 924 et
1321 862 1391 944 lege
1410 861 1525 925 Christi
1549 862 1713 941 formatus,

158 954 427 1037 impropriissime
450 956 581 1034 dictum,
603 957 735 1036 ibidem,
758 957 911 1020 vicesimo
966 957 1100 1040 ejusque
1119 958 1204 1022 ovile
1219 967 1251 1021 et
1263 979 1350 1040 grex.
1368 960 1419 1022 Sic
1438 968 1544 1022 autem
1566 967 1715 1041 acceptus

158 1052 275 1134 quinto
296 1053 442 1134 articulo,
460 1063 509 1117 est
529 1054 708 1136 probatum.
967 1056 1104 1138 populus
1118 1056 1310 1119 christianus
1328 1065 1377 1119 est
1395 1058 1566 1139 mysticum
1585 1075 1712 1139 corpus.

198 1149 239 1212 Et
253 1170 339 1214 nunc
354 1151 461 1233 aliqua
476 1160 550 1214 sunt
563 1153 708 1216 addenda
722 1154 761 1216 ad
781 1153 911 1216 demon·
966 1153 1048 1235 Ergo
1064 1161 1099 1215 ut
1111 1155 1245 1236 mystico
1267 1156 1393 1236 corpori
1415 1155 1563 1236 praesidet
1584 1155 1613 1218 ei
1636 1155 1716 1218 Pon-

158 1249 325 1311 strandum
340 1251 426 1331 quod
441 1250 631 1313 universalis
643 1250 785 1314 Ecclesia
799 1260 834 1313 ut
848 1270 911 1333 my·
967 1251 1043 1315 tifex
1058 1272 1203 1315 summus
1222 1260 1373 1335 tanquam
1393 1253 1552 1335 praelatus,
1569 1261 1665 1336 caput
1683 1261 1716 1316 et

158 1346 278 1410 sticum
298 1365 414 1430 corpus
437 1356 469 1410 et
490 1348 575 1412 ovile
598 1348 725 1428 Christi,
742 1356 774 1411 et
798 1368 910 1412 secun-
966 1349 1073 1432 judex.

157 1446 237 1508 dum
260 1445 415 1509 rationem
435 1447 597 1525 Ecclesia,
613 1455 726 1530 utputa
747 1455 782 1510 ut
802 1467 911 1530 super·
1006 1449 1045 1509 At
1060 1467 1147 1529 vero,
1162 1447 1305 1512 Ecclesia
1319 1447 1432 1511 Christi
1452 1448 1586 1512 seclusis
1606 1468 1715 1531 super-

157 1543 317 1606 naturalis
332 1544 454 1626 politia,
470 1545 586 1608 habeat
600 1546 633 1608 in
649 1553 731 1608 terra
750 1554 909 1628 pastorem
967 1545 1165 1610 naturalibus
1179 1547 1272 1610 donis
1290 1555 1323 1610 et
1341 1546 1586 1609 charismatibus
1599 1547 1714 1628 gratia-

133 1693 138 1705 .
157 1641 265 1722 ipsum
282 1661 442 1705 summum
456 1642 645 1706 Pontificem
659 1652 810 1725 tanquam
832 1663 909 1726 prae-
966 1664 1048 1724 rum,
1066 1645 1181 1707 amittit
1195 1646 1351 1709 rationem
1366 1645 1516 1709 Ecclesia
1533 1669 1540 1707 :
1557 1663 1633 1727 ergo
1652 1665 1714 1709 nec

157 1739 260 1801 latum
274 1759 313 1802 ac
333 1748 428 1822 caput
449 1748 480 1802 et
497 1740 676 1824 principem
695 1761 833 1820 sacrum,
850 1741 909 1805 sub
967 1743 1013 1806 sic
1028 1743 1182 1826 competit
1196 1743 1225 1806 ei
1241 1743 1307 1824 regi
1327 1745 1502 1807 secuudum
1521 1744 1715 1826 evangelicae

157 1855 225 1918 quo
260 1837 325 1901 tota
356 1837 500 1902 Ecclesia
533 1838 665 1921 praefato
699 1840 793 1903 modo
826 1846 947 1908 unusB
967 1840 1047 1922 legis
1061 1849 1216 1920 tenorem,
1232 1860 1302 1922 qua
1316 1849 1365 1903 est
1379 1849 1414 1903 ut
1432 1841 1608 1904 secundum
1628 1841 1716 1904 Chri-

159 1943 210 1998 est
230 1954 319 2018 grex.
967 1939 1007 2000 sti
1023 1939 1200 2026 doctrinam
1216 1939 1488 2021 supernaturalem
1503 1947 1640 2020 regatur.
1654 1939 1715 2002 Sed
1798 1960 1803 1969 ·

202 2033 341 2108 Quilibet
374 2053 511 2116 namque
546 2034 687 2098 vicarius
721 2035 910 2118 legislatoris
967 2038 1007 2100 de
1021 2037 1142 2101 ratione
1160 2038 1284 2120 papalis
1305 2037 1406 2101 officii
1429 2046 1477 2100 est
1498 2044 1535 2100 ut
1553 2044 1642 2120 regat
1660 2055 1716 2120 po

162 2149 301 2214 praeesse
316 2139 347 2194 et
362 2151 470 2214 regere
485 2132 580 2196 debet
590 2133 744 2216 populum
757 2133 817 2196 sibi
829 2153 911 2198 com·
968 2136 1077 2218 pulum
1093 2136 1206 2199 Christi
1222 2137 1398 2199 secundum
1417 2135 1601 2218 evangelica
1619 2136 1718 2200 docu-

162 2229 299 2292 missum
328 2231 503 2292 secundum
532 2238 686 2309 tenorem,
712 2231 909 2312 qualitatem,
968 2241 1086 2297 menta.
1121 2234 1203 2314 Ergo
1234 2241 1284 2296 est
1319 2242 1383 2296 tam
1416 2242 1527 2297 contra
1559 2233 1715 2297 rationem

161 2327 376 2392 intentionem
391 2335 423 2390 et
437 2327 628 2410 exigentiam
647 2328 727 2411 legis
747 2329 848 2411 ipsius
868 2331 913 2392 le-
967 2331 1116 2395 Ecclesiae
1147 2351 1243 2412 quem
1271 2338 1382 2395 contra
1410 2333 1565 2394 rationem
1593 2331 1716 2413 papalis

159 2425 323 2507 gislatoris
347 2445 404 2488 seu
428 2427 616 2510 principalis
641 2429 788 2492 rectoris.-
810 2429 912 2503 Quum
968 2429 1189 2511 presidentia,
1219 2437 1256 2492 ut
1281 2430 1424 2493 Ecclesia
1450 2430 1575 2492 dicatur
1602 2429 1670 2511 regi
1699 2449 1718 2491 a

160 2542 239 2605 crgo
263 2522 345 2607 Papa
372 2523 413 2586 sit
440 2525 587 2606 proprius
615 2525 730 2588 Christi
758 2526 909 2605 vicarius,
968 2528 1049 2611 Papa
1074 2528 1195 2591 utalia
1222 2528 1343 2610 quavis
1372 2527 1476 2591 civilis
1506 2528 1717 2592 communitas

160 2629 277 2704 preest
297 2622 415 2704 populo
436 2623 609 2687 christiano
629 2624 804 2687 secundum
824 2633 912 2689 teno-
967 2635 1023 2689 aut
1043 2627 1176 2709 politica
1197 2627 1343 2690 societas.

159 2737 241 2796 rem,
267 2719 477 2783 intentionem
506 2729 538 2784 et
561 2721 750 2804 exigentiam
777 2741 912 2804 evange·
1007 2725 1088 2788 ilinc
1102 2725 1232 2806 quidam
1251 2725 1445 2787 definientes
1464 2723 1639 2786 Ecclesiam
1659 2723 1719 2787 mi-

160 2818 233 2880 licae
248 2816 340 2899 legis,
355 2818 551 2900 quaestion
566 2819 693 2883 Christi.
707 2820 801 2885 Porro
817 2840 913 2884 evan·
966 2823 1124 2901 litantem,
1133 2823 1246 2885 dicunt
1260 2823 1345 2904 quod
1360 2823 1402 2884 sit
1416 2840 1532 2903 corpus
1546 2822 1717 2903 mysticum

158 2915 267 2998 gelica
291 2915 351 2995 lex,
372 2924 420 2978 est
443 2915 493 2980 lex
517 2918 627 2998 utique
651 2918 908 3001 supernaturalis,
966 2921 1166 3003 organicum,
1192 2920 1259 2982 fide
1282 2919 1396 2982 Christi
1423 2918 1611 2982 animatum.
1639 2919 1718 2982 Can·

159 3015 437 3096 supomaturalem
472 3013 572 3078 finem
612 3016 792 3080 intendens.
829 3017 947 3099 Ergot]
967 3018 1113 3082 cellarius
1135 3035 1262 3101 quoque
1280 3018 1313 3079 in
1334 3016 1417 3080 libro
1436 3018 1476 3079 de
1494 3016 1718 3080 Ecclesiastico

160 3112 365 3197 presidentia
379 3121 410 3177 et
425 3112 612 3196 gubernatio
631 3114 721 3198 Papae
741 3136 837 3199 super
854 3116 912 3181 Ec·
967 3123 1121 3200 potestate
1145 3117 1193 3179 sie
1217 3115 1260 3179 ait
1276 3141 1283 3180 :
1300 3114 1409 3180 Omnis
1434 3115 1543 3197 politia
1567 3114 1717 3178 ecclesia-

160 3212 293 3276 clesiam
312 3220 361 3275 est
383 3213 433 3276 vel
456 3232 526 3277 esse
545 3214 640 3277 debet
661 3216 910 3297 supernaturalis
967 3216 1047 3278 stica
1070 3216 1198 3297 pmprie
1225 3214 1403 3297 appellatur
1425 3214 1543 3293 divina,
1568 3214 1644 3295 quia
1668 3233 1717 3278 se·

160 3330 221 3393 per
235 3320 415 3392 respectum
430 3311 469 3374 ad
484 3311 675 3375 charismata
689 3314 911 3394 gratiarum,et
966 3315 1108 3377 cundum
1130 3314 1216 3395 leges
1235 3313 1491 3395 supernaturales
1510 3312 1605 3375 dehet
1622 3312 1716 3393 quili-

158 3430 219 3493 per
239 3408 425 3473 relationem
446 3412 485 3473 ad
505 3410 605 3474 finem
624 3413 908 3494 supernaturalem,
967 3411 1020 3475 bet
1033 3412 1065 3473 in
1081 3431 1119 3475 ea
1134 3411 1363 3493 regulationem
1377 3410 1540 3492 accipere3
1553 3410 1713 3492 itemque:

159 3517 192 3571 et
215 3527 282 3571 uon
310 3508 379 3571 sine
407 3507 539 3590 speciali
569 3509 754 3580 adsistentia
781 3510 907 3575 Christi.
966 3509 1166 3573 Considerari
1184 3509 1279 3571 debet
1292 3507 1435 3571 Ecclesia
1455 3517 1550 3590 prout
1571 3506 1715 3571 instituta

157 3606 237 3685 lmo,
254 3625 353 3690 quum
375 3607 445 3689 ipsa
465 3606 608 3670 Ecclesia
628 3609 667 3671 ad
690 3618 911 3691 supernatura·
966 3616 1014 3670 est
1038 3626 1057 3668 a
1074 3607 1199 3671 Christo
1218 3625 1314 3689 supra
1335 3605 1465 3669 firmam
1483 3605 1560 3669 fidei
1579 3613 1713 3688 petam,

159 3706 224 3769 lem
239 3704 468 3796 beatitudinem
483 3705 657 3783 ordinetur,
674 3707 713 3768 ed
728 3725 822 3787 quam
843 3708 911 3771 sine
966 3705 1005 3768 ad
1020 3704 1121 3768 finem
1137 3703 1605 3786 supematuralem,secundum
1620 3723 1716 3767 evan-

158 3804 256 3867 donis
280 3811 311 3866 et
336 3802 580 3867 charismatibus
603 3805 775 3885 gratiarum
801 3806 912 3888 nequit
966 3803 1102 3884 gelicam
1127 3802 1230 3883 legem
1249 3809 1282 3864 et
1300 3820 1423 3865 sacram
1443 3802 1649 3884 Scripturam,
1666 3820 1715 3865 se·

158 3901 365 3984 pertinger03
382 3909 492 3964 contra
511 3902 678 3983 rationem,
695 3902 908 3967 conditionem
966 3902 1107 3964 cundum
1121 3918 1218 3981 quam
1231 3899 1326 3962 debet
1344 3899 1482 3981 regulari
1500 3899 1659 3981 judicium
1672 3899 1712 3963 de

159 4007 193 4063 et
211 3999 437 4081 proprietatem
457 3998 558 4081 ipsius
577 4009 626 4063 est
644 4008 679 4061 ut
697 4000 822 4063 dicatur
841 4002 910 4065 sine
966 3998 1031 4061 fide
1053 4006 1086 4061 ot
1106 3997 1249 4061 moribus
1272 3995 1483 4059 subditorum.

158 4098 346 4179 hujusmodi
361 4097 454 4161 donis
469 4106 500 4159 et
513 4098 623 4179 gratiis
638 4116 731 4180 posse
747 4098 910 4181 regi.Nam
1004 4096 1158 4178 Denique,
1185 4096 1269 4163 deut
1297 4093 1511 4177 praehabitum,
1542 4103 1600 4175 est,
1630 4095 1712 4159 libro
1726 4119 1835 4160 taam.

159 4203 191 4259 et
211 4195 280 4278 ipse
301 4214 444 4257 summus
466 4194 610 4259 Pontifex
631 4204 757 4259 tenetur
776 4197 910 4279 implere
925 4198 950 4260 Ι)
965 4196 1096 4280 prefato
1115 4193 1329 4258 Cancellarius
1353 4192 1494 4275 assignat
1513 4213 1568 4257 sex
1588 4194 1711 4276 species

158 4293 407 4379 gubernatiaum
432 4292 580 4359 officium
606 4314 643 4359 ex
667 4295 777 4359 divino
801 4316 911 4378 super·
965 4293 1099 4359 dominii
1117 4317 1123 4355 :
1140 4312 1275 4376 quarum
1299 4311 1396 4354 unam
1421 4300 1513 4355 vocat
1533 4292 1711 4356 dominium

158 4393 298 4457 naturali
313 4392 421 4458 infuso
436 4412 544 4456 amore
566 4402 597 4457 et
617 4402 703 4457 recta
721 4393 908 4476 intentione,
965 4392 1198 4475 evangelicum,
1225 4390 1401 4454 secundum
1425 4391 1643 4473 evangelicam
1667 4392 1711 4455 le·

158 4512 220 4555 nec
240 4490 308 4555 sine
329 4490 468 4574 gratiosa
487 4510 524 4555 ac
544 4492 773 4574 specialissima
795 4493 909 4557 Christi
964 4511 1049 4575 gem,
1066 4510 1126 4554 nec
1145 4489 1242 4553 alicui
1257 4489 1316 4551 sub
1331 4488 1412 4551 coelo
1431 4496 1496 4550 tam
1515 4488 1644 4571 proprie
1659 4508 1712 4553 ex·

157 4590 348 4653 adsistentia
369 4596 473 4671 potest
493 4590 553 4653 boc
575 4590 762 4673 adimplere.
965 4589 1180 4670 callenterque
1195 4586 1346 4670 competit
1361 4594 1396 4649 ut
1410 4604 1535 4649 summo
1550 4586 1709 4649 Pontifici.

198 4686 363 4765 Praeterea,
379 4686 485 4751 omnis
507 4687 645 4751 vicarius
668 4688 859 4771 legislatoris
878 4699 910 4755 et
966 4688 1027 4751 Sed
1042 4687 1218 4750 secundum
1236 4684 1455 4766 evangelicam
1475 4684 1578 4765 legem
1596 4684 1712 4766 guber·

157 4785 348 4869 principalis
373 4785 583 4868 presidentis,
601 4806 737 4869 praesse
759 4788 854 4852 debet
878 4797 910 4853 et
965 4805 1041 4849 nare
1074 4784 1261 4863 Ecclesiam,
1291 4792 1340 4846 ost
1372 4802 1443 4845 eam
1470 4782 1648 4864 gubernare
1676 4791 1712 4846 ut

157 4902 269 4967 regere
288 4883 349 4946 sibi
369 4883 557 4947 commissos
579 4888 756 4949 secundum
778 4889 908 4951 modurn
964 4885 1135 4967 mysticum
1160 4902 1287 4964 corpus,
1314 4890 1346 4943 et
1368 4889 1403 4943 ut
1427 4880 1540 4943 Christi
1565 4881 1650 4944 ovile
1672 4901 1710 4945 ac

157 4992 191 5047 et
219 4982 375 5045 rationem
408 5002 472 5065 qua
505 4984 632 5065 proprie
666 4995 739 5047 sunt
772 4986 908 5068 populus
964 4974 1105 5067 gregem,
1121 5000 1186 5044 non
1207 4988 1243 5042 ut
1261 4980 1430 5061 quamdam
1450 4979 1710 5043 communitatem

157 5080 345 5164 principalis
366 5080 496 5145 rectoris
512 5101 568 5143 seu
583 5082 783 5164 legislatoris
800 5085 907 5165 ltaque
965 5102 1043 5166 pure
1071 5080 1210 5144 civilem.
1237 5078 1318 5159 Ergo
1346 5078 1407 5141 hoc
1436 5078 1530 5140 modo
1558 5079 1710 5160 competit

159 5180 242 5261 Papa
256 5186 371 5261 preest
385 5179 503 5261 populo
522 5180 706 5260 christiano,
723 5200 787 5245 non
807 5190 843 5245 ut
859 5191 909 5246 est
963 5183 1053 5264 Papae
1068 5198 1138 5243 esse
1153 5184 1294 5259 caputet
1308 5184 1467 5257 pastorem
1482 5175 1644 5254 Ecclesia,
1656 5175 1709 5239 cui

43 5318 44 5321 =
159 5277 305 5361 quedam
325 5276 428 5340 civilis
448 5278 581 5341 societas
601 5287 656 5341 aut
674 5280 803 5360 politica
823 5299 909 5345 com·
963 5282 997 5344 in
1022 5279 1081 5342 hac
1105 5277 1171 5339 vita
1192 5275 1344 5357 competit
1371 5274 1437 5354 regi
1466 5291 1530 5336 non
1559 5273 1662 5336 solum
1690 5294 1709 5337 a

286 5410 320 5463 T.
338 5412 377 5463 ³6.
1550 5408 1583 5461 tt
