4309 6250
446 473 507 541 556
542 495 582 542 DE
602 495 810 545 Auotoarrartt
831 499 925 545 Sffll
947 497 1113 545 romntcts
1133 496 1172 544 ΕΤ
1192 496 1362 545 (temtus
1384 497 1523 555 conottn,
1545 496 1634 546 traha
1654 499 1676 546 l.
1699 517 1740 530 ·-
1760 499 1830 546 All'l'.
1851 500 1901 546 XlX

635 700 880 769 ARTICULUS
909 702 1002 768 XIX·
1210 669 1418 751 Adiscipulis
1441 670 1527 733 dedit
1555 672 1784 735 sacerdotalem
1809 679 1980 753 potestatem

1249 776 1401 850 quantum
1417 771 1455 832 ad
1473 770 1681 852 principalem
1696 771 1768 852 ejus
1790 778 1902 849 actum,
1917 779 1980 833 ante

1250 868 1431 949 passionem
1446 868 1477 931 in
1492 868 1598 947 Coena,
1616 889 1714 951 quum
1733 870 1836 932 dixit:
1853 870 1980 950 Accipite
2001 894 2049 937 ror¹
2063 908 2081 942 ι,

1250 976 1282 1031 et
1296 968 1494 1031 manducate.
1511 968 1598 1031 Unde
1614 969 1779 1050 subjunxit
1795 992 1802 1030 :
1818 970 1879 1032 lloc
1897 968 1980 1030 lacitc
1991 959 2016 999 ²⁸·

453 1057 639 1257 OUlDAll
653 1061 858 1125 scribentium
880 1071 978 1125 totam
1002 1062 1196 1126 ecclesiasti·
1251 1066 1283 1127 in
1300 1084 1403 1129 meam
1418 1068 1765 1130 commemorationem.
1783 1068 1842 1129 Sed
1858 1074 1922 1148 post
1942 1086 1982 1128 re-

509 822 638 880 Soluta‘o
652 825 841 900 quoestionis
856 825 963 892 istius,
980 833 1009 883 ct
1024 826 1064 882 de
1079 844 1135 883 sec:

590 913 802 985 potestatibus
815 915 1048 973 ecclesiasticis.

537 1178 607 1221 cam
630 1168 818 1241 potestatem
843 1181 861 1223 a
883 1161 973 1225 Petro
998 1162 1030 1223 in
1059 1171 1193 1241 eeteros,
1251 1164 1480 1227 surrectionem
1509 1165 1597 1228 dedit
1624 1166 1669 1228 eis
1700 1174 1884 1248 potestatem
1911 1166 1981 1227 hanc

449 1257 515 1320 imo
536 1266 568 1321 et
588 1258 620 1321 in
640 1258 720 1321 alios
737 1278 864 1341 quoque
879 1262 1045 1342 Apostolos
1064 1262 1196 1325 descen·
1252 1263 1478 1325 sacerdotalem
1508 1273 1661 1344 quantum
1686 1265 1724 1326 ad
1750 1265 1821 1346 ejus
1846 1264 1983 1327 secunda·

450 1356 547 1436 disse,
563 1356 727 1419 allirmant
740 1360 824 1439 quod
841 1359 979 1423 clavesa
993 1360 1116 1423 Christo
1132 1361 1196 1423 col·
1252 1361 1334 1423 rium
1356 1368 1473 1442 actum,
1490 1362 1544 1442 qui
1570 1370 1619 1425 cst
1641 1362 1808 1426 absolvere
1832 1372 1862 1425 et
1884 1362 1980 1443 ligare,

451 1454 522 1516 lateo
545 1454 609 1517 sint
633 1455 722 1518 Petro
744 1476 802 1539 per
828 1458 925 1520 verba
953 1477 1023 1539 qua
1046 1459 1128 1521 dixit
1155 1460 1195 1521 ad
1252 1462 1379 1542 quando
1398 1460 1579 1523 insulllavit
1599 1461 1631 1524 in
1657 1480 1712 1525 eos
1737 1470 1769 1525 et
1792 1462 1889 1524 dixit:
1906 1461 1983 1523 Ace-i-
2003 1484 2062 1525 ιιω.

339 1565 424 1609 rma.
449 1552 587 1633 Petrum,
612 1554 707 1617 Pasce
734 1573 810 1617 oves
834 1575 932 1619 meas.
959 1557 1063 1637 Porro,
1090 1566 1124 1619 ut
1149 1557 1197 1619 in·
1252 1559 1318 1640 pite
1333 1558 1486 1641 Spiritum
1501 1559 1652 1622 Sanctum
1666 1582 1673 1635 3
1690 1579 1825 1641 quorum
1842 1549 2085 1621 remisol-¹¹¹²*

305 1642 348 1679 ¹¹¹·
363 1630 395 1671 ¹⁷·
451 1651 613 1733 telligatur
640 1652 815 1716 clarissime
843 1672 939 1735 quam
963 1674 1131 1742 erroneum
1157 1656 1198 1717 sit
1251 1658 1293 1718 tis
1315 1666 1457 1738 peccata,
1473 1666 1535 1721 etc.
1552 1657 1632 1721 Hinc
1652 1658 1808 1721 llenricus
1829 1658 1866 1720 de
1887 1657 1985 1719 llassia

413 1774 418 1781 ·
451 1750 512 1812 hoc
541 1750 658 1827 dicere,
686 1760 811 1833 oportet
839 1753 1003 1817 advertere
1028 1754 1105 1835 quid
1134 1754 1197 1815 sint
1253 1756 1339 1818 cirea
1353 1758 1419 1819 haec
1435 1756 1533 1819 verba
1546 1756 1690 1835 canonis,
1700 1757 1771 1819 llaec
1786 1756 1985 1838 quotiescum-

375 1879 379 1887 ·
451 1849 558 1911 claves
581 1848 743 1928 Ecclesiae,
770 1860 802 1911 et
825 1852 952 1933 quando
976 1862 1009 1915 et
1036 1854 1196 1934 quomodo
1214 1850 1237 1912 B
1252 1873 1314 1936 que
1335 1854 1485 1933 feceritis,
1502 1864 1576 1933 etc,
1594 1855 1637 1918 ait
1662 1854 1694 1917 in
1721 1864 1853 1919 tractatu
1876 1874 1930 1917 suo
1953 1854 1986 1915 de

451 1946 517 2009 sint
538 1947 660 2011 collatae
680 1967 700 2010 a
719 1948 843 2012 Christo
864 1951 983 2013 sanctis
1003 1951 1173 2032 Apostolis.
1252 1952 1375 2015 Missa-z
1399 1952 1456 2015 Per
1481 1954 1548 2016 baec
1572 1955 1669 2016 verba
1693 1954 1835 2016 Christus
1862 1952 1987 2015 instituit

491 2045 601 2108 Claves
615 2065 691 2127 ergo
706 2046 854 2109 Ecclesia
869 2048 1014 2129 quamvis
1034 2049 1199 2132 pluraliter
1251 2051 1427 2132 discipulos
1442 2070 1516 2114 suos
1532 2052 1711 2114 sacerdotes
1726 2052 1802 2114 novi
1822 2053 1988 2113 Testamen-

451 2143 658 2225 designentur
682 2154 714 2207 et
732 2146 802 2207 duae
821 2166 891 2209 esse
909 2146 1065 2225 dicantur,
1087 2148 1198 2210 videli-
1253 2149 1286 2227 ti,
1308 2168 1365 2230 per
1388 2149 1485 2230 hujus
1509 2148 1662 2211 sacrificii
1686 2150 1876 2212 oblationem
1899 2148 1986 2209 Deum

451 2250 512 2319 cot,
534 2250 674 2324 potestas
697 2243 901 2307 discernendi
925 2244 1008 2307 inter
1031 2255 1196 2328 peccatum
1253 2246 1375 2310 Patrem
1392 2248 1650 2329 placaturosSed
1666 2255 1697 2310 ct
1711 2248 1892 2329 Ludolphus
1907 2246 1987 2308 tertio

451 2348 482 2403 et
496 2360 560 2404 non
575 2349 752 2423 peccatum,
769 2351 801 2405 et
815 2352 953 2424 potestas
968 2344 1087 2425 ligandi
1103 2353 1197 2425 atque
1253 2345 1416 2409 volumine
1431 2346 1509 2408 Vitat
1523 2346 1596 2409 lesu
1612 2345 1737 2425 Christi,
1751 2347 1835 2408 circa
1850 2346 1913 2408 baec
1928 2365 1988 2406 rer-

452 2438 613 2515 solrcndi3
630 2440 808 2503 radicaliter
821 2449 927 2503 tamen
942 2450 973 2503 et
988 2442 1198 2504 essentialiter
1253 2443 1293 2506 ba
1309 2442 1421 2506 scribit
1433 2444 1532 2525 (quod
1548 2444 1645 2506 etiam
1664 2463 1701 2506 ex
1721 2442 1819 2507 Corra
1837 2444 1986 2525 aecepib:

452 2558 515 2601 una
529 2546 578 2600 est
592 2538 703 2618 clavis,
721 2539 775 2600 sed
791 2538 825 2601 in
839 2538 1009 2603 ellectibus
1027 2542 1109 2619 duae,
1126 2559 1198 2623 pro·
1255 2542 1396 2605 Christus
1411 2542 1444 2603 in
1459 2542 1577 2605 amoris
1592 2541 1639 2604 sni
1657 2542 1906 2605 recordationem
1925 2540 1989 2603 sub

313 2649 435 2692 ιιιιιιιι.
451 2646 486 2698 ut
505 2636 641 2698 Thomas
662 2656 759 2718 super
781 2645 927 2716 quartum
949 2637 1196 2718 Sententiarum,
1251 2640 1366 2723 junxit,
1392 2640 1456 2702 lloc
1486 2640 1583 2703 facite
1607 2640 1653 2720 (id
1681 2649 1740 2719 est,
1768 2649 1988 2703 sacramentum

450 2743 483 2797 et
507 2734 672 2797 Durandus
696 2735 730 2797 in
755 2735 885 2798 Summa
909 2756 976 2813 sna,
992 2736 1197 2799 distinctione
1251 2740 1312 2801 boc
1341 2738 1492 2801 conficite
1521 2738 1572 2801 vel
1607 2739 1777 2817 celebrate,
1809 2738 1939 2819 accipite
1964 2745 1990 2799 et

450 2833 565 2914 prima,
591 2832 709 2914 aliique
737 2834 882 2896 doctores
911 2836 1125 2898 communiter
1151 2836 1197 2897 di·
1251 2839 1336 2917 date)
1362 2838 1392 2898 in
1419 2856 1520 2898 meam
1547 2837 1882 2900 commemorationem
1909 2861 1916 2897 :
1941 2855 1991 2916 per

450 2942 538 2995 cunt.
554 2933 684 3011 llursus,
702 2933 769 2995 haec
790 2934 889 2996 clavis
911 2934 1036 2997 realiter
1057 2943 1104 2995 est
1125 2935 1197 2997 cha·
1252 2955 1321 3017 qnae
1336 2934 1434 2998 verba
1452 2928 1611 2998 ordinavit
1632 2954 1686 2998 eos
1709 2936 1742 2997 in
1764 2936 1949 3005 sacerdotes,
1964 2941 1990 2995 et

450 3040 553 3094 racter
566 3051 622 3094 seu
638 3040 776 3115 potestas
798 3032 1100 3113 sacerdotalisque
1120 3029 1233 3095 dici-C
1251 3035 1340 3097 dedit
1372 3034 1418 3097 cis
1452 3042 1640 3115 potestatem
1669 3033 1864 3097 conficiendi
1893 3034 1990 3095 Sacra-

449 3138 503 3192 tur
534 3139 672 3213 potestas
700 3131 822 3194 ordinis
849 3151 904 3194 seu
932 3132 1194 3196 consecrationis.
1251 3143 1395 3196 mentum
1418 3133 1560 3215 corporis
1576 3134 1786 3214 etsanguinis
1806 3133 1866 3195 sui.
1882 3133 1990 3194 humus

451 3229 568 3292 Eadem
589 3229 707 3312 quippe
730 3239 869 3312 potestas
893 3239 942 3292 est
964 3249 1026 3312 qua
1050 3233 1197 3294 sacerdos
1252 3234 1362 3295 eodem
1379 3232 1540 3294 volumine
1555 3233 1598 3294 ait
1616 3231 1747 3295 :Claves
1761 3233 1852 3295 Petro
1868 3231 1991 3313 promis-

451 3347 567 3408 corpus
588 3327 703 3390 Christi
728 3347 838 3390 verum
863 3338 1039 3407 consecrat,
1055 3337 1087 3391 et
1111 3329 1197 3411 ipsos
1253 3351 1294 3392 saa
1309 3338 1393 3406 sunt,
1407 3349 1470 3392 non
1486 3330 1565 3392 datae
1569 3345 1688 3440 ,quum
1703 3350 1732 3393 er
1723 3330 1891 3393 Salvator
1906 3328 1987 3391 dixit:

450 3426 574 3505 fideles,
590 3426 643 3506 qui
660 3434 734 3488 sunt
748 3445 863 3509 corpus
878 3427 993 3488 Christi
1014 3427 1195 3509 mysticum,
1253 3427 1323 3490 Tibi
1346 3427 1428 3490 daho
1453 3427 1559 3490 claves
1579 3427 1668 3509 regni
1689 3429 1854 3491 coelorum
1871 3428 1930 3491 Sed
1954 3426 1990 3488 ibi
2012 3435 2070 3482 ιιιι

450 3523 545 3586 solvit
571 3533 603 3586 et
633 3524 720 3606 ligat,
752 3525 904 3605 proutS
935 3525 1071 3588 Thomas
1103 3545 1199 3608 super
1253 3525 1718 3608 Ecclesiaepraelatnseligitur.
1731 3515 2033 3590 Postmodumt·-¹e¹

449 3629 597 3703 quartum
619 3622 865 3700 Sententiarum,
886 3622 1091 3686 distinctione
1114 3625 1199 3686 tiee—
1253 3643 1288 3686 ro
1313 3643 1385 3686 cum
1415 3622 1487 3685 aliis
1512 3624 1671 3706 Apostolis
1700 3624 1782 3686 hano
1811 3623 1990 3707 promissam

451 3719 530 3782 sima
543 3730 665 3802 quarta,
682 3729 826 3799 testatur,
842 3730 874 3783 et
888 3721 940 3784 alii
956 3721 1074 3783 ibidem
1094 3722 1198 3784 deela—
1254 3729 1439 3832 potestatem
1455 3723 1589 3804 accepit,
1607 3723 1660 3785 ubi
1677 3722 1817 3804 Apostoli
1839 3741 1858 3784 a
1878 3720 1992 3784 Christo

451 3827 532 3881 rant.
562 3819 619 3882 Per
652 3820 734 3882 hanc
767 3820 853 3882 enim
887 3828 1074 3901 potestatem
1103 3822 1198 3884 babet
1253 3838 1395 3902 eprscopr
1412 3828 1486 3881 sunt
1499 3820 1645 3898 ordrnatx,
1661 3839 1759 3902 quum
1776 3819 1944 3882 rnsulllans
1964 3819 2067 3931 intpp

451 3919 598 3980 sacerdos
623 3919 702 3981 duos
721 3927 834 3980 actus:
851 3937 951 3981 unum
974 3918 1196 4001 principalem,
1253 3937 1318 3995 eos,
1330 3918 1426 3980 dixit·
1437 3918 1580 4000 Accrprte
1595 3917 1749 4000 Sprrrtum
1764 3919 1928 3994 Sanctum
1937 3899 2029 3978 etcn'
2070 3881 2087 3918 ’

450 4017 505 4099 qui
521 4024 569 4078 est
583 4035 698 4098 corpus
713 4025 744 4078 et
759 4017 948 4097 sanguinem
962 4016 1076 4079 Christi
1092 4036 1200 4080 eonse—
1253 4017 1314 4079 Sed
1339 4026 1497 4098 pastorem
1518 4016 1662 4080 omnium
1682 4016 1828 4079 fidelium
1849 4025 1941 4097 atque
1964 4015 1991 4074 in

451 4134 560 4192 orare;
577 4115 674 4177 alium
690 4115 925 4194 secundarium,
942 4115 997 4195 qui
1012 4123 1060 4176 est
1074 4115 1198 4180 soltere
1253 4123 1318 4178 tota
1342 4115 1485 4177 Ecclesia
1506 4114 1659 4178 ricarium
1680 4135 1773 4177 suum
1793 4134 1866 4178 eum
1893 4112 1993 4198 praele

451 4223 483 4278 et
506 4215 616 4296 ligare.
634 4213 724 4276 Nunc
744 4233 819 4294 ergo
841 4214 1013 4275 ridendum
1039 4213 1308 4295 quomodoDcit,
1334 4231 1431 4293 quum
1455 4213 1565 4276 dixit:
1592 4213 1686 4276 Pasce
1701 4233 1777 4276 ores
1806 4233 1904 4276 meas.
1931 4213 1992 4274 llac
2013 4231 2090 4276 nam

404 4312 595 4376 Salvator
617 4313 706 4375 dedit
730 4313 873 4394 apostolo
896 4312 986 4375 Petro
1011 4321 1197 4394 potestatem
1253 4311 1436 4392 Ludolphus
1457 4331 1495 4374 ex
1515 4312 1611 4375 dictis
1633 4312 1779 4376 eliorum
2005 4299 2029 4340 ¹¹·

450 4414 533 4474 hanc
560 4411 811 4474 sacerdotalem:
829 4431 891 4492 qno
916 4411 996 4489 viso,
1012 4411 1133 4493 patebit
1158 4432 1197 4473 an
1294 4411 1400 4491 ltaque
1416 4411 1592 4475 certissime
1608 4419 1742 4491 constat,
1758 4413 1842 4493 quod
1861 4411 1993 4474 Christus

450 4511 503 4574 alii
530 4509 671 4592 Apostoli
695 4517 883 4591 potestatem
907 4509 989 4572 hanc
1017 4509 1198 4572 immediate
1253 4529 1329 4572 non
1344 4509 1477 4572 contulit
1501 4509 1591 4572 Petro
1615 4510 1841 4573 sacerdotalem
1868 4518 1995 4593 potesta-

450 4631 469 4672 ιι
490 4609 613 4672 Christo
634 4608 827 4690 acceperint,
851 4627 891 4669 an
913 4628 932 4669 a
953 4608 1054 4670 Petro.
1254 4617 1316 4670 tem
1333 4628 1389 4670 sen
1408 4609 1514 4670 claves
1537 4615 1612 4672 tnnc
1635 4609 1737 4690 primo
1756 4629 1856 4690 quum
1880 4611 1994 4672 locutus

491 4709 596 4788 ltaque
611 4707 852 4786 advertendum,
868 4708 951 4788 quod
972 4706 1053 4768 sicut
1075 4708 1199 4790 exposi-
1254 4715 1300 4769 est
1314 4707 1344 4768 ei
1363 4730 1369 4767 :
1386 4706 1481 4768 Pasce
1496 4725 1571 4770 ores
1586 4727 1673 4770 meas
1687 4730 1695 4784 3
1713 4710 1888 4789 presertim
1904 4727 1993 4790 quum

451 4815 535 4870 tores
551 4805 699 4868 catholici
719 4805 898 4884 adstruunt,
914 4812 1102 4887 potestatem
1125 4824 1199 4869 con·
1255 4806 1351 4868 rerba
1366 4805 1420 4867 illa
1434 4805 1556 4887 prolata
1575 4806 1640 4869 sint
1662 4816 1831 4889 postquam
1846 4807 1996 4891 Apostolis

451 4905 596 4969 sacrandi
618 4904 751 4968 contulit
770 4903 911 4966 Christus
932 4903 1081 4966 omnibus
1102 4905 1199 4966 simul
1253 4906 1334 4968 dixit
1358 4929 1364 4966 :
1389 4904 1532 4987 Accipite
1554 4905 1705 4988 Spiritum
1732 4907 1908 4984 Sanctum;
1929 4925 1996 4988 quo

316 5013 370 5058 huc·
384 5027 435 5058 ¹¹¹¹·
451 5004 610 5088 Apostolis
626 5003 658 5065 in
673 5003 779 5083 Coena,
791 5021 890 5083 quum
905 5003 984 5064 dixit
1001 5026 1008 5064 :
1025 5003 1089 5065 Hoc
1105 5003 1199 5066 lacite
1255 5024 1325 5067 rum
1355 5003 1539 5068 remiseritis
1569 5012 1710 5085 peccata,
1740 5012 1815 5081 etc,
1844 5015 1881 5068 ut
1908 5013 1993 5088 patet.

319 5080 352 5119 ¹⁹'
452 5106 486 5167 in
508 5123 612 5167 meam
638 5101 982 5165 commemorationem.
1000 5102 1079 5163 Hine
1105 5121 1200 5184 super
1254 5102 1369 5165 lterum
1390 5108 1486 5182 patet,
1502 5103 1588 5183 quod
1603 5101 1743 5184 Apostoli
1765 5103 1848 5165 banc
1872 5111 1997 5185 potesta-

453 5214 600 5286 quartum
630 5201 875 5278 Sententiarum,
909 5202 1108 5283 praeallegata
1137 5202 1200 5264 dis·
1253 5209 1317 5264 tem
1334 5219 1397 5263 non
1413 5210 1604 5282 acceperunt
1619 5200 1751 5279 alatro,
1770 5201 1826 5264 sed
1843 5201 1996 5264 immedia-

454 5303 620 5379 tinctione,
644 5300 779 5363 Thomas
805 5300 994 5382 conscripsit
1022 5324 1029 5362 :
1056 5299 1201 5363 Christus
1256 5308 1286 5362 te
1308 5319 1326 5362 a
1347 5297 1480 5362 Christo.
