4309 6250
248 513 288 558 na
309 512 518 560 auuromrars
539 513 634 560 suum
654 513 821 560 rournrers
842 514 879 558 nr
900 514 1070 562 cnurnacrs
1092 515 1232 578 conetur,
1254 492 1343 562 crana
1364 518 1407 564 ru.
1430 535 1471 546 -
1491 519 1560 565 aar.
1584 520 1638 565 vui
1658 499 1719 564 eat

30 703 150 751 trecens.
167 679 329 758 Ecclesiae,
354 701 425 763 quae
449 682 567 746 dicitur
591 682 708 746 habere
733 683 837 764 regale
867 685 953 747 sah
970 702 1040 765 quae
1061 702 1099 746 ex
1120 685 1219 768 regali
1242 694 1274 748 et
1298 686 1493 750 aristocratia
1514 707 1721 771 componere-

165 779 354 860 cerdotium,
379 781 464 863 quod
489 788 616 863 regatur
645 781 799 864 regimine
828 781 916 864 regio
970 790 1030 858 tur,
1049 791 1084 844 ut
1097 782 1130 844 in
1153 801 1251 865 regno
1265 783 1418 862 Francia,
1435 785 1489 848 ubi
1511 806 1566 849 rex
1580 785 1720 848 instituit

165 895 246 958 puro
262 895 317 940 seu
339 896 418 958 pure
438 877 548 959 regali,
566 878 620 941 sed
643 879 742 941 mixto
761 899 835 942 cum
855 880 916 940 ari·
970 879 1215 960 Parlamentum,
1245 901 1264 944 a
1291 901 1354 964 quo
1378 883 1515 964 judicari
1542 903 1606 948 nou
1634 883 1720 948 relu-

163 974 313 1036 stocratia
327 984 359 1037 et
372 975 576 1039 democratia.
588 974 666 1038 Nam
683 975 759 1040 licet
773 977 915 1058 regimen
970 977 1024 1057 git.
1042 977 1132 1039 Esset
1147 997 1222 1041 vero
1237 980 1382 1043 omnium
1397 981 1518 1062 optima
1532 989 1564 1044 et
1579 981 1719 1044 saluber-

163 1072 300 1153 reginm‚
317 1072 351 1134 in
375 1091 438 1154 quo
463 1092 546 1135 unus
571 1072 775 1154 singulariter
799 1073 917 1154 princi·
970 1074 1050 1137 rima
1075 1075 1187 1156 politia
1215 1095 1285 1158 quar
1307 1078 1391 1140 hanc
1416 1078 1577 1160 triplicem
1601 1080 1718 1143 bonam

164 1177 259 1250 patur
282 1167 477 1231 multitudini
499 1170 675 1232 secundum
696 1171 857 1250 virtutem,
875 1173 917 1234 sit
971 1173 1246 1254 complecteretur.
1264 1174 1318 1237 Est
1332 1184 1438 1239 autem
1452 1178 1600 1259 generale
1615 1178 1719 1242 conci-

164 1266 280 1330 melius
295 1267 436 1348 quolibet
456 1267 520 1331 alio
543 1268 698 1350 regimine
714 1268 863 1350 simplici,
880 1278 916 1332 ut
970 1269 1048 1333 lium
1068 1271 1180 1354 politia
1199 1273 1270 1335 talis
1292 1274 1478 1357 composita,
1494 1276 1616 1340 habens
1636 1277 1719 1340 dire-

162 1365 305 1430 ostendit
332 1365 543 1449 Philosophus
567 1366 660 1429 tertio
687 1366 913 1446 Politicorum;
969 1370 1109 1434 ctionem
1128 1391 1217 1434 suam
1237 1391 1276 1435 ex
1290 1372 1475 1436 adsistentia
1494 1374 1602 1438 Sancti
1622 1376 1719 1458 Spiri-

164 1473 272 1528 tamen
287 1463 313 1526 si
328 1463 388 1527 liat
408 1464 541 1528 mixtum
562 1484 634 1528 cum
656 1465 863 1544 aristocratia,
881 1465 914 1528 in
969 1477 1019 1531 tus
1039 1469 1170 1551 speciali
1188 1479 1221 1534 et
1240 1471 1450 1554 promissione
1469 1473 1595 1552 Christi,
1618 1474 1718 1556 magis

162 1581 227 1643 qua
252 1563 358 1643 plures
387 1562 592 1626 dominantur
616 1564 792 1626 secundnm
817 1564 914 1628 virtu-
969 1586 1064 1648 quam
1088 1587 1127 1631 ex
1149 1577 1263 1632 natura
1286 1578 1341 1632 aut
1368 1570 1508 1634 humana
1536 1571 1604 1636 sola
1627 1573 1719 1636 indu-

164 1668 240 1739 tcm,
257 1668 289 1724 θῖ
312 1679 385 1724 cum
408 1661 612 1740 democratia,
629 1661 661 1724 in
685 1681 747 1743 qua
776 1663 912 1744 populus
969 1666 1056 1729 stria.

162 1759 374 1843 principatur,
399 1761 460 1824 tale
488 1761 630 1842 regimen
654 1761 770 1824 melius
794 1769 852 1841 θεῖ,
879 1760 912 1823 in
1008 1764 1042 1826 ln
1062 1762 1145 1828 libro
1169 1785 1296 1847 quoque
1320 1768 1360 1831 de
1384 1767 1607 1832 Ecclesiastica
1631 1779 1719 1852 pote-

162 1867 320 1940 quantum
348 1859 380 1922 in
410 1859 566 1941 regimine
596 1859 693 1922 mixto
721 1879 832 1922 omnes
858 1860 949 1929 ali-B
969 1870 1047 1924 state
1077 1862 1126 1924 his
1151 1865 1239 1926 addit
1264 1889 1272 1926 ι
1299 1865 1410 1930 Politia
1433 1875 1482 1930 est
1506 1868 1717 1932 communitas

163 1976 261 2038 quam
295 1966 418 2039 partem
451 1958 570 2022 habent
598 1959 631 2020 in
659 1957 853 2040 principatu,
882 1965 914 2021 et
968 1959 1114 2022 ordinata
1128 1962 1166 2023 ad
1181 1963 1320 2044 aliquem
1338 1964 1439 2026 linem
1454 1965 1643 2046 perfectum.
1661 1967 1717 2031 Po-

162 2055 262 2118 etiam
291 2056 440 2136 quoniam
469 2055 545 2119 licet
573 2055 677 2138 regale
706 2056 847 2138 regimen
873 2057 915 2119 sit
968 2059 1109 2122 litiarum
1125 2061 1278 2124 veroalia
1296 2070 1346 2123 est
1366 2063 1517 2144 coelestis,
1532 2065 1716 2127 aliaautem

163 2154 322 2236 optimum
338 2155 371 2217 in
387 2174 420 2217 se
436 2155 463 2217 si
479 2173 542 2218 non
558 2163 789 2237 corrumpatur,
806 2163 913 2218 umen
967 2157 1117 2236 hnmana,
1148 2177 1218 2239 quaa
1246 2159 1363 2241 duplex
1391 2169 1440 2222 est
1466 2185 1473 2222 ε
1500 2161 1614 2242 prima,
1645 2181 1716 2244 quaa

162 2262 293 2335 proptor
307 2272 454 2335 magnam
469 2261 658 2336 potestatem
672 2273 742 2335 quaa
758 2255 824 2335 regi
839 2273 913 2316 con·
967 2257 1171 2339 appropriato
1185 2257 1377 2339 vulgatoque
1389 2259 1520 2322 nomine
1534 2259 1651 2322 dicitur
1666 2279 1718 2323 ec-

162 2352 298 2431 ceditur,
309 2352 348 2414 de
362 2351 450 2414 facili
465 2352 637 2434 degenerat
651 2353 684 2414 in
701 2353 911 2434 tyrannidem,
968 2353 1166 2433 clesiastiea;
1184 2355 1246 2417 alia
1265 2357 1436 2435 saecularis,
1454 2376 1524 2438 quaa
1545 2357 1585 2419 ab
1600 2358 1718 2422 Aristo

161 2449 226 2511 nisi
250 2451 292 2512 sit
311 2449 342 2511 in
368 2469 441 2532 rege
463 2451 563 2513 virtus
585 2451 824 2533 perfectaque
843 2470 913 2513 rara
967 2452 1029 2514 tele
1044 2452 1199 2515 dividitur
1213 2452 1246 2514 in
1262 2461 1326 2515 tres
1343 2462 1458 2534 partes,
1475 2455 1598 2518 scilicet
1616 2455 1649 2517 in
1669 2475 1718 2518 re-

161 2557 212 2611 est
235 2555 267 2610 et
290 2547 324 2610 in
347 2548 468 2630 paucis.
485 2549 520 2611 ln
545 2550 637 2630 cujus
658 2549 704 2612 rei
724 2549 863 2632 signum,
879 2550 913 2612 in
967 2569 1077 2631 gnum,
1094 2550 1324 2614 aristocratiam
1339 2561 1370 2614 et
1385 2553 1620 2615 democratiam.
1636 2552 1717 2626 Ouid

160 2646 283 2728 populo
303 2646 410 2726 lsrael,
427 2647 478 2710 cui
504 2647 648 2711 succedit
671 2648 808 2730 populus
829 2649 913 2711 chri·
968 2655 1073 2710 autem
1093 2648 1134 2710 sit
1153 2668 1299 2731 regnum,
1317 2651 1503 2731 predictum
1523 2660 1582 2714 θεῖ.
1598 2652 1718 2715 Aristo·
1730 2680 1809 2719 „aa

161 2745 296 2823 stianus,
313 2745 395 2808 Deus
420 2746 586 2809 constituit
610 2747 843 2827 quodammodo
866 2767 913 2810 re-
968 2747 1066 2808 cratia
1085 2766 1161 2809 vero
1185 2755 1234 2809 est
1257 2747 1470 2811 communitas
1495 2749 1639 2831 perlecta
1657 2750 1717 2812 sub

160 2863 248 2926 gem,
270 2844 344 2906 licet
369 2863 433 2908 non
458 2864 530 2907 cum
555 2845 650 2926 plena
673 2853 856 2928 potestate:
880 2854 914 2908 ut
967 2845 1076 2925 paucis
1100 2845 1205 2924 bonis,
1222 2845 1341 2909 bonum
1363 2846 1547 2928 reipublice
1566 2866 1624 2928 per
1643 2868 1717 2911 suas

162 2950 250 3023 patet
265 2941 299 3003 in
319 2941 422 3024 llloyse
444 2951 476 3006 θῖ
490 2944 595 3021 Josue,
612 2944 912 3026 successoribusque
967 2943 1053 3024 leges
1078 2944 1300 3026 principaliter
1323 2944 1585 3021 intendentibus;
1608 2954 1639 3008 et
1663 2947 1717 3009 de·

160 3059 286 3117 eorum,
301 3040 356 3121 qni
371 3041 427 3104 toti
442 3041 489 3102 illi
512 3041 629 3122 populo
645 3051 810 3123 praeerant.
825 3042 913 3106 Licet
930 3054 952 3118 c
968 3043 1132 3119 mocratia,
1150 3043 1363 3105 communitas
1382 3043 1524 3126 perfecta
1545 3045 1604 3106 sub
1619 3044 1717 3126 pluri-

160 3147 270 3202 autem
299 3140 332 3201 in
361 3141 407 3203 eis
440 3148 524 3203 esset
555 3142 698 3223 regimen
732 3143 848 3224 regale,
879 3142 912 3205 in
968 3140 1027 3203 bus
1041 3141 1146 3205 bonis.
1156 3141 1265 3203 Omnis
1280 3150 1386 3204 autem
1401 3141 1511 3223 politia
1525 3142 1719 3206 ecclesiasti-

161 3247 319 3320 quantum
335 3259 417 3302 uuus
432 3240 653 3323 principaliter
667 3240 815 3303 omnibus
834 3260 913 3323 prae-
968 3259 1016 3319 ca,
1046 3240 1115 3302 sive
1143 3239 1268 3303 dicatur
1294 3258 1390 3319 unus,
1420 3240 1488 3303 sive
1517 3241 1623 3322 pauci,
1649 3242 1718 3305 sive

160 3338 236 3417 luit,
252 3345 321 3401 erat
334 3346 440 3401 tamen
455 3338 577 3421 aliquid
592 3340 630 3403 de
646 3339 845 3403 aristocratia
859 3341 913 3404 ad·
966 3338 1075 3420 plures
1104 3338 1180 3403 boni
1205 3358 1352 3420 praeesse,
1377 3338 1495 3401 dicitur
1520 3341 1647 3421 proprie
1672 3341 1719 3403 di-

30 3464 145 3511 gnm
160 3436 310 3515 mixtum,
326 3435 527 3519 inquantum
549 3438 608 3501 sub
627 3438 685 3502 illo
703 3458 777 3502 uno·
788 3448 913 3521 septua-
968 3436 1051 3517 vina,
1067 3437 1145 3517 qnia
1158 3438 1335 3500 secundum
1357 3436 1443 3518 leges
1458 3438 1717 3519 supernaturales

30 3532 145 3635 “;',⁶³,'}“‘'
160 3533 250 3617 ginta
265 3534 407 3598 seniores
427 3536 645 3617 eligebantur;
662 3545 730 3599 erat
749 3538 845 3601 etiam
867 3538 912 3600 ibi
967 3535 1060 3597 debet
1085 3534 1221 3616 quilibet
1244 3534 1476 3615 regulationem
1500 3536 1657 3618 accipere.
1681 3536 1720 3599 Et

30 3624 36 3643 '
67 3628 72 3643 '
104 3626 110 3636 “
159 3633 282 3714 aliquid
304 3633 344 3695 de
357 3633 566 3714 democratia,
581 3634 614 3697 in
631 3642 786 3715 quantum
802 3636 849 3699 illi
865 3656 913 3701 εθ-
967 3631 1011 3694 ita
1024 3631 1231 3715 perspicuum
1247 3640 1307 3710 est,
1323 3633 1408 3714 quod
1428 3640 1492 3695 tres
1511 3632 1580 3696 ista)
1598 3633 1719 3716 politiae

159 3732 270 3795 niores
290 3731 489 3813 eligebantur
509 3733 548 3795 de
568 3732 656 3796 omni
677 3736 796 3817 populo
821 3744 853 3798 et
871 3737 912 3799 ab
968 3752 1024 3795 scu
1040 3732 1163 3815 species
1178 3731 1245 3794 istae
1261 3731 1427 3812 regiminis
1441 3731 1474 3793 in
1489 3732 1630 3795 Ecclesia
1645 3733 1717 3795 uni-

158 3829 250 3895 omni
266 3828 397 3913 populo,
414 3838 449 3892 ut
462 3830 579 3893 dicitur
600 3832 634 3894 in
655 3832 909 3898 Deuteronomio.
967 3835 1064 3891 untur
1077 3829 1170 3891 aliter
1182 3848 1279 3910 quam
1292 3828 1325 3891 in
1340 3828 1452 3910 politia
1467 3829 1568 3911 civili,
1586 3839 1716 3912 propter

158 3928 214 3991 Sic
235 3926 406 3991 manifeste
421 3929 545 3993 videtur
559 3930 643 4011 quod
658 3939 742 3993 esset
755 3931 910 4012 optimum
966 3926 1084 3990 divine
1108 3927 1188 4009 legis
1212 3926 1374 3990 unitatem.
1398 3927 1594 3991 Considerari
1618 3928 1718 4009 igitur

158 4027 306 4109 regimen
325 4026 488 4108 Ecclesia,
504 4027 530 4089 si
551 4028 611 4090 sub
630 4047 694 4091 uno
713 4029 796 4111 Papa
815 4030 912 4111 elige-
966 4026 1061 4089 debet
1074 4025 1217 4090 Ecclesia
1230 4034 1326 4108 prout
1338 4025 1481 4088 instituta
1496 4034 1544 4089 θεῖ
1559 4047 1578 4089 a
1591 4026 1716 4092 Christo

158 4136 273 4190 rentur
287 4124 394 4207 plures
409 4126 450 4188 ab
464 4126 552 4189 omni
573 4126 658 4189 etde
678 4128 767 4190 omni
782 4130 912 4211 provin·
966 4145 1060 4207 supra
1074 4123 1196 4187 lirmam
1210 4124 1288 4187 fidei
1304 4125 1483 4206 petram,ad
1496 4124 1597 4187 linem
1611 4144 1718 4209 super·

158 4226 222 4289 cia.
239 4224 279 4288 Et
297 4226 376 4289 tales
391 4244 460 4288 esse
480 4225 633 4289 deberent
651 4226 839 4306 cardinales,
856 4228 910 4310 qui
926 4238 950 4300 1)
966 4224 1153 4304 naturalem,
1171 4225 1347 4287 secundnm
1368 4223 1586 4305 evangelicam
1608 4226 1714 4307 legem

158 4343 234 4387 cum
256 4324 339 4405 Papa
360 4330 393 4386 ct
413 4323 472 4385 sub
496 4342 535 4387 eo
555 4324 731 4388 Ecclesiam
753 4334 909 4407 regerent,
966 4333 998 4386 et
1025 4342 1149 4386 sacram
1177 4322 1384 4405 Scripturam,
1414 4324 1591 4386 secundum
1619 4342 1715 4407 quam

157 4440 318 4503 usumque
340 4421 545 4504 plenitudinis
567 4425 731 4505 potestatis
757 4432 912 4507 tempera·
965 4423 1061 4487 debet
1074 4421 1212 4504 regulari
1221 4422 1379 4503 judicium
1392 4423 1433 4485 de
1446 4421 1514 4485 lide
1528 4432 1560 4485 et
1574 4423 1716 4487 moribus

33 4554 128 4603 „mg
157 4530 247 4601 rent3
271 4529 302 4585 et
322 4522 389 4585 haec
410 4521 513 4584 notari
539 4522 686 4585 videntur
715 4522 748 4585 in
771 4523 910 4607 capitulo
966 4523 1177 4587 subditorum.
1193 4522 1363 4587 Possumus
1382 4522 1488 4604 itaque
1508 4523 1717 4587 conformiter

30 4620 53 4725 ³7⁵·
66 4636 92 4671 ¹'·
106 4624 141 4667 ²³⁸·
156 4626 228 4685 Per
247 4622 475 4684 venerabilem.
966 4623 1005 4685 ad
1020 4622 1202 4704 praedictam
1217 4622 1399 4705 Philosophi
1418 4621 1565 4705 politiam
1583 4622 1716 4706 triplici·

46 4688 115 4733 ’ω’
199 4720 295 4783 Porro
315 4720 355 4782 de
377 4719 436 4783 hae
459 4738 493 4782 re
515 4718 639 4801 plenius
659 4720 769 4784 scribit
782 4721 911 4786 Cancel-
966 4731 1013 4785 ter
1027 4721 1212 4785 distinctam
1227 4720 1261 4783 in
1275 4720 1413 4787 naturali
1429 4721 1716 4802 regimino,Eccle-

34 4844 66 4888 ρ.,
81 4859 141 4899 um,
157 4817 258 4883 larius
273 4817 306 4879 in
328 4836 474 4883 sermone
489 4819 544 4901 qui
567 4819 681 4903 incipit
697 4842 704 4882 :
720 4819 909 4903 Prosperum
966 4821 1019 4883 sia
1033 4821 1179 4903 politiam
1195 4840 1252 4884 seu
1272 4821 1537 4903 gubernationem
1555 4821 1712 4900 dividere,

30 4912 51 4951 ⁵⁰·
156 4918 221 4981 iter
235 4914 330 4979 laciet
351 4918 443 4981 nobis
465 4919 558 4981 Deus.
576 4920 712 5002 Triplex,
730 4921 845 5003 inquit,
862 4931 910 4985 est
964 4922 1048 5002 quod
1064 4921 1190 4984 aliaest
1210 4919 1344 5003 papalis,
1361 4920 1424 4982 alia
1445 4919 1633 5001 collegialis,
1649 4920 1714 4982 alia

156 5016 281 5100 politia.
303 5017 407 5081 Prima
430 5020 549 5083 dieitur
574 5019 687 5101 regalis
708 5040 764 5083 seu
785 5040 910 5085 monar-
964 5020 1125 5101 synodalis
1153 5039 1209 5083 seu
1239 5019 1368 5082 concilii
1393 5020 1562 5100 generalis.
1588 5017 1733 5101 Papalisv

156 5117 271 5195 chica;
288 5119 428 5181 secunda
441 5119 559 5182 dicitur
572 5119 786 5197 aristocratia3
803 5122 906 5199 tertia,
964 5118 1104 5182 imitatur
1126 5118 1286 5201 regalem3
1308 5119 1485 5200 collegialis
1509 5117 1711 5181 dominorum

155 5216 365 5279 democratia.
381 5216 472 5280 Esset
495 5227 600 5280 autem
624 5216 708 5281 iuter
731 5218 807 5282 istas
829 5220 910 5301 poli-
963 5218 1183 5298 cardinalium,
1204 5217 1455 5296 aristomachem,
1472 5216 1633 5300 synodalis
1653 5234 1711 5278 seu

155 5319 218 5381 tias
246 5316 360 5381 melior
386 5336 483 5398 quam
511 5318 616 5400 aliqua
644 5319 825 5400 singularis,
853 5320 907 5383 illa
963 5320 1121 5401 generalis
1135 5318 1275 5400 concihi,
1287 5317 1524 5396 democratiam,
1541 5315 1592 5380 vel
1605 5315 1712 5398 potius

282 5450 313 5501 ¹1¹.
334 5450 374 5503 td.
1555 5453 1589 5505 to
