4309 6250
309 519 460 567 emmaus
479 516 712 567 nrsrurrrrorus
733 516 825 564 utrm
844 516 1051 565 suniemirus
1071 517 1110 565 nr
1131 517 1346 569 sanatorum.
1368 539 1409 553 -·-
1429 520 1499 569 sur.
1519 520 1588 569 xvu
1666 502 1726 569 489

175 684 219 749 tia
241 696 368 770 gratum
392 688 531 751 faciente
554 695 586 751 et
607 687 701 751 donis
723 686 832 769 gratie
855 705 927 769 gra·
940 686 966 749 Α
980 706 1043 770 qua
1063 688 1118 752 Dei
1137 691 1282 774 equitate
1302 710 1396 773 poena
1420 692 1579 777 infligitur
1602 692 1649 757 eis
1671 692 1727 775 qui

175 786 216 848 tis
238 787 331 865 data,
348 788 436 851 omni
460 787 578 851 virtute
603 785 710 849 infusa
735 784 925 868 perfectioni
979 786 1026 849 illi
1046 791 1289 871 transgressioni
1312 810 1475 874 nunquam
1497 801 1729 857 consenserunt

175 884 291 947 animas
312 884 385 967 ejus
407 904 472 949 nou
490 886 673 967 derogante,
689 884 776 947 omni
801 884 927 965 sapien·
979 887 1222 953 occasionemve
1240 890 1464 971 prebueruntl
1484 890 1595 955 Nonne
1618 912 1730 975 pccca-

176 984 221 1047 tia
249 993 345 1065 atque
377 984 524 1064 scientia,
554 984 642 1048 omni
675 983 760 1046 dono
789 982 926 1065 Spiritus
981 993 1048 1048 turn
1063 986 1097 1049 in
1114 994 1235 1051 tantum
1250 997 1298 1051 est
1317 990 1541 1070 voluntarium,
1557 992 1642 1073 quod
1658 1009 1730 1073 pec·

177 1082 285 1145 Sancti
307 1090 340 1145 et
360 1081 518 1146 fructibus
540 1082 671 1166 spiritus
695 1101 733 1144 ac
757 1080 927 1145 beatitudi-
981 1092 1087 1147 catum
1109 1104 1173 1148 uon
1195 1094 1280 1150 esset
1303 1086 1365 1150 nisi
1388 1089 1601 1153 voluntarium
1623 1094 1729 1154 essetf

176 1180 292 1243 uibus:
309 1180 374 1244 imo
388 1188 498 1245 ettam
519 1180 604 1245 clare
625 1200 662 1243 ae
677 1179 926 1263 profundissime
1021 1184 1236 1249 cnrrsrurvus.
1253 1187 1340 1249 -Si
1360 1206 1414 1250 rex
1429 1198 1483 1251 aut
1503 1189 1654 1271 princeps
1670 1197 1731 1252 ter-

176 1280 277 1361 coepit
295 1279 448 1343 Deitatem
473 1300 529 1361 per
552 1279 694 1362 speciem
716 1278 926 1361 contemplari
982 1302 1077 1345 renus
1092 1283 1254 1347 conferret
1274 1284 1368 1348 militi
1387 1305 1445 1350 suo
1463 1286 1583 1351 bonum
1604 1287 1730 1351 feudale

177 1386 212 1439 ut
226 1396 314 1441 nunc
328 1378 563 1461 contemplatur
576 1378 734 1455 eamdem,
750 1396 824 1440 curu
840 1384 927 1439 tanta
981 1390 1036 1444 aut
1049 1390 1201 1464 castrum,
1218 1383 1278 1447 hoc
1299 1392 1391 1467 paeto
1410 1386 1494 1467 quod
1515 1386 1541 1449 si
1561 1388 1654 1449 miles
1676 1387 1730 1449 ille

175 1476 375 1557 jucunditate
403 1485 435 1538 et
461 1476 635 1539 eminentia
663 1476 746 1539 sicut
773 1494 793 1537 a
820 1484 927 1538 mente
981 1480 1110 1543 domino
1125 1499 1183 1544 suo
1198 1491 1398 1562 permaneret
1420 1482 1537 1565 fidelis,
1554 1493 1663 1565 gratus
1685 1494 1730 1549 at-

177 1582 284 1637 creata
308 1575 452 1657 conspici
478 1582 592 1657 potest.
610 1574 726 1655 Sicque
744 1573 927 1637 humanitas
981 1595 1043 1658 que
1066 1577 1229 1657 obediens,
1252 1579 1370 1642 bonum
1396 1580 1474 1643 illud
1499 1591 1640 1645 maneret
1665 1591 1730 1647 tam

176 1672 233 1735 illa
247 1672 311 1735 fuit
324 1672 592 1737 inaestimabiliter
610 1672 784 1755 pulchrior,
799 1672 928 1753 dignior
981 1676 1010 1738 ei
1029 1696 1125 1758 quam
1147 1677 1281 1759 posteris
1302 1678 1384 1759 ejus,
1402 1680 1427 1741 si
1448 1698 1523 1743 vero
1544 1680 1730 1745 inobediens

176 1780 273 1852 atque
287 1770 429 1834 divinior
446 1771 535 1835 omni
555 1771 702 1853 angelico
720 1770 846 1853 spiritu,
863 1790 928 1835 om·
982 1773 1074 1837 freret
1088 1782 1119 1837 et
1138 1775 1282 1839 hostibus
1301 1776 1423 1840 domini
1444 1778 1492 1840 sui
1513 1780 1728 1859 consentiens,

177 1867 211 1930 ni
233 1866 406 1930 Cherubim
427 1874 459 1931 et
479 1866 656 1949 Seraphim.
941 1872 1163 1954 Bprivaretur
1189 1874 1250 1937 hoe
1278 1874 1363 1938 dono
1391 1875 1450 1939 sibi
1475 1876 1574 1959 gratis
1601 1878 1729 1960 collato,

216 1965 433 2029 Sarracenos.
459 2002 500 2011 -
522 1964 624 2027 Nimis
648 1965 855 2029 vehementer
876 1984 929 2027 cx·
983 1979 1047 2033 tam
1069 1972 1138 2054 ipse
1157 1991 1252 2054 quam
1272 1972 1343 2053 ejus
1364 1974 1532 2055 posteritas
1550 1999 1558 2039 ι
1575 1976 1601 2038 si
1625 1976 1731 2059 itaque

176 2062 264 2125 tollis
285 2062 457 2126 Christum.
983 2070 1075 2133 miles
1096 2070 1149 2133 ille
1171 2068 1264 2133 fieret
1286 2090 1344 2134 suo
1362 2072 1491 2135 domiuo
1513 2073 1666 2155 infidelis,
1683 2095 1732 2139 re-

216 2161 483 2224 caarsmaus.-
495 2160 563 2224 Non
578 2159 761 2243 plusquam
774 2179 863 2223 sacra
876 2161 929 2223 do
982 2168 1088 2248 bellis,
1104 2168 1258 2249 ingratus,
1275 2188 1381 2233 noune
1396 2178 1459 2233 tam
1480 2170 1549 2255 ipse
1563 2192 1658 2254 quam
1674 2194 1731 2237 sua

176 2268 227 2323 cet
246 2258 421 2341 Scriptura,
438 2267 469 2322 et
489 2258 734 2322 innumerabilia
752 2266 929 2341 protestau-
983 2266 1151 2347 posteritas
1179 2266 1264 2348 juste
1292 2267 1473 2349 privaretur
1507 2270 1729 2352 hujuscemodi

175 2365 229 2419 tur
249 2356 416 2436 miracula,
432 2376 470 2419 ac
493 2355 667 2420 revelatum
689 2365 738 2419 est
758 2358 906 2439 desuper.
983 2364 1091 2428 bonor

217 2455 434 2519 Sannacauns.
449 2455 582 2531 -Quid
602 2474 734 2518 necesse
753 2454 814 2517 fuit
829 2454 929 2517 Deum
1023 2462 1236 2527 sineremus.
1252 2464 1419 2547 -Utique
1437 2489 1444 2529 :
1462 2466 1637 2549 presertim
1656 2468 1731 2550 quia

176 2552 223 2616 sic
238 2552 405 2616 bominem
421 2552 516 2615 fierit
983 2561 1044 2624 boc
1065 2560 1185 2625 bonurn
1209 2560 1271 2623 fuit
1292 2562 1321 2625 ei
1344 2563 1442 2645 gratis
1466 2564 1653 2647 exhibitum,
1672 2586 1731 2631 nec

215 2652 436 2715 Genrsrrsrvrs.
451 2687 493 2697 —
506 2650 602 2715 Nulla
615 2652 792 2715 necessitas
810 2653 848 2714 ad
868 2651 929 2715 boc
983 2659 1112 2721 aliunde
1135 2678 1173 2721 ex
1195 2658 1302 2723 debito
1324 2660 1455 2741 justitie
1478 2662 1653 2727 debebatur
1676 2684 1731 2747 po

177 2759 336 2840 compulit
351 2758 449 2821 Deum
464 2781 472 2835 3
489 2778 549 2822 uec
564 2758 626 2822 fuit
644 2760 859 2823 necessarium
874 2779 930 2822 ne-
984 2757 1077 2819 steris
1099 2757 1180 2838 ejus.

176 2856 329 2919 cessitate
361 2856 517 2935 absoluta,
549 2858 604 2921 sed
639 2857 869 2938 conditionata,
898 2866 930 2921 et
1023 2856 1240 2919 Genrsrrarvus.
1260 2892 1301 2903 -
1325 2856 1377 2920 Sic
1401 2859 1473 2921 dico
1498 2868 1529 2921 et
1552 2879 1622 2942 ego,
1645 2862 1730 2943 quod

175 2954 500 3035 congruentissimum
521 2953 583 3018 fuit
601 2955 647 3017 sic
666 2954 736 3017 fieri
756 2974 814 3038 pro
834 2974 929 3038 gene·
984 2953 1147 3036 originalis
1161 2954 1402 3037 justitia,gratia
1415 2956 1602 3038 gratificans
1617 2968 1648 3021 et
1663 2960 1733 3023 bea·

176 3052 223 3115 ris
244 3052 465 3136 redemptione
485 3054 629 3116 humani.
943 3052 1086 3115 (ltitudo
1113 3060 1240 3130 aetema,
1267 3062 1357 3116 erant
1385 3062 1417 3117 et
1444 3063 1517 3119 sunt
1545 3066 1732 3141 supernatu-

218 3153 434 3216 Sarursssrvus.
464 3188 505 3199 —
533 3153 620 3217 Unde
648 3160 680 3216 et
708 3172 765 3216 cur
793 3162 825 3216 et
851 3172 929 3236 quo
985 3152 1063 3214 ralia
1086 3152 1170 3215 dona
1194 3151 1305 3234 primis
1329 3154 1513 3234 parentibus
1537 3157 1636 3238 gratis
1658 3158 1730 3221 data

176 3250 275 3313 medo
298 3249 456 3312 salvatum
480 3259 528 3312 est
551 3269 653 3331 genus
675 3250 849 3314 humanum
872 3272 929 3335 per
983 3259 1038 3312 aut
1059 3249 1226 3332 promissa,
1244 3269 1303 3314 uec
1324 3251 1454 3315 aliunde
1475 3253 1672 3318 debebantur
1692 3275 1731 3318 ex

175 3350 364 3413 Christuml
984 3347 1093 3412 debito
1115 3347 1246 3430 justitiae
1269 3347 1346 3431 ipsis
1367 3358 1422 3412 aut
1447 3352 1622 3432 posteritati
1647 3353 1732 3435 ipso-

113 3489 119 3497 ·
217 3447 501 3510 evermarus-
524 3447 621 3511 Docet
645 3466 703 3511 nos
732 3467 822 3511 saera
846 3449 928 3511 Scri-
984 3467 1089 3510 rum:
1117 3445 1237 3509 idcirco
1268 3455 1397 3529 propter
1426 3450 1600 3531 primorum
1629 3458 1730 3514 trans-

176 3554 284 3628 ptura,
300 3547 383 3626 quod
399 3553 431 3608 et
450 3545 566 3636 partim
586 3546 619 3607 iu
634 3546 790 3611 hleorano
809 3546 926 3628 legisti,
983 3544 1180 3628 gressionem
1211 3552 1389 3627 pareutum,
1414 3546 1499 3628 justo
1525 3547 1581 3611 Dei
1608 3549 1730 3630 juditio

175 3643 446 3726 quemadmodum
470 3643 564 3724 primi
589 3643 688 3707 nostri
718 3654 865 3726 parentes
894 3645 927 3707 in
985 3642 1098 3726 privati
1123 3650 1214 3705 erant
1234 3661 1306 3705 enm
1330 3644 1439 3707 sobole
1461 3665 1517 3708 sua
1539 3647 1632 3710 donis
1654 3667 1730 3730 prae·

176 3741 329 3824 paradiso
347 3741 534 3823 transgressi
554 3751 628 3805 sunt
646 3741 700 3804 Dei
721 3751 926 3825 praeceptum,
985 3742 1087 3819 tactis,
1117 3749 1212 3821 atque
1240 3741 1450 3821 damnationi,
1479 3743 1510 3806 id
1541 3754 1589 3808 est
1622 3765 1731 3809 caren-

174 3850 274 3922 atque
288 3838 330 3902 ob
344 3840 406 3903 boc
420 3840 495 3903 inde
509 3839 617 3921 ejecti,
633 3860 708 3903 cum
722 3841 809 3904 omni
825 3850 929 3923 poste-
984 3841 1035 3902 tiae
1064 3839 1221 3930 beatifice
1249 3839 1389 3919 visionis,
1419 3842 1537 3906 addicti
1565 3852 1620 3906 aut
1645 3844 1730 3926 juste

175 3938 271 4001 ritate
301 3937 417 4020 privati
446 3938 558 4019 gratia,
586 3938 739 4002 felicitate
767 3947 800 4002 et
828 3939 929 4021 gloria
984 3937 1164 4016 addicendi,
1182 3937 1243 3999 nisi
1265 3937 1366 4020 pietas
1388 3939 1588 4003 subvenisset
1609 3942 1728 4006 diviua.

174 4038 217 4100 ad
239 4055 321 4119 quas
341 4035 462 4100 conditi
484 4045 585 4099 erant.
983 4035 1044 4099 Sed
1069 4055 1187 4118 quaero,
1203 4055 1286 4099 anne
1311 4045 1403 4118 putes
1423 4037 1510 4102 filios
1530 4040 1615 4121 juste
1638 4061 1730 4124 posse

215 4134 433 4197 Suessanum.
448 4169 490 4180 —
509 4135 651 4208 Quibusl
983 4133 1102 4218 privari
1122 4134 1217 4196 etiarn
1236 4134 1438 4198 hereditariis
1460 4136 1551 4201 bonis
1566 4157 1636 4220 quat
1652 4140 1730 4222 ipsis

214 4231 492 4295 danstanus-
514 4231 637 4296 Conditi
661 4225 752 4296 erant
775 4233 809 4296 in
832 4233 928 4316 origi·
943 4236 968 4299 b
980 4233 1053 4315 jure
1079 4232 1244 4313 debentur,
1275 4251 1332 4315 pro
1359 4253 1488 4298 suorum
1517 4255 1648 4302 excessu
1677 4259 1731 4322 pa-

169 4329 240 4392 nali
268 4329 392 4410 justitia
423 4330 463 4392 ad
496 4329 706 4394 obtinendum
739 4329 925 4394 felicitatem
982 4333 1132 4394 rentumf

169 4437 325 4491 eternam
344 4447 418 4490 cum
438 4427 563 4509 angelis
581 4427 699 4491 sanctis
721 4429 755 4491 in
776 4431 877 4507 coelis,
893 4429 925 4494 id
1022 4429 1235 4492 Ssuaacrsuus.
1261 4465 1302 4476 -
1324 4431 1415 4512 Apud
1440 4432 1582 4497 diversos
1605 4435 1730 4501 diversa

168 4535 222 4590 est
236 4526 358 4589 claram
372 4534 405 4590 et
419 4526 634 4590 immediatam
649 4547 686 4590 ac
702 4527 864 4592 fruitivam
879 4529 926 4591 vi·
982 4536 1057 4591 sunt
1083 4528 1155 4609 jura
1180 4526 1328 4610 positiva,
1353 4536 1387 4590 et
1409 4548 1466 4612 pro
1490 4532 1624 4596 erimine
1649 4535 1730 4600 lassas

169 4624 300 4687 sionem
328 4623 447 4687 divine
474 4622 622 4687 essentie
647 4625 681 4687 in
708 4644 743 4688 se
771 4625 841 4708 ipsa
868 4645 926 4709 per
981 4625 1157 4707 majestatis
1192 4625 1252 4688 tale
1285 4626 1362 4708 quid
1394 4628 1499 4709 agitur
1528 4631 1614 4712 juste
1645 4637 1729 4718 apud

170 4722 331 4805 speciem.
981 4725 1198 4806 quamplures.
1226 4724 1389 4803 Praeterea,
1415 4726 1488 4790 dato
1516 4731 1601 4810 quod
1629 4739 1731 4796 trans-

212 4821 479 4884 sineremus-
493 4820 669 4902 Datoquod
685 4820 926 4902 sicesset,quo·
981 4823 1104 4905 gressio
1132 4823 1187 4886 illa
1219 4823 1382 4905 originalis
1417 4825 1464 4888 sic
1493 4827 1668 4909 imputetur
1699 4841 1731 4895 et

169 4919 271 4982 modo
292 4925 423 5000 propter
441 4918 726 4999 transgressionem
749 4919 925 5000 primorum
981 4922 1133 5004 puniatur
1152 4920 1185 4983 in
1205 4919 1351 5002 posteris,
1368 4941 1426 4984 cur
1443 4923 1484 4987 ob
1507 4925 1568 4990 boc
1592 4930 1730 5010 oportuit

169 5024 344 5103 pareutum
372 5024 439 5080 tota
466 5035 578 5080 eorum
605 5018 773 5100 posteritas
801 5019 926 5100 privata
981 5019 1081 5081 Deum
1105 5019 1274 5098 incarnari,
1292 5027 1326 5082 ut
1347 5027 1477 5102 tangere
1498 5022 1668 5106 incepistil

168 5125 221 5182 est
237 5124 326 5178 tanto
341 5115 446 5178 bonol
461 5113 620 5197 Numquid
640 5117 834 5198 trangressio
855 5116 927 5180 illo-
1021 5117 1238 5180 cvrrsrrssus.
1255 5152 1296 5162 -
1310 5119 1581 5192 Quemadmodum
1600 5134 1730 5207 propter

169 5235 245 5279 rum
275 5214 362 5296 juste
391 5213 565 5295 imputatur
592 5214 642 5276 his
671 5215 726 5295 qui
756 5224 831 5278 tunc
860 5234 924 5279 non
981 5215 1075 5298 primi
1101 5215 1239 5297 parentis
1259 5217 1542 5298 transgressionem
1561 5222 1729 5288 damnatus

168 5320 276 5392 erant,
306 5330 367 5376 nec
398 5330 470 5375 eam
497 5320 644 5396 poterant
670 5313 834 5377 devitaret
863 5315 926 5376 but
981 5313 1044 5377 fuit
1057 5313 1112 5377 ille
1127 5333 1200 5378 cum
1216 5314 1350 5396 posteris
1366 5314 1430 5378 suis
1444 5318 1537 5380 modo
1551 5319 1616 5402 jam
1633 5329 1727 5405 tacte,
