4309 6250
542 499 663 549 comm
683 499 852 548 ramanus!
871 500 1043 560 naucum,
1063 501 1154 549 narn
1174 501 1207 550 u.
1230 521 1270 534 -
1291 505 1360 552 aar.
1383 503 1491 552 mvn
1729 486 1787 554 sil

239 675 278 732 nt
311 669 466 736 cribraret
491 671 574 735 deut
600 671 765 750 triticum3
793 689 853 756 ego
880 671 1031 736 antemd
1084 673 1216 758 Insuper
1239 676 1282 739 ait
1305 675 1358 739 hic
1385 699 1392 740 :
1415 679 1608 756 Infidetium
1633 697 1699 738 non
1722 677 1791 740 cisi

240 768 330 832 oravi
358 787 418 852 pro
444 777 486 834 le.
514 770 596 834 Hinc
623 770 765 834 Christus
792 770 902 834 docuit
929 789 989 834 nos
1043 776 1171 850 lapsum
1195 795 1233 836 oo
1252 775 1478 852 praecipitium
1501 777 1615 854 dittptt
1638 779 1736 838 Deus.
1757 774 1790 838 si

73 877 227 928 tutam.
241 886 333 932 orare
349 891 357 930 :
372 867 412 930 llt
425 887 466 930 na
484 887 543 932 nos
564 870 698 932 inducas
715 869 749 932 in
768 869 986 934 tentationem.
1044 889 1155 934 verum
1170 873 1230 936 boc
1252 880 1347 951 esset,
1363 873 1445 937 Deus
1460 893 1623 956 nunqnam
1644 893 1702 958 per
1720 893 1792 938 san·

63 943 110 982 ¹³·
240 965 375 1048 Insuper
395 965 541 1030 diabolus
555 967 715 1031 interdum
730 968 844 1031 fideles
860 967 906 1030 sic
920 976 991 1030 ten-
1044 977 1113 1032 ctos
1127 969 1298 1054 Prophetas
1313 980 1345 1035 et
1358 971 1513 1054 gloriosos
1527 973 1695 1054 Apostolos
1711 972 1793 1035 invi·

241 1071 299 1143 tat,
322 1065 409 1146 qnod
435 1066 475 1128 ad
505 1064 729 1128 infidelitatem
756 1085 794 1129 ac
822 1066 886 1129 alia
912 1067 990 1129 vitia
1045 1075 1143 1132 tasset
1170 1069 1317 1133 infideles
1345 1071 1385 1133 ad
1414 1069 1644 1152 poenitentiam.
1670 1071 1707 1134 lit
1736 1091 1792 1134 cur

242 1162 397 1244 pertrabit
410 1182 466 1227 eos
482 1187 489 1225 :
506 1164 775 1246 quemadmodum
792 1165 934 1228 Christus
954 1165 987 1226 in
1044 1165 1156 1230 blabon
1171 1167 1264 1230 toties
1279 1167 1402 1246 asserit,
1411 1167 1471 1230 sibi
1487 1187 1506 1231 a
1520 1168 1583 1232 Deo
1597 1177 1792 1252 praeceptum

72 1283 144 1326 ιιι.
174 1259 416 1342 m.1lvangelio
444 1261 500 1342 ait,
525 1262 611 1344 qnod
638 1262 768 1343 quidam
796 1263 836 1325 ad
863 1271 989 1346 tempus
1045 1271 1081 1326 ut
1102 1264 1205 1346 legem
1227 1265 1287 1328 sibi
1310 1265 1451 1346 missam,
1472 1265 1660 1330 infidelibus
1680 1267 1792 1350 pradi-

65 1349 110 1388 ’ἆ
242 1361 388 1439 credunt,
413 1361 468 1423 sed
497 1361 531 1422 in
560 1369 703 1444 tempore
729 1362 915 1426 tentationis
942 1381 990 1424 re-
1046 1369 1107 1440 cct,
1130 1371 1287 1445 quatenus
1310 1371 1538 1428 convertantur
1561 1372 1593 1427 et
1617 1365 1791 1446 salventur,

243 1459 371 1521 cedunt.
387 1459 513 1522 Scimus
528 1478 668 1542 qnoque,
683 1460 767 1541 quod
782 1461 846 1524 lieo
860 1460 990 1543 permit·
1046 1459 1072 1522 si
1089 1459 1216 1522 illorum
1239 1459 1362 1543 lapsum
1382 1480 1419 1524 ac
1440 1461 1651 1544 precipitium
1670 1464 1794 1527 dumta-

242 1563 340 1636 tente,
369 1555 430 1619 viri
459 1556 653 1621 sanctissimi
686 1557 749 1620 sint
777 1558 937 1620 interdum
971 1577 990 1620 a
1045 1565 1099 1620 xat
1113 1557 1213 1639 diligit
1227 1558 1331 1620 Deusl
1350 1560 1398 1621 An
1420 1579 1458 1623 ex
1473 1558 1605 1624 fictione
1620 1569 1651 1624 et
1673 1561 1794 1626 invidia

242 1654 440 1718 damonibus
469 1655 676 1738 corporaliter
708 1654 861 1738 flagellati
895 1665 990 1737 atque
1046 1655 1143 1718 mittit
1156 1656 1195 1719 ad
1211 1675 1265 1720 eos
1280 1657 1409 1720 nuntios
1424 1660 1520 1720 snosl
1534 1658 1688 1722 Preterea
1709 1658 1792 1724 istud

241 1752 396 1816 acerrime
411 1751 489 1817 laesi.
506 1751 679 1832 Postremo,
694 1763 814 1835 quanta
827 1753 911 1817 mala
924 1773 991 1836 poe·
1046 1753 1248 1836 experientiae
1277 1755 1496 1818 contrariatur.
1527 1756 1679 1821 Videmus
1706 1759 1793 1822 enirn

241 1851 328 1914 nalia
341 1851 472 1914 Salam
494 1851 601 1914 intulit
620 1859 730 1915 sancto
745 1851 814 1930 lob,
831 1852 865 1913 in
886 1851 990 1935 primo
1008 1851 1231 1936 Blrequentcr
1241 1853 1366 1935 aliquos
1386 1852 1535 1918 infideles
1550 1856 1589 1918 ad
1605 1855 1702 1919 lidem
1719 1875 1795 1920 con·

242 1949 382 2032 capitulo
403 1969 440 2013 ac
462 1950 604 2013 secundo
624 1949 698 2012 libri
720 1950 779 2014 lob
797 1950 989 2014 continetur.
1046 1953 1139 2032 verti,
1159 1951 1203 2014 ita
1227 1953 1311 2034 quod
1337 1953 1419 2016 Deus
1443 1954 1693 2018 misericorditer
1717 1974 1794 2038 pras·

242 2049 304 2110 Sed
329 2056 362 2111 et
381 2047 523 2130 capitulo
544 2046 698 2112 vicesimo
719 2049 824 2131 primo
843 2049 990 2113 alcorani
1045 2051 1244 2132 renitetque
1263 2049 1424 2114 illuminat
1442 2070 1508 2115 eos.
1523 2052 1601 2134 lme,
1617 2055 1793 2118 secundum

240 2146 388 2227 babetur,
403 2146 488 2228 quod
512 2146 627 2228 loseph
652 2147 793 2228 rogando
814 2146 991 2229 principem
1045 2149 1161 2213 Christi
1190 2149 1381 2228 doctrinam,
1411 2149 1565 2214 debemus
1593 2170 1651 2233 pro
1680 2151 1795 2215 inlide-

242 2243 482 2327 pincernarum,
498 2251 690 2326 suggerente
710 2243 850 2322 diabolo,
866 2244 921 2306 Dei
937 2263 993 2308 no
1046 2246 1125 2310 lium
1139 2247 1347 2310 conversione
1362 2266 1463 2311 orare.
1479 2248 1559 2312 llinc
1575 2249 1795 2313 sanctissimus

242 2361 318 2404 men
341 2343 507 2405 nominare
531 2341 650 2405 oblitus
673 2351 732 2421 est,
749 2351 844 2423 atque
868 2342 911 2406 ob
931 2343 992 2406 boc
1046 2344 1155 2408 Petrus
1179 2345 1341 2426 apostolus
1365 2370 1372 2408 ε
1395 2345 1554 2410 Pal-ienter
1575 2347 1708 2430 (inquit)
1732 2349 1797 2430 agit
1817 2371 1942 2425 iuream.

242 2441 299 2504 diu
325 2440 358 2502 in
386 2459 515 2504 carcere
543 2447 592 2504 est
618 2441 766 2504 detentus
793 2463 800 2502 :
826 2449 858 2504 et
885 2449 991 2504 tamen
1046 2443 1140 2522 Deus,
1164 2443 1276 2507 nolens
1299 2443 1438 2525 aliqu'em
1464 2444 1579 2526 perire,
1606 2447 1661 2509 scd
1685 2440 1830 2510 omnes⁰·

242 2540 358 2622 Josepb
375 2538 656 2604 [manutenentes
674 2538 924 2621 gloriosissimus
938 2541 994 2602 Pe·
1047 2543 1086 2605 ad
1102 2542 1321 2625 poenitcntiam
1344 2543 1471 2606 reverti.
1487 2545 1552 2608 lloc
1575 2544 1660 2608 idem
1681 2544 1796 2609 Paulus

125 2673 183 2704 er.
204 2673 227 2709 ι,
242 2648 311 2702 trus
338 2639 502 2721 apostolus
534 2635 649 2702 lidales
677 2639 821 2702 bortatur
851 2661 858 2698 :
889 2637 992 2702 Sobrii
1047 2648 1250 2724 protestatur,
1280 2641 1417 2705 dicendo
1448 2665 1455 2704 :
1486 2641 1569 2705 Deus
1597 2662 1709 2707 omnes
1740 2643 1797 2708 bo-
1811 2669 1941 2720 ursani.

124 2757 133 2765 ·
242 2745 344 2801 estote
362 2745 395 2799 et
415 2736 556 2819 vigilate,
571 2737 647 2819 quia
667 2736 868 2800 adversarius
888 2745 994 2800 vester
1046 2738 1150 2802 mines
1166 2739 1235 2802 vult
1255 2739 1361 2802 salvos
1382 2738 1468 2818 fieri,
1485 2748 1517 2804 et
1537 2742 1577 2804 ad
1599 2741 1795 2824 agnitionem

242 2835 390 2900 diabolus
404 2844 555 2917 tanquam
570 2835 621 2899 leo
635 2835 763 2917 rugiens
778 2835 903 2914 circuit,
912 2854 994 2917 qua
1046 2837 1189 2902 veritmis
1210 2838 1332 2901 venire.

242 2954 318 2998 rens
344 2953 442 3015 quern
468 2934 621 3013 devorct;
650 2933 703 2996 cui
732 2932 867 2998 resistite
893 2931 993 2998 lortes
1086 2936 1258 3014 Postremo,
1289 2936 1315 3000 si
1349 2955 1407 3020 per
1442 2936 1567 3019 lapsum
1600 2936 1797 3022 intelligatur

242 3033 278 3096 in
300 3032 379 3096 lide.
1006 3035 1141 3103 Gruina
1160 3035 1294 3118 peccati,
1310 3035 1461 3099 videlicet
1479 3037 1584 3119 culpa,
1605 3045 1728 3102 certum
1748 3047 1797 3103 est

1047 3136 1179 3199 verbum
1204 3136 1265 3198 boc
1291 3134 1406 3197 ialsum
1431 3153 1502 3198 esse
1528 3159 1536 3198 :
1562 3136 1713 3218 quoniam
1737 3138 1797 3202 im-

391 3236 636 3301 ARTICULUS
668 3236 843 3300 XXXVII.
1047 3234 1199 3318 possibile
1220 3242 1269 3297 est
1292 3240 1328 3295 ul
1347 3233 1475 3317 culpam
1495 3233 1605 3316 diligat
1626 3236 1719 3299 Deus.
1735 3238 1798 3301 lda-

1048 3334 1113 3396 lum
1129 3332 1247 3395 etenim
1262 3350 1375 3414 poenae,
1392 3332 1448 3395 sed
1468 3352 1531 3396 non
1547 3334 1666 3396 malurn
1681 3335 1795 3418 culpae,

1047 3432 1202 3496 rationem
1224 3430 1406 3514 appetibilis
1428 3439 1532 3513 potest
1552 3432 1681 3496 babere.

330 3528 353 3590 G
376 3526 433 3608 ait,
453 3527 539 3608 quod
563 3528 599 3586 in
617 3528 672 3587 die
682 3527 813 3604 judicii
827 3530 993 3604 generalis
1087 3530 1202 3592 lterum
1225 3528 1278 3592 bic
1300 3529 1435 3592 habetur
1451 3552 1457 3591 :
1476 3533 1604 3601 Quanto
1615 3535 1694 3608 plus
1712 3552 1798 3591 orse-

332 3628 470 3687 dabitur
490 3626 671 3703 unicuiqae
691 3626 775 3685 liber
795 3634 941 3701 apertus,
956 3628 992 3685 in
1049 3630 1133 3698 rint,
1158 3626 1282 3690 scilieet
1309 3626 1463 3707 damnali,
1489 3637 1580 3689 teoto
1603 3633 1683 3705 plus
1711 3631 1799 3707 iguis

241 3745 306 3804 quo
325 3727 416 3802 sacta
435 3744 497 3783 suc
516 3724 626 3783 omnia
648 3726 739 3800 leget.
759 3721 847 3783 lstud
869 3722 994 3785 videtur
1047 3746 1254 3803 opponemus.
1276 3724 1340 3787 Hoc
1370 3723 1487 3787 falsum
1508 3734 1566 3788 est.
1588 3726 1690 3801 Quum
1712 3726 1797 3789 enim

241 3822 399 3885 Habomet
422 3819 617 3884 intellexisse
645 3820 685 3882 de
713 3819 795 3884 libro
822 3821 991 3899 materiali,
1048 3844 1143 3907 poena
1171 3822 1288 3886 inferni
1316 3823 1358 3885 sit
1381 3823 1585 3905 sempiterna,
1612 3834 1798 3907 sequeretur

243 3921 288 3983 ita
311 3921 396 4003 quod
420 3927 496 3982 tnnc
520 3919 738 4001 unusquisque
759 3919 888 4001 pmpria
910 3918 993 3983 lacta
1047 3923 1133 4005 quod
1148 3940 1242 4005 poena
1256 3922 1477 3985 damnatorum
1497 3930 1667 4004 augeretur
1684 3932 1715 3987 et
1730 3944 1798 3987 cre-

243 4040 283 4083 ea
296 4019 378 4083 libro
393 4018 454 4081 sibi
470 4016 661 4101 porrigendo
675 4017 838 4099 sigillatim
853 4018 993 4081 lecturus
1048 4029 1151 4085 sceret
1175 4020 1207 4083 in
1230 4018 1406 4082 infinitum.
1426 4019 1535 4102 ltaque
1558 4022 1795 4102 agnoscendum

244 4116 296 4179 sit.
311 4116 400 4191 Quod
425 4117 451 4180 si
477 4134 589 4179 verum
614 4124 709 4195 esset,
729 4116 888 4197 judicium
912 4116 991 4179 illud
1047 4122 1132 4203 quod
1147 4119 1299 4197 damnati,
1315 4137 1413 4200 quum
1436 4138 1500 4183 non
1522 4118 1585 4182 siut
1606 4120 1638 4183 in
1659 4121 1722 4199 via,
1739 4122 1794 4185 sed

244 4215 338 4279 valde
366 4216 422 4277 diu
449 4215 578 4277 duraret
606 4238 614 4275 ε
643 4215 729 4296 qnod
756 4216 852 4277 etiam
881 4216 992 4279 blabon
1008 4219 1034 4283 D
1049 4220 1081 4282 in
1098 4218 1242 4295 termino,
1260 4236 1324 4280 non
1340 4217 1460 4279 suntin
1482 4224 1564 4279 statu
1583 4218 1726 4281 merendi
1741 4226 1796 4281 aut

244 4313 417 4392 concessit,
446 4312 615 4377 affirmans
642 4313 727 4395 quod
755 4333 812 4395 per
838 4314 993 4397 quinqua·
1049 4316 1232 4381 demerendi
1256 4339 1262 4378 :
1287 4316 1370 4393 ideo,
1395 4315 1542 4397 quamvis
1565 4316 1812 4379 incessabiliter·

243 4413 334 4495 ginta
356 4412 459 4476 millia
481 4412 608 4477 durabit
631 4431 799 4476 annerum.
824 4413 885 4477 Sed
913 4412 994 4476 laisa
1050 4424 1195 4498 peccent,
1222 4434 1278 4477 seu
1306 4414 1412 4496 potius
1442 4414 1539 4496 impie
1565 4423 1670 4495 agant,
1696 4415 1794 4479 licum

242 4519 319 4575 sunt
339 4510 448 4573 omnia
467 4510 538 4592 ista,
555 4510 631 4592 quia
648 4510 757 4574 divina
777 4512 993 4593 omnipotente
1049 4514 1186 4579 odiendo
1201 4533 1237 4577 ac
1252 4512 1514 4593 blasphemando,
1532 4522 1717 4577 nontamen
1733 4534 1798 4577 me-

243 4610 362 4673 virtute
384 4608 441 4672 fret
461 4608 639 4672 celerrime.
655 4610 743 4673 Unde
764 4612 849 4691 quod
865 4611 897 4673 in
913 4612 994 4673 Scri-
1051 4622 1161 4676 rentur
1175 4630 1276 4693 poenae
1297 4618 1515 4693 augmentum,
1532 4613 1798 4693 quemadmodum
1869 4652 1873 4661 ι

243 4709 349 4793 pluris
373 4708 504 4787 sanctis,
530 4715 607 4791 puta
630 4708 662 4770 in
686 4709 816 4772 Daniele
840 4712 994 4793 pmpbeta
1051 4732 1111 4775 nec
1139 4711 1225 4775 Beati
1254 4710 1287 4773 in
1315 4710 1417 4790 patria
1444 4708 1605 4773 felicitatis
1633 4719 1665 4773 et
1692 4711 1800 4793 gloriae

147 4862 154 4872 .
223 4816 278 4873 ;et
301 4806 503 4891 Apocalypsi,
527 4805 567 4869 de
592 4806 683 4870 libris
710 4816 785 4871 tunc
814 4809 994 4890 aperiendis
1051 4810 1295 4872 incrementum.
1312 4806 1380 4869 Non
1405 4826 1480 4887 ergo
1505 4807 1724 4872 damnatorum
1747 4829 1801 4872 au-

159 4908 189 4944 ”
204 4904 230 4938 ¹'
244 4908 392 4986 babetur,
417 4904 625 4988 spiritualiter
648 4904 892 4989 intelligendum
921 4928 996 4971 cen·
1051 4909 1154 4991 genda
1183 4914 1230 4969 cst
1259 4924 1352 4987 poena
1380 4928 1386 4967 :
1414 4906 1474 4967 nisi
1504 4906 1589 4987 quod
1618 4916 1688 4987 post
1716 4908 1799 4971 diem

244 5014 346 5071 satur.
361 5005 400 5069 Et
414 5006 475 5069 boc
490 5024 577 5068 nnnc
593 5004 735 5088 tetigisse
749 5006 902 5087 sulliciat,
918 5027 995 5090 qno
1050 5006 1174 5089 judicii,
1191 5004 1375 5087 corporibus
1392 5005 1456 5067 suis
1473 5006 1655 5087 resumptis,
1671 5007 1799 5089 gravius

244 5105 335 5169 niam
370 5104 404 5165 in
439 5102 585 5184 sequenti
618 5110 762 5182 tractatu,
797 5105 851 5167 ubi
885 5114 995 5169 centra
1051 5104 1237 5186 aliligentur
1264 5122 1358 5185 quam
1383 5110 1476 5180 ante,
1503 5110 1535 5164 et
1562 5103 1650 5182 item,
1676 5105 1737 5167 nisi
1765 5106 1797 5168 in

243 5205 406 5268 llabomct
439 5203 631 5265 documenta
666 5200 834 5281 scribetur,
871 5204 996 5286 plenius
1050 5212 1204 5287 quantum
1221 5202 1254 5263 in
1269 5202 1335 5264 vita
1355 5202 1414 5264 bac
1431 5211 1673 5284 promeruerunt
1688 5222 1797 5284 poenas

241 5302 444 5370 ostendetur.
1052 5322 1125 5366 suas
1153 5300 1261 5384 augeri
1288 5324 1294 5363 :
1318 5308 1352 5363 nt
1375 5300 1409 5364 bi
1432 5300 1487 5381 qui
1513 5300 1584 5362 aliis
1608 5320 1702 5365 cansa
1728 5321 1798 5385 per-

264 3371 387 3430 Contrc
405 3386 534 3427 errores
550 3367 693 3442 capituli
710 3367 857 3425 vicesimi
874 3368 970 3427 secati.
