4309 6250
456 492 516 557 468
615 509 765 557 [tumens
786 505 1013 555 lllSl‘UTATllelS
1033 506 1126 553 tttrtttt
1146 504 1354 552 cnntsttarttttt
1374 506 1411 551 ET
1432 504 1649 553 sammon.
1670 522 1712 535 ·-
1732 503 1803 551 aar.
1824 506 1846 551 Χ

458 680 658 746 dulcissimas
682 700 791 763 aquas,
813 699 907 762 poma
930 678 1128 756 multimoda,
1151 677 1241 739 vat-A
1261 696 1349 739 mum
1368 676 1487 740 bonum
1509 676 1609 758 ipsius
1632 675 1807 739 consistere
1828 675 1861 738 in
1885 675 1987 737 abstta
2103 721 2104 724 ,

458 780 522 847 rios
548 779 683 860 fructus,
705 778 946 842 decentissimas
970 796 1007 840 ae
1033 774 1206 839 mundissi-
1260 776 1365 839 ctione
1380 783 1412 837 et
1426 775 1624 857 separatione
1639 794 1658 837 a
1671 774 1767 837 rebus
1781 774 1949 837 carnalibus
1960 783 1986 835 et

458 898 527 941 mas
541 877 690 941 mulieres
705 895 862 958 omneque
874 875 992 939 bouum
1008 874 1040 936 in
1055 882 1206 937 aternum
1260 872 1520 954 corruptibilibus
1531 891 1568 935 ac
1581 873 1727 949 terrenis,
1734 881 1829 953 atque
1844 873 1876 934 in
1888 872 1987 934 unione
2103 913 2104 918 κ

458 975 677 1058 possidebunt.
693 974 836 1055 lienique
851 973 1056 1054 nonagesimo
1072 972 1206 1053 septimo
1260 972 1331 1053 ejus
1355 973 1394 1034 ad
1418 970 1649 1051 immaterialia,
1674 971 1862 1053 spiritualia,
1884 971 1988 1033 intelle

458 1073 604 1137 alcorani
629 1072 766 1154 capitulo
781 1071 883 1134 fertur
898 1095 906 1135 :
924 1070 1085 1132 'limentes
1106 1069 1205 1131 lleum
1261 1068 1390 1147 ctnalia,
1405 1069 1514 1132 divina
1534 1088 1572 1132 ac
1591 1078 1745 1152 perpetuu
1767 1069 1860 1146 bona,
1877 1086 1989 1150 praser-

459 1171 665 1254 possidebnnt
678 1170 711 1231 in
726 1169 872 1252 paradiso
886 1169 994 1231 hortos
1014 1166 1204 1248 palmarum,
1261 1168 1316 1229 tim
1333 1168 1365 1229 in
1382 1166 1522 1249 perfecta
1541 1167 1769 1248 conjunctione
1789 1186 1861 1229 cum
1881 1184 1988 1228 sumno

459 1278 491 1333 et
504 1270 625 1347 vinum,
643 1268 826 1350 puellasque
842 1266 1007 1329 consocias
1021 1273 1116 1346 atque
1131 1284 1206 1328 con·
1260 1275 1292 1328 et
1307 1264 1559 1329 incommutabili
1582 1265 1679 1343 bono,
1695 1265 1729 1326 iu
1751 1264 1844 1345 cujus
1865 1273 1987 1326 conten

459 1368 581 1431 similes
608 1366 736 1449 papillis
764 1364 984 1442 brevissimis3
1010 1371 1042 1426 et
1069 1364 1129 1426 hoe
1157 1373 1206 1426 est
1261 1362 1987 1446 plationeelaraetimmediata,amorosa,fmi·

457 1467 577 1530 donum
592 1484 629 1527 ac
645 1463 857 1527 remuneratio
875 1462 996 1544 optima
1010 1460 1077 1523 Dei.
1094 1460 1205 1524 Nonne
1260 1463 1337 1539 tiva,
1354 1471 1552 1545 perpetuast
1572 1460 1828 1539 deliciosissima,
1844 1461 1986 1523 beatitudo
2103 1451 2104 1522 ζ

457 1564 526 1627 hac
552 1572 601 1627 est
628 1561 818 1644 legislatoris
846 1560 944 1624 vestri
971 1559 1138 1623 doctrinaf
1167 1559 1206 1620 Et
1260 1561 1405 1624 consistit
1417 1560 1561 1625 omnium
1575 1559 1838 1623 intellectualium
1852 1568 1986 1621 creatura-

458 1662 534 1745 quid
556 1661 612 1723 tibi
634 1660 760 1723 videtur
780 1660 820 1722 de
841 1660 902 1721 eal
1259 1678 1341 1721 rum.
1368 1658 1483 1741 Sicqne
1507 1658 1669 1721 beatitudo
1697 1666 1745 1720 est
1772 1657 1985 1740 perfectissima
2103 1691 2104 1704 ÷

497 1760 711 1823 Sannaeunus.
740 1793 781 1804 -
808 1756 902 1819 Plane
929 1755 1073 1819 doctrina
1103 1755 1204 1839 ipsius
1259 1756 1342 1819 actio
1361 1756 1488 1838 optimae
1508 1755 1657 1837 potentias
1678 1775 1715 1818 ac
1737 1755 1861 1818 virtutis
1879 1755 1986 1836 dignis·
2103 1819 2104 1822 ,

457 1866 517 1939 est,
533 1866 566 1921 et
585 1856 677 1920 valde
699 1857 782 1920 bona
803 1861 961 1917 censetur.
1220 1854 1358 1920 Bsimae.
1387 1854 1508 1917 idcirco
1539 1854 1572 1915 in
1605 1854 1730 1917 actione
1758 1854 1985 1916 intellectuare
2103 1849 2104 1852 ’

497 1957 714 2019 cmrsmnus.
729 1990 771 2001 —
788 1952 857 2017 Non
881 1953 984 2016 solum
1009 1952 1094 2016 veris
1117 1951 1205 2015 Chri·
1259 1953 1422 2035 sapientiae
1437 1971 1512 2015 vera
1526 1952 1674 2016 consistit
1686 1952 1834 2030 felicitas,
1845 1952 1921 2014 sicut
1931 1952 1986 2014 dis
2103 1983 2104 2042 q

457 2055 580 2132 stianis,
597 2054 651 2117 sed
674 2052 860 2116 melioribus
884 2069 1010 2133 quoque
1033 2049 1205 2113 subtiliori·
1259 2050 1357 2114 seruit
1378 2050 1529 2129 Christus,
1552 2050 1685 2132 loquens
1706 2051 1747 2113 ad
1768 2050 1886 2113 Patrem
1905 2048 1986 2112 eoelc·
2103 2071 2104 2130 3

457 2154 575 2235 busque
590 2149 788 2234 philosophis
803 2150 925 2212 videtur
940 2168 1000 2212 vox
1014 2156 1046 2211 et
1060 2147 1204 2211 doctrina
1259 2158 1339 2211 stem
1357 2173 1364 2209 ι
1381 2148 1452 2211 liae
1468 2157 1516 2210 est
1531 2148 1594 2211 vitu
1612 2156 1741 2227 aterna,
1758 2157 1796 2211 ut
1812 2156 1986 2229 cognoscant
1995 2172 2086 2214 rma

456 2252 518 2315 ista
541 2269 605 2314 non
627 2248 794 2313 homiuum
820 2267 901 2327 esse,
918 2248 973 2310 sed
997 2265 1149 2329 pecorum
1173 2254 1205 2308 et
1258 2256 1289 2310 te
1304 2248 1408 2310 solum
1423 2266 1534 2310 verum
1549 2246 1849 2310 Deumdristotelcs
1861 2264 1984 2327 quoque:
1997 2240 2012 2278 ⁸·

457 2366 637 2431 porcorum,
667 2355 722 2410 aut
748 2346 912 2411 hominnm
941 2364 1071 2428 prorsus
1099 2344 1205 2407 bruta-
1258 2345 1416 2425 Felicitas,
1453 2344 1567 2425 inquit,
1594 2352 1644 2407 est
1676 2344 1797 2427 optima
1830 2342 1986 2425 speculatio
2103 2339 2104 2420 j

456 2447 536 2511 lium
554 2471 561 2509 ι
578 2447 632 2529 qni
653 2446 809 2529 optimum
831 2464 924 2507 snum
946 2452 1058 2527 putant
1080 2463 1150 2507 esse
1172 2444 1203 2505 id
1258 2441 1370 2525 optimi
1386 2440 1601 2523 speculabilis.
1617 2441 1664 2503 Ad
1678 2460 1777 2521 quam
1794 2439 1930 2504 omnium
1948 2440 1987 2500 in
2103 2431 2104 2500 l

458 2547 543 2629 quod
558 2564 631 2608 cum
646 2543 748 2608 brutis
763 2543 881 2606 habent
902 2561 1072 2606 commune
1086 2566 1094 2620 3
1108 2549 1204 2622 atque
1259 2540 1412 2603 feriorum
1446 2539 1600 2603 virtutum
1632 2539 1834 2621 operationes
1863 2538 1987 2601 finaliter
2103 2531 2104 2562 f

458 2645 493 2708 in
508 2644 557 2707 his
575 2643 697 2708 actibus
719 2661 756 2704 ac
776 2640 1038 2704 delectationibus
1059 2658 1129 2721 quta
1149 2639 1206 2701 ho-
1259 2638 1456 2718 ordinantur,
1478 2645 1573 2720 prout
1599 2638 1717 2701 docent
1744 2639 1825 2701 ratio
1850 2636 1987 2699 naturalis

459 2742 600 2806 minibus
621 2744 788 2823 (quantum
810 2740 848 2802 ad
872 2747 993 2823 partem
1014 2757 1104 2800 suam
1125 2736 1206 2799 infe-
1259 2756 1296 2799 ac
1315 2737 1423 2800 divina
1438 2736 1609 2819 Scriptura.
1625 2736 1738 2801 lfaltou
1757 2743 1861 2799 numm
1875 2743 1987 2798 secutus
2103 2781 2104 2798 .

460 2843 600 2920 riorem)
614 2839 788 2921 bestiisque
817 2856 1003 2901 communes
1031 2844 1116 2916 sunt,
1143 2836 1204 2898 hoc
1259 2843 1307 2898 est
1321 2835 1475 2916 quosdam
1489 2834 1662 2915 Epicureos
1677 2834 1919 2915 rudissimosque
1931 2831 1986 2913 pbi-
2103 2829 2104 2854 ³

459 2949 507 3003 est
536 2940 569 3001 in
596 2939 720 3002 actibus
742 2947 775 3000 et
797 2937 1013 3019 voluptatibus
1038 2943 1149 3017 gustus
1173 2942 1206 2997 et
1259 2933 1420 3014 losophos,
1436 2932 1491 3014 qni
1506 2931 1691 2995 felicitatem
1711 2933 1848 2996 hominis
1866 2931 1897 2993 in
1915 2930 1987 2993 dele

457 3047 739 3116 tactus,summum
756 3056 848 3098 suum
864 3035 1060 3099 constituunt
1074 3033 1202 3112 bonum,
1222 3032 1451 3098 Cetationibus
1478 3026 1678 3093 sensualibus
1704 3040 1817 3113 gustus
1843 3040 1873 3093 et
1898 3037 1987 3092 tactus

458 3147 534 3223 puta
554 3137 752 3201 felicitatem.
1260 3131 1514 3195 constituerunt:
1531 3149 1667 3210 quorum
1685 3131 1852 3193 stultitiam
1865 3149 1902 3192 ac
1916 3127 1988 3191 rudi·

497 3239 660 3315 Praeterea,
680 3235 768 3316 juxta
792 3234 860 3296 baec
887 3232 961 3314 quid
986 3241 1069 3295 esset
1093 3231 1206 3313 hujus·
1259 3237 1355 3292 tatem
1371 3237 1435 3291 tarn
1450 3228 1603 3291 Platonici
1618 3247 1714 3310 quam
1729 3227 1925 3311 Peripatetici
1937 3245 1988 3288 me·

456 3337 543 3400 modi
567 3333 743 3416 paradisus,
769 3331 833 3393 nisi
859 3332 989 3393 taberna
1012 3330 1203 3409 communis,
1260 3329 1319 3391 rito
1352 3327 1529 3407 irriserunt,
1558 3327 1788 3391 rationabiliter
1818 3326 1988 3409 reprobave-
2103 3382 2105 3391 ,

455 3432 634 3496 insatiabile
646 3424 1126 3512 braxatorium,perpetunmquc
1137 3445 1206 3510 pro
1261 3435 1345 3507 runt,
1366 3445 1403 3488 ac
1425 3425 1646 3508 multiplieiter
1670 3426 1889 3490 confuderunt.
1912 3423 1987 3487 absit

456 3531 630 3596 stibufnmf
645 3529 723 3609 lmo,
740 3527 766 3590 si
791 3527 1013 3609 huiuscemodi
1039 3535 1129 3589 actus
1152 3545 1205 3588 ex·
1261 3534 1296 3587 ut
1310 3524 1502 3588 nobilissimi
1516 3531 1605 3586 actus
1620 3523 1710 3604 fidei,
1727 3525 1796 3606 spei
1810 3533 1840 3587 et
1853 3522 1985 3598 canaba
2103 3588 2105 3591 ,

456 3639 640 3694 arcerentur
655 3627 873 3690 indesinenter
893 3626 927 3688 in
949 3625 1068 3708 templo
1084 3626 1202 3706 aliquo,
1261 3624 1425 3704 sapientiae
1438 3643 1476 3686 ac
1490 3622 1600 3699 latria,
1608 3623 1648 3684 ad
1661 3621 1884 3687 delectationes
1897 3639 1987 3684 carna·

455 3729 519 3792 Deo
530 3727 690 3791 adorando
702 3725 736 3787 iu
749 3725 812 3788 rita
824 3723 884 3787 hac
897 3731 1205 3802 consecrato‚nonne
1261 3723 1307 3785 les
1321 3722 1462 3784 finaliter
1474 3721 1673 3799 ordinentur,
1680 3729 1712 3783 et
1724 3731 1852 3803 propter
1861 3720 1925 3782 illas
1934 3719 1987 3780 lleo

457 3827 519 3891 tale
548 3825 702 3909 templum
729 3824 926 3905 judicaretur
954 3822 1146 3904 sacrilegum
1174 3829 1206 3884 et
1262 3819 1480 3902 principaliter
1494 3818 1703 3881 ministretur.
1716 3818 1878 3899 Praeterea,
1889 3815 1987 3898 spiritu

459 3924 640 4008 profanum,
661 3923 830 4005 potiusque
854 3921 987 4003 lupanar
1008 3939 1103 4002 quam
1127 3929 1207 3983 tem-
1261 3911 1396 4000 gustato,
1409 3915 1527 3998 desipit
1540 3925 1676 3994 caro3et
1689 3925 1809 3997 quanto
1822 3915 1986 3999 quisbcntn

460 4025 570 4106 plumf
585 4021 696 4086 Nonne
715 4019 827 4083 merito
846 4018 1034 4082 maledictus
1059 4027 1207 4082 censetur
1262 4016 1435 4098 gloriosum
1449 4024 1482 4078 et
1494 4014 1653 4078 excelsum
1666 4013 1855 4096 profundius
1870 4020 1989 4077 conmm-

460 4131 492 4185 et
506 4122 625 4184 lecator
645 4118 827 4195 vilissimus
845 4117 1048 4199 turpissimus
1070 4116 1209 4180 vitiosis·
1262 4114 1378 4196 platnr,
1408 4113 1571 4177 ardentius
1605 4121 1701 4192 amat,
1731 4114 1854 4177 dulcius
1886 4117 1985 4194 gustat,

462 4221 624 4300 simusque
639 4216 792 4293 ribaldus,
804 4215 860 4295 qui
874 4215 948 4277 talia
963 4214 1208 4277 meretricabilia
1223 4219 1248 4281 Ι)
1262 4221 1349 4275 tanto
1365 4212 1434 4292 plns
1450 4211 1570 4274 fastidit
1583 4211 1723 4274 carnalia
1737 4219 1770 4274 et
1783 4212 1987 4275 delectamenta

461 4318 542 4381 dixit
563 4315 848 4378 remunerationem
870 4313 925 4376 Ilei
947 4313 1100 4395 optimam
1116 4318 1207 4376 esset
1262 4320 1449 4393 aspernatur
1471 4328 1616 4372 venerea.
1633 4309 1766 4387 Idcirco,
1784 4311 1810 4372 si
1824 4309 1928 4372 ldabon
1940 4323 1988 4366 un·

461 4416 582 4496 Nempe
597 4413 784 4478 concubitus
800 4412 832 4474 in
849 4431 912 4493 quo
927 4411 973 4474 nil
989 4411 1073 4473 aliud
1095 4412 1209 4492 qnaeri-
1261 4429 1357 4491 quam
1379 4408 1493 4471 fnisset
1507 4408 1556 4470 vir
1571 4408 1745 4490 spiritualis
1767 4416 1800 4471 et
1820 4404 1987 4472 consolatio

460 4522 622 4595 tunquam
638 4512 783 4593 voluptas
799 4509 947 4588 carnalis,
964 4528 1028 4573 non
1042 4509 1146 4592 proles
1167 4510 1207 4572 ad
1262 4528 1319 4571 nes
1333 4507 1457 4570 divinas
1471 4515 1629 4590 expertus,
1637 4527 1800 4591 nunquam
1815 4505 1987 4590 usqueadeo

461 4612 516 4675 Dei
542 4611 730 4692 obsequium
755 4609 929 4686 educanda,
956 4607 1155 4670 adulterinus
1176 4617 1209 4671 et
1262 4606 1522 4688 insipientissime
1543 4615 1628 4668 esset
1647 4606 1785 4670 locutus.

459 4708 702 4774 meretricabilis
725 4715 809 4771 reete
831 4714 973 4770 vocatur.
1301 4707 1436 4768 atvero
1458 4703 1599 4766 Christus
1620 4705 1803 4786 paradisum
1822 4703 1911 4768 uobis
1928 4717 1988 4783 pro

499 4809 661 4886 Praeterea,
690 4825 755 4869 non
790 4805 894 4868 solum
930 4803 1082 4868 Dominus
1117 4804 1207 4866 lesus
1262 4803 1351 4866 misit
1364 4803 1525 4866 coelestem
1541 4802 1703 4865 societatis
1723 4803 1885 4884 angelica,
1900 4797 1989 4862 fruiti·

458 4909 612 4984 Christus,
629 4904 758 4987 gloriosi
779 4922 905 4985 quoque
920 4902 1062 4985 Apostoli
1084 4912 1116 4966 et
1137 4921 1208 4965 san-
1261 4903 1333 4965 onis
1347 4900 1484 4980 deifica,
1500 4900 1631 4964 visionis
1645 4900 1814 4978 diviua,et
1827 4901 1945 4983 plenam
1957 4913 1987 4959 ar

459 5007 502 5070 cti
517 5006 689 5088 Propheta,
707 5003 808 5066 sedet
823 5002 970 5066 meliores
991 5021 1028 5064 ac
1049 5002 1207 5064 doctiores
1260 5001 1392 5064 omniuo
1407 4999 1654 5063 contentativam
1677 5001 1904 5082 possessionem
1925 4992 1987 5059 boni

459 5103 642 5188 philosophi
668 5103 761 5183 longe
787 5101 879 5163 aliter
899 5101 1086 5162 docuerunt.
1103 5100 1139 5161 lli
1163 5109 1208 5163 et·
1261 5099 1349 5161 illius
1364 5098 1448 5180 quod
1463 5117 1523 5160 nec
1537 5098 1650 5161 oculus
1665 5098 1756 5177 vidit,
1773 5117 1832 5160 nec
1846 5097 1925 5160 auris
1943 5113 1988 5156 au·
1999 5109 2075 5162 ιω·

387 5227 390 5232 ’
460 5203 681 5268 enimomnes
710 5199 908 5263 concorditer
935 5205 1150 5279 protestantur
1176 5208 1209 5261 et
1260 5197 1353 5275 divit,
1369 5215 1428 5259 nec
1445 5196 1480 5257 in
1505 5213 1560 5259 cor
1581 5195 1723 5259 hominis
1746 5195 1874 5259 viatoris
1895 5209 1988 5256 ascen

462 5301 607 5389 probant,
638 5297 866 5363 beatitudinem
895 5297 1034 5361 hominis
1063 5307 1096 5360 et
1123 5317 1207 5360 sum·
1261 5295 1309 5358 dit
1325 5319 1331 5356 :
1350 5313 1414 5358 non
1430 5295 1610 5376 paradisum
1626 5294 1722 5357 talem
1737 5295 1863 5376 qualem
1883 5293 1989 5356 caroet
2103 5280 2104 5285 ’
