4309 6250
337 521 487 569 ntatoous
502 520 732 568 praememorata
754 518 845 566 imit
866 518 1074 565 Guntst‘thrtclt
1096 518 1133 565 ΕΤ
1154 517 1370 565 sanandam.
1393 534 1433 547 -
1453 516 1525 563 aar.
1547 514 1580 561 Vl
1673 492 1733 559 459

180 690 279 755 inseri
302 692 469 755 Alcorano.
486 691 580 755 Porro
599 710 669 773 que
690 692 729 754 de
755 689 931 773 generatio-
945 689 1105 753 A.etenim
1133 688 1215 751 nibil
1243 688 1347 768 scivit,
1375 698 1406 751 et
1434 687 1460 749 si
1489 686 1645 763 scivisset,
1675 684 1735 746 im-

180 810 223 853 33
241 790 358 853 Christi
381 790 555 870 asseruisti,
573 790 648 852 satis
670 790 863 853 concordare
885 788 930 850 vi·
987 796 1187 869 properasset
1214 789 1274 851 hoc
1303 786 1382 849 liliis
1406 786 1484 865 suis,
1509 804 1570 847 nec
1594 791 1736 867 putasset

180 889 298 951 dentur
320 889 512 969 evangelico
543 888 725 965 narrationi,
749 906 811 969 qua
836 888 930 967 Virgo
987 885 1094 967 ipsum
1115 886 1230 967 loseph
1253 906 1271 949 a
1293 885 1361 948 1313
1382 904 1452 947 3333
1473 891 1660 946 comestum.

179 988 301 1050 dicitur
315 987 472 1050 Christum
491 987 647 1050 divinitus
666 986 735 1049 sine
754 986 872 1049 carnali
894 986 931 1047 li·
1027 984 1180 1047 Subditur
1206 984 1240 1046 in
1269 984 1425 1048 Alcorano
1446 1008 1454 1046 z
1475 983 1545 1065 lpse
1574 980 1737 1061 (videlicet

180 1085 293 1149 bidine
315 1085 512 1167 concepisse.
987 1082 1096 1161 Jacob)
1112 1092 1179 1145 tum
1198 1083 1364 1164 negligens
1384 1082 1495 1163 ipsius,
1511 1089 1579 1142 tum
1601 1078 1733 1155 inscius,

221 1184 568 1247 urrisanana-tarn
585 1184 641 1247 tibi
658 1184 840 1247 monstrabo
855 1202 931 1263 qua·
988 1181 1150 1243 remansit.
1178 1181 1242 1243 lloc
1272 1190 1320 1242 est
1346 1172 1495 1261 quartum
1520 1177 1732 1239 mendacium.

177 1282 255 1345 liter
270 1282 381 1345 llahon
398 1282 494 1345 etiam
510 1282 682 1364 scripturas
697 1282 811 1345 veteris
826 1282 932 1345 Testa·
986 1278 1088 1353 Ouum
1103 1279 1189 1341 enim
1210 1277 1307 1341 Jacob
1325 1286 1389 1339 tam
1412 1275 1643 1359 specialissime
1657 1274 1736 1336 dile·

177 1381 280 1443 menti
303 1400 361 1463 per
385 1381 546 1443 labulosas
569 1379 766 1443 narrationes
792 1399 933 1443 corrum-
987 1376 1067 1438 uerit
1086 1376 1191 1457 ipsum
1212 1375 1339 1459 loseph,
1356 1383 1484 1456 tamque
1504 1373 1657 1436 sollicitus
1677 1390 1735 1454 pro

177 1486 244 1560 pat,
271 1488 303 1541 et
329 1498 392 1541 non
418 1480 522 1541 minus
547 1478 741 1542 contradicat
765 1478 931 1563 scripturis
986 1472 1041 1537 illo
1065 1474 1230 1551 exstiterit,
1247 1474 1274 1535 si
1299 1473 1494 1555 percepisset
1514 1490 1588 1534 eum
1611 1490 1681 1534 esse
1702 1470 1735 1532 13

176 1577 297 1639 veteris
325 1576 516 1639 Testamenti
544 1594 639 1658 quam
668 1576 860 1657 evangelicae
889 1576 932 1639 le·
987 1573 1124 1635 cisterna
1144 1573 1324 1654 depositum
1343 1580 1438 1653 atque
1453 1572 1486 1632 in
1502 1570 1646 1651 periculo
1660 1588 1736 1632 con-

176 1648 450 1756 giszimo,qubd
477 1674 508 1736 in
534 1693 599 1737 uno
620 1674 767 1737 Alcorani
791 1675 932 1757 capitulo
987 1672 1146 1751 stitutum,
1175 1690 1377 1753 nequaquam
1410 1670 1494 1733 circa
1526 1671 1588 1733 hoc
1620 1667 1735 1730 luisset

178 1782 280 1856 ponat
305 1780 336 1835 31
360 1781 481 1835 3333131
503 1773 575 1854 plus
599 1792 695 1853 quam
720 1772 831 1854 viginti
856 1793 933 1854 qua·
988 1776 1061 1831 tuno
1091 1768 1268 1850 negligens,
1299 1767 1364 1830 imo
1391 1767 1497 1849 potius
1525 1764 1735 1849 personaliter

101 1920 104 1924 -
178 1882 254 1935 tuor
283 1872 451 1935 mendacia
484 1872 649 1953 scripturis
683 1872 798 1934 veteris
827 1867 970 1935 Testa-B
987 1876 1189 1949 properasset
1209 1868 1248 1929 ad
1269 1885 1354 1929 aum.

179 1970 284 2034 menti
306 1971 477 2033 contraria.
1027 1966 1176 2047 Sequitur
1199 1964 1232 2027 in
1257 1965 1413 2026 Alcorano
1441 1987 1448 2025 :
1475 1963 1599 2025 Fratres
1623 1980 1735 2043 crepu-

987 2064 1075 2127 sculo
1100 2064 1296 2126 lacrimando
1321 2063 1501 2142 redeuntes,
1521 2062 1692 2123 dixerunt:
1711 2060 1735 2123 0

987 2170 1086 2243 pater,
1102 2161 1218 2243 loseph
1243 2170 1357 2223 nostra
1381 2159 1457 2223 fidei
1482 2160 1644 2236 traditum,
1661 2177 1734 2221 cum

395 2288 641 2353 ARTICULUS
666 2289 722 2353 VI·
986 2278 1101 2341 pecore
1117 2266 1225 2321 nostro
1240 2258 1397 2335 relictum,
1414 2257 1508 2338 lupus
1523 2256 1657 2319 voravit.
1670 2256 1735 2318 lloo

986 2367 1035 2421 est
1058 2358 1206 2439 quintum
1231 2355 1446 2434 mendacium,
1465 2355 1538 2437 quia
1563 2355 1596 2417 in
1621 2354 1735 2417 Genesi

179 2460 288 2526 Quam
308 2458 457 2516 mendose
475 2456 595 2517 Mahon
617 2458 740 2531 referat
760 2456 933 2514 historiam
987 2455 1099 2534 133133,
1121 2456 1207 2537 quod
1233 2456 1346 2517 iratres
1369 2455 1485 2536 loseph
1511 2453 1664 2516 miserunt
1688 2460 1736 2514 tu·
1750 2480 1884 2529 (amun,

227 2549 269 2605 de
282 2546 399 2621 J⁰⁸0Pf²
415 2554 444 2604 et
458 2553 555 2621 patre.
569 2564 607 2603 ‘¹⁰
620 2546 644 2621 s
641 2546 787 2604 1111116111
802 2545 884 2620 91113-
988 2554 1092 2616 nicam
1111 2554 1182 2634 ejus
1203 2553 1358 2634 sanguine
1380 2552 1545 2615 intinctam
1565 2550 1645 2632 patri
1664 2570 1733 2631 suo,
1750 2547 1784 2594 ³¹·
1799 2545 1832 2584 ³³·

987 2654 1015 2715 ei
1042 2652 1269 2714 annuntiantes
1293 2674 1300 2713 :
1323 2651 1410 2713 11333
1436 2650 1636 2727 1313311333;
1663 2649 1736 2711 vide

221 2760 441 2823 Ganrsrrauus.
457 2794 498 2804 —
512 2758 671 2821 Vicesimo
690 2757 792 2839 primo
808 2758 933 2820 Alcona·
988 2772 1027 2815 an
1048 2751 1156 2814 tunice
1177 2751 1238 2813 lilii
1261 2750 1304 2812 tui
1328 2751 1378 2811 sit.
1396 2748 1464 2811 Non
1483 2768 1559 2830 ergo
1581 2756 1737 2811 venerunt

178 2859 213 2920 ni
229 2855 372 2937 capitulo
387 2856 505 2937 legitur
521 2880 527 2917 :
545 2856 674 2929 Quando
688 2855 804 2936 loseph
826 2856 935 2917 retulit
988 2852 1025 2913 ad
1051 2859 1172 2933 patrem
1199 2869 1303 2926 suum,
1328 2849 1471 2911 dicentes
1489 2848 1618 2929 :Lupus
1642 2848 1738 2909 dero·

178 2954 264 3039 patri
294 2972 352 3017 suo
381 2954 498 3016 vidisse
527 2974 560 3015 se
589 2953 738 3016 undecim
768 2952 875 3015 stellas
904 2962 934 3015 et
990 2949 1073 3011 ravit
1093 2948 1221 3030 loseph.

179 3054 284 3117 solem
306 3061 338 3115 et
360 3052 469 3114 lunam
491 3070 524 3113 se
544 3051 596 3113 illi
622 3051 839 3129 humiliantes,
856 3049 970 3113 dixitC
1030 3047 1156 3109 Falsum
1185 3054 1233 3107 est
1261 3064 1387 3127 quoque
1414 3045 1498 3126 quod
1524 3044 1556 3105 in
1582 3043 1737 3107 Alcorano

181 3161 275 3234 pater
299 3151 400 3233 ipsius
418 3174 424 3210 :
442 3150 465 3211 0
480 3149 542 3226 1111,
559 3151 719 3213 3311131331
746 3149 804 3212 boc
830 3149 936 3212 fratri·
990 3147 1116 3210 additur
1137 3167 1144 3206 :
1166 3143 1347 3206 Attulerunt
1372 3152 1493 3205 vestem
1516 3143 1631 3223 loseph
1657 3142 1738 3206 laiso

181 3250 245 3312 bus
262 3248 325 3310 tuis
340 3267 403 3310 non
419 3247 552 3323 1313133,
570 3267 610 3311 33
629 3247 685 3309 tibi
707 3266 764 3328 per
783 3247 935 3310 invidiam
990 3251 1198 3322 cruentatam,
1222 3242 1365 3304 dicentes
1383 3265 1390 3304 ε
1407 3241 1499 3319 Ε333,
1523 3249 1623 3323 pater,
1646 3259 1738 3321 argu-

182 3347 263 3409 mali
288 3345 407 3426 aliquid
436 3346 669 3408 machinentur.
691 3345 776 3408 lstud
802 3353 846 3407 est
874 3347 937 3426 pri·
990 3350 1133 3410 mentum
1157 3341 1250 3403 caedis
1279 3359 1384 3403 verax.
1410 3339 1561 3419 0313131
1589 3347 1672 3420 patet
1700 3358 1739 3400 31

183 3465 275 3508 31331
297 3444 437 3527 praetacti
461 3444 590 3526 capituli
608 3443 937 3506 333133133111333-
991 3439 1096 3503 verbis
1117 3439 1248 3502 Genesis
1268 3438 1333 3519 jam
1356 3437 1513 3518 allegatis)
1530 3437 1740 3518 loquebantur

183 3545 230 3606 sis
259 3561 398 3623 namque
427 3541 588 3604 tricesimo
617 3541 752 3623 septimo
781 3542 935 3622 scripturn
992 3538 1071 3619 patri
1089 3556 1147 3600 333
1167 3557 1224 3620 per
1242 3537 1404 3616 nuntium,
1420 3537 1511 3617 quasi
1532 3535 1670 3617 ambigui
1697 3555 1737 3598 an

59 3649 245 3722 3313331331,
261 3641 347 3722 quod
369 3640 483 3722 Joscph
507 3639 667 3701 somnium
689 3639 773 3701 istud
796 3641 936 3702 narravit
991 3637 1100 3699 tunica
1121 3636 1178 3698 illa
1199 3643 1283 3698 esset
1303 3635 1405 3717 ipsius
1426 3635 1553 3715 loseph.

78 3759 82 3768 ·
182 3739 340 3802 iratribus
364 3737 492 3801 scissi
516 3745 620 3800 autem
647 3737 749 3819 primo
775 3738 936 3800 recitasset
1031 3735 1180 3816 Sequitur
1207 3758 1213 3796 :
1240 3734 1412 3814 Respondit
1440 3741 1529 3814 pater
1555 3735 1648 3796 :Vos
1677 3734 1737 3795 hoc

182 3837 267 3920 patri
294 3857 364 3914 suc,
380 3845 410 3900 et
434 3835 489 3898 ille
509 3835 538 3898 ei
560 3835 775 3917 prohibuisset
796 3856 835 3898 33
858 3836 934 3898 illud
990 3834 1110 3896 lactum
1136 3833 1168 3895 in
1193 3833 1287 3895 corde
1312 3841 1417 3894 vestro
1443 3832 1586 3895 voluistis
1607 3832 1651 3910 (id
1677 3841 1735 3909 est,

180 3938 252 4000 suis
277 3935 427 3998 iratribus
451 3943 622 4013 enarraret,
639 3933 800 3996 obedisset
820 3933 851 3995 in
875 3935 935 3998 hoc
990 3934 1029 3994 de
1049 3940 1153 3994 vestra
1173 3931 1334 3994 voluntate
1353 3939 1407 3992 aut
1428 3949 1586 3993 consensu
1608 3931 1738 3993 devora-

181 4035 268 4118 patri
291 4052 361 4110 suo,
385 4033 459 4114 quia
481 4032 601 4094 exstitit
623 4033 792 4096 virtuosus.
991 4040 1040 4094 tus
1060 4039 1109 4093 est
1126 4029 1266 4110 loseph).
1283 4029 1347 4091 lloc
1362 4035 1410 4090 est
1429 4028 1629 4090 mendacium
1645 4029 1739 4110 septi-

223 4131 377 4212 Sequitur
401 4130 433 4192 in
458 4130 612 4194 Alcoranc
639 4154 645 4192 :
671 4130 794 4192 Fratres
819 4131 935 4212 loseph
993 4129 1198 4193 mumlacob
1212 4146 1349 4208 namque
1365 4127 1487 4208 putavit
1504 4126 1607 4208 ipsum
1621 4126 1737 4208 loseph

181 4241 309 4316 patrem
335 4247 427 4292 suurn
452 4227 499 4290 sic
523 4227 612 4291 allati
639 4237 713 4291 sunt
730 4253 736 4290 :
754 4229 856 4304 Quare
881 4229 973 4292 no-l)
992 4235 1168 4290 comestum
1188 4244 1207 4286 3
1225 4224 1338 4304 bestia,
1355 4224 1504 4286 1331311133
1522 4224 1591 4305 ejus
1611 4224 1738 4305 penitus

180 4332 311 4394 biscum
327 4346 392 4391 non
408 4327 506 4389 mittis
518 4326 750 4409 losephquum
767 4347 840 4390 eum
856 4347 936 4390 sum·
991 4323 1222 4406 ignorantibus.

180 4449 235 4492 me
260 4427 453 4508 diligamusl
468 4427 501 4488 13
522 4425 695 4488 3333113313
719 4425 862 4488 mittatur
880 4445 935 4488 no·
1030 4423 1181 4484 Octavum
1202 4420 1402 4482 mendacium
1423 4420 1572 4502 estquod
1593 4421 1624 4482 in
1649 4422 1739 4485 Alco-

180 4528 311 4592 biscum
341 4533 466 4606 pastum
495 4543 610 4606 pecora
640 4533 670 4586 et
699 4524 878 4604 spatiatum.
900 4524 934 4586 ln
991 4541 1068 4585 rano
1088 4521 1230 4602 sequitur
1248 4544 1255 4580 ι
1273 4519 1453 4583 Victoribus
1478 4521 1691 4600 venientibus
1709 4532 1741 4585 31

64 4649 162 4693 33111.
179 4625 300 4690 Genesi
322 4623 448 4706 legitur,
464 4623 548 4704 quod
571 4621 722 4685 iratribus
745 4622 860 4704 loseph
884 4642 936 4686 oc·
992 4641 1084 4684 suum
1101 4621 1249 4682 clientem
1264 4619 1303 4680 ad
1319 4619 1526 4681 hauriendam
1542 4639 1655 4701 aquarn
1672 4621 1740 4682 mit

179 4723 311 4805 cupatis
326 4723 359 4784 13
379 4729 471 4804 pastu
486 4739 637 4803 pecorum
657 4719 690 4782 in
710 4720 871 4798 Sichimis,
888 4720 936 4782 Ja—
991 4719 1143 4795 tentibuS,
1160 4717 1214 4778 ille
1235 4716 1355 4778 bonum
1378 4717 1525 4778 nuntium
1548 4718 1655 4780 retulit
1679 4719 1738 4797 eis,

179 4823 244 4886 cob
268 4820 354 4883 misit
373 4819 477 4902 ipsum
498 4819 612 4900 loseph
635 4819 673 4882 ad
689 4838 744 4881 eos
761 4843 768 4880 :
786 4819 857 4881 ideo
877 4819 935 4880 lal-
990 4817 1101 4879 dicens
1129 4840 1136 4878 :
1162 4817 1243 4878 Ecce
1267 4834 1347 4896 puer
1369 4814 1422 4877 hic
1448 4816 1594 4897 captivus
1618 4826 1677 4880 est.
1704 4819 1739 4880 ln

179 4941 258 4985 sum
282 4919 436 5000 estquod
461 4917 576 4980 dicitur
599 4917 632 4980 in
656 4918 823 4996 hloorano,
851 4919 934 4998 quol
990 4915 1102 4978 Genesi
1125 4933 1261 4995 namque
1282 4921 1438 4990 narratur,
1455 4915 1539 4994 quod
1563 4916 1739 4979 viatoribus
1753 4937 1886 4980 11111331.

179 5021 221 5083 ad
246 5035 359 5100 preces
381 5016 514 5078 13313313
539 5033 668 5078 3133313
697 5015 755 5077 1111
776 5034 848 5077 3313
875 5015 932 5078 eis.
989 5014 1205 5076 llladianitisa
1229 5013 1322 5093 longe
1345 5013 1560 5090 venientibus,
1577 5015 1672 5076 ludas
1694 5016 1739 5077 di-

223 5115 331 5180 Tertio
346 5113 463 5176 laisum
478 5121 526 5176 331
541 5115 624 5195 quod
644 5113 678 5175 in
693 5113 847 5176 Alcorano
863 5115 936 5176 sub
990 5113 1034 5174 xit
1058 5111 1208 5174 iratribus
1232 5111 1297 5171 suis
1320 5110 1425 5173 :Ecce
1449 5111 1615 5174 ismaelitas
1640 5122 1740 5174 trans-

178 5213 442 5298 jungitur,quod
467 5211 563 5274 Jacob
589 5211 731 5293 perc‘epit
757 5212 861 5293 ipsum
885 5213 935 5274 Jo-
989 5220 1077 5289 eunt‚
1108 5209 1226 5286 venite,
1256 5210 1465 5271 venundetur.
1498 5211 1537 5271 Et
1570 5219 1739 5292 antequam

180 5315 263 5396 seph
292 5311 326 5375 in
356 5310 492 5375 cisterna
525 5309 662 5392 positum
690 5329 771 5374 esse.
802 5311 844 5373 lle
873 5310 933 5373 hoc
990 5308 1155 5371 ismaelita
1190 5315 1344 5370 venerunt
1376 5308 1415 5370 ad
1444 5327 1509 5389 eos,
1540 5317 1741 5375 extraxerunt
