4309 6250
471 503 590 554 comm
611 505 780 554 rrarrmmr
799 505 972 562 annonari,
995 505 1085 552 maan
1105 505 1138 552 η.
1160 523 1202 536 -
1221 505 1293 554 sur.
1316 507 1368 554 ιη
1638 488 1695 554 tot

183 677 332 760 Insuper,
347 697 404 760 per
420 676 504 740 hanc
522 676 712 759 repudiandi
732 675 895 741 licentiam
910 676 936 740 A
950 677 1081 758 sanitas,
1091 677 1158 741 sive
1173 677 1363 755 fecunditas,
1375 679 1546 742 amatorius
1560 687 1609 743 est
1622 698 1699 744 con·

143 772 239 836 datur
271 781 305 836 et
339 774 491 838 uxoribus
525 773 736 855 plurimorum
770 773 897 838 occasio
951 794 1074 853 sensus,
1091 785 1124 839 et
1142 775 1389 840 concubinarius
1403 784 1459 839 aut
1477 777 1695 843 fornicarius:

143 871 309 934 vitiorum.
335 871 438 946 Quum
464 872 582 936 etenim
610 872 752 954 fragiles,
783 870 896 937 molles
949 892 1015 938 non
1035 892 1111 957 ergo
1129 883 1177 936 est
1203 875 1285 938 inter
1307 873 1387 937 tales
1411 876 1618 957 connubium,
1642 876 1697 940 sed

143 977 241 1051 atque
262 969 427 1033 instabiles
451 970 526 1048 sint,
549 969 690 1034 faciliter
711 970 897 1051 multiplici·
950 971 1103 1036 amatoria
1131 973 1304 1054 turpitudo.
1334 972 1411 1050 lmo,
1441 992 1540 1056 quum
1570 993 1639 1037 rara
1667 981 1700 1037 et

143 1077 257 1148 terque
270 1067 428 1150 contingit
441 1076 476 1130 ut
489 1076 523 1133 et
535 1069 613 1152 ipssa
627 1069 712 1133 viros
725 1068 806 1132 alios
820 1087 896 1132 con·
950 1069 1056 1133 brevis
1077 1071 1223 1134 videatur
1246 1071 1489 1152 conjugatorum
1515 1072 1697 1150 concordia,

144 1165 316 1247 cupiscant
343 1189 352 1228 ε
381 1166 491 1248 sicque
525 1167 725 1230 occasionem
753 1175 896 1247 quaerent
948 1167 1010 1230 erit
1023 1169 1107 1231 inter
1121 1187 1175 1232 eos
1190 1168 1414 1232 brevissimum
1430 1168 1613 1252 frequenter
1628 1188 1700 1233 con·

143 1263 332 1327 discedendi
351 1283 370 1326 a
391 1264 503 1346 primis
517 1264 640 1328 maritis
660 1283 700 1326 ex
721 1263 832 1328 vitiosa
851 1265 896 1327 la·
948 1265 1086 1348 jugium.

142 1362 257 1441 sciria,
273 1370 306 1425 et
319 1361 512 1426 exhibebunt
526 1382 561 1426 se
575 1361 653 1426 viris
671 1361 739 1425 suis
758 1361 895 1426 odibiles
989 1365 1160 1443 Postremo,
1188 1365 1350 1447 conjugati
1380 1366 1485 1448 potius
1508 1367 1626 1430 debent
1650 1367 1698 1429 in-

141 1480 178 1523 ac
201 1460 365 1525 molestas.
949 1463 1078 1525 tendere
1101 1463 1200 1546 prolis
1218 1462 1393 1528 bonitatem
1414 1483 1509 1546 quam
1534 1464 1697 1548 pluralita-

179 1559 306 1637 Adhuc,
323 1578 422 1641 quum
444 1559 504 1622 viri
521 1559 657 1641 juvenes
681 1557 895 1622 communiter
948 1568 1024 1638 tem,
1050 1562 1201 1642 quoniam
1227 1562 1259 1624 in
1285 1561 1509 1626 Ecclesiastico
1531 1564 1696 1628 verissime

139 1657 207 1720 sint
229 1656 355 1737 lascivi,
381 1657 409 1720 ai
435 1657 522 1720 licita
546 1665 596 1720 est
619 1657 679 1720 ista
703 1656 891 1740 repudiatio,
947 1657 1165 1740 scriptumest
1183 1683 1189 1720 :
1207 1657 1251 1721 Ne
1271 1659 1458 1740 jucunderis
1480 1659 1513 1722 in
1535 1661 1614 1724 filiis
1638 1662 1697 1724 im·
1724 1683 1795 1728 seu.

139 1756 329 1837 frequenter
356 1755 553 1819 simulabunt
585 1775 619 1819 se
654 1775 727 1819 cum
764 1755 893 1818 feminis
947 1756 1022 1838 piis,
1045 1756 1071 1818 si
1098 1756 1377 1840 multiplicentur:
1401 1756 1585 1822 meliorest
1609 1750 1841 1822 enim¹'¹·¹·³‘⁸·

139 1855 286 1938 pulchris
314 1855 552 1918 matrimonium
580 1854 664 1918 velle
691 1853 890 1932 contrahere,
910 1853 1031 1916 Bonus
1053 1854 1169 1918 timens
1194 1855 1304 1936 Deum,
1319 1874 1415 1937 quam
1441 1856 1529 1920 mille
1554 1856 1613 1920 filii
1638 1857 1696 1920 im-

139 1972 239 2035 quum
254 1961 363 2018 tamen
377 1953 425 2016 nil
443 1953 531 2016 alind
549 1953 716 2018 intendant
733 1953 797 2015 nisi
818 1970 893 2016 con·
948 1953 1014 2035 pii;
1039 1962 1072 2016 et
1096 1953 1172 2016 utile
1196 1962 1245 2018 est
1273 1955 1354 2018 mori
1384 1955 1453 2018 sine
1483 1953 1574 2034 filiis,
1598 1976 1694 2038 quem

139 2051 350 2134 cupiscentiis
364 2052 502 2135 propriis
516 2052 701 2116 satisfacere
715 2061 837 2115 certum
851 2051 892 2114 ad
947 2051 1127 2133 relinquere
1149 2050 1236 2115 filios
1260 2051 1384 2136 impios.
1402 2053 1461 2116 Sed
1488 2054 1695 2135 praehabitum

140 2160 282 2233 tempus,
312 2169 478 2232 quousque
509 2151 664 2214 satientur
692 2151 892 2233 amplexibus
947 2158 996 2212 est
1015 2157 1047 2212 et
1067 2149 1262 2232 experientia
1286 2151 1390 2230 docet,
1405 2151 1489 2232 quod
1515 2153 1555 2215 ed
1579 2171 1696 2217 conve·

140 2250 255 2312 talium
274 2246 480 2328 feminarum,
496 2257 529 2312 et
548 2259 625 2312 tunc
645 2269 699 2313 eas
720 2248 893 2313 vilificatus
946 2247 1087 2311 nientem
1121 2248 1218 2330 prolis
1246 2249 1490 2330 correptionem,
1522 2250 1695 2315 virtuosam

140 2347 309 2429 abjiciant.
335 2349 374 2410 At
396 2365 484 2426 vero,
511 2347 537 2411 si
562 2348 740 2431 repudiatio
763 2348 825 2412 ista
852 2347 894 2410 sit
946 2347 1216 2427 informationem,
1233 2347 1417 2430 diligentem
1443 2349 1629 2429 custodiam,
1648 2369 1696 2413 re-

139 2445 241 2526 licita,
258 2445 338 2527 quid
352 2446 414 2508 erit
428 2445 625 2528 conjugium,
643 2447 705 2508 nisi
725 2454 894 2529 praetenta·
946 2446 1095 2527 quiritur,
1126 2446 1315 2528 regulariter
1341 2447 1615 2530 communiterque
1649 2447 1696 2514 lo-

138 2546 183 2608 tio
205 2563 244 2608 ac
266 2545 416 2628 probatio
436 2544 651 2608 feminaruml
945 2545 1084 2626 quondo,
1092 2543 1333 2627 conjugatorum
1349 2544 1542 2610 cohabitatio
1553 2565 1697 2630 perseve-

177 2644 347 2721 Prarterea,
374 2644 540 2707 Sarraceni
561 2646 611 2724 (ot
634 2643 785 2725 legimus)
807 2663 893 2708 asse-
947 2664 1031 2708 rans.
1049 2643 1237 2726 Repudiatio
1252 2663 1328 2726 ergo
1349 2645 1388 2708 ed
1411 2644 1547 2726 libitum,
1563 2646 1696 2712 bonitati

139 2751 213 2805 nint
239 2760 356 2806 uxores
379 2761 472 2825 posse
497 2741 657 2824 repudiari
681 2765 688 2804 t
712 2742 828 2826 primo,
853 2761 892 2806 ex
946 2744 1064 2808 sobolis
1086 2745 1217 2808 omnino
1238 2753 1402 2828 repugnat.
1420 2745 1458 2808 Et
1479 2746 1627 2827 breviter,
1648 2747 1697 2810 in-

138 2841 185 2903 ira
199 2848 234 2903 et
248 2840 325 2904 odio
338 2860 377 2904 ex
390 2839 508 2921 quibus
526 2840 692 2904 timeretur
711 2839 892 2905 interfectio
946 2841 1156 2906 numerabilia
1181 2843 1264 2905 mala
1293 2843 1354 2906 tale
1383 2853 1622 2926 consequuntur
1650 2845 1697 2909 di-

138 2940 291 3022 conjugis
304 2962 314 3018 ;
329 2939 481 3017 secundo,
497 2959 537 3002 ex
556 2938 701 3004 foeditate
721 2940 889 3022 corporali,
947 2942 1097 3004 vortinm.

137 3039 222 3101 sicut
243 3045 295 3100 est
315 3037 404 3120 lepra
425 3046 457 3100 et
477 3046 713 3101 menstruorum
735 3039 933 3104 irrestrin·ll
986 3039 1077 3103 Nunc
1100 3057 1187 3120 ergo,
1208 3058 1227 3103 o
1252 3039 1428 3120 Sarraceni,
1446 3039 1506 3104 ista
1529 3042 1696 3124 dignanter

137 3136 250 3220 gibilis
286 3135 417 3215 fluxus3
452 3137 557 3217 tertio,
593 3156 632 3200 ex
668 3136 891 3216 deformitate,
948 3138 1114 3220 suscipite,
1138 3147 1170 3202 et
1194 3139 1365 3222 diligenter
1388 3142 1575 3223 perpendite
1599 3162 1694 3225 quam

138 3244 267 3318 quarto,
281 3244 412 3318 propter
424 3254 534 3299 earum
548 3235 758 3300 sterilitatem.
774 3236 892 3299 Horum
948 3237 1084 3300 infinitis
1111 3236 1371 3321 gravissimisque
1399 3238 1573 3303 sceleribus
1602 3242 1696 3325 plena

139 3334 310 3417 quodlibet
323 3331 503 3410 affirmatis,
516 3350 535 3395 o
549 3332 727 3412 Sarraceni,
736 3333 776 3397 ad
791 3334 896 3398 matri·
949 3336 990 3399 sit
1004 3336 1069 3398 vita
1084 3343 1199 3399 vestra.
1215 3334 1283 3399 lam
1304 3336 1391 3399 enim
1411 3336 1445 3399 in
1465 3338 1568 3421 primo
1587 3339 1696 3405 libello
1710 3370 1751 3411 ..u
1768 3380 1812 3411 ι...

139 3432 243 3495 monii
273 3430 513 3495 dissolutionem
542 3430 705 3510 sufficere,
734 3440 828 3514 atque
856 3452 894 3495 en
948 3432 1164 3497 insolubiliter
1177 3442 1225 3496 est
1239 3432 1418 3516 probatum,
1434 3436 1519 3515 quod
1541 3438 1698 3504 universas

141 3549 338 3614 unoquoque
362 3548 473 3593 eorum
496 3528 593 3594 licere
617 3530 685 3594 viro
708 3532 747 3595 ad
773 3529 834 3594 alia
861 3551 895 3595 se
948 3551 1019 3613 quie
1033 3532 1092 3596 sub
1108 3532 1190 3596 coelo
1205 3540 1279 3595 suut
1293 3541 1415 3613 gentes,
1433 3534 1577 3598 nationes
1592 3545 1624 3600 et
1639 3537 1698 3600 lin-

142 3638 216 3694 vota
243 3628 428 3693 transferre.
451 3628 537 3691 lstud
561 3636 610 3691 est
633 3636 744 3692 contra
766 3648 894 3693 omnem
948 3650 1029 3713 guas,
1045 3630 1085 3694 ad
1110 3631 1214 3713 legem
1238 3638 1270 3694 et
1294 3630 1333 3693 ad
1359 3630 1457 3695 fidem
1482 3633 1598 3697 Christi
1624 3644 1698 3699 sunt

141 3729 298 3811 pietatem
318 3746 356 3789 ac
374 3726 567 3809 equitatem.
584 3725 616 3789 si
635 3727 723 3789 enim
744 3734 817 3810 post
839 3728 896 3791 ali·
949 3729 1105 3811 obligatae,
1118 3728 1269 3811 qnoniam
1284 3729 1352 3813 ipse
1367 3732 1523 3794 veraciter
1537 3733 1624 3797 solus
1639 3734 1700 3797 sal-

140 3836 221 3909 quot
237 3845 344 3891 annos
366 3844 444 3889 uxor
466 3823 527 3888 fiat
549 3824 674 3907 leprosa
698 3825 767 3889 sire
790 3825 896 3890 defor-
950 3836 1039 3891 vator
1059 3836 1092 3891 et
1111 3836 1208 3911 caput
1226 3836 1274 3890 est
1292 3827 1389 3891 totius
1408 3830 1535 3910 generis
1554 3832 1696 3897 humani.

141 3926 215 4006 mia,
238 3924 345 4007 magis
369 3923 477 4006 egebit
501 3923 615 3987 solatio
640 3924 689 3986 sui
713 3924 775 3987 viri
800 3944 894 4007 quam
949 3925 1219 4000 Quemadmodum
1240 3944 1315 4008 ergo
1335 3928 1373 3989 ad
1395 3927 1497 4009 legem
1517 3928 1632 3993 Christi
1656 3940 1700 3994 te-

142 4033 227 4087 ante.
244 4023 383 4087 Omnino
397 4040 474 4104 ergo
495 4022 624 4085 cmdele
644 4023 706 4085 erit
727 4032 802 4087 tunc
824 4044 894 4088 eam
950 4023 1081 4101 nemini,
1104 4023 1147 4087 ita
1172 4031 1204 4087 et
1227 4024 1444 4089 indubitanter
1468 4028 1508 4090 ad
1532 4046 1701 4093 conserva·

141 4122 298 4203 abjicere,
314 4121 492 4204 presertim
515 4140 614 4202 quum
637 4120 667 4184 ei
691 4129 767 4185 tunc
791 4122 896 4186 ablata
950 4122 1070 4185 tionem
1100 4130 1285 4205 perpetuam
1317 4130 1491 4187 vestrarum
1514 4125 1699 4208 ohligamini

142 4222 181 4284 sit
204 4222 345 4284 aliarum
370 4239 444 4303 spes
468 4220 661 4303 nuptiarum.
682 4220 830 4284 Fatemur
852 4230 897 4284 ta-
911 4224 936 4288 D
951 4220 1137 4303 conjugum,
1154 4220 1216 4284 nisi
1238 4221 1303 4284 sint
1324 4221 1497 4287 fornicata.
1516 4223 1578 4288 Nee
1595 4233 1700 4291 tamen

141 4341 216 4384 men
233 4327 367 4403 propter
380 4318 502 4402 lepram
524 4318 712 4401 conjugatos
733 4339 827 4402 posse
849 4340 897 4385 se-
951 4329 1027 4383 tuno
1053 4318 1218 4383 vinculum
1244 4320 1403 4403 rumpitur
1428 4322 1618 4405 conjugale,
1645 4326 1701 4391 sed

141 4420 248 4503 parari
272 4426 427 4500 quantum
448 4420 490 4481 ad
510 4417 788 4483 cohabitationem.
804 4420 895 4501 ltem,
951 4418 1000 4481 vir
1018 4427 1186 4482 excusatur
1206 4438 1224 4481 a
1246 4418 1344 4481 debiti
1368 4419 1536 4501 solutione,
1553 4422 1615 4485 nisi
1638 4422 1703 4487 for·

141 4538 199 4602 per
233 4516 436 4581 Ezechielem
473 4516 660 4598 prophetam
698 4518 780 4581 Deus
814 4518 897 4582 inter
951 4537 1007 4580 san
1023 4526 1054 4579 et
1070 4517 1137 4600 ipse
1153 4516 1256 4580 simile
1272 4516 1469 4582 commiserit
1484 4520 1700 4605 crimen,quia

30 4625 278 4699 rampeccata
310 4615 500 4697 gravissima
537 4623 737 4693 annumerat,
773 4616 895 4699 justum
950 4623 1026 4678 tune
1058 4615 1230 4697 conjugem
1266 4616 1432 4699 repudiare
1461 4637 1526 4682 non
1555 4619 1630 4684 licet
1658 4622 1698 4685 ei.

141 4715 335 4780 contristare
358 4713 490 4795 injuste.
512 4712 572 4776 Sed
597 4714 629 4776 id
653 4713 838 4796 frequenter
862 4717 895 4778 in
950 4713 1030 4777 llum
1045 4732 1121 4795 ergo
1135 4732 1266 4777 uxorem
1281 4714 1464 4796 repudiatis,
1480 4725 1512 4780 et
1533 4717 1586 4780 illa
1601 4718 1700 4784 alium

141 4813 367 4896 repudiatione
390 4811 559 4893 contingit,
574 4812 651 4875 dum
677 4832 755 4876 uror
774 4814 896 4895 absque
950 4810 1066 4894 accipit
1098 4811 1213 4885 virum,
1243 4831 1363 4896 vosque
1391 4814 1487 4877 eliam
1515 4816 1698 4900 conjugem,

141 4912 276 4996 propria
296 4911 391 4993 eulpa
415 4910 564 4992 displicet
587 4919 619 4973 et
635 4911 760 4991 oditur,
785 4912 895 4993 sicque
949 4912 1043 4975 ambo
1062 4910 1253 4974 adulterium
1273 4912 1306 4973 in
1325 4912 1413 4975 omni
1432 4914 1605 4979 concubitu
1629 4935 1701 4998 per·

141 5010 308 5093 abjicitur,
325 5018 420 5092 atque
441 5009 483 5073 ob
506 5008 538 5071 id
562 5008 768 5073 vehementer
791 5011 896 5075 trista·
950 5010 1090 5092 petratis,
1108 5018 1140 5072 et
1160 5010 1281 5073 crimen
1304 5009 1495 5075 feminarum
1521 5015 1699 5096 repudiata·

141 5107 383 5191 tumdmplins,
398 5125 573 5171 consensus
594 5125 657 5189 qno
676 5127 744 5170 mas
758 5117 791 5171 et
804 5108 896 5172 femi·
949 5128 1020 5172 rum
1049 5109 1205 5171 redundat
1232 5109 1265 5171 in
1292 5128 1358 5173 vos.
1387 5110 1457 5189 Cur,
1484 5130 1602 5193 quaeso,
1628 5133 1695 5178 non

140 5226 183 5271 na
205 5205 417 5270 consentiunt
435 5213 546 5269 mutuo
567 5205 720 5287 quamdiu
739 5207 894 5271 intereos
949 5208 1158 5270 consideratis
1173 5208 1258 5289 quod
1273 5209 1322 5271 lex
1336 5209 1446 5273 Mahon
1464 5229 1697 5293 nequaquama

142 5305 275 5377 durabit
287 5323 390 5386 amor,
405 5304 586 5384 concordia,
601 5303 738 5369 decorve
751 5304 891 5389 feminas,
948 5306 1013 5371 Deo
1035 5306 1087 5385 sit,
1104 5308 1159 5371 sed
1179 5308 1306 5371 diabolo
1326 5318 1525 5391 suggerente,
1542 5317 1574 5373 et
1593 5310 1697 5377 ldnho-
