4309 6250
303 527 452 576 bumbos
472 528 702 576 ntsrurnrronts
724 529 815 576 turen
834 527 1042 576 contamino!
1063 529 1101 575 EI
1123 528 1336 577 suanlcsnlut.
1359 548 1399 561 ·-
1420 530 1490 577 aar.
1513 530 1590 577 xvru
1660 510 1722 577 hill

172 696 286 761 luisset
303 698 464 762 eliensiva
481 699 713 782 Omnipotcntis
737 719 833 783 quam
856 700 923 782 pla·
936 699 962 762 Α
977 698 1162 763 Christianis
1187 700 1376 780 celebratur,
1393 700 1539 782 offertur,
1556 710 1589 765 et
1612 701 1652 781 (si
1678 702 1726 765 di-

172 797 278 860 catira
297 797 424 881 ipsius:
442 798 530 860 velut
549 798 576 860 si
596 800 670 880 quis
689 799 863 862 interliciat
883 797 924 860 li·
977 817 1050 860 cere
1073 800 1189 877 audeo)
1219 800 1439 879 manducatur,
1466 819 1582 883 corpus
1610 799 1725 863 Christi

172 894 253 957 lium
282 896 377 978 regis,
404 916 458 959 rex
486 898 615 978 gravius
639 917 734 979 quarn
759 906 833 961 ante
860 900 923 962 erit
977 896 1103 960 Domini
1126 897 1222 961 vestri
1245 898 1372 962 realiter
1393 899 1571 963 continerit

172 994 356 1077 indignans.
1017 995 1234 1060 Cunrsrmuus.
1251 997 1373 1061 —Non
1389 997 1491 1061 solum
1512 1017 1627 1081 corpus
1643 999 1725 1080 ejus,

211 1092 427 1157 Cnnrsrmuos
444 1095 622 1159 -Occisio
640 1096 756 1158 Christi
775 1116 814 1159 ex
833 1106 926 1184 parte·
978 1094 1033 1155 sed
1057 1102 1089 1156 et
1113 1095 1243 1176 sanguis
1267 1114 1304 1159 ac
1330 1096 1447 1175 anima,
1469 1105 1616 1180 totusque
1641 1096 1728 1160 Chri-

171 1193 387 1255 occidentium
409 1191 472 1256 iuit
489 1194 711 1276 gravissimum
732 1196 847 1271 scelus,
864 1215 922 1278 pro
978 1200 1055 1269 stus,
1079 1212 1172 1255 verus
1196 1194 1278 1256 Deus
1303 1202 1334 1257 et
1359 1195 1465 1274 homo,
1487 1196 1668 1259 continetur
1693 1195 1726 1257 in

171 1310 236 1371 quo
251 1290 398 1355 infelices
413 1292 510 1356 ludaei
531 1313 632 1376 usque
652 1293 685 1355 iu
706 1314 845 1377 presens
864 1314 922 1377 pro
977 1289 1191 1354 Sacramento.
1218 1290 1342 1355 Etenim
1374 1312 1411 1355 ex
1441 1294 1472 1355 vi
1507 1293 1727 1357 conversionis

171 1390 311 1452 maxima
338 1399 427 1473 parte
454 1400 529 1455 sunt
555 1392 711 1455 derelicti.
738 1393 855 1456 Verum
883 1412 922 1457 ex
978 1389 1161 1451 substantia
1193 1390 1285 1471 panis
1315 1390 1347 1452 in
1378 1408 1485 1453 veram
1515 1391 1630 1454 Christi
1660 1412 1727 1455 car-

172 1496 263 1571 parte
278 1489 439 1571 patientis,
455 1490 656 1571 inquantum
671 1490 922 1555 videlieetchri-
978 1506 1063 1566 nem,
1094 1488 1274 1551 continetur
1302 1488 1346 1551 ibi
1376 1508 1449 1553 caro
1479 1489 1605 1585 Christi,
1632 1498 1726 1572 atque

172 1595 252 1665 stus,
269 1587 326 1650 Dei
352 1588 549 1669 inigenitus,
565 1608 603 1651 cx
624 1589 849 1652 ardentissima
871 1610 922 1653 ca·
978 1604 1015 1647 ex
1030 1586 1166 1649 naturali
1183 1588 1426 1651 concomitantia
1440 1598 1512 1651 sunt
1527 1588 1645 1651 ibidem
1660 1608 1728 1652 san·

172 1685 278 1763 ritate,
304 1705 428 1748 summa
457 1686 650 1767 obedientia,
679 1688 920 1770 incomparabili
977 1684 1061 1766 guis,
1091 1684 1198 1747 anima
1226 1694 1257 1747 et
1285 1685 1380 1749 Verbi
1414 1687 1522 1750 aeterni
1552 1706 1688 1769 persone
1717 1712 1724 1750 ι

172 1781 329 1865 patientia
355 1792 386 1845 et
414 1783 649 1865 perfectissimo
681 1784 748 1848 zelo
778 1786 921 1866 justitia,
978 1800 1041 1844 non
1063 1782 1151 1845 enim
1170 1785 1237 1847 hec
1259 1784 1299 1847 ab
1325 1784 1463 1848 invicem
1489 1785 1615 1849 realiter
1638 1804 1728 1869 sepa-

172 1882 406 1945 amarissimam
430 1891 462 1945 et
485 1883 824 1966 ignominiosissimam
852 1905 923 1948 cru-
940 1878 1099 1945 litantur.

171 1980 220 2041 cis
235 1986 370 2041 mortem
385 1998 443 2061 pro
461 1988 569 2043 nostra
589 1981 690 2044 salute
713 1982 875 2061 sustinuit,
892 1991 924 2045 et
1018 1980 1231 2044 Suuuucnuus.
1247 2017 1288 2027 -
1306 1982 1402 2046 Totus
1421 2001 1497 2065 ergo
1516 1983 1657 2045 Christus
1680 1992 1728 2046 est

171 2096 243 2141 eam
258 2078 298 2140 ad
315 2085 455 2140 nostram
475 2078 781 2158 reconciliationem,
798 2080 924 2143 satisla-
978 2079 1012 2140 in
1026 2079 1129 2141 hostia
1144 2098 1238 2161 quam
1253 2078 1398 2159 oilertis;
1415 2082 1469 2143 sed
1487 2080 1645 2162 quantitas
1660 2101 1728 2145 cor·

172 2176 313 2238 ctionem
328 2183 361 2237 et
374 2175 601 2239 beatitudinem
616 2177 842 2256 ordinavit,sic
857 2198 924 2260 pas
978 2176 1065 2259 poris
1080 2176 1192 2239 Christi
1209 2196 1273 2241 non
1292 2186 1341 2240 est
1359 2188 1501 2261 separata
1517 2178 1557 2242 ab
1571 2198 1609 2243 eo
1627 2204 1633 2242 :
1651 2199 1727 2262 ergo

172 2274 234 2351 sio,
255 2292 341 2337 mors
364 2281 397 2336 et
418 2274 538 2337 occisio
563 2274 679 2337 Christi
704 2276 842 2359 passiva,
866 2276 926 2339 luit
978 2281 1027 2336 est
1053 2274 1098 2336 ibi
1124 2292 1197 2336 cum
1221 2283 1284 2339 tota
1309 2295 1366 2339 sua
1390 2277 1576 2359 quantitate,
1602 2278 1668 2340 imo
1696 2286 1728 2341 et

173 2382 204 2435 et
217 2381 269 2436 est
282 2372 414 2435 humani
433 2373 561 2455 generis
580 2374 769 2457 redemptio,
786 2375 872 2439 salus
894 2382 926 2438 et
979 2373 1093 2435 ceteris
1122 2373 1340 2437 accidentibus
1370 2374 1434 2437 suis
1461 2374 1587 2439 realiter
1609 2384 1640 2438 et
1665 2375 1728 2439 lor-

172 2471 251 2534 vita.
979 2470 1104 2533 maliter
1126 2470 1353 2535 inherentibus
1376 2472 1418 2535 ei.

213 2570 429 2633 Sarracenos.
445 2570 587 2633 —Unde
611 2590 668 2633 seu
689 2590 707 2633 a
730 2590 793 2653 qua
819 2592 852 2635 re
877 2590 925 2635 re·
1018 2568 1235 2632 Cunrsrruuus.
1261 2606 1302 2616 -
1325 2570 1405 2633 l'ere
1433 2571 1480 2633 sic
1505 2580 1563 2650 est,
1589 2571 1635 2634 sic
1661 2592 1728 2635 cre-

171 2667 274 2730 demit
295 2666 437 2730 Christus
459 2686 560 2749 genus
582 2668 783 2731 humanuml
978 2667 1096 2743 dimus,
1113 2666 1306 2731 confitemur
1326 2676 1357 2731 et
1372 2669 1602 2751 predicamus3
1620 2677 1652 2733 et
1671 2670 1727 2733 tibi

211 2766 430 2828 Cunrsrmrrns.
447 2766 526 2827 -A
544 2766 622 2848 jugo
644 2774 675 2829 et
689 2774 845 2848 potestate
858 2768 926 2831 dia·
978 2763 1044 2844 jam
1060 2766 1154 2846 plane
1170 2774 1337 2848 protestor,
1349 2767 1433 2847 quod
1449 2774 1566 2845 tantus,
1583 2776 1645 2830 tam
1662 2757 1738 2850 glo*

172 2864 287 2942 boli,a
308 2871 396 2926 reatu
416 2864 582 2945 originalis
602 2865 772 2945 peccati,a
796 2867 925 2929 damna·
980 2862 1083 2926 riosus
1102 2870 1135 2925 et
1153 2862 1339 2945 splendidus
1363 2874 1412 2927 est
1431 2864 1463 2926 in
1488 2866 1591 2929 hostia
1616 2887 1728 2930 conse-

171 2962 261 3025 tione
289 2960 418 3039 inferni,
448 2982 466 3023 a
499 2962 652 3025 servitute
683 2963 861 3045 iniquitatis
894 2973 927 3027 et
979 2968 1077 3039 crata,
1089 2968 1226 3040 quantus
1241 2968 1273 3022 et
1287 2978 1382 3042 quam
1397 2961 1555 3043 gloriosus
1570 2983 1606 3027 ac
1623 2965 1729 3046 splen-

172 3059 401 3142 corruptionis.
789 3082 794 3092 ¹
941 3057 1072 3126 Cdidus
1097 3057 1128 3120 in
1151 3058 1272 3121 coelesti
1297 3059 1415 3122 residet
1436 3062 1549 3144 patria.

214 3161 429 3224 Sarracenos.
445 3195 486 3206 -
506 3159 575 3224 Non
596 3161 712 3223 mirum
734 3161 760 3223 si
781 3161 925 3244 fatigeris
1020 3157 1377 3222 Sarracenos—Nunc
1393 3160 1507 3222 dedisti
1524 3161 1601 3224 mihi
1618 3181 1726 3224 ensem

171 3258 205 3320 in
227 3257 459 3339 respondendo,
476 3277 575 3339 quum
597 3267 628 3320 et
650 3278 709 3340 ego
727 3259 794 3339 jam
814 3259 926 3341 latiga-
980 3254 1013 3316 in
1043 3275 1139 3318 manu
1168 3257 1206 3318 ad
1236 3257 1484 3320 confodiendum
1507 3266 1539 3320 et
1563 3261 1727 3323 destruen-

173 3364 226 3418 tus
250 3355 311 3417 sim
336 3356 370 3418 in
394 3357 575 3438 quaerendo.
598 3357 732 3434 ldcirco,
756 3357 781 3419 si
807 3357 922 3439 placet,
980 3355 1056 3417 dum
1081 3372 1151 3434 quea
1176 3355 1290 3418 credis.
1308 3355 1482 3419 Occurrunt
1503 3358 1622 3420 etenim
1646 3359 1725 3422 mihi

172 3453 342 3536 paululum
371 3453 574 3536 respiremus
603 3463 762 3537 quatenus
795 3455 923 3518 interim
980 3451 1109 3534 copiosa
1124 3471 1160 3515 ac
1176 3451 1347 3516 fortissima
1366 3465 1552 3536 argumenta
1573 3456 1655 3520 hanc
1679 3477 1727 3520 as·

172 3551 383 3631 confortatus,
401 3550 564 3616 conleram
589 3562 693 3616 tecum
708 3554 748 3616 de
763 3553 925 3617 sacrificio
980 3551 1151 3612 sertionem
1176 3570 1305 3633 prorsus
1320 3553 1534 3617 demolientis.

173 3650 369 3732 evangelica
392 3649 483 3732 legis,
500 3650 561 3713 hoc
585 3658 634 3713 est
656 3652 696 3714 de
721 3652 925 3715 Sacramenta
1020 3649 1236 3712 Cunrsrmuus.
1253 3649 1373 3713 -Non
1397 3670 1447 3713 me
1472 3661 1568 3715 terret
1592 3654 1728 3716 exsulta-

172 3748 295 3824 altaris,
311 3747 549 3830 quodadoratis
566 3773 574 3810 ι
591 3749 751 3831 inquere
772 3758 856 3812 totus
871 3769 925 3832 pe
979 3746 1024 3809 tio
1047 3746 1108 3808 ista
1132 3745 1238 3810 Colica.
1256 3746 1319 3810 Nec
1344 3747 1430 3810 enim
1455 3749 1586 3815 fortiora
1609 3754 1727 3834 poteris

173 3867 214 3910 ne
229 3846 370 3909 mundus
384 3844 579 3910 Christianos
598 3847 722 3910 deridet
737 3857 769 3910 et
788 3849 940 3911 maxime·
979 3852 1164 3925 argumenta
1188 3846 1373 3926 producere,
1390 3866 1450 3911 nec
1475 3849 1640 3931 Averroes,
1657 3851 1729 3914 Avi-

172 3944 312 4007 delirare
335 3945 506 4023 existimat,
522 3953 631 4027 utpote
656 3945 795 4008 universi
820 3947 926 4008 Sarra·
980 3943 1293 4026 cenna,Porphyrius
1308 3945 1469 4027 ceterique
1485 3947 1665 4030 philosophi
1681 3950 1729 4011 in-

174 4043 260 4120 ceni,
276 4042 387 4121 ludaei,
404 4042 534 4120 Tartari,
551 4050 583 4105 et
606 4042 741 4106 aliarum
767 4053 924 4107 sectarum
980 4039 1149 4104 solubilius
1174 4050 1284 4104 contra
1309 4042 1408 4106 iidem
1437 4046 1519 4108 hanc
1543 4056 1726 4128 arguerunt,

174 4141 316 4204 cultores
339 4140 394 4220 qui
420 4141 515 4202 ritum
541 4143 865 4224 noruntsacrameuti
894 4150 926 4206 et
980 4158 1075 4219 quam
1092 4139 1258 4202 christiani
1273 4141 1418 4204 doctores
1437 4143 1539 4224 gratia
1554 4145 1729 4208 exercitan-

174 4238 332 4302 sacrilicii
354 4238 461 4319 hujus.
940 4235 1012 4299 lldi
1039 4236 1100 4300 sibi
1130 4236 1269 4300 invicem
1299 4240 1509 4320 argumentati
1539 4252 1726 4307 noscuntur.

215 4337 435 4400 Camsrmrrcs.
449 4335 572 4398 —Fiat
592 4345 628 4399 ut
649 4339 840 4420 concepisti.
980 4335 1071 4398 Nunc
1092 4335 1188 4416 igitur
1209 4337 1330 4417 produc
1352 4357 1438 4399 arma
1460 4347 1524 4402 tua.

1021 4435 1233 4496 Sarracenos.
1250 4469 1290 4480 -
1304 4433 1423 4516 Corpus
1443 4443 1506 4498 tam
1527 4456 1677 4520 maguum
1698 4439 1730 4502 in

981 4530 1052 4594 loco
1076 4539 1140 4593 tam
1165 4549 1263 4614 parvo
1287 4533 1443 4595 contineri
1467 4552 1531 4597 uon
1553 4537 1648 4600 valet.
1666 4537 1730 4601 Nec

352 4644 598 4710 ARTICULUS
621 4645 747 4710 xvffl,
981 4648 1080 4692 unum
1100 4637 1131 4692 et
1146 4629 1231 4692 idem
1252 4647 1368 4711 corpus
1388 4641 1492 4713 potest
1511 4634 1606 4698 simul
1627 4635 1661 4698 in
1684 4637 1732 4700 dl-

982 4728 1081 4791 versis
1102 4728 1181 4791 locis
1205 4728 1389 4792 consistere.
1406 4730 1537 4812 Rursus,
1553 4733 1637 4796 idem
1663 4755 1732 4799 cor·

172 4819 358 4899 Inquisitio
381 4827 412 4878 et
436 4819 600 4894 responsio
622 4821 663 4878 de
690 4822 852 4898 sacrificio
877 4831 927 4881 ot·
982 4845 1042 4908 pus
1056 4846 1121 4889 non
1139 4835 1244 4909 potest
1262 4828 1357 4890 simul
1370 4827 1536 4909 quiescere
1550 4839 1581 4894 et
1597 4834 1728 4898 moveri.

216 4929 280 4989 que
305 4909 472 4984 proecillw
495 4910 689 4985 eoonpeticae
713 4911 793 4984 ledii
819 4931 927 4971 &wra-
982 4923 1045 4987 Nec
1069 4933 1173 5008 potest
1196 4924 1315 5007 aliquid
1340 4928 1483 4990 converti
1510 4929 1541 4990 in
1565 4949 1631 4993 rem
1652 4951 1731 5014 praa

215 5007 336 5058 mulo·
981 5023 1196 5101 exsistentem,
1227 5043 1325 5104 quum
1360 5025 1391 5086 id
1425 5025 1457 5087 in
1491 5028 1574 5108 quod
1609 5030 1730 5111 aliquid

982 5123 1190 5199 convertitur,
1220 5141 1277 5205 per
1310 5123 1552 5188 conversionem
1585 5129 1731 5209 acquirat

217 5220 435 5282 Sunnucmns.
451 5252 492 5263 -
505 5215 616 5280 Nonne
631 5218 757 5297 asseris,
775 5220 807 5281 in
823 5239 927 5283 sacra·
981 5228 1013 5283 et
1035 5220 1169 5302 incipiat
1189 5240 1269 5283 esse.
1286 5221 1372 5284 ldem
1392 5241 1521 5303 quoque
1541 5243 1605 5287 non
1627 5235 1731 5309 potest

173 5325 287 5384 mento
317 5316 374 5380 illo
401 5315 485 5399 quod
514 5315 641 5381 assidue
674 5317 707 5379 in
736 5318 926 5382 ecclesiisa
981 5338 1057 5382 ase
1081 5319 1152 5402 ipso
1177 5320 1315 5397 distar03
1332 5339 1391 5383 nec
1416 5321 1579 5403 possibilis
1603 5333 1650 5387 est
1675 5346 1729 5410 pe-
