4309 6250
454 476 515 543 522
775 496 921 544 artsrota
941 497 984 544 Al)
1004 496 1162 543 rnmclrtts
1184 495 1381 545 cambucas
1403 512 1444 527 ··
1463 496 1533 544 aar.
1557 496 1684 545 mallus

454 678 486 733 et
516 669 603 752 regio
631 668 725 748 lucis,
751 670 785 731 in
814 678 845 733 te
868 669 938 752 ipso
963 669 1016 732 lux
1043 689 1089 749 es,
1115 668 1202 751 regio
1217 667 1243 730 A
1260 669 1399 751 fientque
1414 669 1477 733 Deo
1494 692 1501 732 ε
1518 689 1558 732 ne
1579 668 1675 731 tantis
1694 688 1731 732 ac
1753 668 1868 732 talibus
1886 667 1982 751 plagis,

454 787 582 850 quoque
610 768 703 847 lucis,
726 768 758 830 iu
786 787 849 850 qua
878 768 923 830 tui
947 768 1040 830 electi
1066 767 1203 831 dulciter
1258 766 1396 849 flagellis
1416 787 1453 830 ac
1477 766 1620 831 cladibus
1646 767 1825 845 visitentur,
1850 768 1927 848 quod
1952 767 1984 829 ab

454 867 695 948 conquiescunt,
721 874 900 949 repausant,
928 874 1126 949 soporantur,
1147 867 1203 929 ob
1258 866 1386 929 exordio
1410 866 1559 929 Ecclesiae
1583 884 1682 949 usque
1707 866 1739 927 in
1764 884 1899 947 praesens
1918 886 1984 926 nun-

454 965 626 1028 dormiunt.
647 966 693 1027 Tu
716 965 804 1027 velut
827 965 1114 1047 supervastissima,
1136 964 1203 1047 pla·
1258 984 1353 1047 quam
1367 964 1586 1047 hujuscemodi
1602 964 1892 1046 contigerunt3imo
1906 965 1985 1045 potis

455 1064 587 1126 nissima
608 1083 645 1126 ao
666 1063 914 1145 impermeabilis
936 1083 1073 1141 eremus,
1091 1064 1123 1125 in
1139 1082 1201 1144 qua
1258 1063 1349 1141 sime,
1363 1083 1403 1125 ne
1417 1063 1608 1126 eternaliter
1621 1062 1984 1126 condemnentur.Brevis

455 1180 545 1223 mens
580 1179 654 1223 vere
682 1161 807 1239 devota,
838 1170 869 1224 et
897 1181 916 1223 a
943 1161 1066 1243 privato
1094 1180 1201 1223 amore
1258 1181 1394 1243 namque
1409 1170 1458 1224 est
1472 1162 1537 1225 vita
1551 1182 1701 1244 presens,
1717 1170 1750 1224 et
1770 1168 1855 1224 arcta
1873 1161 1983 1223 omnino
1994 1184 2081 1227 narra

454 1278 582 1341 prorsus
597 1266 739 1341 purgata,
756 1260 893 1340 desuper
914 1259 1069 1321 illustrata
1091 1278 1128 1322 ac
1150 1278 1203 1322 va·
1257 1261 1310 1323 via
1334 1260 1455 1323 salutis.
1481 1260 1623 1341 Denique
1649 1261 1743 1323 modo
1767 1259 1927 1321 verissime
1946 1250 2018 1319 di-¹‘·

453 1358 518 1420 lida
544 1355 753 1433 inflammata,
776 1357 989 1420 inerrabiliter
1013 1358 1131 1435 deviat,
1157 1365 1202 1419 at·
1257 1359 1338 1421 citur
1361 1358 1440 1420 illud
1464 1358 1635 1421 Psalmistaa
1662 1382 1668 1419 :
1692 1357 1758 1421 Nisi
1785 1357 1923 1421 conversi
1945 1356 1984 1419 fu-
2003 1379 2081 1426 ruta.

452 1474 515 1536 que
539 1454 775 1517 indeviabiliter
799 1464 894 1532 errat,
917 1454 1054 1517 feliciter
1077 1454 1199 1533 delicit,
1257 1456 1356 1535 eritis,
1373 1456 1515 1538 gladium
1538 1475 1630 1518 suum
1653 1457 1811 1536 (summus
1832 1444 2018 1533 indemni-¹⁸·

455 1553 741 1634 indeficienterque
761 1553 965 1616 convalescit.
982 1552 1102 1635 Nempe
1122 1554 1155 1615 in
1171 1562 1201 1617 tc
1257 1554 1382 1631 brabit;
1408 1573 1517 1617 arcum
1542 1574 1634 1617 suum
1664 1553 1800 1617 tetendit
1827 1562 1857 1616 et
1880 1553 1983 1635 pararit

453 1672 558 1735 neque
581 1651 778 1734 principium
804 1650 937 1730 invenit,
961 1671 1063 1733 neque
1087 1651 1199 1731 finem,
1256 1652 1359 1729 illum,
1385 1662 1417 1715 et
1441 1653 1473 1715 iu
1499 1671 1537 1715 eo
1562 1652 1686 1734 paravit
1711 1672 1786 1714 vasa
1812 1652 1926 1729 mortis,
1946 1670 1985 1713 sa·

454 1751 508 1812 sed
533 1749 748 1813 omnimodam
772 1749 878 1831 potius
897 1749 1201 1832 incomprebensibi—
1256 1751 1351 1833 gittas
1379 1770 1451 1813 suas
1479 1750 1664 1813 ardentibus
1697 1750 1817 1813 effecit.
1847 1750 1882 1812 Et
1913 1750 1983 1831 quod

453 1850 586 1912 litatem.
604 1849 646 1910 'le
666 1848 1021 1929 supersplendidissimo
1041 1848 1137 1912 totius
1152 1850 1238 1912 sa·B
1257 1850 1301 1912 ait
1325 1850 1357 1911 in
1382 1849 1554 1931 Evangelio
1578 1849 1744 1913 Salvator:
1761 1848 1827 1911 Nisi
1848 1848 1985 1930 poeniten·
1999 1874 2083 1920 max

453 1947 583 2030 pientiae
597 1945 685 2009 fonte
704 1954 844 2008 mentem
864 1945 1054 2023 illustrante,
1070 1955 1201 2027 repente
1257 1950 1334 2011 tiam
1359 1948 1499 2031 egeritis,
1525 1967 1636 2011 omnes
1665 1948 1760 2010 simul
1786 1947 1933 2029 peribitis.
1955 1946 1984 2007 Et
1995 1940 2010 1977 ⁵·

453 2045 571 2108 veritas
600 2043 791 2122 innotescit3
821 2051 915 2125 teque
950 2044 1094 2126 piissime
1130 2045 1202 2107 illu·
1256 2048 1361 2110 denuo
1385 2047 1469 2127 quod
1498 2045 1718 2109 sanctificatus
1747 2046 1780 2109 in
1809 2054 1895 2109 utero
1916 2045 1986 2107 lere

454 2151 584 2222 suante,
601 2162 687 2205 nunc
703 2161 799 2205 cerno
813 2143 891 2222 quid
906 2142 998 2205 nobis
1013 2142 1201 2205 miserrimis
1258 2146 1337 2208 mias
1357 2145 1501 2228 predixit
1518 2169 1525 2207 :
1542 2145 1623 2207 Ecce
1648 2144 1740 2207 turbo
1766 2143 1926 2206 dominica
1948 2144 1987 2203 in·
2003 2166 2036 2207 ra.
2048 2176 2083 2203 m

454 2249 552 2304 restet
566 2242 723 2323 agendum
741 2264 748 2301 ε
765 2241 825 2303 boc
846 2240 967 2322 utique,
984 2249 1019 2303 ut
1033 2241 1202 2321 unusquis·
1258 2243 1451 2325 dignationis
1466 2243 1656 2324 egredietur,
1673 2252 1705 2305 et
1720 2250 1886 2324 tempestas
1901 2260 1987 2303 erum·
1999 2232 2022 2274 ¹⁹·
2033 2231 2055 2269 'i

455 2360 517 2422 que
545 2339 691 2402 fidelium
720 2340 895 2402 secundum
921 2358 986 2401 sure
1009 2340 1200 2420 exigentiam
1258 2363 1337 2425 pens
1361 2360 1457 2423 super
1481 2350 1577 2424 caput
1600 2341 1771 2423 impiorum
1796 2340 1986 2418 veniet3non

455 2436 632 2501 vocationis
656 2437 713 2499 tibi
738 2438 895 2517 condigne
916 2437 1034 2499 servire
1056 2446 1199 2515 conetur,
1259 2450 1434 2503 revertetur
1449 2440 1537 2503 furor
1551 2439 1675 2503 Domini
1697 2458 1799 2519 usque
1818 2440 1891 2501 dum
1906 2436 1988 2499 faciat

454 2555 492 2598 ac
511 2535 683 2598 reformare
708 2554 742 2597 sc
767 2535 883 2616 ipsum,
900 2543 932 2597 et
950 2544 1039 2598 tuum
1061 2544 1203 2598 metuen-
1260 2548 1291 2603 et
1314 2539 1445 2621 impleat
1468 2537 1676 2619 cogitationes
1695 2537 1801 2600 cordis
1823 2537 1882 2599 sui.
1898 2536 1988 2598 Dabit·
2005 2554 2082 2597 rotun.

456 2634 624 2696 dissimum
646 2632 818 2696 formidare
838 2632 994 2715 judicium
1011 2655 1039 2696 n.
1257 2656 1320 2718 que
1339 2636 1455 2718 impios
1479 2636 1513 2697 in
1538 2635 1737 2699 vexationem
1760 2644 1792 2697 et
1811 2632 1988 2697 maledictio
2000 2621 2023 2665 ¹⁸·
2032 2619 2052 2657 ¹⁹·

1258 2754 1344 2813 nem,
1360 2742 1390 2796 et
1406 2735 1439 2795 in
1455 2742 1616 2815 stuporem
1637 2752 1675 2794 ac
1697 2731 1828 2794 sibilum
1842 2741 1873 2794 et
1890 2749 1989 2812 oppro

494 2830 674 2893 Conclusio.
703 2866 744 2875 -
772 2829 807 2891 ln
835 2829 886 2890 bis
915 2838 947 2891 ct
979 2829 1202 2893 consimilibus
1258 2830 1989 2913 briumsempiternum,eoquodnonaudierunt

453 2928 720 2992 collocutionibus
759 2927 951 2989 mentalibus
989 2948 1026 2991 ac
1067 2928 1202 2990 internis
1258 2929 1768 3012 vorbaejus,necpraeccptaojus
1785 2927 1988 3011 impleverunt

455 3028 516 3090 fuit
530 3028 638 3089 Frater
659 3026 905 3107 prenominatus
920 3027 953 3087 in
969 3035 1118 3109 praetacta
1131 3028 1202 3089 abs·
1221 3028 1243 3092 C
1297 3028 1508 3109 Postremo,in
1523 3027 1648 3091 visione
1664 3028 1796 3109 praefata
1811 3028 1889 3090 vidit
1899 3026 1990 3088 Frater

455 3128 619 3203 tructione,
647 3134 679 3190 et
706 3126 825 3188 mansit
856 3127 900 3187 sic
926 3124 1034 3188 Frater
1062 3126 1116 3188 ille
1145 3145 1202 3208 per
1259 3128 1407 3210 prefatus
1435 3127 1575 3190 futuram
1611 3127 1871 3190 reformationem
1897 3124 1989 3188 Eccle-

455 3234 556 3288 totum
571 3224 639 3287 fere
660 3224 807 3287 officium
822 3224 921 3286 llissaa
938 3247 945 3286 :
962 3223 996 3285 in
1017 3243 1081 3304 qua
1103 3224 1202 3286 multa
1258 3227 1323 3307 sia,
1347 3235 1378 3288 et
1399 3245 1525 3288 omnem
1547 3225 1743 3307 spiritualem
1767 3225 1837 3305 ejus
1858 3225 1988 3287 decorem
2102 3281 2103 3298 ,

454 3322 576 3386 audivit
591 3331 622 3385 et
638 3323 716 3385 vidit
729 3341 799 3403 quae
813 3343 873 3385 nec
887 3322 982 3384 audet
997 3342 1055 3384 nec
1076 3322 1203 3403 expedit
1258 3325 1457 3405 designatum
1481 3341 1539 3405 per
1561 3322 1809 3404 pulcherrimam
1833 3342 1870 3386 ac
1889 3321 1989 3403 pretio·

454 3423 488 3484 in
503 3423 562 3484 ista
577 3421 778 3484 conscribere
800 3420 960 3483 schedula.
976 3420 1015 3482 Et
1035 3429 1121 3483 certe
1143 3440 1200 3482 uec
1259 3422 1417 3484 sissimam
1442 3427 1564 3482 vestem
1589 3418 1745 3482 indicibili
1772 3426 1932 3482 venustate
1951 3435 1990 3477 ar-

454 3520 516 3582 ista
536 3519 606 3582 sine
627 3518 739 3600 grandi
761 3518 862 3599 tangit
882 3517 1008 3580 rubore.
1029 3518 1093 3580 Nec
1115 3517 1200 3580 enim
1259 3517 1495 3582 tificiosissimae
1513 3517 1675 3581 varietatis
1696 3517 1839 3580 colorum
1859 3526 1889 3579 et
1902 3515 1990 3597 pictu-

455 3617 638 3698 bujusmodi
654 3616 770 3678 mentis
786 3624 942 3678 secretum
964 3624 1048 3678 esset
1062 3616 1203 3697 panden-
1258 3637 1364 3680 rarum
1390 3616 1562 3698 perfusam,
1578 3616 1667 3697 juxta
1690 3613 1768 3677 illud
1793 3616 1824 3677 in
1851 3615 1988 3677 Psalmo:

454 3717 543 3793 dum,
566 3714 628 3775 nisi
659 3713 844 3794 magnitudo
870 3713 1009 3793 exigeret
1036 3733 1151 3794 causa,
1172 3723 1203 3777 et
1258 3707 1426 3797 lllyrrha'ct
1437 3723 1522 3796 gutta
1537 3722 1569 3777 et
1583 3714 1668 3776 casia
1683 3733 1701 3776 a
1716 3713 1912 3776 vestimentis
1926 3711 1988 3786 tuis,
2005 3735 2062 3776 run
2072 3729 2082 3763 r.

455 3815 575 3877 bonum
595 3811 788 3892 efflagitaret
812 3813 1086 3874 commune.Hinc
1109 3832 1202 3876 nemo
1259 3833 1277 3875 a
1309 3812 1456 3875 domibus
1489 3809 1660 3888 eburneis3
1690 3809 1813 3872 adstitit
1846 3810 1949 3891 regina
1975 3803 2024 3867 ,a

453 3913 521 3974 irasc
549 3912 657 3992 legens
682 3929 738 3972 seu
763 3911 896 3972 audiens
918 3910 1143 3992 interpretetur
1164 3912 1204 3973 si·
1258 3910 1375 3972 dextris
1390 3909 1453 3971 tuis
1469 3909 1502 3970 in
1517 3909 1633 3971 vestitu
1648 3908 1810 3985 deaurato,
1827 3906 1989 3970 circumda-

454 4011 564 4072 nistre.
595 4009 758 4089 Siquidem
786 4016 818 4070 et
845 4009 952 4070 Frater
981 4008 1039 4071 iste
1067 4010 1203 4091 propriae
1259 4007 1465 4071 tavarietate.
1482 4007 1598 4070 Verum
1613 4006 1653 4068 de
1674 4006 1734 4069 boc
1750 4005 1941 4068 tantumdem
1956 4013 1991 4064 te

454 4107 514 4170 sibi
552 4106 702 4169 conscius
740 4105 1004 4183 defectuositatis,
1041 4107 1203 4169 occultum
1260 4108 1368 4188 tigisse
1384 4106 1535 4168 sufficiat.
1548 4105 1584 4166 Et
1600 4105 1678 4166 illud
1693 4104 1830 4167 llichasae
1845 4103 1990 4186 propheta
2100 4119 2101 4130 ¹

453 4224 579 4289 quoque
600 4205 654 4267 uei
677 4223 890 4286 expavescens
908 4205 1077 4286 judicium,
1095 4205 1203 4268 mallet
1218 4211 1243 4272 D
1259 4204 1463 4269 formidolose
1484 4209 1665 4285 pedsemus,
1683 4221 1719 4265 ac
1735 4203 1775 4265 de
1790 4201 1929 4283 proximo
1942 4199 1991 4261 iru-

453 4312 608 4388 quantum
630 4303 664 4365 in
686 4303 755 4384 ipso
777 4310 835 4380 est,
859 4303 942 4382 quod
966 4302 1026 4365 ista
1047 4311 1079 4365 et
1100 4304 1204 4365 consi·
1259 4302 1380 4366 minero
1396 4302 1545 4380 sciamuS,
1562 4301 1623 4364 nisi
1644 4301 1826 4364 emendatio
1847 4301 1909 4381 jam
1924 4317 1990 4380 pra

454 4402 544 4465 milia
564 4421 621 4484 per
642 4401 721 4465 alios
740 4401 809 4483 ipso
832 4401 933 4464 multo
954 4402 1102 4465 meliores
1120 4404 1202 4465 Deus
1259 4402 1378 4484 scripta
1398 4400 1589 4464 interveniat
1605 4424 1612 4462 :
1630 4399 1710 4462 Ecce
1732 4417 1791 4480 ego
1813 4399 1916 4481 cogito
1935 4415 2044 4460 ma-mr.
2066 4413 2084 4448 ‚³-

455 4501 564 4584 gloriae
579 4500 731 4562 revelaret
747 4520 784 4562 ac
801 4499 970 4561 nuntiaret.
987 4500 1082 4563 Porro
1098 4501 1203 4582 dispo-
1259 4500 1324 4571 lum
1340 4520 1436 4582 super
1453 4499 1606 4562 familiam
1626 4499 1729 4574 istam,
1747 4497 1826 4559 dicit
1841 4495 1988 4570 Dominus,
2099 4489 2100 4504 ³

366 4629 376 4657 ι
419 4628 431 4656 r
456 4599 564 4660 sitioni
580 4598 800 4679 voluntatique
821 4599 892 4679 ejus
913 4616 1007 4661 nemo
1026 4599 1112 4661 valet
1126 4600 1203 4661 resi·
1258 4601 1376 4680 dequo
1391 4617 1454 4661 non
1477 4596 1626 4659 auferetis
1648 4595 1731 4659 colla
1751 4603 1856 4658 vestra
1872 4620 1880 4672 ;
1895 4603 1924 4656 et
1937 4611 1989 4654 non

376 4708 382 4719 ·
456 4706 549 4776 stere,
575 4696 630 4778 qui
660 4716 717 4759 sua
741 4697 840 4760 utitur
868 4705 1011 4760 creatura
1039 4697 1202 4760 liberrime
1260 4697 1461 4760 ambulabitis
1477 4694 1617 4777 superbi,
1634 4714 1671 4758 co
1692 4695 1777 4776 quod
1797 4703 1990 4776 tempuspas·

456 4796 554 4859 veluti
575 4795 799 4858 instrumento.
1260 4796 1375 4858 simum
1399 4793 1449 4858 sit.

496 4892 585 4955 Nunc
615 4893 713 4974 igitur
739 4893 846 4955 Frater
874 4894 933 4956 iste
969 4893 1135 4957 universos
1166 4914 1203 4958 ac

455 4991 600 5073 singulos
628 4993 772 5054 bortatur
798 5000 831 5054 et
856 4993 1046 5073 deprecatur
1076 4992 1201 5070 fideles,
1460 4964 1654 5020 REVELfflO
1673 4963 1805 5019 TERTM'

455 5090 621 5172 potissime
641 5089 761 5152 clerum
787 5100 819 5151 et
842 5089 1046 5171 praesidentes
1070 5109 1107 5152 ac
1127 5109 1205 5172 praa·
1299 5087 1442 5151 Praefatio
1458 5086 1661 5150 revelationis
1676 5085 1772 5167 hujus
1786 5086 1890 5150 eidem
1905 5081 1989 5148 Fratri

455 5190 546 5264 latos,
564 5196 599 5249 ut
613 5207 647 5249 se
669 5188 814 5268 protinus
836 5188 1015 5250 cumomni
1037 5188 1204 5268 diligentia
1260 5187 1353 5270 paulo
1377 5194 1449 5268 post
1474 5185 1575 5248 factae.
1591 5185 1795 5259 —Quamvis
1819 5192 1936 5248 secreta
1953 5179 1991 5242 di-

455 5294 487 5349 et
501 5293 618 5350 conatu
632 5285 802 5348 emendent
820 5293 852 5348 et
872 5285 1047 5349 reforment
1062 5286 1204 5349 reconci·
1260 5285 1336 5348 vina
1357 5284 1479 5349 soleant
1503 5283 1700 5364 frequentius
1720 5281 1820 5346 servis
1842 5283 1897 5346 Dei
1918 5297 1992 5343 rare
2097 5341 2098 5364 ,
