4309 6250
528 501 569 547 na
588 499 692 548 noros
713 499 894 549 memnona
914 499 1078 549 aaaroauu
1101 499 1133 548 ut
1154 499 1278 548 namu.
1300 519 1341 530 -
1362 501 1431 548 aar.
1454 503 1496 548 xv
1728 479 1788 544 loe

231 663 364 747 intueri,
384 675 623 752 martyrumque
648 667 913 732 innumerabilem
937 667 985 730 vi·
999 666 1025 729 Α
1038 669 1100 732 erit
1124 669 1269 734 omnium
1296 668 1491 732 inviolabilis
1516 677 1633 734 eterna
1657 686 1789 732 concor·

231 764 409 828 ctoriosum
437 766 625 845 exercitum,
655 766 876 830 confessorum
905 766 984 830 luci·
1037 767 1102 847 dia,
1115 777 1226 831 mutua
1239 767 1481 850 complacentia,
1494 769 1609 832 caritas
1624 767 1789 852 perfectis-

230 862 399 926 dissimam
428 865 565 946 turbem,
591 865 752 948 virginum
780 864 983 948 purissimam
1038 866 1130 930 sima.
1165 867 1328 949 Eruntque
1362 867 1469 930 omnia
1503 867 1599 930 corda
1633 865 1788 930 voluntati

232 960 471 1041 collectionem,
479 963 638 1045 totiusque
653 963 792 1027 coelestis
802 963 899 1026 curies
908 983 983 1047 prae
1036 964 1156 1028 divinae
1177 965 1318 1047 plenarie
1340 985 1376 1029 ac
1400 963 1643 1030 inavertibiliten
1662 963 1788 1028 confor-

230 1058 355 1121 claram
382 1059 542 1140 militiam,
568 1060 838 1142 sapientissimam
866 1080 984 1124 conne
1037 1071 1132 1142 mata,
1149 1072 1243 1146 atque
1258 1063 1290 1125 in
1314 1063 1377 1128 Deo
1398 1062 1653 1146 inseparabiliter
1671 1061 1788 1126 confir-

227 1156 373 1234 xienem,
388 1157 637 1240 pulcherrimam
659 1158 913 1222 ordinationem!
1037 1169 1133 1224 mata.

273 1254 426 1338 benique,
442 1275 541 1337 quum
566 1276 666 1320 unum
691 1257 794 1320 civem
819 1257 982 1321 ooelestem
1076 1259 1182 1322 'fante
1198 1278 1274 1342 ergo
1288 1257 1494 1322 beatitudinis
1509 1259 1720 1339 desidenic,et
1734 1278 1787 1321 su-

226 1352 267 1416 in
298 1372 356 1417 suo
382 1353 497 1418 decore
525 1363 557 1418 et
583 1355 687 1438 gloria
716 1374 860 1435 cernere,
887 1375 982 1420 omne
1035 1357 1222 1440 pergloriosi
1239 1357 1293 1420 bei
1309 1375 1427 1434 amore,
1445 1376 1531 1421 nunc
1551 1357 1690 1438 peccatis
1712 1356 1786 1420 viri-

224 1453 384 1534 gaudium
420 1453 585 1536 presentis
620 1455 693 1518 vita
732 1453 935 1518 transcendat
971 1479 979 1517 :
1035 1456 1108 1519 liter
1136 1455 1331 1534 resistamus,
1364 1473 1492 1518 carnem
1526 1474 1599 1518 cum
1632 1453 1719 1518 vitiis
1755 1459 1786 1517 et
1801 1471 1940 1523 caueam.

222 1571 328 1632 quam
342 1552 520 1632 jucundum
541 1551 612 1632 erit,
627 1562 693 1615 tem
714 1553 979 1617 innumerabilem
1035 1553 1304 1636 concupiscentiis
1326 1553 1564 1635 crucifigamus.
1582 1553 1672 1616 Absit
1692 1551 1784 1615 nobis
1799 1569 1931 1622 namu.

223 1669 443 1732 supemomm
467 1651 706 1715 multitudinem
726 1652 758 1714 in
784 1671 841 1716 suo
865 1653 980 1716 decore
1035 1652 1176 1735 gloriari,
1198 1652 1260 1714 uisi
1280 1651 1312 1715 in
1334 1671 1429 1715 cruce
1449 1651 1570 1715 bomini
1591 1651 1690 1715 nostri
1711 1651 1785 1714 lesu

222 1759 263 1812 et
281 1748 384 1831 gloria
410 1748 547 1813 feliciter
565 1750 635 1812 sinc
654 1749 722 1812 fine
743 1749 913 1832 inspicere,
934 1750 981 1813 vi·
1034 1751 1148 1814 Christi
1177 1775 1183 1814 :
1210 1770 1268 1834 per
1294 1769 1390 1832 quem
1421 1749 1512 1814 nobis
1541 1749 1715 1814 crucifixus
1744 1749 1786 1812 sit

221 1847 498 1929 dorcglorificata
516 1866 651 1930 corpora
668 1847 842 1911 electorum
860 1849 892 1911 in
912 1857 980 1912 tan-
995 1857 1018 1920 B
1035 1850 1185 1928 mundus,
1201 1859 1233 1912 et
1248 1867 1305 1912 nos
1321 1849 1450 1912 mundo.
1465 1849 1523 1912 Per
1543 1857 1663 1922 arctam
1685 1847 1781 1927 viam,
1799 1873 1931 1928 nauare,

223 1955 264 2010 to
298 1945 479 2028 splendore,
507 1955 621 2010 ornatu
653 1965 690 2009 ao
719 1954 912 2010 venustate!
943 1947 979 2010 ln
1035 1949 1067 2012 id
1096 1957 1145 2012 est
1172 1947 1424 2032 poenitentialem
1453 1947 1564 2028 vitam,
1595 1946 1783 2028 infatigabili
1801 1939 1876 1986 ¹⁸³⁴·

223 2045 349 2128 quibus
371 2045 521 2109 omnibus
547 2045 608 2108 erit
631 2047 729 2111 etiam
756 2047 901 2127 quedam
925 2047 979 2110 de-
1035 2047 1130 2112 corde
1145 2047 1312 2110 tendamus
1327 2047 1366 2111 ad
1386 2045 1522 2128 patriam
1542 2046 1729 2110 electorum.
1746 2045 1784 2108 Et

222 2145 417 2209 centissima
430 2165 467 2210 ac
481 2147 762 2211 delectabilissima
776 2147 980 2230 pulchritudo
1035 2165 1131 2228 super
1158 2145 1266 2210 omnia
1293 2153 1388 2227 atque
1416 2164 1480 2228 prm
1505 2145 1656 2208 omnibus
1683 2145 1782 2207 Deum

223 2243 375 2324 moralis,
399 2245 548 2308 videlicet
572 2245 808 2309 ordinatissima
833 2245 979 2308 omnium
1034 2243 1178 2307 filialiter
1207 2251 1397 2320 metuamus,
1428 2261 1468 2304 ne
1498 2241 1620 2305 scilicet
1648 2261 1722 2304 eum
1751 2241 1783 2303 in

221 2343 448 2406 membrorum
462 2343 814 2426 babitud0,disposilio,
825 2344 980 2407 modestia
1034 2341 1142 2422 aliquo
1156 2339 1376 2418 offendemus,
1389 2359 1526 2422 eumque
1542 2359 1619 2422 pure
1634 2358 1671 2402 ac
1687 2338 1785 2401 fervi-

222 2441 300 2505 sire
324 2440 450 2520 facetia,
469 2462 541 2524 qum
562 2452 595 2506 et
618 2442 652 2504 in
676 2442 818 2506 vultibus
842 2443 979 2506 maxime
1033 2441 1073 2504 de
1095 2439 1277 2522 diligamus,
1296 2439 1400 2522 prime
1421 2457 1458 2501 ao
1474 2437 1639 2520 potissime
1656 2444 1785 2518 propter

220 2541 409 2624 apparebit.
440 2541 541 2605 Erunt
567 2541 687 2626 quippe
716 2542 750 2605 in
779 2541 844 2604 illis
877 2541 979 2606 beatis
1033 2557 1145 2622 puram
1177 2545 1210 2600 et
1240 2538 1429 2600 immensam
1463 2537 1562 2618 ipsius
1595 2535 1781 2614 bonitatem,

222 2640 419 2703 bominibus
445 2640 663 2704 venustissimi
689 2659 807 2719 mores,
834 2659 894 2704 nee
922 2640 979 2702 ali·
1032 2638 1148 2702 deinde
1178 2645 1307 2722 propter
1335 2636 1498 2700 beneficia
1520 2637 1591 2718 ejus
1615 2637 1784 2698 innumera

220 2739 318 2821 qnod
343 2739 523 2803 membmm
553 2739 623 2803 sine
651 2739 770 2821 provio
797 2738 978 2802 infallibilis
1032 2756 1069 2800 ac
1093 2737 1249 2820 promissa
1272 2735 1509 2817 ooelestiatqui
1531 2743 1696 2817 estsuper
1716 2753 1784 2797 om·

220 2836 366 2901 rationis
394 2836 516 2917 judicio
544 2856 686 2920 unquam
713 2837 904 2900 movebitur.
930 2837 977 2899 lbi
1032 2835 1088 2898 nia
1103 2837 1185 2899 Deus
1200 2835 1346 2897 sublimis
1361 2841 1393 2896 et
1409 2833 1605 2898 benedictus.
1622 2833 1733 2896 Amen.

350 3622 451 3675 FlNlS
485 3622 708 3676 abactam!
741 3624 789 3673 DE
816 3623 941 3675 newa
969 3622 1187 3676 occursione
1218 3623 1409 3677 abascanti
1439 3626 1476 3677 ΙΝ
1508 3624 1652 3676 Parata.
