4309 6250
504 479 625 530 cosme
644 479 812 530 sturmus
832 479 1004 542 ueremi,
1028 479 1168 528 tremit.
1191 497 1232 512 -
1252 481 1322 529 sur.
1345 481 1419 530 xxvi
1674 466 1732 531 321

174 671 290 733 quam,
320 652 469 716 versutie
497 651 571 730 fuit,
597 653 682 736 quod
710 651 804 716 finxit
831 652 930 715 mum
944 651 971 714 Α
986 652 1233 718 subtractionem
1267 651 1430 733 solarium,
1460 659 1493 716 et
1526 652 1605 717 filiis
1636 651 1733 717 lsrael

173 758 328 832 protacta
344 751 440 814 verbs
453 749 663 832 dixissesne
676 759 796 832 tamen,
804 759 841 813 ut
853 749 928 830 dixi,
985 749 1039 812 lux
1053 751 1167 814 diurne
1181 770 1239 832 per
1258 749 1452 815 effusionem
1473 751 1634 814 radiorum
1656 749 1733 814 solis

174 846 294 911 radoni
309 855 342 911 et
355 848 557 932 experientiae
578 867 709 932 prorsus
728 850 930 932 repugnanti
984 847 1018 910 in
1042 857 1126 911 terra
1150 847 1280 926 Gessen,
1308 857 1343 911 ut
1368 849 1401 912 in
1424 848 1532 913 Exodo
1561 848 1731 926 scribitur,

173 944 290 1009 Nonne
305 947 500 1030 experientia
513 949 608 1012 docet
628 948 713 1030 quod
728 946 929 1030 operationes
985 945 1073 1026 item,
1098 947 1183 1027 quod
1209 946 1256 1010 sol
1286 955 1317 1010 et
1345 946 1421 1010 luna
1449 954 1605 1010 steterunt
1632 947 1733 1030 spatio
1757 961 1885 1014 amnis

173 1043 379 1108 miraculosa
393 1037 560 1128 potissime
573 1052 714 1123 movent,
723 1044 870 1108 alliciunt
878 1044 930 1106 de
984 1041 1048 1105 diei
1077 1044 1173 1106 unius
1201 1045 1240 1106 ed
1270 1044 1457 1126 petitionem
1491 1046 1585 1109 losue
1613 1044 1733 1126 absque

173 1141 360 1224 lectantque
379 1143 538 1224 homines,
552 1144 597 1206 ite
617 1151 653 1206 ut
672 1144 803 1206 credant
823 1162 861 1206 sc
882 1140 928 1205 fe·
984 1151 1095 1221 motu;
1120 1143 1220 1206 multa
1244 1162 1370 1226 quoquc
1399 1142 1528 1205 similia.
1555 1139 1619 1205 Nec
1647 1141 1735 1223 quis-

172 1240 264 1304 ciant
284 1260 356 1323 que
376 1241 456 1305 alias
480 1242 664 1330 nullatenus
683 1242 850 1305 crederent
867 1259 928 1302 nec
983 1259 1080 1322 quam
1111 1249 1175 1304 tam
1205 1261 1315 1304 amens
1346 1249 1395 1304 est
1422 1240 1477 1322 qui
1502 1240 1577 1304 tulis
1600 1257 1657 1323 per
1687 1239 1736 1303 in-

171 1343 362 1424 petrarentl
385 1340 472 1403 istud
500 1359 628 1423 quoque
653 1339 686 1403 in
710 1340 870 1422 Apostolis
897 1347 929 1401 et
987 1338 1183 1403 cantationes
1204 1338 1277 1402 fieri
1299 1338 1485 1402 affirmaret.

172 1437 296 1502 ceteris
310 1439 430 1502 sanctis
443 1438 557 1502 Christi
578 1438 747 1521 discipulis
764 1437 929 1520 experien-
1024 1436 1169 1520 Amplius
1194 1437 1312 1500 dicitur
1336 1437 1402 1518 hie,
1418 1436 1502 1520 quod
1524 1435 1679 1518 increduli
1702 1435 1735 1501 in

172 1536 219 1599 tia
242 1537 476 1601 domonstravit
496 1561 504 1598 :
524 1537 600 1619 quia
621 1555 681 1600 nec
703 1555 760 1620 per
778 1535 929 1618 eloquen-
986 1535 1060 1616 igne
1081 1533 1197 1598 inferni
1217 1535 1333 1599 dicturi
1348 1543 1422 1598 sunt
1438 1559 1446 1598 ε
1462 1537 1504 1598 Si
1517 1539 1630 1597 liceret
1645 1537 1736 1596 nobis

172 1635 337 1713 tiam,nec
351 1655 410 1718 per
421 1635 674 1719 potentiam,nec
689 1654 746 1718 per
756 1635 929 1698 humanam
987 1634 1131 1712 repredi,
1147 1636 1210 1698 Dei
1227 1637 1402 1712 preceptis
1422 1651 1624 1710 pareremus.
1646 1631 1736 1697 Circa

173 1733 382 1816 sapientiam,
399 1735 455 1798 sed
479 1753 537 1817 per
559 1734 670 1797 divina
694 1733 861 1812 miracula,
883 1741 931 1798 to-
985 1731 1047 1795 hoc
1063 1733 1305 1815 respondemus,
1316 1733 1401 1814 quod
1415 1731 1555 1796 darnnati
1571 1749 1735 1814 nunquam

173 1840 245 1895 tum
261 1851 346 1915 pene
360 1833 566 1896 mundumad
578 1841 643 1896 tam
660 1832 967 1915 supermirabilemB
984 1831 1025 1894 de
1050 1830 1116 1894 suis
1136 1831 1245 1894 dolent
1262 1831 1404 1914 peccetis
1428 1829 1462 1892 in
1483 1839 1637 1912 quantum
1662 1837 1737 1894 sunt

172 1929 280 1993 fidem
309 1939 437 2014 tamque
464 1932 595 1994 arduam
623 1931 726 2014 legem
755 1931 931 2014 praeclaris-
986 1929 1041 1992 Dei
1067 1928 1238 2010 offensive,
1264 1929 1377 1993 sedin
1406 1937 1560 2011 quantum
1585 1937 1660 1992 sunt
1688 1928 1735 1992 eis

173 2028 259 2093 sime
281 2037 517 2093 converterunt.
534 2029 613 2093 ilinc
634 2030 769 2112 ipsemet
787 2030 930 2093 Ghdstus
986 2035 1081 2091 unte
1105 2028 1240 2092 miseriae
1264 2048 1369 2091 causa.
1387 2028 1508 2092 Idcirco
1530 2046 1589 2091 nec
1611 2027 1730 2106 dicent,

47 2145 123 2190 rm.
136 2160 158 2199 n
171 2128 220 2190 sit
233 2127 353 2191 iudeis
365 2127 482 2212 :Opera
495 2147 565 2210 quse
579 2147 639 2212 ego
653 2127 738 2192 facio
752 2129 786 2192 in
800 2129 930 2192 nomine
985 2127 1070 2208 quod
1092 2128 1203 2190 darent
1224 2146 1258 2190 se
1279 2127 1318 2190 sd
1341 2127 1473 2189 virtutes
1499 2125 1665 2204 veraciter,
1684 2125 1734 2190 vol

37 2213 67 2252 ²⁵·
171 2226 278 2288 Patris
308 2225 385 2303 mei,
414 2226 482 2290 hec
512 2226 729 2290 testimonium
757 2227 930 2310 perhibent
985 2225 1025 2287 ad
1053 2225 1108 2288 Dei
1137 2233 1296 2308 precepta
1321 2225 1476 2288 servande
1505 2224 1681 2305 sinceriter,
1708 2223 1735 2286 si

36 2323 306 2402 reanudcme,
323 2324 462 2406 itemque
479 2324 537 2387 :Si
555 2343 620 2388 non
642 2324 725 2388 facio
743 2343 841 2406 opera
860 2325 928 2402 llei,
986 2323 1098 2387 liceret
1125 2323 1172 2386 eis
1201 2323 1329 2387 reverti.
1361 2323 1442 2387 Sunt
1469 2323 1555 2386 enim
1590 2323 1622 2385 iu
1652 2323 1736 2387 malo

172 2423 280 2486 nolite
301 2423 432 2493 credere
452 2422 552 2502 mihi;
569 2423 596 2485 si
618 2431 724 2486 autem
740 2422 835 2503 facio,
851 2430 883 2486 et
902 2422 929 2486 si
986 2422 1125 2486 totaliter
1139 2421 1301 2502 obstinati,
1318 2440 1412 2486 omne
1432 2421 1551 2486 bonnm
1566 2421 1736 2484 honesturn

172 2539 241 2584 non
257 2520 359 2583 vultis
373 2519 452 2583 milri
467 2521 607 2599 credere,
623 2521 776 2604 operibus
797 2521 928 2584 credite.
986 2529 1140 2604 perpetuo
1155 2521 1374 2601 abhorrentes,
1390 2520 1490 2584 ileum
1509 2537 1635 2602 quoque
1655 2518 1737 2582 inef-

171 2619 288 2700 tuque
309 2617 401 2700 juxta
428 2619 501 2697 hoc,
520 2620 673 2700 quoniam
695 2618 809 2683 musa
832 2637 930 2702 opere
985 2618 1127 2684 labiliter
1151 2619 1308 2700 odientes,
1324 2627 1356 2682 et
1380 2619 1450 2700 eius
1475 2618 1663 2681 beatitudini
1688 2618 1737 2680 in·

172 2717 230 2785 Dei
247 2717 441 2780 miraculosa
461 2735 526 2781 non
548 2717 636 2797 fecit,
652 2725 686 2780 et
703 2717 805 2780 nilrilo
824 2717 930 2781 minus
986 2717 1172 2782 flexibiliter
1186 2719 1376 2798 invidentes,
1390 2725 1483 2800 prout
1498 2735 1593 2800 supra
1609 2716 1735 2799 plenius
1749 2749 1771 2793 ρ.
1783 2736 1854 2780 sors.

172 2835 297 2881 novam
332 2817 437 2898 legem
470 2816 546 2880 dare
573 2817 779 2900 inauditaque
813 2817 930 2880 docere
985 2825 1035 2883 cst
1047 2817 1228 2899 pmbatum.
1245 2816 1406 2880 Postremo
1422 2815 1475 2879 hic
1489 2815 1606 2879 dicitur
1623 2837 1629 2876 :
1644 2817 1736 2884 Quod

172 2916 394 2999 praesumpsit,
420 2933 484 2980 nou
508 2924 558 2979 est
580 2916 611 2978 ei
636 2916 841 2979 credendum.
865 2914 929 2979 Nec
985 2918 1016 2976 si
1027 2917 1170 2977 daretur
1184 2917 1230 2976 eis
1245 2917 1433 2986 restituent
1444 2915 1736 2992 prius,mendaces

172 3016 283 3078 obstat
300 3014 387 3096 quod
408 3014 507 3096 aliqui
527 3015 611 3091 duri,
632 3014 775 3097 protervi
797 3021 830 3076 et
852 3014 966 3080 irre-C
985 3015 1102 3092 effecti,
1118 3015 1246 3075 nullam
1261 3014 1329 3074 nisi
1347 3033 1440 3074 suam
1460 3014 1548 3072 viam
1565 3015 1734 3082 ducerent,

172 3114 351 3179 tionabiles
374 3113 522 3178 homines
549 3134 615 3179 non
643 3113 848 3178 crediderunt
872 3113 931 3177 mi-
985 3120 1046 3175 etc.
1071 3111 1158 3175 Istud
1182 3110 1298 3175 rationi
1323 3118 1356 3174 et
1379 3109 1583 3193 experientias
1611 3117 1736 3174 contra·

174 3214 299 3278 mculis
323 3236 331 3276 :
357 3230 423 3277 non
448 3212 536 3276 euim
564 3220 614 3275 est
640 3211 753 3277 talium
780 3213 929 3276 eundum
985 3210 1094 3273 riatur.
1112 3210 1145 3274 Si
1159 3210 1244 3276 eninr
1259 3210 1401 3273 damnati
1422 3209 1561 3273 redirent
1574 3209 1614 3273 ad
1634 3206 1733 3272 vitam

171 3312 315 3395 judicio.
985 3309 1082 3387 hanc,
1096 3328 1254 3373 memores
1269 3315 1376 3371 esseut
1389 3324 1556 3391 poenarum
1570 3325 1650 3388 quas
1663 3324 1736 3389 per-

212 3412 363 3492 insuper,
381 3408 415 3472 in
439 3410 505 3473 fme
526 3409 625 3491 liujus
649 3410 780 3493 capituli
801 3410 930 3492 ponitur
985 3409 1138 3489 tulerunt,
1151 3415 1183 3470 et
1196 3406 1328 3471 omnino
1342 3413 1523 3488 satagerent
1536 3424 1578 3468 ne
1594 3406 1735 3468 rotrude

172 3528 280 3572 unum
304 3508 440 3571 verbum
464 3507 661 3590 preinducto
679 3508 777 3589 hujus
796 3508 928 3589 capituli
987 3514 1098 3570 rentur
1120 3506 1159 3569 sd
1185 3526 1249 3569 ess.
1265 3504 1398 3569 Reducti
1424 3522 1551 3586 quoque
1575 3502 1734 3566 advitam

172 3608 276 3671 verbo
298 3605 505 3670 casuarium.
522 3604 600 3669 Nam
618 3606 711 3687 quasi
730 3624 769 3669 ex
784 3605 838 3670 Dei
858 3625 930 3690 per-
987 3606 1081 3684 hanc,
1098 3604 1199 3687 erepti
1217 3610 1326 3667 essent
1345 3604 1385 3667 ch
1410 3602 1466 3666 ills
1484 3601 1658 3666 inflexibili
1680 3600 1735 3665 ob-

173 3724 256 3769 sone
275 3704 397 3767 dicitur
415 3703 460 3767 ihi
480 3705 520 3767 sd
538 3703 695 3767 Mahornet
711 3728 719 3767 ε
735 3706 777 3767 Si
791 3706 853 3765 tibi
867 3726 930 3766 mo·
987 3703 1159 3767 stinstione
1184 3703 1217 3766 in
1243 3702 1327 3765 malo
1351 3720 1422 3783 que
1444 3708 1611 3784 permanet
1632 3698 1666 3763 in
1687 3700 1735 3764 in·

173 3809 297 3866 testum
318 3812 366 3864 est
386 3805 475 3883 quod
492 3804 555 3862 tibi
571 3822 637 3863 non
657 3805 810 3875 aedunt,
824 3807 929 3875 coetm,
987 3801 1091 3866 ferno.
1107 3801 1248 3884 Denique
1270 3808 1413 3882 tempore
1438 3798 1630 3881 evangelice
1654 3798 1735 3880 legis

172 3906 205 3965 si
224 3911 332 3979 potes,
345 3918 406 3978 per
427 3904 531 3961 scalas
551 3903 699 3972 ascende,
714 3910 751 3961 ut
770 3921 843 3962 cum
863 3904 930 3962 vir·
988 3900 1161 3983 sepissime
1185 3900 1302 3963 accidit
1319 3899 1404 3981 quod
1422 3896 1566 3961 defuncti
1585 3905 1660 3960 sunt
1684 3916 1736 3960 su·

174 4002 307 4063 tutibus
329 4007 428 4079 atqtse
450 4000 625 4059 miraculis
647 4000 814 4061 advenias.
834 3998 929 4073 Quasi
986 3998 1101 4076 scitali,
1118 4016 1255 4081 quorum
1280 3996 1378 4080 aliqui
1397 4013 1509 4080 poenss
1532 3994 1661 4073 inferni,
1678 3994 1735 4058 ali-

172 4098 264 4163 dicat
293 4120 303 4160 z
333 4096 367 4161 Si
394 4115 469 4160 curn
497 4095 669 4160 virtutibus
702 4096 930 4180 miraculisque
985 4098 1040 4181 qui
1064 4096 1239 4179 purgatorii
1264 4114 1376 4178 poenas
1395 4095 1526 4159 fuerunt
1548 4092 1679 4177 experti.
1695 4092 1735 4157 Et
1769 4162 1776 4179 ,

172 4196 319 4276 venires,
335 4194 395 4258 tibi
416 4196 489 4278 plns
510 4195 702 4259 crederetur.
944 4196 1018 4263 oni
1041 4214 1124 4278 pene
1148 4212 1259 4259 omnes
1284 4193 1421 4256 maxime
1449 4193 1676 4275 poenituerunt,
1702 4198 1735 4256 et

214 4296 339 4361 Rursus
359 4294 413 4357 liic
433 4293 551 4358 dicitur
573 4294 665 4375 qussi
682 4312 702 4357 s
719 4294 785 4359 Deo
809 4296 849 4358 sd
869 4295 930 4361 lfa·
985 4293 1203 4377 penitentiam
1226 4312 1383 4357 summam
1405 4290 1562 4356 focerunt.

173 4395 242 4461 lton
260 4417 268 4459 ε
286 4396 460 4457 Increduit'
478 4396 553 4455 iicet
572 4413 682 4455 omnes
700 4397 842 4457 uirtutes
863 4416 929 4457 om·

174 4494 379 4575 uiaquellei
391 4493 541 4553 uiderent
555 4494 732 4564 miracula,
745 4512 929 4575 nunquam,
1164 4544 1408 4613 ARTICULUS
1431 4542 1544 4611 XXV,

174 4596 248 4655 uisi
265 4602 372 4653 tecum
385 4593 618 4668 disceptatione
629 4592 733 4669 facta,
746 4596 929 4667 crederent,
1548 4592 1556 4609 ⁶

175 4710 283 4773 quum
302 4690 416 4750 dicam
440 4692 508 4751 Μ
528 4708 734 4770 nequaquam
756 4693 847 4768 fleri,
861 4694 931 4753 nisi
1015 4702 1137 4761 Contra
1155 4716 1284 4759 errores
1302 4694 1534 4776 quintidecimi
1550 4692 1701 4771 capituli.

170 4808 238 4867 per
248 4788 397 4867 pransae
414 4788 664 4849 incantationes.
679 4786 767 4850 Istud
789 4788 883 4851 inane
897 4796 930 4853 et

176 4884 334 4951 frivolum
358 4892 417 4962 est,
433 4903 533 4967 quum
554 4884 622 4966 jem
640 4905 659 4947 a
677 4884 742 4950 Deo
762 4885 827 4948 sint
845 4885 929 4951 facta
1057 4887 1143 4953 UASl
1157 4906 1196 4951 ex
1209 4884 1265 4949 Dei
1279 4883 1543 4967 personadicitur
1557 4880 1732 4947 suosne

176 4985 281 5048 multa
299 4982 467 5063 miracula,
483 5000 554 5064 quse
573 5001 631 5065 per
648 4982 879 5050 maculationes
897 4995 929 5051 et
1070 4988 1105 5050 in
1120 4984 1251 5070 capituli
1271 4982 1368 5065 hujus
1388 4981 1541 5046 exordio:
1560 4985 1609 5043 Tu
1623 4985 1732 5043 nutta-

175 5081 323 5166 magiotts
337 5088 422 5146 artes
436 5080 618 5143 nullatenus
632 5080 705 5145 fieri
720 5092 854 5165 possunt
870 5108 877 5149 ε
894 5094 930 5149 ut
985 5097 1079 5150 tenus
1101 5105 1174 5146 cum
1197 5086 1318 5145 auditu
1340 5082 1528 5142 carentibus
1555 5098 1732 5141 carmentem

37 5202 162 5263 mun,
175 5183 265 5267 quod
288 5181 403 5245 eodem
426 5188 569 5263 tempore
597 5180 700 5244 tribrm
726 5182 840 5246 diebus
866 5184 930 5248 fnit
986 5190 1086 5247 ineas.
1108 5183 1165 5246 Per
1186 5180 1297 5245 auditu
1322 5186 1479 5259 carentes,
1499 5176 1534 5239 ni
1554 5175 1659 5257 fallor,
1679 5176 1734 5239 do·

39 5269 69 5312 ²³·
176 5279 337 5365 Egyptiis
367 5278 471 5361 caligo
500 5278 653 5343 tondum
679 5298 737 5363 per
767 5282 928 5349 radiorum
986 5285 1091 5367 signat
1122 5279 1319 5357 incredulos,
1345 5279 1386 5342 de
1416 5275 1532 5359 quibus
1558 5282 1589 5339 ct
1613 5274 1734 5357 lioysos

306 5414 340 5465 Τ.
358 5412 399 5463 36,
1573 5408 1604 5461 21
