4309 6250
429 489 490 560 tat
760 511 880 561 corma
899 511 1068 560 acanum
1088 510 1261 570 renouari,
1283 511 1372 558 niam
1392 511 1425 558 n.
1447 529 1489 542 -
1508 511 1579 558 aar.
1602 511 1647 559 νιν

470 683 708 766 ὒονινοφιοινίον
733 683 767 746 in
796 683 857 746 isto
884 681 1023 765 capitulo
1051 688 1179 744 natura-
1193 679 1218 744 t
1234 679 1283 744 uis
1298 681 1448 763 porcinae,
1464 680 1548 744 infra
1566 680 1697 764 patebit,
1714 679 1769 742 ubi
1793 679 1827 740 in
1851 675 1982 761 speciali

430 781 475 847 lia
502 781 557 846 Dei
588 800 685 864 opera
711 789 867 845 vocantur
899 780 1063 844 miracula.
1092 778 1178 854 Quod
1234 788 1367 843 tractatu
1382 779 1540 843 scribetur
1555 787 1665 843 contra
1680 777 1979 861 ipsiusDoctrinam.

430 880 561 963 proprie
574 879 814 961 formaliterquc
828 878 987 960 loquendo
1010 887 1094 941 stare
1114 896 1178 942 non
1274 877 1427 959 Deinceps
1447 878 1480 940 in
1496 879 1558 942 isto
1577 877 1728 960 capitulo,
1745 877 1830 941 sicut
1847 875 1982 959 sepissi-

431 986 546 1060 potest,
562 997 662 1060 quum
676 977 829 1041 miracula
843 977 908 1040 sint
922 977 1178 1059 supernaturales
1234 995 1285 1040 me
1299 975 1373 1039 alibi
1393 976 1428 1038 in
1447 979 1614 1058 Alcorano,
1632 985 1783 1040 uternam
1805 976 1981 1039 damnatio

431 1075 487 1139 Dei
501 1075 893 1157 effectus.Verumtamen,
909 1075 1061 1158 quoniam
1082 1076 1177 1139 ctiam
1234 1093 1307 1137 nem
1326 1075 1468 1138 minatur
1485 1075 1596 1140 hfabon
1619 1094 1682 1139 uon
1706 1075 1911 1138 credentibus
1932 1073 1982 1136 tl-

430 1174 528 1257 aliqui
556 1175 721 1238 christiani
751 1175 898 1238 doctores
925 1174 1087 1237 interdum
1118 1176 1178 1238 hoc
1234 1192 1370 1252 corano;
1394 1181 1426 1236 et
1457 1173 1530 1254 quia
1562 1174 1623 1239 hoo
1656 1175 1761 1257 ipsum
1792 1192 1898 1255 neque
1928 1191 1981 1254 per

430 1275 526 1338 modo
553 1273 703 1356 loquendi
729 1281 872 1353 utuntur,
894 1273 1067 1336 dicendum
1093 1275 1177 1354 quod
1234 1292 1308 1335 vera
1328 1272 1482 1336 miracula
1501 1291 1561 1335 nec
1581 1292 1638 1355 per
1657 1273 1782 1336 divinas
1801 1271 1981 1353 Scripturas

428 1371 585 1434 naturalia
598 1372 653 1434 illa
666 1389 764 1456 opera
777 1379 933 1434 vocantur
945 1371 1096 1434 miracula
1111 1390 1178 1453 pro
1234 1371 1336 1453 potuit
1355 1370 1559 1450 confirmare,
1576 1361 1698 1436 studuit
1719 1391 1778 1454 per
1801 1370 1982 1433 innumera·

427 1477 499 1553 pter
524 1469 767 1532 similitudinem
795 1469 977 1550 quamdam,
994 1479 1026 1533 at
1047 1470 1122 1551 quia
1144 1471 1178 1532 in
1233 1468 1315 1532 biles
1340 1468 1616 1548 comminationes,
1639 1469 1911 1552 impugnationes,
1930 1469 1981 1532 de-

428 1567 474 1630 cis
502 1567 735 1650 omnipotentia
758 1567 813 1630 Dei
843 1566 1014 1649 magnifice
1038 1569 1178 1631 declara·
1233 1567 1441 1662 praedationes
1460 1576 1492 1631 et
1510 1567 1750 1632 interfectiones
1770 1568 1919 1632 homines
1943 1567 1980 1630 ad

427 1675 490 1746 tur,
507 1686 664 1749 auumque
675 1666 828 1748 opificem
844 1685 918 1729 vere
933 1667 1114 1730 mirabilem
1130 1668 1178 1729 in·
1233 1667 1293 1729 hoc
1313 1667 1508 1730 credendum
1528 1667 1680 1732 inducere
1698 1692 1705 1730 ε
1722 1667 1807 1749 quod
1826 1676 1876 1730 est
1890 1685 1981 1748 argu·

427 1765 814 1847 comprehensibilemque
847 1765 1077 1828 demonstrant.
1105 1765 1178 1828 Pro·
1233 1772 1388 1844 mentum,
1409 1784 1473 1828 non
1499 1765 1735 1848 Apostolorum,
1757 1785 1817 1828 nec
1842 1764 1980 1846 Prophe-

426 1864 495 1947 pric
520 1882 596 1928 vero
621 1872 775 1927 vocantur
798 1863 1047 1946 miraculaque
1080 1864 1176 1927 totius
1194 1861 1218 1922 B
1233 1870 1348 1943 tarum,
1365 1863 1420 1926 sed
1436 1864 1593 1927 latronum
1609 1883 1646 1926 ac
1662 1873 1880 1945 tyrannorum.

425 1972 548 2026 natura
568 1969 601 2025 et
621 1962 742 2025 ordinis
759 1981 866 2025 rorum
886 1961 1069 2025 facultatem
1093 1970 1177 2025 tran·
1271 1960 1404 2044 insuper
1417 1961 1461 2024 ait
1478 1985 1486 2025 ι
1503 1965 1590 2024 Deua
1609 1982 1813 2042 naquaquam
1825 1962 1948 2039 provio
1962 1982 1981 2021 o

427 2061 588 2124 scendunt
604 2084 611 2122 :
628 2079 698 2142 quae
713 2060 795 2123 Deus
815 2060 933 2142 passim
949 2079 1014 2124 non
1032 2060 1119 2139 facit,
1136 2081 1176 2123 ne
1231 2061 1323 2120 nobis
1337 2061 1450 2137 arripit.
1469 2059 1491 2122 0
1506 2078 1600 2140 quam
1616 2059 1710 2141 louge
1725 2067 1775 2124 est
1787 2061 1849 2123 boc
1866 2059 1982 2122 aGhri-

426 2158 526 2221 nimia
560 2157 745 2221 assiduitate
780 2158 935 2221 vilescant
969 2159 1174 2237 hominibus;
1232 2157 1271 2220 sti
1296 2157 1441 2220 doctrina
1456 2165 1462 2220 t
1479 2157 1533 2240 qui
1560 2158 1592 2221 in
1618 2157 1791 2240 Evangelio
1815 2158 1860 2220 ait
1877 2181 1884 2219 :
1903 2157 1980 2220 Con-.
2004 2183 2047 2226 cu.
2063 2195 2094 2226 na

426 2259 482 2322 sed
507 2267 687 2339 opportuno
711 2277 749 2320 ea
772 2259 908 2339 tempori
936 2259 1121 2337 reservavit,
1142 2267 1176 2320 ut
1232 2255 1351 2320 tendite
1392 2255 1510 2318 intrare
1546 2275 1603 2338 per
1636 2264 1803 2338 angustam
1842 2263 1978 2338 portam
1992 2246 2094 2356 wa*

426 2375 485 2440 per
508 2375 545 2419 ea
563 2356 820 2437 supernaturales
845 2354 920 2418 fidei
949 2355 1076 2419 roboret
1095 2357 1176 2419 vori—
1231 2353 1383 2436 quoniam
1398 2353 1461 2416 lata
1475 2363 1507 2416 ct
1521 2355 1662 2436 spatiosa
1677 2363 1726 2416 cst
1739 2353 1793 2417 via
1806 2373 1879 2436 quta
1893 2352 1981 2416 ducit

426 2462 519 2519 tates.
1231 2453 1271 2515 ad
1291 2452 1514 2534 perditionem,
1531 2460 1563 2515 et
1582 2452 1676 2515 multi
1694 2452 1865 2515 inveniunt
1889 2471 1978 2526 earm

466 2552 599 2634 Insuper
612 2552 672 2616 isto
688 2552 829 2635 capitulo
848 2560 880 2616 et
898 2552 1082 2634 frequenter
1099 2552 1175 2618 hinc
1231 2569 1326 2632 quam
1341 2559 1475 2631 angusta
1490 2560 1581 2632 porta
1595 2559 1627 2614 et
1639 2560 1726 2614 arcta
1741 2550 1793 2613 via
1807 2569 1880 2633 quae
1895 2550 1980 2614 ducit

426 2651 501 2715 inde
516 2651 549 2712 in
564 2651 699 2713 Alcoran
710 2650 840 2730 dicitur,
856 2651 941 2731 quod
962 2650 1111 2714 infideles
1127 2671 1176 2715 ro
1231 2651 1270 2713 ad
1287 2649 1396 2726 vitam,
1414 2658 1445 2711 et
1460 2649 1553 2732 pauci
1573 2649 1743 2713 inveniunt
1756 2655 1847 2713 eam!
1866 2649 1980 2713 Paulus

426 2748 491 2832 gati
511 2748 619 2812 divina
645 2767 771 2811 servare
797 2757 964 2830 praecepta,
981 2750 1175 2832 respondent
1231 2765 1356 2828 quoque
1375 2747 1536 2828 apostolus
1555 2755 1751 2811 contestatur
1767 2771 1775 2810 ι
1790 2747 1848 2822 Qui
1874 2757 1978 2812 autem
2005 2773 2064 2816 eam.
2076 2785 2090 2815 t.

426 2865 461 2910 se
489 2847 611 2908 nullam
639 2846 701 2909 nisi
729 2853 856 2929 patrum
891 2865 1022 2909 suorum
1055 2857 1174 2911 sectam
1231 2854 1305 2908 sunt
1329 2846 1456 2924 Christi,
1480 2865 1608 2909 carnem
1635 2865 1724 2910 suam
1749 2839 2020 2910 crucifixerunt*

426 2952 641 3008 exsecuturos.
657 2944 763 3006 Patres
788 2944 895 3024 itaque
920 2945 1017 3006 vestri
1039 2944 1066 3007 si
1087 2945 1174 3008 stulti
1234 2963 1307 3007 cum
1333 2943 1420 3006 vitiis
1448 2953 1479 3006 et
1507 2945 1799 3026 concupiscentiis3
1826 2944 1978 3028 itemque,

425 3062 463 3106 ac
488 3042 563 3106 ceci
594 3041 733 3123 fuerunt,
758 3041 961 3105 imitabimini
986 3063 1052 3109 ecs.
1080 3044 1173 3108 Eritis
1192 3045 1213 3108 C
1231 3041 1299 3106 Non
1325 3041 1529 3105 coronabitur
1553 3042 1616 3105 nisi
1639 3044 1694 3124 qui
1721 3043 1861 3127 legitime
1884 3053 2088 3114 corta-nmo

427 3161 503 3225 ergo
522 3142 609 3220 caci,
625 3141 723 3221 surdi,
740 3142 831 3218 muti,
849 3142 949 3220 stulti,
967 3142 1051 3206 sicut
1070 3151 1102 3205 et
1116 3144 1173 3206 illi.
1231 3142 1322 3219 verit,
1339 3142 1424 3204 haud
1440 3142 1572 3205 dubium
1588 3143 1667 3225 quin
1680 3152 1790 3207 contra
1803 3143 1979 3223 diabolum,

426 3240 482 3305 flia
497 3259 554 3304 vos
567 3239 714 3321 alloquor
728 3240 846 3317 verbis,
863 3240 1072 3303 oSarraceni.
1089 3241 1177 3306 Ghri-
1232 3249 1343 3305 contra
1370 3240 1481 3302 mundi
1511 3240 1679 3321 vanitates,
1706 3250 1817 3305 contra
1845 3243 1980 3325 proprie

427 3341 468 3403 ati
489 3346 656 3421 praecepta,
673 3358 748 3401 vere
767 3338 888 3417 divina,
906 3348 1015 3402 sancta
1036 3360 1074 3403 ac
1096 3343 1178 3423 opti·
1233 3339 1338 3403 carnis
1363 3358 1400 3401 ac
1425 3338 1532 3421 impiae
1556 3340 1729 3402 voluntatis
1754 3340 1946 3404 affectiones
1972 3364 1978 3401 :

427 3458 490 3513 ma,
507 3438 684 3516 observate,
702 3437 845 3500 etnolite
861 3457 1030 3501 veneream
1052 3448 1176 3519 patrum
1233 3458 1302 3520 quae
1331 3438 1439 3501 omnia
1468 3439 1598 3502 vincere
1626 3458 1690 3501 non
1720 3446 1770 3502 est
1797 3438 1879 3502 leve.
1911 3440 1980 3502 ldeo

430 3544 606 3599 vestrorum
631 3534 757 3615 assequi
781 3536 897 3616 legem,
923 3554 964 3597 ne
992 3537 1177 3618 dispereatis
1234 3537 1312 3601 dixit
1330 3536 1496 3600 Salvator:
1514 3538 1657 3619 Regnum
1674 3537 1910 3601 coelorumvim
1931 3558 1981 3621 pa·
2000 3558 2090 3605 reeta

430 3634 464 3697 iu
478 3642 633 3697 aeoernum
649 3652 723 3695 cum
739 3632 815 3695 illis.
1235 3634 1321 3711 titur,
1343 3640 1374 3695 et
1399 3632 1530 3696 violenti
1555 3632 1730 3712 (videlicet,
1750 3634 1805 3713 qui
1830 3643 1980 3717 superant
1992 3628 2020 3668 μ’

470 3732 591 3797 Deinde
615 3730 650 3793 in
674 3730 736 3794 istc
760 3730 892 3812 jubetur
917 3732 1082 3814 capitulo:
1109 3737 1181 3796 Viri
1235 3731 1436 3813 semetipsos)
1462 3731 1590 3813 rapiunt
1614 3730 1705 3793 illuil.
1722 3730 1879 3813 lienique,
1894 3732 1980 3815 juxa

432 3833 519 3901 boni,
534 3849 554 3889 α
578 3831 764 3890 morticinis
782 3839 814 3889 et
831 3848 931 3907 porco
950 3850 988 3890 oc
1006 3833 1178 3908 sanquine,
1234 3828 1472 3910 Philosophum,
1489 3848 1540 3891 ars
1561 3837 1593 3891 et
1613 3829 1714 3891 virtus
1734 3838 1808 3891 sunt
1823 3832 1910 3895 circa
1925 3830 1981 3894 dif-

431 3939 463 3991 et
485 3931 525 3989 ab
546 3929 691 3989 animoli
709 3929 849 4007 quotibet
870 3939 1038 4005 perempto
1057 3949 1124 3989 noo
1144 3932 1178 3989 in
1235 3927 1347 3992 ficilia.
1364 3926 1427 3989 Nec
1452 3934 1555 4009 potest
1579 3928 1674 3991 homo
1699 3936 1815 3991 cuncta
1838 3930 1980 3993 mortalia

433 4028 597 4089 Crantoris
629 4029 772 4095 nomino,
801 4028 967 4087 abstinete.
1002 4026 1085 4089 Ecce
1126 4028 1179 4092 hic
1235 4026 1335 4089 vitare
1355 4033 1485 4106 peccata
1500 4026 1598 4107 (quod
1619 4033 1726 4089 umen
1745 4027 1828 4090 Deus
1848 4028 1980 4110 requirit

433 4123 588 4187 llahomet
614 4123 761 4205 judaizat.
788 4124 849 4185 Sed
878 4123 993 4185 Paulus
1018 4126 1179 4206 apostolus
1235 4144 1253 4188 a
1281 4124 1387 4203 nobis)
1416 4123 1479 4185 nisi
1513 4143 1586 4186 cum
1618 4125 1731 4207 grandi
1765 4127 1979 4209 continuoque

287 4233 335 4279 tn·
335 4249 397 4286 aaaaa
398 4238 419 4279 ν.
433 4222 526 4285 docet
543 4221 736 4303 oppositum,
752 4221 861 4283 dicens
878 4244 885 4281 :
903 4220 1014 4283 Omnis
1036 4232 1180 4287 creatura
1195 4223 1220 4287 D
1235 4230 1351 4285 conatu
1376 4222 1511 4285 interno.
1537 4221 1668 4304 Propter
1691 4224 1775 4306 quod
1800 4224 1949 4289 Salomon
1969 4250 1976 4288 :

433 4319 489 4382 Dei
513 4318 595 4382 bona
618 4327 677 4396 est,
700 4326 733 4381 et
755 4317 834 4381 nihil
858 4319 1070 4400 rejiciendum
1095 4323 1179 4401 quod
1235 4320 1326 4383 Omni
1347 4320 1479 4400 (inquit)
1498 4321 1643 4383 custodia
1661 4322 1784 4385 custodi
1803 4342 1862 4387 cor
1879 4334 1976 4387 tuum.
2001 4346 2055 4387 rm
2070 4352 2088 4379 a

287 4433 419 4485 reorum.
434 4436 508 4481 cum
523 4416 696 4498 gratiarum
709 4417 835 4480 actione
856 4417 1012 4496 sumitur,
1029 4419 1105 4481 item
1123 4442 1129 4480 ε
1148 4420 1179 4481 Si
1235 4418 1322 4481 Unde
1346 4418 1378 4481 in
1402 4418 1625 4483 Ecclesiastico
1649 4420 1804 4502 scriptum
1825 4432 1875 4485 cst
1891 4447 1899 4485 t
1914 4424 1978 4487 ll'isi
1990 4411 2058 4515 ’ζὴ

433 4516 506 4599 quis
520 4514 702 4577 infidelium
713 4524 806 4577 vocat
822 4534 878 4578 vos
893 4515 931 4577 ad
947 4534 1082 4596 coenam,
1093 4517 1181 4598 quid·
1235 4517 1267 4578 iu
1292 4518 1404 4580 timore
1430 4516 1556 4580 Domini
1585 4518 1725 4582 muueris
1753 4527 1783 4582 te
1812 4520 2069 4600 instanteqnmo.

432 4614 508 4697 quid
542 4612 711 4695 apponitur
741 4612 832 4676 vobis
867 4614 1067 4695 manducate,
1099 4616 1179 4678 nihil
1236 4615 1299 4678 cito
1324 4616 1523 4678 subvertetur
1545 4615 1660 4679 domus
1684 4626 1748 4695 tua,
1765 4618 1797 4681 id
1821 4628 1871 4682 est
1894 4620 1979 4684 habi-

432 4713 676 4793 interrogantea,
701 4718 831 4792 propter
855 4711 1097 4776 conscientiam.
1123 4715 1181 4777 De·
1235 4714 1376 4777 taculum
1390 4713 1596 4778 conscientiae
1611 4722 1682 4794 tuae,
1699 4716 1731 4777 iu
1746 4735 1809 4798 qua
1822 4717 1907 4781 Deus
1926 4738 1980 4801 per

431 4811 529 4893 nique
552 4810 633 4873 ratio
652 4808 877 4891 prohibitionis
901 4813 1110 4892 quorumdam
1135 4814 1180 4876 ci·
1234 4812 1367 4894 gratiam
1388 4821 1613 4876 commoratur.
1630 4814 1752 4876 Interea
1770 4814 1917 4880 llicbaeas
1939 4816 1980 4879 ait

431 4911 545 4973 borum
572 4909 607 4971 in
635 4908 734 4971 veteri
763 4909 845 4991 lege,
876 4909 1021 4991 figuralis
1049 4911 1111 4973 fuit
1141 4932 1178 4976 ac
1234 4912 1389 4994 propheta
1405 4934 1411 4973 :
1429 4911 1578 4974 indicabo
1598 4912 1703 4992 tibi,o
1723 4913 1829 4992 homo,
1845 4915 1922 4997 quid
1941 4915 1978 4977 sit
1990 4932 2081 4979 verso

431 5007 576 5091 mystica,
592 5014 625 5070 et
649 5014 753 5069 cessat
778 5006 811 5068 in
835 5007 907 5089 lege
931 5026 1025 5085 nova,
1048 5007 1178 5091 impleta
1233 5009 1363 5089 bonum,
1384 5017 1416 5071 et
1439 5009 1514 5091 quid
1539 5010 1691 5073 Dominus
1716 5012 1855 5093 requirat
1879 5034 1897 5077 a
1923 5022 1975 5077 te:

429 5116 462 5172 et
483 5104 622 5169 revelata
643 5104 711 5185 jam
736 5104 867 5169 veritate
891 5106 1105 5187 prefigurata.
1122 5108 1178 5171 Po-
1232 5108 1343 5190 utique
1358 5107 1463 5170 facore
1476 5107 1644 5188 judicium,
1662 5116 1694 5171 ct
1707 5108 1841 5192 diligere
1858 5112 1977 5176 miseri·

430 5214 559 5284 stremo,
574 5222 670 5285 quam
695 5200 899 5267 ridiculosam
922 5204 997 5267 alibi
1020 5204 1176 5277 rationem
1233 5205 1385 5283 cordiam,
1403 5215 1435 5268 et
1449 5206 1620 5269 sollicitum
1639 5207 1802 5271 ambulare
1821 5228 1896 5273 cum
1916 5210 1976 5274 Deo

428 5303 541 5368 llahon
556 5301 696 5384 assignet
710 5320 767 5366 cur
785 5302 932 5365 vitandus
952 5302 993 5365 sit
1011 5322 1085 5366 esus
1109 5322 1176 5368 ccr-
1230 5314 1296 5370 tuo.
1313 5305 1433 5389 lfoyses
1447 5323 1573 5388 quoquc
1588 5305 1622 5369 in
1640 5306 1887 5373 Deuteronomio
1906 5309 1971 5373 ait:
