4309 6250
464 498 526 565 346
769 521 889 569 CONTRA
909 521 1077 570 ranarum!
1097 523 1271 585 annonari,
1295 523 1383 571 ninnn
1404 525 1436 571 11.
1460 543 1500 554 -·
1521 523 1592 570 aar.
1616 523 1714 572 XXXIX

461 709 500 750 ao
517 694 740 763 roboraretur,
755 696 883 754 nemini
901 716 1026 775 quoque
1044 697 1112 756 uiso
1127 714 1213 772 prae·
1228 695 1254 757 Α
1269 704 1430 780 praegnata
1453 717 1526 760 enm
1549 716 1647 780 puero
1672 697 1706 760 in
1730 697 1835 762 Iocum
1860 705 1993 762 remotum

462 790 549 852 beret
564 795 772 872 colloquium,
788 795 929 872 sinputis
944 796 1087 856 innuens
1101 815 1133 855 se
1147 799 1212 856 Deo
1268 795 1403 878 aufugit,
1425 796 1542 858 laisum
1571 805 1620 859 est
1640 819 1648 858 ε
1670 797 1735 860 imo
1761 797 1830 878 ipsa
1852 816 1886 858 se
1908 797 1994 860 sciens

461 892 533 952 dies
554 893 761 952 abstinentiae
773 893 966 972 jejuniique
981 894 1111 955 vovisse.
1129 897 1213 956 Eam
1270 895 1358 957 salvo
1393 894 1585 976 vitginItatis
1619 895 1786 978 signaculo
1819 894 1872 958 [tei
1899 894 1992 956 Filium

461 991 612 1065 deinceps
639 995 828 1068 afferentem
852 1009 995 1067 puerum
1024 1013 1119 1052 suurn
1150 1013 1214 1052 me-
1270 992 1466 1075 concepisse,
1479 993 1680 1056 securissima
1695 992 1767 1056 tuit.
1781 993 1992 1070 Verumtamen,

461 1089 622 1149 diocriter
637 1090 861 1164 increpabant,
876 1092 1073 1154 dicendo-0
1088 1092 1211 1161 Maria,
1271 1090 1353 1153 sieut
1376 1092 1477 1154 Lucas
1502 1092 1698 1175 evangelista
1722 1091 1883 1171 describit,
1907 1091 1993 1154 statim

463 1207 565 1266 quum
581 1196 713 1247 tuorum
723 1197 901 1263 parentum
912 1199 1028 1249 neuter
1038 1194 1144 1250 matus
1158 1211 1213 1248 en·
1271 1188 1392 1252 Christo
1408 1199 1562 1272 concepto
1585 1191 1733 1268 surrexit,
1749 1199 1781 1254 et
1802 1199 1934 1252 sanctam
1945 1190 1994 1251 Eli·
2014 1213 2093 1260 min.

463 1288 667 1356 stiterit,cur
683 1306 751 1347 rem
765 1289 844 1346 adeo
859 1290 979 1348 matam
993 1290 1212 1364 perpetrasti?
1271 1288 1392 1368 sabeth,
1423 1296 1556 1352 matrem
1589 1287 1770 1352 leliciSsimi
1799 1289 1922 1352 Ioannis
1951 1279 2063 1349 Bn·⁴⁰¹⁵⁶·

462 1387 530 1446 Itta
545 1405 620 1444 aero
632 1402 774 1460 puerum
793 1388 973 1456 ostendens,
989 1396 1025 1445 ut
1046 1407 1120 1446 eum
1137 1388 1212 1446 inde
1272 1387 1386 1468 ptistae,
1396 1386 1734 1470 visitavit,1nansitque
1748 1387 1832 1469 apud
1846 1405 1911 1450 eam
1924 1405 1995 1448 men·

462 1484 672 1544 conuenirent
687 1485 791 1559 siquis
805 1485 972 1544 innuebat.
990 1486 1114 1552 Quibus
1134 1505 1213 1564 qua·
1272 1485 1358 1546 sibus
1374 1484 1473 1548 tribus
1490 1509 1498 1547 ε
1515 1486 1631 1567 quibus
1650 1486 1779 1569 elapsiS,
1797 1486 1835 1549 ad
1858 1485 1994 1567 propriam

464 1583 542 1641 liter
557 1581 764 1657 infantulum
779 1583 1028 1642 sciscitarentur
1042 1585 1214 1662 quarenti-
1272 1583 1365 1646 rediit
1385 1584 1525 1648 domum.
1545 1649 1550 1654 ,

463 1681 533 1749 bus,
555 1680 745 1756 infantulus
763 1682 863 1756 prius
887 1682 923 1741 in
947 1700 1052 1741 vocem
1076 1683 1213 1758 erupit:
1310 1682 1443 1762 Insuper
1467 1683 1583 1744 falsum
1608 1683 1762 1764 estquod
1789 1682 1908 1765 peperit
1924 1681 1995 1763 juxte

466 1781 532 1854 li'po
542 1778 802 1858 (inquiens)suan
814 1781 877 1839 Dei
890 1779 1120 1859 minister,qni
1132 1782 1216 1840 mibi
1271 1781 1430 1862 palmam;
1457 1781 1523 1861 sed,
1548 1789 1583 1842 ut
1608 1791 1738 1843 sanctus
1768 1782 1878 1844 recitat
1903 1781 1994 1852 Lucas,
2094 1857 2095 1866 ἵ

463 1878 586 1936 tibrum
602 1877 1014 1953 tribuens,naepropbetcm
1031 1880 1212 1939 constituit.
1234 1877 1344 1942 Bcum
1366 1880 1493 1962 ioseph,
1515 1899 1633 1962 sponso
1658 1899 1695 1942 aa
1720 1879 1866 1942 ministro
1889 1899 1948 1956 suo,
1966 1880 1995 1940 ad
2008 1869 2095 1938 iunia]

463 1978 532 2037 Hoc
553 1985 600 2035 est
620 1977 660 2035 de
682 1977 822 2046 Christo,
838 1977 959 2037 Marica
978 1978 1061 2054 filio,
1083 1979 1215 2038 verbum
1271 1978 1466 2056 Bethlehem,
1493 1987 1586 2061 partu
1616 1998 1672 2042 suo
1701 1980 1852 2056 instante,
1878 1977 1997 2062 prolecta
2094 2033 2095 2058 ,

466 2094 579 2136 aaran.
1272 2086 1330 2156 est,
1355 2077 1462 2159 ibique
1482 2078 1516 2139 in
1536 2078 1641 2141 medio
1666 2079 1771 2141 noctis
1792 2078 1825 2140 in
1846 2077 1996 2140 diversorio

505 2173 551 2234 hd
576 2171 659 2234 istud
685 2173 874 2255 respondeo,
897 2174 981 2254 quod
1006 2182 1106 2237 totum
1132 2175 1216 2237 istud
1273 2176 1439 2254 exsistens,
1457 2176 1581 2258 peperit
1595 2174 1713 2254 filiurn,
1731 2178 1820 2240 salva
1841 2175 1996 2257 integritate
2094 2173 2095 2206 ³

466 2280 514 2334 est
535 2271 622 2334 omni
648 2271 787 2334 falsitate
812 2281 907 2353 atque
929 2274 1084 2356 sacrilega
1106 2275 1218 2357 impie·
1274 2275 1596 2356 virgineasiquidem
1612 2274 1845 2356 omnipotentia
1858 2275 1907 2336 Dei
1921 2293 1997 2354 agen·

466 2379 529 2433 tate
544 2371 711 2452 repletum.
725 2370 763 2433 Et
778 2390 846 2450 cur,
863 2390 882 2435 o
898 2372 1078 2435 miserrime
1093 2373 1216 2452 lishon,
1274 2382 1315 2451 te,
1341 2392 1487 2454 egressus
1515 2379 1564 2435 est
1590 2372 1733 2435 Christus
1762 2381 1885 2435 uterum
1911 2371 1996 2434 blattis

464 2468 979 2552 Evangeliumcommendasti‚qui
992 2471 1108 2552 ubique
1121 2471 1219 2534 Evan·
1274 2471 1393 2555 absque
1413 2470 1512 2552 ipsius
1538 2469 1667 2533 lusione
1687 2479 1719 2532 et
1737 2470 1950 2553 corruptione3
1963 2476 1998 2530 at·
2094 2473 2095 2530 t

464 2567 550 2649 gelio
566 2566 811 2631 sceleratissime
833 2569 1216 2650 contradicistlitnunc‚
1274 2588 1335 2650 que
1365 2569 1396 2629 in
1426 2569 1503 2632 hora
1531 2567 1585 2631 illa
1613 2568 1675 2631 iuit
1698 2569 1796 2651 Virgo
1824 2566 1998 2631 sanctissima

465 2683 484 2728 ο
499 2665 678 2746 sarraceni,
695 2685 752 2729 cur
766 2667 835 2728 istis
850 2667 1011 2730 assentitis
1026 2667 1218 2730 mendaciist
1274 2667 1307 2729 in
1323 2667 1590 2748 contemplatione
1602 2667 2000 2746 altissimal’raetereapror-
2094 2675 2095 2704 ³

466 2763 592 2842 Veram,
622 2782 745 2844 precor,
775 2763 1035 2829 informationem
1069 2766 1216 2848 accipite.
1274 2786 1327 2828 sus
1356 2767 1543 2829 mendosum
1573 2773 1622 2828 est
1653 2767 1738 2847 quod
1773 2774 1894 2847 partum
1925 2763 1997 2825 illuni

2094 3514 2095 3563 l

2094 3658 2095 3689 l

467 2861 610 2924 Dicimus
638 2863 768 2944 qnippe,
799 2864 884 2944 quod
914 2864 997 2926 sicut
1025 2864 1219 2927 electissima
1273 2865 1521 2927 mundissImum
1535 2865 1688 2927 menstrui
1701 2865 1863 2946 precessit
1877 2860 1997 2925 stillatio:

468 2958 564 3041 Virgo
579 2960 749 3039 Christum,
765 2959 821 3023 Dei
838 2960 988 3038 Verbum,
1002 2961 1072 3024 sine
1088 2961 1219 3024 libidine
1274 2965 1350 3042 Imo,
1358 2961 1626 3045 quemadmodum
1641 2981 1679 3026 ex
1693 2961 1872 3045 purissimis
1886 2957 1999 3040 Virginis

467 3067 499 3120 et
521 3058 640 3122 carnali
665 3059 874 3122 delectatione
896 3061 1055 3143 concepit,
1076 3060 1123 3122 sic
1146 3080 1219 3123 eum
1237 3065 1259 3128 C
1274 3072 1391 3126 sanctae
1410 3060 1619 3143 sanguinibus
1641 3079 1758 3144 corpus
1773 3060 1885 3124 Christi
1904 3059 1999 3120 torma-

468 3158 588 3238 absque
617 3158 725 3221 dolore
753 3168 784 3221 et
813 3160 1006 3222 verecundia
1039 3168 1132 3240 atque
1165 3160 1221 3222 tri·
1274 3159 1488 3239 tumiuit,ita
1510 3168 1541 3221 et
1563 3160 1997 3237 eeteracunctaiucruntpu·

469 3254 639 3332 stitia,imo
653 3276 726 3319 cum
737 3257 922 3321 dulcissimo
934 3257 1091 3338 spirituali
1104 3257 1220 3339 gaudio
1275 3259 1410 3321 rissima.
1428 3258 1538 3322 Cetera
1559 3258 1633 3320 item
1656 3265 1750 3339 tacta,
1767 3257 1912 3321 videlicet
1930 3253 1997 3335 qnod

469 3354 604 3435 peperit,
619 3355 886 3434 quemadmodum
903 3354 935 3417 in
951 3356 1029 3418 Isaia
1044 3356 1126 3418 Deus
1143 3375 1220 3437 prae·
1274 3358 1416 3421 Christus
1445 3376 1517 3421 mox
1550 3364 1643 3419 natus
1676 3376 1766 3419 suam
1800 3355 1921 3418 Matrem
1951 3350 1999 3413 luit

330 3470 453 3522 ramni.
469 3452 547 3515 dixit
572 3476 579 3513 :
605 3456 782 3535 Antequam
810 3456 982 3536 parturiret
1005 3454 1051 3534 (id
1080 3464 1138 3531 est,
1165 3456 1220 3517 dc
1275 3458 1431 3521 allocutus
1460 3464 1491 3518 et
1519 3455 1700 3519 consolatus
1728 3455 1771 3518 oh
1795 3472 1915 3520 causam
1937 3468 1999 3532 pra

470 3549 568 3613 iorem
594 3550 739 3633 pariendi
765 3552 922 3631 sentiret),
940 3553 1063 3635 peperit
1083 3553 1220 3633 (scilicet
1276 3564 1401 3633 tanum,
1426 3554 1551 3637 penitus
1577 3554 1693 3617 laisum
1719 3562 1777 3617 est.
1801 3552 1945 3617 Potuisset
1965 3558 1999 3610 u·

469 3649 537 3711 sine
551 3650 690 3727 dolore);
703 3658 873 3731 antequam
889 3651 1012 3713 veniret
1026 3661 1135 3733 partus
1149 3651 1219 3731 ejus
1276 3673 1348 3715 men
1372 3654 1470 3735 loqui,
1487 3652 1514 3715 si
1530 3653 1696 3731 voluisset,
1713 3659 1823 3733 utpote
1838 3650 1918 3714 omni
1932 3646 1999 3728 sapi-

469 3747 515 3828 (id
530 3756 579 3809 est
592 3748 684 3812 dolor
698 3768 736 3810 ex
751 3751 867 3830 partu),
885 3749 1007 3832 peperit
1029 3752 1218 3829 masculum,
1275 3752 1360 3815 entia
1375 3752 1504 3833 plenus;
1517 3752 1571 3814 sed
1587 3750 1695 3814 nullus
1711 3751 1894 3813 Sanetmum
1909 3744 1999 3809 scribit

469 3848 501 3910 id
523 3855 572 3910 est
591 3848 761 3912 Christum.
780 3849 822 3911 De
845 3868 907 3930 quo
928 3850 962 3911 in
984 3849 1121 3912 Jeremia
1142 3869 1221 3932 prae·
1276 3869 1348 3912 eum
1365 3858 1440 3911 tune
1455 3849 1562 3911 statim
1577 3850 1731 3913 locutum.
1751 3846 1820 3912 Non
1835 3847 1923 3910 etiam
1938 3860 1999 3923 pra-

377 3985 455 4022 am,
470 3947 591 4009 dictum
607 3956 656 4009 est
672 3971 679 4007 ι
697 3946 818 4010 Novum
839 3947 937 4010 iaciat
949 3947 1103 4009 hominus
1126 3966 1220 4028 super
1276 3947 1364 4029 cepit·
1385 3947 1465 4009 Deus
1494 3946 1594 4008 hiariae
1619 3944 1758 4027 palmam
1784 3952 1932 4017 excutere,
1952 3956 1998 4001 nec

351 4067 357 4077 ·
470 4055 603 4123 terram,
620 4046 737 4109 mulier
752 4046 962 4109 circumdabit
976 4046 1090 4123 virum,
1109 4046 1140 4108 id
1160 4054 1218 4123 est,
1275 4046 1348 4108 inde
1371 4045 1548 4124 comedere,
1565 4063 1668 4126 neque
1690 4052 1807 4107 tacere.

470 4146 504 4209 in
528 4152 619 4208 utero
643 4145 803 4226 concipiet
828 4154 860 4207 et
884 4144 1023 4228 portabit
1047 4145 1218 4223 Christum,
1315 4144 1470 4225 Amplius,
1489 4141 1604 4204 laisum
1625 4150 1674 4204 est
1694 4142 1779 4224 quod
1801 4141 1920 4204 hiariam
1939 4152 1996 4199 cum

469 4244 524 4327 qui
540 4244 635 4307 etiam
650 4244 754 4306 adhue
770 4244 925 4306 exsistens
947 4253 1089 4307 materno
1105 4244 1137 4306 in
1153 4252 1220 4305 ute·
1236 4246 1260 4308 D
1276 4261 1374 4325 puero
1397 4241 1578 4304 venientem
1601 4240 1700 4321 aliqui
1721 4241 1812 4322 quasi
1832 4228 1996 4320 culpabilem

470 4363 505 4406 ro
531 4344 579 4405 vir
603 4343 675 4420 luit,
703 4361 765 4405 non
790 4343 932 4425 eorporis
956 4343 1141 4423 quantitate,
1163 4344 1218 4405 sed
1275 4349 1330 4403 aut
1354 4339 1559 4403 fornicariam
1594 4338 1877 4421 reprehendebant.
1904 4330 1997 4397 habuit

470 4441 635 4523 sapientiae
650 4461 686 4504 ac
702 4441 854 4503 virtutum
869 4440 1076 4521 perfectione.
1094 4441 1131 4503 Et
1145 4460 1219 4522 quo
1276 4440 1361 4502 enim
1384 4439 1500 4516 virum,
1518 4447 1662 4501 sanetum
1685 4446 1716 4500 et
1737 4446 1858 4501 eastum
1878 4429 1995 4513 Ioseph:

470 4538 557 4600 niam
585 4540 669 4602 istud
699 4559 823 4602 summe
851 4538 997 4601 mirabile
1025 4539 1096 4617 tuit,
1122 4540 1218 4602 isaias
1275 4536 1525 4620 aquoquamvis
1541 4530 1996 4619 noniueratcognita‚homines

321 4655 355 4697 n.
370 4656 454 4701 axina.
471 4637 626 4718 propheta
641 4637 805 4718 subjunxit
821 4662 827 4699 ε
844 4637 920 4712 Quis
940 4636 1059 4699 audIvit
1079 4657 1218 4719 unquam
1275 4646 1381 4699 tamen
1396 4635 1548 4718 putabant
1569 4654 1639 4697 eam
1660 4654 1679 4697 a
1700 4634 1814 4716 ioseph
1835 4633 1997 4714 Impugna-

470 4736 557 4797 talel
586 4744 640 4797 aut
668 4736 739 4816 quis
768 4736 848 4798 vidit
875 4736 950 4797 huic
986 4735 1110 4798 similet
1139 4736 1218 4799 Hinc
1275 4745 1337 4797 tam
1355 4734 1464 4796 luisse.
1481 4733 1547 4796 Imo
1563 4731 1619 4794 illa
1639 4752 1703 4795 una
1718 4732 1837 4795 exstitit
1850 4746 1936 4793 causa
1952 4740 1997 4785 eur

470 4853 596 4917 quoque
611 4834 775 4897 translatio
789 4834 1058 4916 Chaldaica,apud
1073 4834 1219 4897 Hebraeos
1275 4835 1356 4896 Deus
1382 4831 1483 4895 voluit
1504 4850 1574 4893 eam
1598 4830 1668 4894 viro
1693 4830 1865 4893 consistere
1884 4828 1997 4905 despon-

470 4933 665 5012 authentica,
695 4934 790 4996 habet
821 4957 828 4995 :
858 4933 969 4995 Adhuc
997 4952 1061 4995 non
1091 4940 1157 4995 erat
1189 4934 1218 4995 ei
1275 4940 1386 5011 satam,
1407 4950 1447 4993 ne
1466 4929 1640 4993 fornicaria
1661 4936 1859 5011 reputaretur
1875 4949 1881 4987 :
1897 4921 1997 4993 sciebat

471 5033 602 5095 veniens
626 5032 782 5113 angustia,
805 5040 837 5093 et
861 5031 963 5093 adhuc
988 5050 1051 5093 non
1078 5032 1166 5093 venit
1188 5032 1218 5093 ei
1275 5029 1422 5111 equidem
1456 5037 1600 5091 teneram
1629 5026 1763 5109 virginis
1798 5018 1995 5090 verecundiam

470 5140 589 5194 tremor
616 5150 655 5192 ex
682 5128 845 5192 doloribus
874 5137 1003 5211 propter
1027 5137 1162 5210 partum,
1189 5136 1220 5191 et
1274 5147 1355 5191 esse.
1381 5126 1459 5205 Imo,
1485 5134 1520 5188 ut
1546 5126 1647 5189 Lucas
1669 5124 1864 5206 evangelista
1890 5121 1995 5190 latetur,

471 5228 666 5294 revelabitur
680 5247 734 5289 rex
749 5227 888 5304 Massiua,
906 5227 936 5289 id
953 5236 1001 5289 est
1016 5226 1170 5289 Christus.
1275 5227 1365 5289 iesus
1392 5232 1460 5287 erat
1487 5225 1577 5306 quasi
1606 5224 1736 5304 triginta
1760 5238 1909 5286 annorum
1934 5216 1994 5278 dun
2007 5211 2088 5264 leti*

510 5329 673 5408 Praeterea,
703 5327 789 5408 quod
812 5326 933 5389 dictum
958 5332 1017 5404 est,
1042 5324 1138 5388 ldaria
1162 5325 1220 5387 im·
1275 5325 1378 5388 adhue
1401 5324 1605 5407 reputabatur
1626 5322 1715 5385 iilius
1730 5322 1857 5405 loseph.
1872 5318 1944 5383 Hinc
1960 5320 1996 5373 to
