4309 6250
316 514 357 562 ns
378 514 542 562 oronnam
562 515 599 560 m
620 512 768 561 ennomus
789 512 819 557 a.
841 510 870 557 r.
892 509 1010 571 uanis,
1033 510 1122 556 nram
1142 510 1186 557 m.
1209 530 1250 541 -
1269 510 1341 557 aar.
1362 509 1460 568 xxvii,
1481 510 1581 557 nrm
1663 490 1722 554 lid

169 692 326 766 quatenus
351 684 433 748 sicut
458 682 519 745 luit
538 678 674 763 adjutrix
697 676 957 761 Redemptorisd
974 677 1018 739 tia
1043 695 1080 739 ac
1104 676 1283 741 humilitate
1304 698 1338 741 se
1357 678 1506 742 subdidit.
1523 676 1562 741 Et
1580 677 1656 739 itam
1680 676 1722 739 ob

170 803 226 865 per
250 785 516 865 compassionem,
544 780 587 843 ita
611 786 711 841 mater
733 777 828 840 lieret
851 795 918 840 om·
974 772 1227 855 singularitatem
1256 776 1430 854 vitandam,
1456 794 1497 838 ne
1523 774 1721 857 Baptismum

170 882 260 943 nium
293 900 351 963 por
385 878 634 955 recreationem
664 884 696 938 et
724 875 806 937 sicut
833 882 917 937 totus
973 872 1114 952 vitando,
1135 873 1296 937 videretur
1319 874 1535 939 innocentiam
1560 891 1651 935 suam
1674 872 1723 953 ja·

169 981 308 1042 mundus
324 980 387 1042 Deo
401 978 559 1059 obligatur
572 976 614 1039 ob
633 974 814 1057 passionem
834 971 914 1052 ejus,
974 978 1058 1033 ctare
1077 993 1084 1032 :
1103 973 1277 1053 prasertim
1292 973 1368 1054 quia
1386 981 1418 1035 et
1438 970 1722 1035 innocentissimus

170 1078 213 1141 ita
227 1086 260 1140 et
274 1077 465 1140 beatissimae
481 1074 621 1138 Domine
635 1072 778 1136 omnium
798 1070 916 1151 obliga-
973 1076 1067 1149 atquc
1096 1070 1316 1133 sanctissimus
1349 1070 1449 1133 Filius
1482 1068 1553 1151 ejus
1581 1068 1722 1130 Christus
1747 1090 1868 1145 nertin,

169 1184 257 1238 retur
277 1176 319 1238 oh
340 1174 412 1256 ejus
434 1171 700 1255 compassionem.
974 1165 1165 1248 baptismum
1190 1168 1326 1250 sumpsit
1350 1168 1381 1231 S.
1407 1167 1548 1231 ioannis.
1573 1166 1651 1228 ltem
1680 1166 1722 1229 ob
1737 1158 1805 1198 ¹²¹⁶·

973 1263 1159 1326 scandalum
1175 1265 1370 1345 evitandum,
1386 1273 1418 1327 et
1432 1265 1647 1327 adhibendum
1670 1282 1722 1325 ex-

972 1362 1126 1443 emplum,
1152 1381 1193 1424 ne
1218 1381 1354 1444 persona
1381 1362 1617 1445 quantumlibet
1644 1362 1722 1425 emi-

330 1488 574 1555 ARTICULUS
604 1486 747 1551 XXVIL
972 1480 1052 1523 nens
1066 1460 1263 1542 Baptismum
1286 1472 1398 1525 renuat
1416 1461 1610 1538 Salvatoris3
1627 1469 1722 1543 atque

972 1558 1013 1621 ob
1032 1558 1141 1639 gratiae
1155 1578 1192 1621 ac
1207 1559 1361 1623 virtutum
1381 1568 1586 1642 angmentum
1607 1567 1639 1621 et
1657 1578 1723 1621 me-

261 1660 317 1719 An
343 1656 567 1717 sacratissima
593 1655 686 1731 virgo
710 1652 822 1714 Maria
972 1656 1105 1719 ritorum
1120 1675 1251 1720 suorum
1267 1659 1591 1740 supererogationem,
1608 1664 1639 1719 et
1655 1675 1722 1737 pro

388 1747 501 1821 luera!
523 1744 699 1819 baptizata.
973 1762 1044 1837 pter
1058 1754 1249 1817 characteris
1263 1756 1505 1839 impressionem
1521 1755 1721 1835 sumendam,

935 1856 1005 1919 Bet
1029 1854 1067 1915 ad
1096 1853 1286 1936 ampliorem
1314 1874 1404 1917 suam
1432 1854 1655 1918 exaltationem
1685 1872 1722 1915 ac

32 1980 153 2029 realis.
236 1961 396 2038 [Siquis
421 1966 556 2017 renatus
579 1958 685 2033 suerit
709 1976 750 2015 erc
773 1974 858 2033 aqua
887 1962 918 2013 et
973 1951 1107 2033 gloriam
1136 1952 1375 2033 sempiternam,
1400 1953 1476 2035 qnia
1499 1971 1563 2035 quo
1586 1952 1722 2035 amplius

250 2060 386 2134 Spiritu
411 2058 542 2124 Sancto,
565 2074 629 2113 non
650 2062 752 2128 potest
777 2054 919 2111 introire
973 2068 1009 2111 ac
1032 2049 1222 2131 profundius
1237 2070 1271 2113 se
1286 2051 1475 2130 humiliavit,
1491 2070 1530 2114 eo
1551 2050 1722 2131 gloriosius

168 2158 201 2215 in
223 2174 362 2232 regnum
383 2154 453 2215 Dei.
470 2151 660 2233 Baptismus,
679 2150 768 2231 juxta
790 2148 919 2211 Sancto-
974 2147 1103 2210 exaltari
1124 2149 1312 2230 promeruit.

167 2271 237 2314 rum
253 2250 444 2329 doctrinam,
460 2257 509 2311 cst
521 2248 619 2330 janua
634 2254 917 2325 sacramentorum,

166 2360 199 2413 et
227 2358 463 2413 sacramentum
492 2346 692 2409 necessitatis
723 2367 730 2407 :
761 2345 805 2407 ita
832 2344 917 2425 quod

166 2466 281 2510 omues
295 2454 439 2527 tempore
453 2444 617 2527 Evangelii
633 2441 788 2526 divulgati
810 2450 918 2504 tenen·
1129 2484 1374 2549 ARTICULUS
1401 2485 1560 2549 XXVIII·

165 2555 218 2608 tur
243 2546 283 2608 ad
309 2544 400 2621 illud,
417 2543 590 2605 dummodo
613 2542 695 2605 adsit
718 2541 864 2605 incultas.
881 2540 919 2603 Bt

166 2644 251 2706 sicut
278 2640 468 2705 sanctificati
495 2640 528 2702 in
553 2648 642 2703 utero
666 2648 809 2721 tempore
838 2638 917 2719 legis
976 2652 1095 2711 Utrum
1111 2652 1388 2727 praestantissima
1407 2652 1500 2727 225790
1513 2652 1627 2712 Maria
1646 2662 1724 2711 cete-

165 2741 311 2804 dlosaicae
336 2738 614 2802 circumcisionem
642 2746 856 2820 sumpserunt,
883 2744 918 2799 ui
1013 2760 1051 2799 ra
1080 2759 1206 2818 quoque
1232 2743 1426 2817 evangelica
1455 2744 1535 2818 lepis
1563 2743 1722 2817 acceperit

42 2863 151 2911 inias,
165 2848 254 2921 patet
279 2839 318 2901 de
344 2836 536 2901 beatissimis
563 2837 683 2899 ioanne
711 2836 852 2918 Baptista
879 2854 915 2898 ac
1011 2837 1239 2896 sacramenta:
1261 2837 1292 2887 et
1316 2829 1504 2904 specialiter
1524 2850 1569 2889 an
1593 2834 1722 2906 confite·

32 2926 150 2973 ⁵⁹³¹“·'·⁵·
164 2938 325 3015 ieremia3
342 2936 387 2999 sic
407 2944 439 2997 et
458 2934 484 2997 si
504 2934 559 3016 qui
582 2935 615 2997 in
638 2934 822 3017 evangelica
848 2934 917 3015 lege
1012 2918 1122 2977 baim·

165 3034 448 3099 sanctificarentur
480 3032 512 3096 in
541 3040 643 3112 utero,
674 3033 777 3096 adhuc
810 3036 957 3099 tamenC

164 3135 321 3198 deberent
343 3133 540 3216 Baptismum
570 3132 727 3214 accipere,
754 3139 820 3194 tum
844 3149 916 3214 pro-
1037 3133 1063 3192 S
1069 3133 1120 3194 TO
1132 3131 1169 3190 in
1184 3132 1255 3190 iliis
1276 3134 1372 3210 quasi
1391 3153 1478 3192 unus
1496 3153 1537 3192 ecc
1557 3135 1646 3209 ipsis.
1663 3133 1721 3196 'lo-
1745 3164 1819 3209 Μ,

162 3241 234 3315 pter
255 3232 369 3295 Christi
391 3239 596 3314 praeceptum,
614 3239 680 3292 tum
701 3239 830 3311 propter
849 3249 917 3292 sus·
1052 3229 1114 3290 tius
1129 3227 1318 3290 humilitatis
1334 3229 1483 3311 magistra
1505 3239 1536 3294 et
1556 3231 1721 3313 perlectis·
1734 3241 1798 3281 ¹¹¹³·
1814 3233 1834 3272 ¹·

162 3331 351 3412 cipiendum
384 3331 600 3392 characterem
638 3347 701 3410 quo
739 3328 916 3410 baptizatus
972 3326 1051 3388 sima
1075 3325 1191 3388 Christi
1215 3327 1385 3408 discipula,
1409 3328 1479 3390 Filii
1506 3329 1554 3392 sui
1585 3330 1720 3412 vestigia

161 3429 290 3492 Christo
310 3428 443 3490 interius
463 3426 680 3490 conformatur
703 3425 837 3508 ejusque
862 3445 916 3508 po-
972 3423 1204 3504 pcrlectissime
1218 3433 1267 3486 est
1281 3433 1400 3502 secuta,
1413 3426 1446 3488 in
1460 3434 1583 3490 motum
1600 3435 1635 3490 ut
1648 3447 1721 3510 pro

162 3527 239 3609 pulo
253 3533 494 3604 annumeratur,
510 3533 578 3587 tum
593 3533 722 3606 propter
740 3525 848 3606 gratiae
869 3526 917 3586 in·
970 3529 1041 3602 pter
1063 3522 1183 3585 motiva
1206 3521 1240 3583 in
1257 3524 1448 3604 praecedenti
1468 3525 1602 3588 articulo
1623 3534 1718 3604 tacta,

162 3632 376 3702 crementum,
394 3631 460 3684 tum
476 3630 511 3684 ut
526 3641 583 3704 par
597 3623 792 3704 corporalem
814 3622 916 3705 bapti·
970 3618 1095 3682 dicatur
1116 3628 1349 3682 sacramentum
1368 3621 1564 3684 Poenitcntiae
1588 3641 1653 3686 non
1675 3623 1720 3686 vi-

160 3723 320 3784 nctionem
345 3720 470 3784 Christo
495 3737 589 3802 passo
612 3729 644 3782 ct
667 3719 791 3802 sepulto
819 3721 914 3782 etiam
971 3725 1064 3794 tasse,
1081 3718 1137 3780 sed
1153 3717 1300 3781 contessa
1315 3719 1424 3796 luisse,
1442 3721 1616 3801 praesertim
1632 3721 1721 3784 Joan·

161 3819 372 3901 corporaliter
399 3817 652 3900 configurantur.
679 3818 759 3881 llinc
789 3837 915 3901 quoquc
972 3815 1003 3876 ni
1030 3816 1185 3896 apostolo,
1211 3816 1263 3878 cui
1292 3815 1354 3878 iuit
1381 3817 1562 3895 commissa,
1592 3819 1720 3900 quando

160 3917 306 3999 Apostoli
321 3915 354 3977 in
369 3915 612 3979 circumcisione
627 3916 668 3978 ab
681 3915 827 3997 originali
848 3917 915 3980 cul·
970 3923 1094 3997 poterat
1126 3922 1305 3996 opportune
1337 3913 1454 3978 hahere
1482 3915 1553 3996 ejus
1582 3936 1720 3998 praesen-

160 4033 201 4096 pa
222 4013 363 4096 purgati,
381 4015 552 4076 creduntur
571 4033 589 4076 a
608 4012 731 4076 Christo
751 4013 913 4096 baptizati,
971 4011 1057 4090 tiam,
1073 4012 1152 4074 alias
1170 4013 1287 4075 Jacobo
1311 4011 1577 4094 ierosolymorum
1596 4014 1720 4096 episco-

160 4120 257 4195 prout
279 4111 400 4174 dehac
420 4130 454 4173 re
478 4111 622 4174 doctores
648 4129 743 4192 super
766 4121 914 4192 quartum
970 4127 1022 4190 po,
1040 4117 1094 4172 aut
1118 4110 1226 4174 forsan
1251 4110 1436 4174 beatissimo
1459 4110 1549 4174 Petro
1574 4112 1717 4175 omnium

160 4209 400 4274 Sententiarum
423 4217 454 4270 ct
478 4209 510 4270 in
534 4208 673 4271 Summis
697 4209 763 4271 suis
788 4210 914 4291 plenius
929 4214 954 4275 l)
970 4226 1096 4271 summo
1113 4231 1120 4270 :
1137 4226 1201 4271 non
1216 4209 1301 4290 quod
1316 4209 1434 4271 directa
1454 4209 1571 4272 dixerit
1590 4229 1624 4273 se
1646 4231 1719 4292 pec-

161 4310 321 4373 acrihunt.
351 4307 500 4384 Quamvis
529 4307 614 4370 enim
649 4307 852 4373 circumcisio
880 4311 913 4372 in
970 4325 1070 4386 casse,
1088 4306 1142 4368 sed
1162 4307 1273 4386 gratiis
1291 4325 1329 4368 ac
1354 4306 1521 4370 beneficiis
1545 4308 1600 4371 nai
1625 4329 1663 4371 ex
1684 4329 1718 4373 se

159 4409 230 4490 lege
257 4407 392 4490 scripta,
415 4413 446 4468 et
469 4405 649 4488 Baptismus
673 4405 706 4468 in
730 4407 914 4488 evangelica
968 4405 1123 4468 incarnati
1149 4423 1214 4468 non
1239 4423 1309 4467 esse
1332 4405 1474 4485 plenario
1498 4414 1631 4487 gratam,
1658 4427 1718 4470 nec

159 4506 242 4587 lege,
261 4504 401 4568 instituti
418 4504 481 4565 sint
495 4512 606 4566 contra
627 4503 781 4584 originale
803 4523 914 4586 pecca-
969 4503 1143 4584 condignas
1158 4511 1263 4585 grates
1278 4504 1451 4583 rependere
1466 4523 1558 4585 posse
1573 4505 1647 4583 Deo,
1658 4524 1717 4569 nec

159 4613 239 4682 tum,
263 4603 443 4666 secundum
467 4620 669 4665 communem
695 4621 845 4679 cursum3
869 4613 914 4666 ta-
969 4601 1066 4662 Beum
1087 4609 1122 4662 ut
1140 4601 1255 4681 dignus
1275 4609 1386 4680 exstat,
1404 4600 1547 4682 diligere.
1564 4602 1602 4664 Et
1621 4603 1665 4665 ita
1684 4623 1718 4666 se

159 4723 232 4766 men
249 4710 283 4764 et
303 4701 382 4764 alios
403 4701 582 4763 hahuerunt
600 4697 736 4762 allectus
758 4701 911 4780 salubres,
967 4697 1192 4780 habuitpotins
1204 4699 1399 4780 permodum
1412 4699 1635 4780 poenitentiset
1647 4719 1719 4764 con·

159 4810 190 4864 et
208 4799 394 4882 Baptismus
420 4798 523 4860 adhue
548 4796 654 4874 habet,
680 4807 810 4880 propter
832 4817 912 4879 quos
968 4797 1101 4877 litantis,
1113 4816 1210 4878 quam
1224 4817 1299 4860 vere
1314 4797 1474 4879 poenitens
1488 4807 1543 4861 aut
1557 4799 1717 4862 cantitans

159 4905 298 4982 possunt
321 4905 353 4961 et
382 4895 590 4960 sanctificatis
619 4895 650 4957 in
679 4903 770 4959 utero
798 4915 914 4960 conve-
968 4895 1075 4972 luerit,
1094 4904 1187 4976 prout
1201 4895 1356 4976 poenitere
1372 4904 1419 4958 est
1434 4904 1564 4977 peccata
1582 4896 1714 4976 deilere,

160 4999 242 5060 nire.
969 4993 1053 5056 etde
1068 4993 1206 5075 propriis
1221 4993 1325 5074 culpis
1340 4994 1458 5055 dolere.
1477 4993 1716 5057 Sacramentum

199 5096 281 5158 llinc
309 5091 602 5156 immaculatissima
624 5101 657 5155 et
680 5092 799 5174 optima
825 5091 912 5174 virgo
968 5109 1044 5154 vero
1059 5091 1184 5153 Ordinis
1199 5089 1337 5153 leminea
1356 5110 1421 5154 non
1443 5093 1593 5155 convenit
1614 5094 1713 5155 serni.

161 5193 257 5256 llaria
272 5191 376 5254 fertur
389 5190 503 5254 Christi
518 5191 709 5273 Baptismute
731 5191 886 5272 baptizata
903 5215 910 5253 z
968 5189 1226 5254 Confirmationis
1240 5198 1346 5252 autem
1361 5199 1593 5253 sacramentum
1614 5192 1716 5272 magis

163 5311 233 5374 qua
248 5290 348 5354 etiarn
371 5288 433 5370 legi
452 5288 688 5371 purificationis
706 5307 745 5350 ex
761 5288 913 5352 obedien·
968 5287 1072 5371 potnit
1086 5287 1115 5350 ei
1134 5295 1326 5370 competere,
1341 5289 1425 5369 quod
1447 5287 1610 5371 baptizatis
1624 5289 1717 5354 datur
