4309 6250
403 522 443 569 us
463 520 626 568 prostrare
647 520 684 567 nr
706 520 852 567 tammus
873 520 901 565 a.
924 520 952 565 v.
975 517 1093 579 unam,
1116 516 1203 563 cum
1223 516 1266 563 ιν.
1288 534 1330 545 -
1349 515 1418 563 aar.
1440 515 1493 563 xri
1665 492 1721 559 ill

163 694 255 775 quod
279 692 349 777 ipsa
374 692 468 755 unica
491 700 523 755 et
545 690 803 774 incomparabilis
823 688 919 771 Virgo
937 688 962 753 A
977 688 1262 753 fructificationem
1287 707 1352 751 sua
1377 686 1533 769 passionis
1556 704 1594 747 ac
1615 682 1725 746 mortis

163 792 197 853 in
223 792 316 855 omni
341 790 506 874 sapientia,
524 790 659 855 scientia
682 798 715 853 et
738 788 943 853 divinorum,
974 787 1096 870 jugiter
1108 786 1274 851 affectavit
1294 797 1327 850 et
1347 786 1478 849 affectat
1492 784 1660 848 intensius.
1677 781 1726 844 ld·

164 890 293 953 notitia·
305 898 498 953 secretorum
518 887 810 971 incomparabiliter
829 906 921 969 supe-
976 888 1063 951 circo
1079 887 1111 949 in
1127 896 1191 950 tam
1207 884 1494 950 innumerabilibus
1505 883 1647 946 millibus
1661 881 1727 945 ani·

164 996 215 1049 rat
236 988 410 1053 universos
432 988 520 1051 cives
542 988 708 1064 coelestes;
725 986 859 1067 ideoque
881 985 920 1047 de
976 1006 1100 1049 marum
1120 994 1302 1048 sanctarum
1323 1003 1458 1048 cernens
1477 982 1658 1066 passionem
1674 981 1723 1043 sui

163 1086 456 1151 exuberantissima
479 1084 678 1169 plenitudine
707 1104 764 1147 sua
791 1082 922 1148 inferio·
975 1084 1045 1148 Filii
1071 1084 1280 1148 saluberrime
1305 1082 1527 1159 fructificasse,
1553 1081 1725 1144 vehemen-

165 1185 259 1248 ribus
282 1186 498 1249 communicat
517 1194 549 1249 et
568 1183 733 1247 diffundit.
976 1184 1098 1248 tissime
1112 1184 1229 1265 gaudet
1249 1184 1289 1246 de
1303 1183 1448 1247 omnium
1463 1181 1590 1244 illorum
1609 1180 1721 1242 saluta.

1015 1283 1159 1365 lnsupcr,
1176 1282 1296 1345 dictum
1318 1290 1366 1344 est
1385 1281 1470 1363 quod
1484 1278 1640 1361 quidquid
1655 1297 1725 1362 gra·
1743 1294 1869 1344 rmum

976 1381 1025 1445 tiae
1050 1400 1087 1445 ac
1111 1381 1235 1443 virtutis
1259 1378 1423 1444 confertur
1444 1377 1641 1455 bominibus,
1667 1395 1725 1459 per
1737 1372 1781 1401 ¹¹¹·

366 1447 610 1512 ARTICULUS
629 1447 721 1511 XVI·
976 1481 1103 1543 ldariam
1131 1478 1352 1543 dulcissimam
1380 1476 1583 1540 distribuitur
1610 1475 1687 1557 ipsis
1715 1499 1722 1537 ι

163 1600 213 1659 De
224 1598 446 1673 J'mmdiraae
464 1604 495 1655 ρι
510 1597 620 1671 prorsa
636 1616 734 1675 quam
757 1596 851 1653 habet
870 1614 921 1670 op.
977 1578 1048 1643 ideo
1064 1579 1133 1661 ipsa
1148 1598 1222 1641 vcra
1237 1586 1369 1640 vocatur
1382 1577 1479 1638 llater
1493 1576 1613 1657 gratie,
1630 1574 1725 1637 llater

205 1689 293 1745 tima
315 1688 407 1763 virgo
426 1688 538 1747 Μανία
559 1687 593 1745 ia
613 1686 741 1745 cernetis
761 1686 870 1745 electis
890 1693 920 1744 et
976 1677 1139 1758 etRegina
1155 1673 1477 1739 misericordiallinc
1492 1675 1561 1757 ipsa
1576 1673 1609 1735 in
1624 1672 1726 1735 beatis

206 1778 337 1837 Beatis.
977 1776 1144 1838 animabus
1166 1784 1317 1856 tanquam
1340 1774 1373 1835 in
1396 1772 1505 1837 sobole
1524 1792 1581 1835 sua
1599 1770 1726 1833 mirabi-

940 1876 963 1939 B
979 1876 1049 1938 liter
1067 1875 1252 1937 delectatur.
1269 1873 1389 1954 Nempe
1407 1880 1440 1935 et
1458 1870 1580 1933 meritis
1599 1890 1636 1933 ac
1656 1888 1727 1951 pre-

245 1974 327 2035 Μ’
345 1980 391 2031 est
417 1990 488 2047 spes
515 1981 639 2039 nostra,
665 1981 724 2031 aut
745 1972 920 2048 paediam,
977 1975 1069 2037 cibus
1098 1972 1311 2036 serenissima
1334 1970 1474 2034 Domina
1502 1978 1628 2048 nostre,
1655 1976 1728 2050 post

166 1968 318 2171 Oaut
341 2088 459 2129 corona
480 2072 623 2147 ptorae’oet
642 2089 748 2129 tronus
774 2090 826 2127 vos
847 2077 923 2129 anre
978 2093 1090 2155 preces
1111 2071 1269 2135 almerita
1290 2068 1417 2148 Christi,
1433 2068 1529 2131 aliam
1552 2068 1631 2149 ipsis
1645 2068 1727 2148 Apo

164 2170 378 2232 Dominum?
407 2167 550 2231 Universi
578 2166 676 2243 Beati,
707 2166 821 2229 Christi
852 2186 923 2229 sau·
978 2172 1067 2235 stolis
1094 2180 1297 2253 postcomm
1323 2168 1446 2231 ruinam
1470 2168 1542 2229 data
1561 2174 1610 2230 est
1627 2165 1727 2248 gratia

162 2268 264 2350 guina
293 2266 418 2329 liberati
443 2274 474 2328 et
497 2266 597 2348 gratia
621 2266 692 2348 ejus
717 2266 827 2343 renati,
849 2273 924 2329 sunt
979 2268 1211 2352 reparationis;
1233 2277 1265 2330 et
1287 2266 1442 2348 quidquid
1468 2265 1542 2329 boni
1567 2286 1626 2348 per
1645 2267 1727 2347 Apo

163 2366 354 2448 spirituales
390 2364 450 2427 filii
487 2364 558 2447 ejus
594 2384 630 2428 ac
662 2364 747 2429 filia.
774 2364 922 2428 Naturale
979 2368 1076 2431 stolos
1100 2376 1132 2429 at
1156 2384 1267 2429 eorum
1289 2364 1502 2445 coadjutores,
1526 2382 1726 2427 successores

161 2473 276 2528 autem
298 2470 348 2527 est
368 2463 459 2525 matri
483 2463 611 2545 gloriari
634 2464 667 2526 in
690 2463 799 2527 sobole
824 2462 922 2545 prolis
979 2476 1010 2531 et
1024 2473 1207 2543 sectatores,
1226 2464 1257 2525 in
1272 2463 1393 2526 mundo
1407 2470 1456 2525 est
1470 2471 1607 2543 gestum,
1623 2463 1729 2545 splen-

163 2582 244 2643 sure,
261 2563 342 2625 dum
358 2561 458 2625 soboli
475 2559 520 2623 ilfi
537 2562 617 2624 bene
633 2561 786 2624 succedit.
803 2560 875 2623 Ideo
890 2560 921 2621 in
979 2564 1153 2627 didissimrs
1167 2570 1262 2643 atque
1285 2560 1437 2643 piissimas
1453 2560 1574 2641 Virgini
1595 2568 1667 2643 post
1680 2560 1729 2623 ri-

162 2660 322 2722 omnlbus
344 2658 511 2722 animabus
533 2658 635 2721 bouils
658 2657 844 2721 felicissima
864 2659 923 2719 lla·
979 2663 1058 2727 lium
1077 2662 1149 2742 ejus
1169 2670 1217 2722 est
1236 2659 1493 2723 adscribendum.
1510 2658 1597 2721 Unde
1616 2658 1729 2721 asserit

164 2760 212 2821 ria
236 2756 354 2821 intime
377 2757 923 2841 gloriatur3atquequouniversos
979 2760 1148 2825 l'bertiuus
1180 2783 1187 2821 τ
1217 2758 1288 2841 lpsa
1315 2757 1505 2838 dignissima
1535 2757 1630 2839 l'irgo
1665 2758 1730 2819 sin-

162 2867 195 2921 et
211 2856 362 2938 singulos
374 2856 460 2919 cives
475 2855 622 2919 coelestes
638 2856 753 2919 clarius
768 2856 872 2919 noscit
886 2876 922 2919 ac
978 2860 1130 2943 gulariter
1162 2867 1262 2921 toturn
1296 2856 1466 2939 mysticum
1503 2875 1618 2937 corpus
1654 2876 1727 2917 cum

164 2956 298 3038 plenius
313 2954 426 3035 diligit,
434 2974 472 3017 eo
484 2956 523 3017 de
539 2954 759 3017 universorum
775 2962 806 3017 et
821 2956 924 3035 singu·
980 2978 1054 3021 vero
1069 2956 1184 3019 Cbristi
1201 2976 1334 3038 corpore
1349 2975 1407 3018 suo
1422 2955 1559 3038 portavit
1573 2954 1605 3016 in
1625 2964 1727 3034 utero,

163 3056 272 3117 lorum
299 3053 413 3132 salute,
432 3053 547 3115 decore
571 3060 602 3115 et
626 3053 728 3135 gloria
752 3053 922 3116 cordialius
940 3052 964 3115 (l
979 3066 1010 3120 et
1032 3057 1064 3119 in
1086 3055 1249 3119 continuis
1272 3055 1375 3118 cordis
1397 3054 1446 3117 sui
1467 3053 1632 3117 doloribus
1651 3056 1730 3117 assi-

163 3155 360 3230 delectatur,
377 3153 500 3215 cunctis
522 3171 648 3234 quoque
673 3152 921 3234 congratulatur,
978 3155 1088 3219 milata
1101 3155 1263 3218 doloribus
1279 3155 1328 3216 sui
1349 3154 1419 3216 Filii
1435 3152 1579 3236 singulos
1596 3153 1730 3237 parturi-

162 3263 195 3315 et
224 3252 416 3314 universum
446 3251 536 3313 illum
564 3251 790 3333 triumphantis
816 3250 923 3314 Eccle
978 3251 1033 3314 vit.
1060 3253 1114 3314 Cui
1135 3251 1319 3315 attribuitur
1339 3259 1403 3312 tuta
1423 3269 1541 3313 corona
1561 3251 1728 3314 duodecim

163 3351 221 3414 siae
257 3349 433 3413 exercitum
471 3348 740 3430 copiosissimum,
777 3350 923 3431 pulcbcr-
979 3351 1213 3432 Apostolorum,
1239 3349 1389 3431 quoniam
1418 3351 1538 3412 meritis
1564 3350 1635 3430 ejus
1661 3352 1729 3414 lue-

164 3451 299 3527 rimum,
334 3448 615 3530 jucundissimum,
650 3449 921 3512 ordinatissimum
980 3459 1052 3510 runt
1074 3449 1188 3520 vocati,
1205 3457 1299 3530 atquc
1321 3469 1377 3530 per
1396 3447 1466 3530 ejus
1485 3448 1726 3512 instructionem

162 3556 264 3628 atque
284 3544 535 3622 sanctissimum,
553 3563 625 3606 curn
647 3544 858 3608 inestimabili
873 3545 923 3627 ju-
978 3546 1095 3621 edoed,
1112 3565 1170 3628 per
1183 3546 1254 3627 ejus
1273 3565 1399 3626 ottoque
1419 3545 1556 3627 suspiria
1570 3555 1601 3608 ct
1615 3547 1728 3608 oratio

164 3645 348 3720 canditate,
372 3643 615 3725 complacentia,
636 3643 919 3725 congratulatione,
979 3663 1035 3706 nes
1055 3645 1175 3726 Spiritu
1196 3644 1312 3706 Sancto
1332 3644 1456 3724 repleti.
1475 3645 1560 3706 l'nde
1579 3654 1612 3707 et
1627 3645 1728 3725 Virgi-

164 3745 302 3808 caritate
317 3751 349 3804 et
370 3741 589 3804 benevolentia
605 3741 756 3820 intuatur,
774 3749 921 3822 tanquam
978 3742 1011 3804 ni
1032 3753 1149 3806 sanctas
1168 3742 1370 3824 singulariter
1387 3743 1573 3805 attribuitur
1593 3752 1657 3806 tota
1672 3764 1729 3826 per

164 3863 247 3926 opus
270 3850 303 3906 et
323 3859 447 3922 agmen,
465 3839 582 3902 curiam
597 3847 628 3902 et
649 3839 794 3902 militiam
812 3841 922 3922 unige-
978 3843 1146 3924 Apostolos
1161 3843 1244 3904 facta
1265 3842 1374 3902 mundi
1397 3841 1541 3904 victoria.

165 3943 225 4006 niti
254 3939 328 4002 Filii
355 3939 415 4018 sui,
442 3939 507 4002 imo
530 3947 562 4001 et
587 3947 734 4021 tanquam
761 3939 921 4002 ministros
1018 3940 1063 4002 'lu
1088 3940 1195 4021 igitur,
1222 3938 1476 4016 deliciosissima,
1502 3941 1673 4003 tenerrima
1697 3950 1728 4004 et

164 4061 202 4104 ac
237 4039 327 4102 filios
358 4057 443 4114 suos,
464 4037 539 4118 quia
559 4057 616 4120 per
638 4036 738 4118 ipsam
764 4045 923 4101 santum·
978 4039 1194 4101 illustrissima
1223 4037 1441 4120 cugullaria,
1468 4037 1501 4100 in
1530 4039 1649 4102 sanctis
1674 4041 1729 4102 Pa-

165 4157 225 4198 nes
250 4135 364 4198 salvati
387 4142 442 4196 aut
464 4130 642 4197 ius'taurati.
979 4137 1126 4200 triorchis
1150 4145 1300 4219 tanquam
1326 4137 1358 4198 in
1385 4137 1448 4198 tuis
1471 4138 1727 4218 progenitoribus

207 4233 370 4315 Amplius,
387 4233 574 4296 delectabile
595 4241 644 4296 est
665 4233 780 4297 babere
803 4233 921 4296 bonum
938 4237 1015 4301 Dec
1038 4236 1179 4317 mysticis
1206 4235 1487 4318 presignatoribus
1510 4237 1677 4318 gloriaris3
1694 4237 1726 4300 in

164 4341 328 4416 optatum,
355 4341 388 4394 et
412 4331 496 4394 bono
521 4332 691 4413 concupito
716 4331 812 4395 uniri.
836 4333 920 4411 ldeo,
979 4335 1099 4398 sanctis
1114 4335 1588 4416 quoquoPropbetis‚tanquam
1605 4337 1637 4398 in
1653 4357 1730 4418 prae

165 4450 232 4514 quo
250 4429 514 4512 prestantissima
528 4450 564 4492 ac
579 4428 814 4494 ferventissima
835 4432 922 4512 virgo
978 4433 1215 4496 nuntiatoribus
1230 4433 1451 4514 mysteriorum
1468 4434 1538 4496 uitii
1555 4435 1599 4496 tui
1614 4455 1650 4498 aa
1666 4445 1727 4498 ture

164 4531 266 4594 llaria
286 4529 321 4590 in
344 4529 402 4590 bac
424 4529 488 4591 vita
509 4526 717 4592 affectuosius
739 4531 925 4613 concupivit
980 4551 1123 4616 persona).
1141 4551 1178 4594 ac
1203 4532 1387 4612 dignitatis3
1410 4541 1503 4615 atque
1524 4535 1556 4596 in
1579 4536 1727 4599 omnibus

166 4631 397 4692 universorum
413 4627 668 4706 conversionem,
680 4629 814 4710 gratiam
829 4637 860 4692 ct
875 4648 923 4692 sa·
979 4631 1097 4694 sanctis
1111 4631 1230 4692 veteris
1241 4631 1432 4692 'lestamanti
1448 4650 1485 4694 ac
1501 4633 1579 4714 legis
1594 4643 1724 4713 natura,

166 4729 283 4804 lutam,
301 4733 334 4788 et
357 4744 420 4808 quo
446 4743 502 4808 pro
527 4726 651 4789 cunctis
676 4727 830 4790 intensius
851 4749 923 4792 exo
978 4731 1031 4812 qui
1057 4738 1144 4792 tuum
1169 4729 1429 4792 desideraverunt
1453 4733 1636 4810 adventum,
1658 4735 1727 4797 sine

166 4827 252 4889 ravit
274 4845 313 4887 ac
337 4823 452 4887 fortius
476 4823 641 4902 laboravit,
658 4843 696 4887 eo
718 4823 757 4888 de'
781 4826 921 4908 ipsorum
979 4829 1071 4910 cujus
1098 4847 1255 4911 praecessu
1277 4837 1431 4891 noverant
1452 4849 1559 4910 regem
1580 4832 1726 4895 llessiam

165 4927 287 5008 adepta
309 4925 412 4986 salute
434 4922 604 4987 cordialius
625 4923 812 5005 gratulatur,
829 4933 923 5007 atque
978 4947 1041 4990 non
1064 4946 1134 4989 esse
1158 4935 1336 4990 venturum.
1353 4928 1476 4990 Gaudes
1498 4930 1627 4992 demum
1649 4952 1727 5014 prae-

164 5027 206 5088 de
238 5043 278 5087 ea
307 5021 580 5104 superbenedicta
605 5023 747 5086 Trinitati
777 5025 923 5087 devotius
978 5027 1071 5107 cipue
1102 5026 1135 5087 in
1165 5025 1283 5087 sanctis
1310 5027 1481 5107 Apostolis,
1512 5035 1662 5109 tanqmm
1693 5032 1726 5093 in

164 5144 203 5187 ac
218 5121 399 5205 jucundius
414 5140 540 5202 semper
555 5121 920 5202 regratiaturl'rraterea,
978 5125 1049 5187 Filii
1066 5125 1111 5186 tui
1127 5125 1261 5187 stimmis
1278 5125 1475 5205 preconibus
1491 5128 1727 5210 carissimisque

164 5242 232 5304 quo
263 5219 468 5283 benedictum
500 5227 531 5282 ct
559 5219 755 5282 adorandum
784 5221 922 5284 fructum
979 5223 1155 5297 arnicis‚ac
1176 5223 1272 5285 totius
1291 5223 1400 5284 mundi
1424 5227 1667 5289 conversoribus
1690 5249 1726 5292 aa

165 5319 294 5385 ventris
325 5317 374 5381 sui
404 5317 539 5400 virginei
568 5325 653 5381 amat
681 5320 854 5400 ardentius,
884 5341 922 5384 eo
980 5322 1142 5404 magistris
1170 5346 1177 5384 :
1208 5342 1265 5404 per
1293 5341 1429 5402 quorum
1457 5325 1725 5406 predicationem,
