<?xml version="1.0" encoding="UTF-8"?>
<!DOCTYPE html PUBLIC "-//W3C//DTD XHTML 1.0 Transitional//EN"
    "http://www.w3.org/TR/xhtml1/DTD/xhtml1-transitional.dtd">
<html xmlns="http://www.w3.org/1999/xhtml" xml:lang="en" lang="en">
 <head>
  <title>
</title>
<meta http-equiv="Content-Type" content="text/html;charset=utf-8" />
  <meta name='ocr-system' content='tesseract 3.04.00' />
  <meta name='ocr-capabilities' content='ocr_page ocr_carea ocr_par ocr_line ocrx_word'/>
</head>
<body>
  <div class='ocr_page' id='page_1' title='image "./doctorisecstati03unkngoog_0677.png"; bbox 0 0 4309 6250; ppageno 0'>
   <div class='ocr_carea' id='block_1_1' title="bbox 241 507 1710 584">
    <p class='ocr_par' dir='ltr' id='par_1_1' title="bbox 241 507 1710 584">
     <span class='ocr_line' id='line_1_1' title="bbox 241 507 1710 584; baseline 0.001 -14"><span class='ocrx_word' id='word_1_1' title='bbox 241 525 281 570; x_wconf 80' lang='lat' dir='ltr'>llll</span> <span class='ocrx_word' id='word_1_2' title='bbox 302 525 511 572; x_wconf 69' lang='lat' dir='ltr'>sumamma</span> <span class='ocrx_word' id='word_1_3' title='bbox 533 527 626 573; x_wconf 72' lang='lat' dir='ltr'>sum</span> <span class='ocrx_word' id='word_1_4' title='bbox 648 526 816 574; x_wconf 72' lang='lat' dir='ltr'>ronrlrlcts</span> <span class='ocrx_word' id='word_1_5' title='bbox 836 528 873 573; x_wconf 73' lang='grc' dir='ltr'>ΕΤ</span> <span class='ocrx_word' id='word_1_6' title='bbox 893 527 1063 574; x_wconf 68' lang='lat' dir='ltr'>amessias</span> <span class='ocrx_word' id='word_1_7' title='bbox 1085 527 1225 584; x_wconf 73' lang='lat' dir='ltr'>cosman,</span> <span class='ocrx_word' id='word_1_8' title='bbox 1248 529 1335 575; x_wconf 76' lang='lat' dir='ltr'>alban</span> <span class='ocrx_word' id='word_1_9' title='bbox 1356 529 1399 575; x_wconf 88' lang='lat' dir='ltr'>lll.</span> <span class='ocrx_word' id='word_1_10' title='bbox 1421 547 1462 558; x_wconf 89' lang='grc'>-··</span> <span class='ocrx_word' id='word_1_11' title='bbox 1481 527 1551 574; x_wconf 75' lang='grc' dir='ltr'>ΑῘῖΤ.</span> <span class='ocrx_word' id='word_1_12' title='bbox 1574 528 1615 574; x_wconf 73' lang='lat' dir='ltr'>XX</span> <span class='ocrx_word' id='word_1_13' title='bbox 1653 507 1710 572; x_wconf 66' lang='lat'>651</span> 
     </span>
    </p>
   </div>
   <div class='ocr_carea' id='block_1_2' title="bbox 31 693 1843 3141">
    <p class='ocr_par' dir='ltr' id='par_1_2' title="bbox 158 693 1839 1272">
     <span class='ocr_line' id='line_1_2' title="bbox 158 693 1712 778; baseline 0.001 -22"><span class='ocrx_word' id='word_1_14' title='bbox 158 693 358 758; x_wconf 79' lang='lat' dir='ltr'>Praesumunt</span> <span class='ocrx_word' id='word_1_15' title='bbox 382 695 502 778; x_wconf 80' lang='lat' dir='ltr'>praelati</span> <span class='ocrx_word' id='word_1_16' title='bbox 525 714 588 759; x_wconf 92' lang='lat' dir='ltr'>non</span> <span class='ocrx_word' id='word_1_17' title='bbox 612 695 728 759; x_wconf 87' lang='lat' dir='ltr'>debere</span> <span class='ocrx_word' id='word_1_18' title='bbox 748 715 782 758; x_wconf 88' lang='lat' dir='ltr'>se</span> <span class='ocrx_word' id='word_1_19' title='bbox 802 714 908 777; x_wconf 88' lang='lat' dir='ltr'>repre-</span> <span class='ocrx_word' id='word_1_20' title='bbox 923 696 948 759; x_wconf 83' lang='grc' dir='ltr'><strong>Α</strong></span> <span class='ocrx_word' id='word_1_21' title='bbox 964 697 1112 778; x_wconf 80' lang='lat' dir='ltr'>Legenda</span> <span class='ocrx_word' id='word_1_22' title='bbox 1125 697 1164 760; x_wconf 89' lang='lat' dir='ltr'>de</span> <span class='ocrx_word' id='word_1_23' title='bbox 1179 697 1332 761; x_wconf 84' lang='lat' dir='ltr'>(lathedra</span> <span class='ocrx_word' id='word_1_24' title='bbox 1347 699 1378 761; x_wconf 91' lang='lat' dir='ltr'>S.</span> <span class='ocrx_word' id='word_1_25' title='bbox 1396 698 1490 777; x_wconf 88' lang='lat' dir='ltr'>Petri,</span> <span class='ocrx_word' id='word_1_26' title='bbox 1503 697 1547 760; x_wconf 90' lang='lat' dir='ltr'>sic</span> <span class='ocrx_word' id='word_1_27' title='bbox 1562 697 1605 760; x_wconf 91' lang='lat' dir='ltr'>ait</span> <span class='ocrx_word' id='word_1_28' title='bbox 1622 721 1629 760; x_wconf 93' lang='lat'>:</span> <span class='ocrx_word' id='word_1_29' title='bbox 1646 697 1712 759; x_wconf 82' lang='lat' dir='ltr'>&#39;fri-</span> 
     </span>
     <span class='ocr_line' id='line_1_3' title="bbox 158 793 1711 878; baseline 0.002 -24"><span class='ocrx_word' id='word_1_30' title='bbox 158 793 258 856; x_wconf 87' lang='lat' dir='ltr'>hcndi</span> <span class='ocrx_word' id='word_1_31' title='bbox 280 795 329 857; x_wconf 87' lang='lat' dir='ltr'>vel</span> <span class='ocrx_word' id='word_1_32' title='bbox 348 793 503 870; x_wconf 88' lang='lat' dir='ltr'>accusari,</span> <span class='ocrx_word' id='word_1_33' title='bbox 520 812 577 876; x_wconf 95' lang='lat' dir='ltr'>pro</span> <span class='ocrx_word' id='word_1_34' title='bbox 597 813 635 858; x_wconf 89' lang='lat' dir='ltr'>eo</span> <span class='ocrx_word' id='word_1_35' title='bbox 659 795 743 876; x_wconf 88' lang='lat' dir='ltr'>quod</span> <span class='ocrx_word' id='word_1_36' title='bbox 768 813 907 858; x_wconf 90' lang='lat' dir='ltr'>canones</span> <span class='ocrx_word' id='word_1_37' title='bbox 964 796 1036 876; x_wconf 84' lang='lat' dir='ltr'>pler</span> <span class='ocrx_word' id='word_1_38' title='bbox 1060 804 1109 858; x_wconf 90' lang='lat' dir='ltr'>est</span> <span class='ocrx_word' id='word_1_39' title='bbox 1131 796 1290 858; x_wconf 78' lang='lat' dir='ltr'>cathedra.</span> <span class='ocrx_word' id='word_1_40' title='bbox 1307 797 1411 859; x_wconf 89' lang='lat' dir='ltr'>Prima</span> <span class='ocrx_word' id='word_1_41' title='bbox 1435 797 1563 878; x_wconf 88' lang='lat' dir='ltr'>regalis,</span> <span class='ocrx_word' id='word_1_42' title='bbox 1586 797 1625 858; x_wconf 91' lang='lat' dir='ltr'>de</span> <span class='ocrx_word' id='word_1_43' title='bbox 1649 814 1711 876; x_wconf 89' lang='lat' dir='ltr'>qua</span> 
     </span>
     <span class='ocr_line' id='line_1_4' title="bbox 158 892 1823 975; baseline 0.001 -21"><span class='ocrx_word' id='word_1_44' title='bbox 158 892 281 972; x_wconf 88' lang='lat' dir='ltr'>passim</span> <span class='ocrx_word' id='word_1_45' title='bbox 305 912 370 956; x_wconf 90' lang='lat' dir='ltr'>non</span> <span class='ocrx_word' id='word_1_46' title='bbox 395 893 592 956; x_wconf 88' lang='lat' dir='ltr'>constituunt</span> <span class='ocrx_word' id='word_1_47' title='bbox 613 912 667 955; x_wconf 90' lang='lat' dir='ltr'>eos</span> <span class='ocrx_word' id='word_1_48' title='bbox 689 894 906 970; x_wconf 83' lang='lat' dir='ltr'>accusandos3</span> <span class='ocrx_word' id='word_1_49' title='bbox 964 894 1105 956; x_wconf 90' lang='lat' dir='ltr'>secundo</span> <span class='ocrx_word' id='word_1_50' title='bbox 1129 895 1251 975; x_wconf 85' lang='lat' dir='ltr'>Regum</span> <span class='ocrx_word' id='word_1_51' title='bbox 1274 895 1410 958; x_wconf 86' lang='lat' dir='ltr'>hahetur</span> <span class='ocrx_word' id='word_1_52' title='bbox 1430 921 1437 958; x_wconf 91' lang='lat'><strong>:</strong></span> <span class='ocrx_word' id='word_1_53' title='bbox 1459 896 1578 958; x_wconf 88' lang='lat' dir='ltr'>Sedens</span> <span class='ocrx_word' id='word_1_54' title='bbox 1603 895 1635 957; x_wconf 94' lang='lat' dir='ltr'>in</span> <span class='ocrx_word' id='word_1_55' title='bbox 1661 913 1712 956; x_wconf 91' lang='lat' dir='ltr'>ca·</span> <span class='ocrx_word' id='word_1_56' title='bbox 1740 911 1823 965; x_wconf 60' lang='lat' dir='ltr'>naen</span> 
     </span>
     <span class='ocr_line' id='line_1_5' title="bbox 158 977 1815 1074; baseline 0.002 -21"><span class='ocrx_word' id='word_1_57' title='bbox 158 991 245 1072; x_wconf 90' lang='lat' dir='ltr'>quod</span> <span class='ocrx_word' id='word_1_58' title='bbox 262 1001 367 1055; x_wconf 86' lang='lat' dir='ltr'>tamen</span> <span class='ocrx_word' id='word_1_59' title='bbox 380 1000 512 1074; x_wconf 84' lang='lat' dir='ltr'>negatur</span> <span class='ocrx_word' id='word_1_60' title='bbox 523 991 599 1054; x_wconf 91' lang='lat' dir='ltr'>solis</span> <span class='ocrx_word' id='word_1_61' title='bbox 611 992 803 1068; x_wconf 65' lang='lat' dir='ltr'>criminosis</span> <span class='ocrx_word' id='word_1_62' title='bbox 812 1011 906 1073; x_wconf 88' lang='lat' dir='ltr'>quum</span> <span class='ocrx_word' id='word_1_63' title='bbox 964 992 1214 1068; x_wconf 87' lang='lat' dir='ltr'>thodra,scilicet</span> <span class='ocrx_word' id='word_1_64' title='bbox 1228 994 1337 1056; x_wconf 89' lang='lat' dir='ltr'>David.</span> <span class='ocrx_word' id='word_1_65' title='bbox 1347 994 1491 1057; x_wconf 89' lang='lat' dir='ltr'>Secunda</span> <span class='ocrx_word' id='word_1_66' title='bbox 1505 1003 1554 1056; x_wconf 97' lang='grc' dir='ltr'>θεῖ</span> <span class='ocrx_word' id='word_1_67' title='bbox 1567 993 1712 1056; x_wconf 75' lang='lat' dir='ltr'>sacerdo</span> <span class='ocrx_word' id='word_1_68' title='bbox 1725 987 1784 1025; x_wconf 75' lang='lat'><strong>‘¹¹¹¹&#39;</strong></span> <span class='ocrx_word' id='word_1_69' title='bbox 1794 977 1815 1016; x_wconf 81' lang='lat'>⁸·</span> 
     </span>
     <span class='ocr_line' id='line_1_6' title="bbox 159 1091 1839 1174; baseline -0.001 -22"><span class='ocrx_word' id='word_1_70' title='bbox 159 1091 200 1152; x_wconf 90' lang='lat' dir='ltr'>de</span> <span class='ocrx_word' id='word_1_71' title='bbox 217 1091 478 1172; x_wconf 88' lang='lat' dir='ltr'>reprehendendo</span> <span class='ocrx_word' id='word_1_72' title='bbox 494 1091 616 1152; x_wconf 88' lang='lat' dir='ltr'>Veritas</span> <span class='ocrx_word' id='word_1_73' title='bbox 632 1091 699 1172; x_wconf 90' lang='lat' dir='ltr'>ipsa</span> <span class='ocrx_word' id='word_1_74' title='bbox 715 1091 905 1154; x_wconf 90' lang='lat' dir='ltr'>constituat:</span> <span class='ocrx_word' id='word_1_75' title='bbox 964 1091 1046 1168; x_wconf 90' lang='lat' dir='ltr'>talis,</span> <span class='ocrx_word' id='word_1_76' title='bbox 1059 1092 1099 1155; x_wconf 88' lang='lat' dir='ltr'>de</span> <span class='ocrx_word' id='word_1_77' title='bbox 1114 1111 1177 1173; x_wconf 87' lang='lat' dir='ltr'>qua</span> <span class='ocrx_word' id='word_1_78' title='bbox 1192 1092 1295 1174; x_wconf 88' lang='lat' dir='ltr'>primo</span> <span class='ocrx_word' id='word_1_79' title='bbox 1310 1094 1430 1174; x_wconf 83' lang='lat' dir='ltr'><strong>Regum</strong></span> <span class='ocrx_word' id='word_1_80' title='bbox 1445 1117 1451 1154; x_wconf 95' lang='lat'><strong>:</strong></span> <span class='ocrx_word' id='word_1_81' title='bbox 1464 1093 1533 1156; x_wconf 85' lang='lat' dir='ltr'>Heli</span> <span class='ocrx_word' id='word_1_82' title='bbox 1549 1092 1712 1155; x_wconf 87' lang='lat' dir='ltr'>sacerdote</span> <span class='ocrx_word' id='word_1_83' title='bbox 1740 1107 1748 1150; x_wconf 88' lang='grc' dir='ltr'>ι</span> <span class='ocrx_word' id='word_1_84' title='bbox 1761 1108 1839 1164; x_wconf 63' lang='grc' dir='ltr'>θη...</span> 
     </span>
     <span class='ocr_line' id='line_1_7' title="bbox 159 1175 1747 1272; baseline 0.001 -22"><span class='ocrx_word' id='word_1_85' title='bbox 159 1189 191 1250; x_wconf 92' lang='lat' dir='ltr'>Si</span> <span class='ocrx_word' id='word_1_86' title='bbox 211 1189 293 1250; x_wconf 89' lang='lat' dir='ltr'>male</span> <span class='ocrx_word' id='word_1_87' title='bbox 309 1188 434 1252; x_wconf 92' lang='lat' dir='ltr'>locutus</span> <span class='ocrx_word' id='word_1_88' title='bbox 450 1209 531 1266; x_wconf 88' lang='lat' dir='ltr'>sum,</span> <span class='ocrx_word' id='word_1_89' title='bbox 543 1189 761 1251; x_wconf 90' lang='lat' dir='ltr'>testimonium</span> <span class='ocrx_word' id='word_1_90' title='bbox 777 1190 909 1270; x_wconf 77' lang='lat' dir='ltr'>perhibe</span> <span class='ocrx_word' id='word_1_91' title='bbox 966 1191 1094 1252; x_wconf 90' lang='lat' dir='ltr'>sedente</span> <span class='ocrx_word' id='word_1_92' title='bbox 1119 1209 1215 1272; x_wconf 90' lang='lat' dir='ltr'>super</span> <span class='ocrx_word' id='word_1_93' title='bbox 1240 1191 1362 1254; x_wconf 88' lang='lat' dir='ltr'>sellam.</span> <span class='ocrx_word' id='word_1_94' title='bbox 1379 1191 1483 1254; x_wconf 83' lang='lat' dir='ltr'>Tertia</span> <span class='ocrx_word' id='word_1_95' title='bbox 1508 1189 1710 1272; x_wconf 88' lang='lat' dir='ltr'>magistralis,</span> <span class='ocrx_word' id='word_1_96' title='bbox 1727 1175 1747 1215; x_wconf 80' lang='lat'>⁹·</span> 
     </span>
    </p>

    <p class='ocr_par' dir='ltr' id='par_1_3' title="bbox 31 1263 1829 1764">
     <span class='ocr_line' id='line_1_8' title="bbox 31 1263 1829 1371; baseline 0.004 -23"><span class='ocrx_word' id='word_1_97' title='bbox 31 1263 116 1308; x_wconf 47' lang='lat'>&#39;¹¹¹³&#39;</span> <span class='ocrx_word' id='word_1_98' title='bbox 158 1288 201 1348; x_wconf 92' lang='lat' dir='ltr'>de</span> <span class='ocrx_word' id='word_1_99' title='bbox 226 1287 321 1350; x_wconf 90' lang='lat' dir='ltr'>malo.</span> <span class='ocrx_word' id='word_1_100' title='bbox 339 1287 399 1348; x_wconf 85' lang='lat' dir='ltr'>Sed</span> <span class='ocrx_word' id='word_1_101' title='bbox 419 1295 523 1369; x_wconf 91' lang='lat' dir='ltr'>potest</span> <span class='ocrx_word' id='word_1_102' title='bbox 541 1287 672 1369; x_wconf 89' lang='lat' dir='ltr'>opponi,</span> <span class='ocrx_word' id='word_1_103' title='bbox 689 1288 839 1368; x_wconf 88' lang='lat' dir='ltr'>qnoniam</span> <span class='ocrx_word' id='word_1_104' title='bbox 860 1269 911 1349; x_wconf 79' lang='lat' dir='ltr'>ca·</span> <span class='ocrx_word' id='word_1_105' title='bbox 966 1291 1005 1352; x_wconf 92' lang='lat' dir='ltr'>de</span> <span class='ocrx_word' id='word_1_106' title='bbox 1034 1308 1097 1370; x_wconf 87' lang='lat' dir='ltr'>qua</span> <span class='ocrx_word' id='word_1_107' title='bbox 1121 1291 1204 1370; x_wconf 88' lang='lat' dir='ltr'>apud</span> <span class='ocrx_word' id='word_1_108' title='bbox 1230 1289 1407 1352; x_wconf 80' lang='lat' dir='ltr'>Matthaeum</span> <span class='ocrx_word' id='word_1_109' title='bbox 1437 1289 1553 1371; x_wconf 84' lang='lat' dir='ltr'>legitur</span> <span class='ocrx_word' id='word_1_110' title='bbox 1578 1314 1585 1352; x_wconf 77' lang='grc' dir='ltr'><strong>ι</strong></span> <span class='ocrx_word' id='word_1_111' title='bbox 1611 1291 1714 1371; x_wconf 81' lang='lat' dir='ltr'>Super</span> <span class='ocrx_word' id='word_1_112' title='bbox 1741 1313 1829 1356; x_wconf 67' lang='lat' dir='ltr'>Maera.</span> 
     </span>
     <span class='ocr_line' id='line_1_9' title="bbox 158 1381 1814 1469; baseline 0.001 -23"><span class='ocrx_word' id='word_1_113' title='bbox 158 1405 262 1448; x_wconf 90' lang='lat' dir='ltr'>nones</span> <span class='ocrx_word' id='word_1_114' title='bbox 277 1385 490 1448; x_wconf 86' lang='lat' dir='ltr'>determinant</span> <span class='ocrx_word' id='word_1_115' title='bbox 504 1405 612 1447; x_wconf 89' lang='lat' dir='ltr'>casum</span> <span class='ocrx_word' id='word_1_116' title='bbox 633 1385 666 1446; x_wconf 94' lang='lat' dir='ltr'>in</span> <span class='ocrx_word' id='word_1_117' title='bbox 686 1405 749 1467; x_wconf 93' lang='lat' dir='ltr'>quo</span> <span class='ocrx_word' id='word_1_118' title='bbox 769 1394 910 1467; x_wconf 90' lang='lat' dir='ltr'>pastores</span> <span class='ocrx_word' id='word_1_119' title='bbox 968 1387 1149 1450; x_wconf 85' lang='lat' dir='ltr'>cathedram</span> <span class='ocrx_word' id='word_1_120' title='bbox 1164 1388 1277 1469; x_wconf 78' lang='lat' dir='ltr'>Moysis</span> <span class='ocrx_word' id='word_1_121' title='bbox 1292 1388 1442 1451; x_wconf 88' lang='lat' dir='ltr'>sederunt</span> <span class='ocrx_word' id='word_1_122' title='bbox 1457 1388 1574 1450; x_wconf 67' lang='lat' dir='ltr'>Scribas</span> <span class='ocrx_word' id='word_1_123' title='bbox 1591 1396 1623 1450; x_wconf 93' lang='grc' dir='ltr'>θῖ</span> <span class='ocrx_word' id='word_1_124' title='bbox 1636 1387 1714 1449; x_wconf 90' lang='lat' dir='ltr'>Pha·</span> <span class='ocrx_word' id='word_1_125' title='bbox 1727 1381 1814 1426; x_wconf 84' lang='lat'><strong>¹¹¹¹¹·²·</strong></span> 
     </span>
     <span class='ocr_line' id='line_1_10' title="bbox 159 1484 1715 1566; baseline 0.001 -21"><span class='ocrx_word' id='word_1_126' title='bbox 159 1485 225 1546; x_wconf 92' lang='lat' dir='ltr'>sint</span> <span class='ocrx_word' id='word_1_127' title='bbox 250 1505 268 1546; x_wconf 88' lang='lat' dir='ltr'>a</span> <span class='ocrx_word' id='word_1_128' title='bbox 293 1484 427 1546; x_wconf 89' lang='lat' dir='ltr'>subditis</span> <span class='ocrx_word' id='word_1_129' title='bbox 452 1484 622 1546; x_wconf 92' lang='lat' dir='ltr'>accusandi</span> <span class='ocrx_word' id='word_1_130' title='bbox 641 1507 647 1544; x_wconf 94' lang='lat'>:</span> <span class='ocrx_word' id='word_1_131' title='bbox 665 1503 740 1566; x_wconf 84' lang='lat' dir='ltr'>ergo</span> <span class='ocrx_word' id='word_1_132' title='bbox 765 1485 798 1545; x_wconf 94' lang='lat' dir='ltr'>in</span> <span class='ocrx_word' id='word_1_133' title='bbox 823 1485 910 1547; x_wconf 94' lang='lat' dir='ltr'>nullo</span> <span class='ocrx_word' id='word_1_134' title='bbox 968 1485 1060 1547; x_wconf 79' lang='lat' dir='ltr'>risaei.</span> <span class='ocrx_word' id='word_1_135' title='bbox 1078 1485 1191 1547; x_wconf 78' lang='lat' dir='ltr'>Beatam</span> <span class='ocrx_word' id='word_1_136' title='bbox 1205 1503 1280 1566; x_wconf 87' lang='lat' dir='ltr'>ergo</span> <span class='ocrx_word' id='word_1_137' title='bbox 1295 1485 1404 1548; x_wconf 90' lang='lat' dir='ltr'>Petrus</span> <span class='ocrx_word' id='word_1_138' title='bbox 1418 1485 1500 1547; x_wconf 89' lang='lat' dir='ltr'>sedit</span> <span class='ocrx_word' id='word_1_139' title='bbox 1514 1485 1546 1546; x_wconf 95' lang='lat' dir='ltr'>in</span> <span class='ocrx_word' id='word_1_140' title='bbox 1566 1485 1715 1548; x_wconf 85' lang='lat' dir='ltr'>cathedra</span> 
     </span>
     <span class='ocr_line' id='line_1_11' title="bbox 159 1579 1713 1665; baseline 0 -21"><span class='ocrx_word' id='word_1_141' title='bbox 159 1583 225 1645; x_wconf 90' lang='lat' dir='ltr'>alio</span> <span class='ocrx_word' id='word_1_142' title='bbox 253 1591 400 1664; x_wconf 88' lang='lat' dir='ltr'>poterunt</span> <span class='ocrx_word' id='word_1_143' title='bbox 424 1582 578 1644; x_wconf 89' lang='lat' dir='ltr'>accusari.</span> <span class='ocrx_word' id='word_1_144' title='bbox 605 1582 701 1644; x_wconf 88' lang='lat' dir='ltr'>Casus</span> <span class='ocrx_word' id='word_1_145' title='bbox 730 1592 835 1644; x_wconf 89' lang='lat' dir='ltr'>autem</span> <span class='ocrx_word' id='word_1_146' title='bbox 864 1591 912 1644; x_wconf 88' lang='lat' dir='ltr'>est</span> <span class='ocrx_word' id='word_1_147' title='bbox 968 1583 1077 1664; x_wconf 86' lang='lat' dir='ltr'>regali,</span> <span class='ocrx_word' id='word_1_148' title='bbox 1108 1585 1260 1664; x_wconf 88' lang='lat' dir='ltr'>quoniam</span> <span class='ocrx_word' id='word_1_149' title='bbox 1296 1579 1444 1665; x_wconf 81' lang='lat' dir='ltr'>princeps</span> <span class='ocrx_word' id='word_1_150' title='bbox 1477 1583 1539 1645; x_wconf 95' lang='lat' dir='ltr'>fuit</span> <span class='ocrx_word' id='word_1_151' title='bbox 1570 1583 1713 1646; x_wconf 89' lang='lat' dir='ltr'>omnium</span> 
     </span>
     <span class='ocr_line' id='line_1_12' title="bbox 159 1680 1714 1764; baseline 0 -22"><span class='ocrx_word' id='word_1_152' title='bbox 159 1701 262 1762; x_wconf 90' lang='lat' dir='ltr'>quum</span> <span class='ocrx_word' id='word_1_153' title='bbox 278 1701 296 1743; x_wconf 91' lang='lat' dir='ltr'>a</span> <span class='ocrx_word' id='word_1_154' title='bbox 312 1681 376 1742; x_wconf 90' lang='lat' dir='ltr'>fide</span> <span class='ocrx_word' id='word_1_155' title='bbox 398 1680 587 1743; x_wconf 79' lang='lat' dir='ltr'>exorbitant.</span> <span class='ocrx_word' id='word_1_156' title='bbox 605 1681 691 1743; x_wconf 90' lang='lat' dir='ltr'>Unde</span> <span class='ocrx_word' id='word_1_157' title='bbox 707 1682 741 1743; x_wconf 89' lang='lat' dir='ltr'>B.</span> <span class='ocrx_word' id='word_1_158' title='bbox 758 1681 912 1743; x_wconf 83' lang='lat' dir='ltr'>Eusebius</span> <span class='ocrx_word' id='word_1_159' title='bbox 969 1702 1091 1764; x_wconf 85' lang='lat' dir='ltr'>regum,</span> <span class='ocrx_word' id='word_1_160' title='bbox 1109 1692 1258 1764; x_wconf 90' lang='lat' dir='ltr'>tanquam</span> <span class='ocrx_word' id='word_1_161' title='bbox 1274 1682 1371 1746; x_wconf 90' lang='lat' dir='ltr'>totius</span> <span class='ocrx_word' id='word_1_162' title='bbox 1386 1682 1497 1745; x_wconf 91' lang='lat' dir='ltr'>mundi</span> <span class='ocrx_word' id='word_1_163' title='bbox 1513 1682 1661 1763; x_wconf 80' lang='lat' dir='ltr'>praelatus</span> <span class='ocrx_word' id='word_1_164' title='bbox 1683 1689 1714 1743; x_wconf 89' lang='lat' dir='ltr'>et</span> 
     </span>
    </p>

    <p class='ocr_par' dir='ltr' id='par_1_4' title="bbox 32 1779 1716 1862">
     <span class='ocr_line' id='line_1_13' title="bbox 32 1779 1716 1862; baseline 0.001 -23"><span class='ocrx_word' id='word_1_165' title='bbox 32 1797 106 1840; x_wconf 66' lang='lat' dir='ltr'>berea</span> <span class='ocrx_word' id='word_1_166' title='bbox 123 1811 144 1851; x_wconf 74' lang='grc' dir='ltr'>ρ.</span> <span class='ocrx_word' id='word_1_167' title='bbox 159 1782 257 1862; x_wconf 88' lang='lat' dir='ltr'>Papa,</span> <span class='ocrx_word' id='word_1_168' title='bbox 284 1799 380 1842; x_wconf 88' lang='lat' dir='ltr'>causa</span> <span class='ocrx_word' id='word_1_169' title='bbox 403 1779 434 1858; x_wconf 78' lang='grc'>2,</span> <span class='ocrx_word' id='word_1_170' title='bbox 459 1780 633 1860; x_wconf 70' lang='lat' dir='ltr'>quaestione</span> <span class='ocrx_word' id='word_1_171' title='bbox 659 1779 677 1841; x_wconf 89' lang='lat'><strong>7</strong></span> <span class='ocrx_word' id='word_1_172' title='bbox 699 1804 705 1842; x_wconf 94' lang='lat'><strong>:</strong></span> <span class='ocrx_word' id='word_1_173' title='bbox 728 1780 819 1858; x_wconf 87' lang='lat' dir='ltr'>Oves,</span> <span class='ocrx_word' id='word_1_174' title='bbox 843 1799 912 1862; x_wconf 81' lang='lat' dir='ltr'>qnae</span> <span class='ocrx_word' id='word_1_175' title='bbox 970 1781 1095 1861; x_wconf 70' lang='lat' dir='ltr'>praesul.</span> <span class='ocrx_word' id='word_1_176' title='bbox 1112 1781 1191 1842; x_wconf 88' lang='lat' dir='ltr'>Hinc</span> <span class='ocrx_word' id='word_1_177' title='bbox 1213 1781 1310 1843; x_wconf 83' lang='lat' dir='ltr'>Roma</span> <span class='ocrx_word' id='word_1_178' title='bbox 1329 1790 1361 1843; x_wconf 92' lang='lat' dir='ltr'>et</span> <span class='ocrx_word' id='word_1_179' title='bbox 1380 1781 1476 1844; x_wconf 90' lang='lat' dir='ltr'>ctiam</span> <span class='ocrx_word' id='word_1_180' title='bbox 1499 1781 1620 1843; x_wconf 92' lang='lat' dir='ltr'>ratione</span> <span class='ocrx_word' id='word_1_181' title='bbox 1641 1798 1716 1861; x_wconf 90' lang='lat' dir='ltr'>apo-</span> 
     </span>
    </p>

    <p class='ocr_par' dir='ltr' id='par_1_5' title="bbox 31 1867 1843 3141">
     <span class='ocr_line' id='line_1_14' title="bbox 31 1867 1716 1980; baseline 0 -40"><span class='ocrx_word' id='word_1_182' title='bbox 31 1867 144 1980; x_wconf 51' lang='lat' dir='ltr'>:j7‘2l⁵,·,²·</span> <span class='ocrx_word' id='word_1_183' title='bbox 161 1879 283 1961; x_wconf 89' lang='lat' dir='ltr'>pastori</span> <span class='ocrx_word' id='word_1_184' title='bbox 300 1897 357 1941; x_wconf 92' lang='lat' dir='ltr'>suo</span> <span class='ocrx_word' id='word_1_185' title='bbox 373 1878 550 1940; x_wconf 76' lang='lat' dir='ltr'>commisse</span> <span class='ocrx_word' id='word_1_186' title='bbox 565 1886 650 1955; x_wconf 91' lang='lat' dir='ltr'>sunt,</span> <span class='ocrx_word' id='word_1_187' title='bbox 663 1886 824 1959; x_wconf 87' lang='lat' dir='ltr'>nequeunt</span> <span class='ocrx_word' id='word_1_188' title='bbox 839 1897 912 1940; x_wconf 88' lang='lat' dir='ltr'>eum</span> <span class='ocrx_word' id='word_1_189' title='bbox 931 1877 954 1940; x_wconf 91' lang='lat' dir='ltr'>B</span> <span class='ocrx_word' id='word_1_190' title='bbox 970 1878 1090 1941; x_wconf 80' lang='lat' dir='ltr'>stolicae</span> <span class='ocrx_word' id='word_1_191' title='bbox 1105 1879 1194 1941; x_wconf 92' lang='lat' dir='ltr'>Sedis</span> <span class='ocrx_word' id='word_1_192' title='bbox 1209 1897 1280 1959; x_wconf 78' lang='lat' dir='ltr'>quae</span> <span class='ocrx_word' id='word_1_193' title='bbox 1296 1879 1339 1941; x_wconf 92' lang='lat' dir='ltr'>ihi</span> <span class='ocrx_word' id='word_1_194' title='bbox 1355 1887 1414 1957; x_wconf 89' lang='lat' dir='ltr'>est,</span> <span class='ocrx_word' id='word_1_195' title='bbox 1432 1886 1572 1960; x_wconf 86' lang='lat' dir='ltr'>caputet</span> <span class='ocrx_word' id='word_1_196' title='bbox 1587 1878 1716 1940; x_wconf 88' lang='lat' dir='ltr'>domina</span> 
     </span>
     <span class='ocr_line' id='line_1_15' title="bbox 161 1977 1716 2058; baseline 0 -20"><span class='ocrx_word' id='word_1_197' title='bbox 161 1978 408 2058; x_wconf 84' lang='lat' dir='ltr'>reprehendere,</span> <span class='ocrx_word' id='word_1_198' title='bbox 425 1996 484 2040; x_wconf 91' lang='lat' dir='ltr'>uec</span> <span class='ocrx_word' id='word_1_199' title='bbox 504 1995 577 2038; x_wconf 93' lang='lat' dir='ltr'>eum</span> <span class='ocrx_word' id='word_1_200' title='bbox 597 1985 730 2058; x_wconf 90' lang='lat' dir='ltr'>possunt</span> <span class='ocrx_word' id='word_1_201' title='bbox 755 1977 913 2038; x_wconf 91' lang='lat' dir='ltr'>ullatenus</span> <span class='ocrx_word' id='word_1_202' title='bbox 970 1977 1079 2039; x_wconf 90' lang='lat' dir='ltr'>mundi</span> <span class='ocrx_word' id='word_1_203' title='bbox 1100 1986 1241 2039; x_wconf 87' lang='lat' dir='ltr'>vocatur.</span> <span class='ocrx_word' id='word_1_204' title='bbox 1258 1977 1408 2058; x_wconf 86' lang='lat' dir='ltr'>Seditque</span> <span class='ocrx_word' id='word_1_205' title='bbox 1427 1977 1460 2039; x_wconf 93' lang='lat' dir='ltr'>in</span> <span class='ocrx_word' id='word_1_206' title='bbox 1480 1978 1629 2040; x_wconf 84' lang='lat' dir='ltr'>cathedra</span> <span class='ocrx_word' id='word_1_207' title='bbox 1651 1995 1716 2038; x_wconf 90' lang='lat' dir='ltr'>ma-</span> 
     </span>
     <span class='ocr_line' id='line_1_16' title="bbox 160 2073 1717 2156; baseline -0.001 -19"><span class='ocrx_word' id='word_1_208' title='bbox 160 2094 325 2154; x_wconf 85' lang='lat' dir='ltr'>accusare,</span> <span class='ocrx_word' id='word_1_209' title='bbox 343 2074 405 2136; x_wconf 92' lang='lat' dir='ltr'>nisi</span> <span class='ocrx_word' id='word_1_210' title='bbox 430 2075 654 2138; x_wconf 80' lang='lat' dir='ltr'>exorbitaverit</span> <span class='ocrx_word' id='word_1_211' title='bbox 672 2094 690 2136; x_wconf 88' lang='lat' dir='ltr'>a</span> <span class='ocrx_word' id='word_1_212' title='bbox 711 2073 785 2137; x_wconf 91' lang='lat' dir='ltr'>fide.</span> <span class='ocrx_word' id='word_1_213' title='bbox 802 2074 914 2137; x_wconf 84' lang='lat' dir='ltr'>Dicen—</span> <span class='ocrx_word' id='word_1_214' title='bbox 969 2075 1262 2156; x_wconf 86' lang='lat' dir='ltr'>gistrali,quoniam</span> <span class='ocrx_word' id='word_1_215' title='bbox 1277 2075 1389 2138; x_wconf 88' lang='lat' dir='ltr'>doctor</span> <span class='ocrx_word' id='word_1_216' title='bbox 1403 2075 1464 2138; x_wconf 93' lang='lat' dir='ltr'>fuit</span> <span class='ocrx_word' id='word_1_217' title='bbox 1477 2076 1620 2138; x_wconf 91' lang='lat' dir='ltr'>omnium</span> <span class='ocrx_word' id='word_1_218' title='bbox 1632 2074 1717 2137; x_wconf 88' lang='lat' dir='ltr'>Chri·</span> 
     </span>
     <span class='ocr_line' id='line_1_17' title="bbox 160 2171 1713 2255; baseline -0.001 -21"><span class='ocrx_word' id='word_1_219' title='bbox 160 2174 253 2248; x_wconf 90' lang='lat' dir='ltr'>dum,</span> <span class='ocrx_word' id='word_1_220' title='bbox 270 2173 355 2255; x_wconf 92' lang='lat' dir='ltr'>quod</span> <span class='ocrx_word' id='word_1_221' title='bbox 377 2182 425 2235; x_wconf 87' lang='lat' dir='ltr'>cst</span> <span class='ocrx_word' id='word_1_222' title='bbox 449 2173 610 2235; x_wconf 89' lang='lat' dir='ltr'>accusatio</span> <span class='ocrx_word' id='word_1_223' title='bbox 634 2171 718 2234; x_wconf 87' lang='lat' dir='ltr'>facta</span> <span class='ocrx_word' id='word_1_224' title='bbox 737 2193 774 2234; x_wconf 80' lang='lat' dir='ltr'>ex</span> <span class='ocrx_word' id='word_1_225' title='bbox 794 2173 914 2235; x_wconf 91' lang='lat' dir='ltr'>affectu</span> <span class='ocrx_word' id='word_1_226' title='bbox 969 2173 1154 2236; x_wconf 91' lang='lat' dir='ltr'>stiancrum.</span> <span class='ocrx_word' id='word_1_227' title='bbox 1180 2173 1260 2236; x_wconf 84' lang='lat' dir='ltr'>Hinc</span> <span class='ocrx_word' id='word_1_228' title='bbox 1284 2173 1440 2236; x_wconf 78' lang='lat' dir='ltr'>honorius</span> <span class='ocrx_word' id='word_1_229' title='bbox 1468 2173 1550 2255; x_wconf 89' lang='lat' dir='ltr'>Papa</span> <span class='ocrx_word' id='word_1_230' title='bbox 1573 2173 1612 2235; x_wconf 94' lang='lat' dir='ltr'>lll</span> <span class='ocrx_word' id='word_1_231' title='bbox 1636 2171 1680 2234; x_wconf 89' lang='lat' dir='ltr'>ait</span> <span class='ocrx_word' id='word_1_232' title='bbox 1707 2196 1713 2233; x_wconf 94' lang='lat'>:</span> 
     </span>
     <span class='ocr_line' id='line_1_18' title="bbox 161 2265 1843 2353; baseline -0.001 -19"><span class='ocrx_word' id='word_1_233' title='bbox 161 2271 305 2334; x_wconf 91' lang='lat' dir='ltr'>caritatis</span> <span class='ocrx_word' id='word_1_234' title='bbox 320 2269 478 2350; x_wconf 73' lang='lat' dir='ltr'>fraterne,</span> <span class='ocrx_word' id='word_1_235' title='bbox 495 2279 526 2334; x_wconf 87' lang='lat' dir='ltr'>ot</span> <span class='ocrx_word' id='word_1_236' title='bbox 545 2279 592 2334; x_wconf 90' lang='lat' dir='ltr'>est</span> <span class='ocrx_word' id='word_1_237' title='bbox 612 2273 773 2334; x_wconf 89' lang='lat' dir='ltr'>accusatio</span> <span class='ocrx_word' id='word_1_238' title='bbox 793 2291 829 2333; x_wconf 86' lang='lat' dir='ltr'>ex</span> <span class='ocrx_word' id='word_1_239' title='bbox 851 2291 915 2333; x_wconf 89' lang='lat' dir='ltr'>ma·</span> <span class='ocrx_word' id='word_1_240' title='bbox 970 2271 1060 2334; x_wconf 83' lang='lat' dir='ltr'>Juxta</span> <span class='ocrx_word' id='word_1_241' title='bbox 1082 2272 1243 2353; x_wconf 75' lang='lat' dir='ltr'>Prophetae</span> <span class='ocrx_word' id='word_1_242' title='bbox 1261 2273 1407 2351; x_wconf 88' lang='lat' dir='ltr'>verbum,</span> <span class='ocrx_word' id='word_1_243' title='bbox 1424 2272 1586 2335; x_wconf 89' lang='lat' dir='ltr'>constituti</span> <span class='ocrx_word' id='word_1_244' title='bbox 1606 2265 1717 2333; x_wconf 89' lang='lat' dir='ltr'>sumus</span> <span class='ocrx_word' id='word_1_245' title='bbox 1730 2291 1843 2339; x_wconf 60' lang='lat' dir='ltr'>nenio.</span> 
     </span>
     <span class='ocr_line' id='line_1_19' title="bbox 161 2368 1717 2453; baseline 0 -21"><span class='ocrx_word' id='word_1_246' title='bbox 161 2368 318 2450; x_wconf 90' lang='lat' dir='ltr'>lignitatis</span> <span class='ocrx_word' id='word_1_247' title='bbox 352 2369 494 2444; x_wconf 83' lang='lat' dir='ltr'>affectu3</span> <span class='ocrx_word' id='word_1_248' title='bbox 525 2389 645 2446; x_wconf 90' lang='lat' dir='ltr'>rursus,</span> <span class='ocrx_word' id='word_1_249' title='bbox 677 2378 724 2432; x_wconf 92' lang='lat' dir='ltr'>est</span> <span class='ocrx_word' id='word_1_250' title='bbox 753 2369 914 2432; x_wconf 88' lang='lat' dir='ltr'>accusatio</span> <span class='ocrx_word' id='word_1_251' title='bbox 970 2390 1066 2452; x_wconf 89' lang='lat' dir='ltr'>super</span> <span class='ocrx_word' id='word_1_252' title='bbox 1089 2379 1200 2453; x_wconf 88' lang='lat' dir='ltr'>gentes</span> <span class='ocrx_word' id='word_1_253' title='bbox 1219 2379 1250 2433; x_wconf 90' lang='lat' dir='ltr'>et</span> <span class='ocrx_word' id='word_1_254' title='bbox 1270 2389 1377 2452; x_wconf 88' lang='lat' dir='ltr'>regna,</span> <span class='ocrx_word' id='word_1_255' title='bbox 1394 2369 1642 2452; x_wconf 90' lang='lat' dir='ltr'>grandissimum</span> <span class='ocrx_word' id='word_1_256' title='bbox 1661 2371 1717 2432; x_wconf 93' lang='lat' dir='ltr'>ho-</span> 
     </span>
     <span class='ocr_line' id='line_1_20' title="bbox 161 2467 1718 2549; baseline 0 -20"><span class='ocrx_word' id='word_1_257' title='bbox 161 2467 249 2530; x_wconf 88' lang='lat' dir='ltr'>facta</span> <span class='ocrx_word' id='word_1_258' title='bbox 264 2486 282 2528; x_wconf 89' lang='lat' dir='ltr'>a</span> <span class='ocrx_word' id='word_1_259' title='bbox 297 2467 488 2546; x_wconf 87' lang='lat' dir='ltr'>criminosis,</span> <span class='ocrx_word' id='word_1_260' title='bbox 504 2475 535 2530; x_wconf 87' lang='lat' dir='ltr'>ct</span> <span class='ocrx_word' id='word_1_261' title='bbox 550 2476 598 2530; x_wconf 90' lang='lat' dir='ltr'>est</span> <span class='ocrx_word' id='word_1_262' title='bbox 612 2468 771 2530; x_wconf 88' lang='lat' dir='ltr'>accusatio</span> <span class='ocrx_word' id='word_1_263' title='bbox 792 2467 875 2530; x_wconf 89' lang='lat' dir='ltr'>facta</span> <span class='ocrx_word' id='word_1_264' title='bbox 897 2487 914 2529; x_wconf 91' lang='lat' dir='ltr'>a</span> <span class='ocrx_word' id='word_1_265' title='bbox 970 2468 1057 2531; x_wconf 94' lang='lat' dir='ltr'>noris</span> <span class='ocrx_word' id='word_1_266' title='bbox 1073 2468 1235 2549; x_wconf 74' lang='lat' dir='ltr'>fastigium</span> <span class='ocrx_word' id='word_1_267' title='bbox 1250 2469 1400 2531; x_wconf 85' lang='lat' dir='ltr'>assecuti.</span> <span class='ocrx_word' id='word_1_268' title='bbox 1418 2469 1497 2530; x_wconf 88' lang='lat' dir='ltr'>llinc</span> <span class='ocrx_word' id='word_1_269' title='bbox 1512 2488 1624 2531; x_wconf 83' lang='lat' dir='ltr'>verum</span> <span class='ocrx_word' id='word_1_270' title='bbox 1640 2467 1718 2530; x_wconf 91' lang='lat' dir='ltr'>scri-</span> 
     </span>
     <span class='ocr_line' id='line_1_21' title="bbox 162 2565 1718 2649; baseline -0.001 -20"><span class='ocrx_word' id='word_1_271' title='bbox 162 2566 270 2629; x_wconf 93' lang='lat' dir='ltr'>bonis.</span> <span class='ocrx_word' id='word_1_272' title='bbox 297 2565 473 2628; x_wconf 85' lang='lat' dir='ltr'>Dicendum</span> <span class='ocrx_word' id='word_1_273' title='bbox 502 2584 588 2646; x_wconf 89' lang='lat' dir='ltr'>ergo,</span> <span class='ocrx_word' id='word_1_274' title='bbox 615 2567 699 2646; x_wconf 90' lang='lat' dir='ltr'>qued</span> <span class='ocrx_word' id='word_1_275' title='bbox 729 2585 766 2628; x_wconf 86' lang='lat' dir='ltr'>cx</span> <span class='ocrx_word' id='word_1_276' title='bbox 794 2565 915 2628; x_wconf 89' lang='lat' dir='ltr'>affectu</span> <span class='ocrx_word' id='word_1_277' title='bbox 971 2567 1018 2630; x_wconf 93' lang='lat' dir='ltr'>hit</span> <span class='ocrx_word' id='word_1_278' title='bbox 1042 2567 1192 2649; x_wconf 81' lang='lat' dir='ltr'>praefatus</span> <span class='ocrx_word' id='word_1_279' title='bbox 1216 2567 1355 2629; x_wconf 91' lang='lat' dir='ltr'>doctor:</span> <span class='ocrx_word' id='word_1_280' title='bbox 1378 2566 1486 2629; x_wconf 88' lang='lat' dir='ltr'>Petrus</span> <span class='ocrx_word' id='word_1_281' title='bbox 1510 2587 1575 2648; x_wconf 78' lang='lat' dir='ltr'>prae</span> <span class='ocrx_word' id='word_1_282' title='bbox 1603 2567 1718 2629; x_wconf 85' lang='lat' dir='ltr'>ceteris</span> 
     </span>
     <span class='ocr_line' id='line_1_22' title="bbox 162 2663 1717 2747; baseline 0 -21"><span class='ocrx_word' id='word_1_283' title='bbox 162 2663 305 2726; x_wconf 87' lang='lat' dir='ltr'>caritatis</span> <span class='ocrx_word' id='word_1_284' title='bbox 321 2683 339 2726; x_wconf 89' lang='lat' dir='ltr'>a</span> <span class='ocrx_word' id='word_1_285' title='bbox 353 2663 445 2726; x_wconf 91' lang='lat' dir='ltr'>bonis</span> <span class='ocrx_word' id='word_1_286' title='bbox 462 2663 549 2724; x_wconf 86' lang='lat' dir='ltr'>licita</span> <span class='ocrx_word' id='word_1_287' title='bbox 564 2671 611 2726; x_wconf 90' lang='lat' dir='ltr'>cst</span> <span class='ocrx_word' id='word_1_288' title='bbox 626 2664 786 2726; x_wconf 90' lang='lat' dir='ltr'>accusatio</span> <span class='ocrx_word' id='word_1_289' title='bbox 807 2664 916 2745; x_wconf 82' lang='lat' dir='ltr'>praela-</span> <span class='ocrx_word' id='word_1_290' title='bbox 970 2666 1128 2746; x_wconf 74' lang='lat' dir='ltr'>Apostolis</span> <span class='ocrx_word' id='word_1_291' title='bbox 1143 2666 1271 2747; x_wconf 79' lang='lat' dir='ltr'>dignior</span> <span class='ocrx_word' id='word_1_292' title='bbox 1286 2665 1345 2727; x_wconf 88' lang='lat' dir='ltr'>fuit</span> <span class='ocrx_word' id='word_1_293' title='bbox 1360 2665 1557 2742; x_wconf 88' lang='lat' dir='ltr'>auctoritate,</span> <span class='ocrx_word' id='word_1_294' title='bbox 1567 2666 1717 2746; x_wconf 85' lang='lat' dir='ltr'>quoniam</span> 
     </span>
     <span class='ocr_line' id='line_1_23' title="bbox 162 2761 1720 2847; baseline 0 -22"><span class='ocrx_word' id='word_1_295' title='bbox 162 2771 282 2825; x_wconf 90' lang='lat' dir='ltr'>torum.</span> <span class='ocrx_word' id='word_1_296' title='bbox 298 2797 338 2807; x_wconf 96' lang='grc'>-</span> <span class='ocrx_word' id='word_1_297' title='bbox 353 2762 398 2822; x_wconf 81' lang='lat' dir='ltr'>Ad</span> <span class='ocrx_word' id='word_1_298' title='bbox 416 2761 446 2822; x_wconf 92' lang='lat' dir='ltr'>id</span> <span class='ocrx_word' id='word_1_299' title='bbox 463 2780 537 2841; x_wconf 89' lang='lat' dir='ltr'>ergo</span> <span class='ocrx_word' id='word_1_300' title='bbox 553 2761 637 2842; x_wconf 91' lang='lat' dir='ltr'>quod</span> <span class='ocrx_word' id='word_1_301' title='bbox 658 2763 697 2824; x_wconf 92' lang='lat' dir='ltr'>de</span> <span class='ocrx_word' id='word_1_302' title='bbox 717 2762 814 2823; x_wconf 85' lang='lat' dir='ltr'>llavid</span> <span class='ocrx_word' id='word_1_303' title='bbox 835 2761 916 2842; x_wconf 91' lang='lat' dir='ltr'>obji-</span> <span class='ocrx_word' id='word_1_304' title='bbox 970 2766 1120 2847; x_wconf 88' lang='lat' dir='ltr'>princeps</span> <span class='ocrx_word' id='word_1_305' title='bbox 1140 2764 1200 2826; x_wconf 94' lang='lat' dir='ltr'>fuit</span> <span class='ocrx_word' id='word_1_306' title='bbox 1219 2763 1357 2843; x_wconf 88' lang='lat' dir='ltr'>illorum,</span> <span class='ocrx_word' id='word_1_307' title='bbox 1373 2764 1584 2845; x_wconf 90' lang='lat' dir='ltr'>officiumque</span> <span class='ocrx_word' id='word_1_308' title='bbox 1610 2763 1720 2847; x_wconf 74' lang='lat' dir='ltr'>pracla-</span> 
     </span>
     <span class='ocr_line' id='line_1_24' title="bbox 162 2858 1715 2944; baseline 0.002 -22"><span class='ocrx_word' id='word_1_309' title='bbox 162 2861 261 2936; x_wconf 90' lang='lat' dir='ltr'>citur,</span> <span class='ocrx_word' id='word_1_310' title='bbox 290 2861 545 2941; x_wconf 89' lang='lat' dir='ltr'>respondendum</span> <span class='ocrx_word' id='word_1_311' title='bbox 571 2859 654 2940; x_wconf 92' lang='lat' dir='ltr'>quod</span> <span class='ocrx_word' id='word_1_312' title='bbox 681 2859 713 2922; x_wconf 94' lang='lat' dir='ltr'>in</span> <span class='ocrx_word' id='word_1_313' title='bbox 738 2858 798 2922; x_wconf 93' lang='lat' dir='ltr'>hcc</span> <span class='ocrx_word' id='word_1_314' title='bbox 824 2861 917 2923; x_wconf 88' lang='lat' dir='ltr'>datur</span> <span class='ocrx_word' id='word_1_315' title='bbox 971 2863 1065 2925; x_wconf 92' lang='lat' dir='ltr'>tionis</span> <span class='ocrx_word' id='word_1_316' title='bbox 1088 2882 1184 2944; x_wconf 89' lang='lat' dir='ltr'>super</span> <span class='ocrx_word' id='word_1_317' title='bbox 1199 2862 1379 2924; x_wconf 89' lang='lat' dir='ltr'>universam</span> <span class='ocrx_word' id='word_1_318' title='bbox 1400 2862 1573 2925; x_wconf 87' lang='lat' dir='ltr'>Ecclesiam</span> <span class='ocrx_word' id='word_1_319' title='bbox 1594 2862 1715 2925; x_wconf 91' lang='lat' dir='ltr'>habuit.</span> 
     </span>
     <span class='ocr_line' id='line_1_25' title="bbox 162 2957 1719 3043; baseline 0.002 -24"><span class='ocrx_word' id='word_1_320' title='bbox 162 2959 269 3021; x_wconf 90' lang='lat' dir='ltr'>forma</span> <span class='ocrx_word' id='word_1_321' title='bbox 284 2977 346 3020; x_wconf 95' lang='lat' dir='ltr'>non</span> <span class='ocrx_word' id='word_1_322' title='bbox 363 2957 533 3019; x_wconf 88' lang='lat' dir='ltr'>accusandi</span> <span class='ocrx_word' id='word_1_323' title='bbox 546 2957 709 3038; x_wconf 78' lang='lat' dir='ltr'>praelatum</span> <span class='ocrx_word' id='word_1_324' title='bbox 726 2959 766 3020; x_wconf 88' lang='lat' dir='ltr'>dc</span> <span class='ocrx_word' id='word_1_325' title='bbox 782 2958 915 3020; x_wconf 89' lang='lat' dir='ltr'>crimine</span> <span class='ocrx_word' id='word_1_326' title='bbox 971 2961 1007 3023; x_wconf 91' lang='lat' dir='ltr'>Et</span> <span class='ocrx_word' id='word_1_327' title='bbox 1026 2962 1109 3024; x_wconf 90' lang='lat' dir='ltr'>sicut</span> <span class='ocrx_word' id='word_1_328' title='bbox 1127 2961 1236 3023; x_wconf 88' lang='lat' dir='ltr'>Petrus</span> <span class='ocrx_word' id='word_1_329' title='bbox 1258 2960 1318 3022; x_wconf 92' lang='lat' dir='ltr'>fuit</span> <span class='ocrx_word' id='word_1_330' title='bbox 1342 2961 1491 3043; x_wconf 91' lang='lat' dir='ltr'>princeps</span> <span class='ocrx_word' id='word_1_331' title='bbox 1515 2970 1546 3023; x_wconf 92' lang='grc' dir='ltr'>θῖ</span> <span class='ocrx_word' id='word_1_332' title='bbox 1573 2960 1719 3042; x_wconf 76' lang='lat' dir='ltr'>praelatus</span> 
     </span>
     <span class='ocr_line' id='line_1_26' title="bbox 162 3056 1717 3141; baseline 0.001 -22"><span class='ocrx_word' id='word_1_333' title='bbox 162 3057 250 3140; x_wconf 93' lang='lat' dir='ltr'>quod</span> <span class='ocrx_word' id='word_1_334' title='bbox 267 3057 306 3118; x_wconf 90' lang='lat' dir='ltr'>ab</span> <span class='ocrx_word' id='word_1_335' title='bbox 320 3076 385 3120; x_wconf 93' lang='lat' dir='ltr'>uno</span> <span class='ocrx_word' id='word_1_336' title='bbox 400 3056 467 3118; x_wconf 93' lang='lat' dir='ltr'>solo</span> <span class='ocrx_word' id='word_1_337' title='bbox 487 3056 609 3118; x_wconf 93' lang='lat' dir='ltr'>scitur:</span> <span class='ocrx_word' id='word_1_338' title='bbox 627 3057 710 3138; x_wconf 91' lang='lat' dir='ltr'>quod</span> <span class='ocrx_word' id='word_1_339' title='bbox 733 3056 952 3138; x_wconf 76' lang='lat' dir='ltr'>designaturfl</span> <span class='ocrx_word' id='word_1_340' title='bbox 971 3059 1067 3122; x_wconf 92' lang='lat' dir='ltr'>totins</span> <span class='ocrx_word' id='word_1_341' title='bbox 1084 3059 1244 3138; x_wconf 75' lang='lat' dir='ltr'>Ecclesiae,</span> <span class='ocrx_word' id='word_1_342' title='bbox 1260 3079 1330 3141; x_wconf 78' lang='lat' dir='ltr'>quac</span> <span class='ocrx_word' id='word_1_343' title='bbox 1351 3058 1470 3121; x_wconf 90' lang='lat' dir='ltr'>diffusa</span> <span class='ocrx_word' id='word_1_344' title='bbox 1490 3067 1539 3121; x_wconf 92' lang='lat' dir='ltr'>est</span> <span class='ocrx_word' id='word_1_345' title='bbox 1562 3059 1594 3120; x_wconf 92' lang='lat' dir='ltr'>in</span> <span class='ocrx_word' id='word_1_346' title='bbox 1616 3058 1717 3121; x_wconf 88' lang='lat' dir='ltr'>trihus</span> 
     </span>
    </p>
   </div>
   <div class='ocr_carea' id='block_1_3' title="bbox 40 3154 1719 3436">
    <p class='ocr_par' dir='ltr' id='par_1_6' title="bbox 40 3154 1719 3436">
     <span class='ocr_line' id='line_1_27' title="bbox 59 3154 1719 3241; baseline 0.007 -32"><span class='ocrx_word' id='word_1_347' title='bbox 59 3176 224 3237; x_wconf 63' lang='lat' dir='ltr'>,.111v.per</span> <span class='ocrx_word' id='word_1_348' title='bbox 245 3156 306 3217; x_wconf 94' lang='lat' dir='ltr'>hoc</span> <span class='ocrx_word' id='word_1_349' title='bbox 332 3154 415 3235; x_wconf 91' lang='lat' dir='ltr'>quod</span> <span class='ocrx_word' id='word_1_350' title='bbox 439 3155 536 3217; x_wconf 85' lang='lat' dir='ltr'>David</span> <span class='ocrx_word' id='word_1_351' title='bbox 562 3154 594 3215; x_wconf 93' lang='lat' dir='ltr'>in</span> <span class='ocrx_word' id='word_1_352' title='bbox 619 3155 804 3218; x_wconf 91' lang='lat' dir='ltr'>abscondito</span> <span class='ocrx_word' id='word_1_353' title='bbox 828 3173 914 3217; x_wconf 89' lang='lat' dir='ltr'>oram</span> <span class='ocrx_word' id='word_1_354' title='bbox 972 3159 1113 3241; x_wconf 88' lang='lat' dir='ltr'>partibus</span> <span class='ocrx_word' id='word_1_355' title='bbox 1142 3157 1265 3237; x_wconf 91' lang='lat' dir='ltr'>mundi,</span> <span class='ocrx_word' id='word_1_356' title='bbox 1292 3158 1415 3220; x_wconf 90' lang='lat' dir='ltr'>scilicet</span> <span class='ocrx_word' id='word_1_357' title='bbox 1441 3158 1559 3237; x_wconf 82' lang='lat' dir='ltr'>Africa,</span> <span class='ocrx_word' id='word_1_358' title='bbox 1585 3159 1659 3220; x_wconf 82' lang='lat' dir='ltr'>Asia</span> <span class='ocrx_word' id='word_1_359' title='bbox 1687 3166 1719 3220; x_wconf 88' lang='lat' dir='ltr'>ct</span> 
     </span>
     <span class='ocr_line' id='line_1_28' title="bbox 40 3252 1719 3339; baseline 0.001 -24"><span class='ocrx_word' id='word_1_360' title='bbox 40 3268 44 3277; x_wconf 81' lang='grc'><strong>’</strong></span> <span class='ocrx_word' id='word_1_361' title='bbox 163 3254 343 3335; x_wconf 86' lang='lat' dir='ltr'>chlamydis</span> <span class='ocrx_word' id='word_1_362' title='bbox 359 3252 644 3333; x_wconf 75' lang='lat' dir='ltr'>praescidit-Ad</span> <span class='ocrx_word' id='word_1_363' title='bbox 661 3253 808 3315; x_wconf 89' lang='lat' dir='ltr'>ultimum</span> <span class='ocrx_word' id='word_1_364' title='bbox 831 3256 915 3334; x_wconf 89' lang='lat' dir='ltr'>quod</span> <span class='ocrx_word' id='word_1_365' title='bbox 972 3258 1107 3339; x_wconf 88' lang='lat' dir='ltr'>Europa,</span> <span class='ocrx_word' id='word_1_366' title='bbox 1124 3257 1168 3318; x_wconf 89' lang='lat' dir='ltr'>ita</span> <span class='ocrx_word' id='word_1_367' title='bbox 1187 3256 1328 3318; x_wconf 90' lang='lat' dir='ltr'>Ecclesia</span> <span class='ocrx_word' id='word_1_368' title='bbox 1349 3266 1395 3319; x_wconf 88' lang='lat' dir='ltr'>ter</span> <span class='ocrx_word' id='word_1_369' title='bbox 1417 3256 1450 3318; x_wconf 95' lang='lat' dir='ltr'>in</span> <span class='ocrx_word' id='word_1_370' title='bbox 1471 3271 1555 3318; x_wconf 87' lang='lat' dir='ltr'>anno</span> <span class='ocrx_word' id='word_1_371' title='bbox 1579 3256 1719 3319; x_wconf 89' lang='lat' dir='ltr'>celebrat</span> 
     </span>
     <span class='ocr_line' id='line_1_29' title="bbox 163 3351 1252 3436; baseline 0.001 -21"><span class='ocrx_word' id='word_1_372' title='bbox 163 3360 276 3415; x_wconf 88' lang='lat' dir='ltr'>contra</span> <span class='ocrx_word' id='word_1_373' title='bbox 302 3351 538 3413; x_wconf 88' lang='lat' dir='ltr'>distinctionem</span> <span class='ocrx_word' id='word_1_374' title='bbox 564 3351 730 3431; x_wconf 86' lang='lat' dir='ltr'>Augustini</span> <span class='ocrx_word' id='word_1_375' title='bbox 756 3360 787 3413; x_wconf 89' lang='lat' dir='ltr'>et</span> <span class='ocrx_word' id='word_1_376' title='bbox 814 3353 917 3413; x_wconf 89' lang='lat' dir='ltr'>deter—</span> <span class='ocrx_word' id='word_1_377' title='bbox 972 3355 1088 3417; x_wconf 89' lang='lat' dir='ltr'>festum</span> <span class='ocrx_word' id='word_1_378' title='bbox 1110 3355 1150 3417; x_wconf 88' lang='lat' dir='ltr'>de</span> <span class='ocrx_word' id='word_1_379' title='bbox 1171 3354 1252 3436; x_wconf 92' lang='lat' dir='ltr'>ipso.</span> 
     </span>
    </p>
   </div>
   <div class='ocr_carea' id='block_1_4' title="bbox 163 3448 1719 3535">
    <p class='ocr_par' dir='ltr' id='par_1_7' title="bbox 163 3448 1719 3535">
     <span class='ocr_line' id='line_1_30' title="bbox 163 3448 1719 3535; baseline 0.002 -24"><span class='ocrx_word' id='word_1_380' title='bbox 163 3450 374 3513; x_wconf 90' lang='lat' dir='ltr'>minationem</span> <span class='ocrx_word' id='word_1_381' title='bbox 397 3448 522 3511; x_wconf 86' lang='lat' dir='ltr'>Eusebii</span> <span class='ocrx_word' id='word_1_382' title='bbox 545 3449 706 3529; x_wconf 87' lang='lat' dir='ltr'>objicitur,</span> <span class='ocrx_word' id='word_1_383' title='bbox 725 3450 917 3531; x_wconf 90' lang='lat' dir='ltr'>responden·</span> <span class='ocrx_word' id='word_1_384' title='bbox 1011 3454 1175 3532; x_wconf 79' lang='lat' dir='ltr'>Prmterea,</span> <span class='ocrx_word' id='word_1_385' title='bbox 1192 3461 1304 3535; x_wconf 82' lang='lat' dir='ltr'>praetcr</span> <span class='ocrx_word' id='word_1_386' title='bbox 1324 3453 1407 3515; x_wconf 91' lang='lat' dir='ltr'>hanc</span> <span class='ocrx_word' id='word_1_387' title='bbox 1431 3452 1588 3534; x_wconf 81' lang='lat' dir='ltr'>triplicem</span> <span class='ocrx_word' id='word_1_388' title='bbox 1613 3453 1719 3514; x_wconf 91' lang='lat' dir='ltr'>cathe-</span> 
     </span>
    </p>
   </div>
   <div class='ocr_carea' id='block_1_5' title="bbox 163 3547 1863 4537">
    <p class='ocr_par' dir='ltr' id='par_1_8' title="bbox 163 3547 1863 4537">
     <span class='ocr_line' id='line_1_31' title="bbox 163 3547 1718 3634; baseline 0.001 -23"><span class='ocrx_word' id='word_1_389' title='bbox 163 3550 242 3611; x_wconf 92' lang='lat' dir='ltr'>dum</span> <span class='ocrx_word' id='word_1_390' title='bbox 272 3548 355 3628; x_wconf 90' lang='lat' dir='ltr'>quod</span> <span class='ocrx_word' id='word_1_391' title='bbox 382 3565 485 3609; x_wconf 89' lang='lat' dir='ltr'>canon</span> <span class='ocrx_word' id='word_1_392' title='bbox 514 3547 640 3609; x_wconf 90' lang='lat' dir='ltr'>Eusebii</span> <span class='ocrx_word' id='word_1_393' title='bbox 668 3547 706 3609; x_wconf 90' lang='lat' dir='ltr'>de</span> <span class='ocrx_word' id='word_1_394' title='bbox 736 3548 916 3611; x_wconf 92' lang='lat' dir='ltr'>criminosis</span> <span class='ocrx_word' id='word_1_395' title='bbox 971 3553 1060 3614; x_wconf 90' lang='lat' dir='ltr'>dram</span> <span class='ocrx_word' id='word_1_396' title='bbox 1077 3560 1181 3634; x_wconf 89' lang='lat' dir='ltr'>potest</span> <span class='ocrx_word' id='word_1_397' title='bbox 1200 3560 1232 3613; x_wconf 89' lang='lat' dir='ltr'>et</span> <span class='ocrx_word' id='word_1_398' title='bbox 1252 3560 1364 3633; x_wconf 87' lang='lat' dir='ltr'>quarta</span> <span class='ocrx_word' id='word_1_399' title='bbox 1384 3551 1550 3633; x_wconf 87' lang='lat' dir='ltr'>assignari,</span> <span class='ocrx_word' id='word_1_400' title='bbox 1569 3550 1718 3613; x_wconf 90' lang='lat' dir='ltr'>videlicet</span> 
     </span>
     <span class='ocr_line' id='line_1_32' title="bbox 163 3646 1718 3731; baseline 0.001 -21"><span class='ocrx_word' id='word_1_401' title='bbox 163 3658 262 3729; x_wconf 85' lang='lat' dir='ltr'>atque</span> <span class='ocrx_word' id='word_1_402' title='bbox 283 3646 457 3709; x_wconf 79' lang='lat' dir='ltr'>infamibus</span> <span class='ocrx_word' id='word_1_403' title='bbox 484 3646 683 3726; x_wconf 88' lang='lat' dir='ltr'>intelligitur,</span> <span class='ocrx_word' id='word_1_404' title='bbox 700 3646 850 3727; x_wconf 91' lang='lat' dir='ltr'>quoniam</span> <span class='ocrx_word' id='word_1_405' title='bbox 873 3654 917 3708; x_wconf 91' lang='lat' dir='ltr'>ta·</span> <span class='ocrx_word' id='word_1_406' title='bbox 972 3652 1122 3714; x_wconf 88' lang='lat' dir='ltr'>cathedra</span> <span class='ocrx_word' id='word_1_407' title='bbox 1149 3650 1322 3731; x_wconf 87' lang='lat' dir='ltr'>judicialis,</span> <span class='ocrx_word' id='word_1_408' title='bbox 1349 3650 1389 3711; x_wconf 91' lang='lat' dir='ltr'>de</span> <span class='ocrx_word' id='word_1_409' title='bbox 1417 3669 1480 3731; x_wconf 92' lang='lat' dir='ltr'>qua</span> <span class='ocrx_word' id='word_1_410' title='bbox 1507 3659 1636 3712; x_wconf 91' lang='lat' dir='ltr'>sanctus</span> <span class='ocrx_word' id='word_1_411' title='bbox 1661 3650 1718 3712; x_wconf 85' lang='lat' dir='ltr'>lob</span> 
     </span>
     <span class='ocr_line' id='line_1_33' title="bbox 164 3746 1863 3830; baseline 0.002 -22"><span class='ocrx_word' id='word_1_412' title='bbox 164 3746 213 3808; x_wconf 83' lang='lat' dir='ltr'>les</span> <span class='ocrx_word' id='word_1_413' title='bbox 229 3764 305 3808; x_wconf 90' lang='lat' dir='ltr'>oves</span> <span class='ocrx_word' id='word_1_414' title='bbox 322 3753 480 3825; x_wconf 89' lang='lat' dir='ltr'>pastorem</span> <span class='ocrx_word' id='word_1_415' title='bbox 495 3764 588 3805; x_wconf 90' lang='lat' dir='ltr'>suum</span> <span class='ocrx_word' id='word_1_416' title='bbox 604 3763 754 3806; x_wconf 91' lang='lat' dir='ltr'>accusare</span> <span class='ocrx_word' id='word_1_417' title='bbox 769 3764 832 3807; x_wconf 93' lang='lat' dir='ltr'>non</span> <span class='ocrx_word' id='word_1_418' title='bbox 849 3763 917 3826; x_wconf 91' lang='lat' dir='ltr'>pos·</span> <span class='ocrx_word' id='word_1_419' title='bbox 972 3750 1113 3830; x_wconf 91' lang='lat' dir='ltr'>loquitur</span> <span class='ocrx_word' id='word_1_420' title='bbox 1138 3773 1145 3811; x_wconf 94' lang='lat'><strong>:</strong></span> <span class='ocrx_word' id='word_1_421' title='bbox 1171 3750 1205 3811; x_wconf 97' lang='lat' dir='ltr'>ln</span> <span class='ocrx_word' id='word_1_422' title='bbox 1232 3748 1335 3829; x_wconf 90' lang='lat' dir='ltr'>platea</span> <span class='ocrx_word' id='word_1_423' title='bbox 1358 3748 1541 3809; x_wconf 87' lang='lat' dir='ltr'>cathedram</span> <span class='ocrx_word' id='word_1_424' title='bbox 1566 3748 1719 3829; x_wconf 90' lang='lat' dir='ltr'>parabant</span> <span class='ocrx_word' id='word_1_425' title='bbox 1731 3770 1773 3814; x_wconf 75' lang='lat' dir='ltr'>na</span> <span class='ocrx_word' id='word_1_426' title='bbox 1778 3782 1835 3820; x_wconf 72' lang='lat'>11111</span> <span class='ocrx_word' id='word_1_427' title='bbox 1842 3771 1863 3812; x_wconf 77' lang='grc' dir='ltr'>τ.</span> 
     </span>
     <span class='ocr_line' id='line_1_34' title="bbox 164 3842 1719 3929; baseline 0.001 -23"><span class='ocrx_word' id='word_1_428' title='bbox 164 3852 253 3921; x_wconf 87' lang='lat' dir='ltr'>sunt,</span> <span class='ocrx_word' id='word_1_429' title='bbox 270 3842 332 3905; x_wconf 91' lang='lat' dir='ltr'>nisi</span> <span class='ocrx_word' id='word_1_430' title='bbox 356 3862 375 3905; x_wconf 89' lang='lat' dir='ltr'>a</span> <span class='ocrx_word' id='word_1_431' title='bbox 398 3842 463 3905; x_wconf 90' lang='lat' dir='ltr'>fide</span> <span class='ocrx_word' id='word_1_432' title='bbox 485 3842 710 3904; x_wconf 83' lang='lat' dir='ltr'>exorbitaverit</span> <span class='ocrx_word' id='word_1_433' title='bbox 732 3865 738 3903; x_wconf 92' lang='lat'>:</span> <span class='ocrx_word' id='word_1_434' title='bbox 761 3850 848 3905; x_wconf 89' lang='lat' dir='ltr'>tanta</span> <span class='ocrx_word' id='word_1_435' title='bbox 869 3851 916 3904; x_wconf 88' lang='lat' dir='ltr'>cst</span> <span class='ocrx_word' id='word_1_436' title='bbox 972 3849 1062 3911; x_wconf 85' lang='lat' dir='ltr'>mihi.</span> <span class='ocrx_word' id='word_1_437' title='bbox 1079 3848 1189 3929; x_wconf 87' lang='lat' dir='ltr'>inqua</span> <span class='ocrx_word' id='word_1_438' title='bbox 1210 3846 1306 3909; x_wconf 84' lang='lat' dir='ltr'>etiarn</span> <span class='ocrx_word' id='word_1_439' title='bbox 1328 3846 1410 3908; x_wconf 88' lang='lat' dir='ltr'>sedit</span> <span class='ocrx_word' id='word_1_440' title='bbox 1430 3846 1551 3924; x_wconf 90' lang='lat' dir='ltr'>Petrus,</span> <span class='ocrx_word' id='word_1_441' title='bbox 1567 3846 1642 3927; x_wconf 89' lang='lat' dir='ltr'>quia</span> <span class='ocrx_word' id='word_1_442' title='bbox 1656 3850 1719 3926; x_wconf 90' lang='lat' dir='ltr'>(se-</span> 
     </span>
     <span class='ocr_line' id='line_1_35' title="bbox 163 3939 1717 4027; baseline 0.001 -24"><span class='ocrx_word' id='word_1_443' title='bbox 163 3942 252 4005; x_wconf 92' lang='lat' dir='ltr'>enim</span> <span class='ocrx_word' id='word_1_444' title='bbox 278 3941 365 4002; x_wconf 91' lang='lat' dir='ltr'>illius</span> <span class='ocrx_word' id='word_1_445' title='bbox 390 3939 532 4002; x_wconf 90' lang='lat' dir='ltr'>criminis</span> <span class='ocrx_word' id='word_1_446' title='bbox 558 3939 656 4018; x_wconf 86' lang='lat' dir='ltr'>labes,</span> <span class='ocrx_word' id='word_1_447' title='bbox 672 3941 757 4021; x_wconf 93' lang='lat' dir='ltr'>quod</span> <span class='ocrx_word' id='word_1_448' title='bbox 783 3941 820 4002; x_wconf 89' lang='lat' dir='ltr'>ad</span> <span class='ocrx_word' id='word_1_449' title='bbox 846 3940 915 4022; x_wconf 84' lang='lat' dir='ltr'>ejus</span> <span class='ocrx_word' id='word_1_450' title='bbox 971 3948 1112 4010; x_wconf 71' lang='lat' dir='ltr'>cundum</span> <span class='ocrx_word' id='word_1_451' title='bbox 1136 3947 1297 4008; x_wconf 83' lang='lat' dir='ltr'>doctorem</span> <span class='ocrx_word' id='word_1_452' title='bbox 1324 3945 1523 4025; x_wconf 72' lang='lat' dir='ltr'>predictum)</span> <span class='ocrx_word' id='word_1_453' title='bbox 1547 3946 1586 4006; x_wconf 89' lang='lat' dir='ltr'>ad</span> <span class='ocrx_word' id='word_1_454' title='bbox 1613 3947 1717 4027; x_wconf 89' lang='lat' dir='ltr'>ipsum</span> 
     </span>
     <span class='ocr_line' id='line_1_36' title="bbox 164 4038 1718 4127; baseline 0.004 -25"><span class='ocrx_word' id='word_1_455' title='bbox 164 4038 403 4102; x_wconf 89' lang='lat' dir='ltr'>accusationem</span> <span class='ocrx_word' id='word_1_456' title='bbox 430 4044 540 4100; x_wconf 81' lang='lat' dir='ltr'>sertus</span> <span class='ocrx_word' id='word_1_457' title='bbox 561 4047 670 4100; x_wconf 91' lang='lat' dir='ltr'>contra</span> <span class='ocrx_word' id='word_1_458' title='bbox 690 4038 869 4115; x_wconf 89' lang='lat' dir='ltr'>domiuum,</span> <span class='ocrx_word' id='word_1_459' title='bbox 886 4047 917 4100; x_wconf 89' lang='lat' dir='ltr'>ct</span> <span class='ocrx_word' id='word_1_460' title='bbox 971 4045 1135 4127; x_wconf 90' lang='lat' dir='ltr'>spectabat</span> <span class='ocrx_word' id='word_1_461' title='bbox 1147 4042 1304 4124; x_wconf 86' lang='lat' dir='ltr'>judicium</span> <span class='ocrx_word' id='word_1_462' title='bbox 1320 4043 1462 4105; x_wconf 90' lang='lat' dir='ltr'>omnium</span> <span class='ocrx_word' id='word_1_463' title='bbox 1479 4063 1646 4106; x_wconf 88' lang='lat' dir='ltr'>causarum</span> <span class='ocrx_word' id='word_1_464' title='bbox 1662 4066 1718 4108; x_wconf 91' lang='lat' dir='ltr'>seu</span> 
     </span>
     <span class='ocr_line' id='line_1_37' title="bbox 164 4135 1719 4223; baseline 0.002 -21"><span class='ocrx_word' id='word_1_465' title='bbox 164 4137 304 4219; x_wconf 82' lang='lat' dir='ltr'>quilibet</span> <span class='ocrx_word' id='word_1_466' title='bbox 328 4135 519 4199; x_wconf 75' lang='lat' dir='ltr'>crimanSus</span> <span class='ocrx_word' id='word_1_467' title='bbox 538 4135 633 4197; x_wconf 77' lang='lat' dir='ltr'>eliam</span> <span class='ocrx_word' id='word_1_468' title='bbox 654 4144 763 4197; x_wconf 71' lang='lat' dir='ltr'>watra</span> <span class='ocrx_word' id='word_1_469' title='bbox 782 4136 916 4217; x_wconf 76' lang='lat' dir='ltr'>quemli·</span> <span class='ocrx_word' id='word_1_470' title='bbox 971 4162 1065 4207; x_wconf 91' lang='lat' dir='ltr'>omne</span> <span class='ocrx_word' id='word_1_471' title='bbox 1085 4142 1251 4223; x_wconf 88' lang='lat' dir='ltr'>judicium,</span> <span class='ocrx_word' id='word_1_472' title='bbox 1272 4149 1383 4222; x_wconf 86' lang='lat' dir='ltr'>utputa</span> <span class='ocrx_word' id='word_1_473' title='bbox 1405 4141 1509 4219; x_wconf 89' lang='lat' dir='ltr'>civile,</span> <span class='ocrx_word' id='word_1_474' title='bbox 1526 4142 1719 4205; x_wconf 88' lang='lat' dir='ltr'>ecclesiasti-</span> 
     </span>
     <span class='ocr_line' id='line_1_38' title="bbox 165 4233 1279 4321; baseline -0.002 -18"><span class='ocrx_word' id='word_1_475' title='bbox 165 4238 221 4300; x_wconf 82' lang='lat' dir='ltr'>bet</span> <span class='ocrx_word' id='word_1_476' title='bbox 242 4233 431 4297; x_wconf 67' lang='lat' dir='ltr'>admittitur·</span> <span class='ocrx_word' id='word_1_477' title='bbox 932 4244 1057 4321; x_wconf 83' lang='lat' dir='ltr'>Deum,</span> <span class='ocrx_word' id='word_1_478' title='bbox 1073 4250 1106 4303; x_wconf 92' lang='grc' dir='ltr'>θῖ</span> <span class='ocrx_word' id='word_1_479' title='bbox 1127 4240 1279 4302; x_wconf 88' lang='lat' dir='ltr'>medium.</span> 
     </span>
     <span class='ocr_line' id='line_1_39' title="bbox 1011 4337 1719 4419; baseline 0.003 -18"><span class='ocrx_word' id='word_1_480' title='bbox 1011 4340 1184 4414; x_wconf 90' lang='lat' dir='ltr'>Postremo,</span> <span class='ocrx_word' id='word_1_481' title='bbox 1201 4337 1234 4399; x_wconf 94' lang='lat' dir='ltr'>in</span> <span class='ocrx_word' id='word_1_482' title='bbox 1256 4357 1402 4400; x_wconf 89' lang='lat' dir='ltr'>sermone</span> <span class='ocrx_word' id='word_1_483' title='bbox 1426 4338 1465 4401; x_wconf 91' lang='lat' dir='ltr'>de</span> <span class='ocrx_word' id='word_1_484' title='bbox 1489 4338 1719 4419; x_wconf 90' lang='lat' dir='ltr'>gloriosissimo</span> 
     </span>
     <span class='ocr_line' id='line_1_40' title="bbox 370 4436 1720 4537; baseline 0.004 -40"><span class='ocrx_word' id='word_1_485' title='bbox 370 4472 613 4537; x_wconf 62' lang='lat' dir='ltr'>ARTICULUS</span> <span class='ocrx_word' id='word_1_486' title='bbox 636 4472 712 4535; x_wconf 42' lang='lat' dir='ltr'>XX·</span> <span class='ocrx_word' id='word_1_487' title='bbox 972 4436 1205 4519; x_wconf 87' lang='lat' dir='ltr'>archiapostole</span> <span class='ocrx_word' id='word_1_488' title='bbox 1219 4437 1310 4499; x_wconf 91' lang='lat' dir='ltr'>Petro</span> <span class='ocrx_word' id='word_1_489' title='bbox 1324 4436 1473 4498; x_wconf 86' lang='lat' dir='ltr'>disseruit</span> <span class='ocrx_word' id='word_1_490' title='bbox 1491 4436 1654 4501; x_wconf 88' lang='lat' dir='ltr'>:Christus</span> <span class='ocrx_word' id='word_1_491' title='bbox 1673 4441 1720 4503; x_wconf 91' lang='lat' dir='ltr'>di-</span> 
     </span>
    </p>
   </div>
   <div class='ocr_carea' id='block_1_6' title="bbox 164 4534 1838 4718">
    <p class='ocr_par' dir='ltr' id='par_1_9' title="bbox 164 4534 1838 4718">
     <span class='ocr_line' id='line_1_41' title="bbox 164 4534 1838 4718; baseline -0.005 -48"><span class='ocrx_word' id='word_1_492' title='bbox 164 4614 213 4671; x_wconf 83' lang='lat' dir='ltr'>Dc</span> <span class='ocrx_word' id='word_1_493' title='bbox 232 4608 442 4684; x_wconf 77' lang='lat' dir='ltr'>plenitudine</span> <span class='ocrx_word' id='word_1_494' title='bbox 462 4610 629 4681; x_wconf 76' lang='lat' dir='ltr'>potcstatis</span> <span class='ocrx_word' id='word_1_495' title='bbox 649 4617 678 4667; x_wconf 85' lang='lat' dir='ltr'>et</span> <span class='ocrx_word' id='word_1_496' title='bbox 701 4610 917 4683; x_wconf 81' lang='lat' dir='ltr'>prcrsr&#39;dcntr&#39;o</span> <span class='ocrx_word' id='word_1_497' title='bbox 972 4535 1286 4716; x_wconf 48' lang='lat' dir='ltr'>{Liniglmpfflfimc’agg</span> <span class='ocrx_word' id='word_1_498' title='bbox 1297 4534 1471 4696; x_wconf 49' lang='lat' dir='ltr'>{2523ss</span> <span class='ocrx_word' id='word_1_499' title='bbox 1482 4539 1720 4718; x_wconf 47' lang='grc' dir='ltr'>ἵξιὲἓξθΐρᾚξ</span> <span class='ocrx_word' id='word_1_500' title='bbox 1735 4558 1838 4670; x_wconf 49' lang='lat' dir='ltr'>iiiai‘a&#39;¹</span> 
     </span>
    </p>
   </div>
   <div class='ocr_carea' id='block_1_7' title="bbox 206 4697 1720 4813">
    <p class='ocr_par' dir='ltr' id='par_1_10' title="bbox 206 4697 1720 4813">
     <span class='ocr_line' id='line_1_42' title="bbox 206 4697 1720 4813; baseline 0.003 -21"><span class='ocrx_word' id='word_1_501' title='bbox 206 4698 329 4757; x_wconf 58' lang='lat' dir='ltr'>mmm</span> <span class='ocrx_word' id='word_1_502' title='bbox 339 4697 512 4773; x_wconf 43' lang='lat' dir='ltr'><em>P⁰m²fl⁰²¹⁸</em></span> <span class='ocrx_word' id='word_1_503' title='bbox 522 4715 620 4772; x_wconf 60' lang='lat' dir='ltr'><em>Super</em></span> <span class='ocrx_word' id='word_1_504' title='bbox 633 4698 850 4757; x_wconf 58' lang='lat' dir='ltr'>mmm</span> <span class='ocrx_word' id='word_1_505' title='bbox 864 4702 918 4759; x_wconf 41' lang='grc' dir='ltr'>Εὖ</span> <span class='ocrx_word' id='word_1_506' title='bbox 972 4732 1120 4795; x_wconf 78' lang='lat' dir='ltr'>Ecclesiae</span> <span class='ocrx_word' id='word_1_507' title='bbox 1136 4740 1230 4813; x_wconf 79' lang='lat' dir='ltr'>caput.</span> <span class='ocrx_word' id='word_1_508' title='bbox 1245 4741 1292 4794; x_wconf 90' lang='lat' dir='ltr'>est</span> <span class='ocrx_word' id='word_1_509' title='bbox 1305 4732 1414 4794; x_wconf 90' lang='lat' dir='ltr'>Petrus</span> <span class='ocrx_word' id='word_1_510' title='bbox 1427 4755 1435 4808; x_wconf 84' lang='lat'>3</span> <span class='ocrx_word' id='word_1_511' title='bbox 1452 4742 1484 4795; x_wconf 88' lang='lat' dir='ltr'>et</span> <span class='ocrx_word' id='word_1_512' title='bbox 1497 4732 1579 4796; x_wconf 93' lang='lat' dir='ltr'>sicut</span> <span class='ocrx_word' id='word_1_513' title='bbox 1598 4754 1616 4796; x_wconf 97' lang='lat' dir='ltr'>a</span> <span class='ocrx_word' id='word_1_514' title='bbox 1633 4736 1720 4799; x_wconf 82' lang='lat' dir='ltr'>Chri-</span> 
     </span>
    </p>
   </div>
   <div class='ocr_carea' id='block_1_8' title="bbox 206 4788 1721 4914">
    <p class='ocr_par' dir='ltr' id='par_1_11' title="bbox 206 4788 1721 4914">
     <span class='ocr_line' id='line_1_43' title="bbox 206 4788 1721 4914; baseline 0.02 -48"><span class='ocrx_word' id='word_1_515' title='bbox 206 4791 351 4856; x_wconf 61' lang='lat' dir='ltr'>Cfffl&#39;am’</span> <span class='ocrx_word' id='word_1_516' title='bbox 367 4806 407 4844; x_wconf 46' lang='grc' dir='ltr'>θῶ</span> <span class='ocrx_word' id='word_1_517' title='bbox 427 4788 525 4844; x_wconf 60' lang='lat' dir='ltr'>‘mm&#39;</span> <span class='ocrx_word' id='word_1_518' title='bbox 548 4788 717 4844; x_wconf 42' lang='lat' dir='ltr'>reveren&amp;</span> <span class='ocrx_word' id='word_1_519' title='bbox 735 4796 844 4861; x_wconf 58' lang='lat' dir='ltr'>pm</span> <span class='ocrx_word' id='word_1_520' title='bbox 863 4790 918 4891; x_wconf 53' lang='grc' dir='ltr'>ὥθ’,</span> <span class='ocrx_word' id='word_1_521' title='bbox 973 4839 1021 4893; x_wconf 89' lang='grc' dir='ltr'>εῖο</span> <span class='ocrx_word' id='word_1_522' title='bbox 1046 4830 1164 4891; x_wconf 93' lang='lat' dir='ltr'>dicitur</span> <span class='ocrx_word' id='word_1_523' title='bbox 1187 4830 1392 4906; x_wconf 89' lang='lat' dir='ltr'>Christianus,</span> <span class='ocrx_word' id='word_1_524' title='bbox 1419 4830 1461 4891; x_wconf 90' lang='lat' dir='ltr'>ita</span> <span class='ocrx_word' id='word_1_525' title='bbox 1490 4849 1508 4891; x_wconf 92' lang='lat' dir='ltr'>a</span> <span class='ocrx_word' id='word_1_526' title='bbox 1536 4840 1636 4913; x_wconf 86' lang='lat' dir='ltr'>petra,</span> <span class='ocrx_word' id='word_1_527' title='bbox 1663 4853 1721 4914; x_wconf 90' lang='lat' dir='ltr'>per</span> 
     </span>
    </p>
   </div>
   <div class='ocr_carea' id='block_1_9' title="bbox 206 4876 1721 5007">
    <p class='ocr_par' dir='ltr' id='par_1_12' title="bbox 206 4876 1721 5007">
     <span class='ocr_line' id='line_1_44' title="bbox 206 4876 1721 5007; baseline 0.025 -52"><span class='ocrx_word' id='word_1_528' title='bbox 206 4878 294 4935; x_wconf 58' lang='lat' dir='ltr'>mini</span> <span class='ocrx_word' id='word_1_529' title='bbox 306 4876 418 4935; x_wconf 54' lang='lat' dir='ltr'>lambi</span> <span class='ocrx_word' id='word_1_530' title='bbox 433 4876 473 4933; x_wconf 63' lang='lat' dir='ltr'>de</span> <span class='ocrx_word' id='word_1_531' title='bbox 498 4876 667 4949; x_wconf 44' lang='lat' dir='ltr'>Vmffl&#39;ne&#39;</span> <span class='ocrx_word' id='word_1_532' title='bbox 683 4876 916 4952; x_wconf 50' lang='lat' dir='ltr'>a7⁰l²iepi⁸⁶⁰p²</span> <span class='ocrx_word' id='word_1_533' title='bbox 972 4946 1067 5007; x_wconf 87' lang='lat' dir='ltr'>quarn</span> <span class='ocrx_word' id='word_1_534' title='bbox 1088 4925 1277 5006; x_wconf 87' lang='lat' dir='ltr'>intelligitur</span> <span class='ocrx_word' id='word_1_535' title='bbox 1295 4926 1446 5001; x_wconf 85' lang='lat' dir='ltr'>Christus,</span> <span class='ocrx_word' id='word_1_536' title='bbox 1464 4926 1569 4988; x_wconf 91' lang='lat' dir='ltr'>dictus</span> <span class='ocrx_word' id='word_1_537' title='bbox 1594 4938 1643 4991; x_wconf 92' lang='lat' dir='ltr'>est</span> <span class='ocrx_word' id='word_1_538' title='bbox 1666 4930 1721 4992; x_wconf 83' lang='lat' dir='ltr'>Pe-</span> 
     </span>
    </p>
   </div>
   <div class='ocr_carea' id='block_1_10' title="bbox 166 4964 1721 5404">
    <p class='ocr_par' dir='ltr' id='par_1_13' title="bbox 166 4964 1721 5404">
     <span class='ocr_line' id='line_1_45' title="bbox 205 4964 1506 5036; baseline -0.003 -11"><span class='ocrx_word' id='word_1_539' title='bbox 205 4964 395 5026; x_wconf 78' lang='lat' dir='ltr'>Januensis.</span> <span class='ocrx_word' id='word_1_540' title='bbox 1070 5024 1076 5036; x_wconf 64' lang='lat'>‚</span> <span class='ocrx_word' id='word_1_541' title='bbox 1196 5024 1201 5035; x_wconf 72' lang='grc'>,</span> <span class='ocrx_word' id='word_1_542' title='bbox 1500 5024 1506 5036; x_wconf 63' lang='grc'><em>,</em></span> 
     </span>
     <span class='ocr_line' id='line_1_46' title="bbox 973 5024 1720 5098; baseline 0.005 -12"><span class='ocrx_word' id='word_1_543' title='bbox 973 5034 1050 5098; x_wconf 91' lang='lat' dir='ltr'>trus,</span> <span class='ocrx_word' id='word_1_544' title='bbox 1069 5025 1101 5086; x_wconf 83' lang='lat' dir='ltr'>id</span> <span class='ocrx_word' id='word_1_545' title='bbox 1116 5033 1165 5085; x_wconf 92' lang='grc' dir='ltr'>θεῖ</span> <span class='ocrx_word' id='word_1_546' title='bbox 1181 5024 1304 5085; x_wconf 84' lang='lat' dir='ltr'>firmus.</span> <span class='ocrx_word' id='word_1_547' title='bbox 1318 5024 1404 5086; x_wconf 91' lang='lat' dir='ltr'>Unde</span> <span class='ocrx_word' id='word_1_548' title='bbox 1418 5024 1571 5086; x_wconf 82' lang='lat' dir='ltr'>Dominus</span> <span class='ocrx_word' id='word_1_549' title='bbox 1585 5026 1720 5091; x_wconf 89' lang='lat' dir='ltr'>dicendo</span> 
     </span>
     <span class='ocr_line' id='line_1_47' title="bbox 237 5121 1720 5203; baseline 0 -15"><span class='ocrx_word' id='word_1_550' title='bbox 237 5122 361 5188; x_wconf 84' lang='lat' dir='ltr'>OCTOE</span> <span class='ocrx_word' id='word_1_551' title='bbox 383 5122 443 5185; x_wconf 92' lang='lat' dir='ltr'>iste</span> <span class='ocrx_word' id='word_1_552' title='bbox 468 5121 672 5200; x_wconf 64' lang='lat' dir='ltr'>clarissimus</span> <span class='ocrx_word' id='word_1_553' title='bbox 689 5123 742 5203; x_wconf 91' lang='lat' dir='ltr'>qui</span> <span class='ocrx_word' id='word_1_554' title='bbox 768 5123 807 5185; x_wconf 89' lang='lat' dir='ltr'>ad</span> <span class='ocrx_word' id='word_1_555' title='bbox 832 5142 918 5186; x_wconf 92' lang='lat' dir='ltr'>com·</span> <span class='ocrx_word' id='word_1_556' title='bbox 971 5124 1010 5185; x_wconf 91' lang='lat' dir='ltr'>ad</span> <span class='ocrx_word' id='word_1_557' title='bbox 1027 5122 1166 5198; x_wconf 85' lang='lat' dir='ltr'>eum,Tu</span> <span class='ocrx_word' id='word_1_558' title='bbox 1181 5142 1215 5183; x_wconf 88' lang='lat' dir='ltr'>es</span> <span class='ocrx_word' id='word_1_559' title='bbox 1231 5121 1349 5199; x_wconf 88' lang='lat' dir='ltr'>Petrus,</span> <span class='ocrx_word' id='word_1_560' title='bbox 1358 5122 1496 5183; x_wconf 90' lang='lat' dir='ltr'>ostendit</span> <span class='ocrx_word' id='word_1_561' title='bbox 1510 5122 1635 5185; x_wconf 89' lang='lat' dir='ltr'>Petrum</span> <span class='ocrx_word' id='word_1_562' title='bbox 1651 5144 1720 5189; x_wconf 83' lang='lat' dir='ltr'>esse</span> 
     </span>
     <span class='ocr_line' id='line_1_48' title="bbox 252 5217 1721 5303; baseline 0.001 -19"><span class='ocrx_word' id='word_1_563' title='bbox 252 5240 383 5284; x_wconf 87' lang='lat' dir='ltr'>munem</span> <span class='ocrx_word' id='word_1_564' title='bbox 396 5221 561 5283; x_wconf 90' lang='lat' dir='ltr'>utilitatem</span> <span class='ocrx_word' id='word_1_565' title='bbox 574 5220 722 5283; x_wconf 78' lang='lat' dir='ltr'>Ecclesiae</span> <span class='ocrx_word' id='word_1_566' title='bbox 735 5223 834 5283; x_wconf 90' lang='lat' dir='ltr'>multa</span> <span class='ocrx_word' id='word_1_567' title='bbox 846 5241 916 5285; x_wconf 89' lang='lat' dir='ltr'>con·</span> <span class='ocrx_word' id='word_1_568' title='bbox 971 5220 1139 5283; x_wconf 89' lang='lat' dir='ltr'>fundatum</span> <span class='ocrx_word' id='word_1_569' title='bbox 1155 5238 1251 5299; x_wconf 90' lang='lat' dir='ltr'>super</span> <span class='ocrx_word' id='word_1_570' title='bbox 1265 5226 1386 5299; x_wconf 89' lang='lat' dir='ltr'>petram</span> <span class='ocrx_word' id='word_1_571' title='bbox 1398 5217 1560 5299; x_wconf 76' lang='lat' dir='ltr'>prefatam</span> <span class='ocrx_word' id='word_1_572' title='bbox 1572 5240 1637 5303; x_wconf 78' lang='lat' dir='ltr'>prae</span> <span class='ocrx_word' id='word_1_573' title='bbox 1648 5223 1721 5285; x_wconf 88' lang='lat' dir='ltr'>aliis</span> 
     </span>
     <span class='ocr_line' id='line_1_49' title="bbox 166 5317 1719 5404; baseline 0 -19"><span class='ocrx_word' id='word_1_574' title='bbox 166 5320 307 5403; x_wconf 85' lang='lat' dir='ltr'>scripsit,</span> <span class='ocrx_word' id='word_1_575' title='bbox 329 5319 363 5381; x_wconf 88' lang='lat' dir='ltr'>in</span> <span class='ocrx_word' id='word_1_576' title='bbox 386 5319 522 5401; x_wconf 88' lang='lat' dir='ltr'>quodam</span> <span class='ocrx_word' id='word_1_577' title='bbox 548 5338 703 5399; x_wconf 88' lang='lat' dir='ltr'>sermone,</span> <span class='ocrx_word' id='word_1_578' title='bbox 730 5329 761 5382; x_wconf 90' lang='grc' dir='ltr'>θῖ</span> <span class='ocrx_word' id='word_1_579' title='bbox 784 5320 859 5382; x_wconf 91' lang='lat' dir='ltr'>item</span> <span class='ocrx_word' id='word_1_580' title='bbox 881 5320 914 5382; x_wconf 90' lang='lat' dir='ltr'>in</span> <span class='ocrx_word' id='word_1_581' title='bbox 972 5318 1131 5401; x_wconf 88' lang='lat' dir='ltr'>Apostolis</span> <span class='ocrx_word' id='word_1_582' title='bbox 1146 5318 1180 5379; x_wconf 92' lang='lat' dir='ltr'>in</span> <span class='ocrx_word' id='word_1_583' title='bbox 1195 5317 1339 5399; x_wconf 89' lang='lat' dir='ltr'>pluribus</span> <span class='ocrx_word' id='word_1_584' title='bbox 1358 5318 1586 5399; x_wconf 78' lang='lat' dir='ltr'>prerogativis.</span> <span class='ocrx_word' id='word_1_585' title='bbox 1603 5320 1719 5404; x_wconf 90' lang='lat' dir='ltr'>Primo,</span> 
     </span>
    </p>
   </div>
   <div class='ocr_carea' id='block_1_11' title="bbox 0 0 2166 6244">
    <p class='ocr_par' dir='ltr' id='par_1_14' title="bbox 0 0 2166 6244">
     <span class='ocr_line' id='line_1_50' title="bbox 0 0 2166 6244; baseline 0 0"><span class='ocrx_word' id='word_1_586' title='bbox 0 0 2166 6244; x_wconf 95' lang='lat' dir='ltr'> </span> 
     </span>
    </p>
   </div>
  </div>
 </body>
</html>
