4309 6250
309 500 460 548 teubodus
480 500 710 548 ntsrurtrtortts
732 500 823 547 turno
844 498 1051 547 CHRISTlANUH
1071 500 1109 545 ΕΤ
1129 500 1344 548 stantemtutt.
1367 520 1408 531 -
1428 500 1497 547 ΛΒΤ.
1521 501 1575 548 Vssl
1660 484 1721 547 Μ

165 671 283 752 quibus
298 675 391 735 decet
405 672 507 734 virum
523 690 613 734 suem
633 690 826 755 cognoscere
842 673 953 735 con-A
970 671 1057 735 ducit
1077 674 1117 736 ad
1137 674 1246 754 vitam,
1261 681 1294 737 et
1313 672 1407 756 pauci
1432 673 1603 737 inveniunt
1625 677 1717 733 earnt

163 768 274 851 jugem
299 771 553 852 (impregnatam
572 788 710 851 nemque
735 789 799 833 non
825 770 917 833 decet
968 768 1121 852 lienique,
1142 771 1226 834 sicut
1248 791 1331 833 unus
1355 771 1451 835 bomo
1476 770 1720 854 paulatim‘cre-

164 884 238 929 eum
264 868 417 931 accedere
441 885 605 949 usquequo
630 866 728 930 luerit
753 876 824 949 post
849 887 917 949 par·
969 867 1040 946 scit,
1055 868 1224 931 instruitur
1237 877 1331 950 atque
1345 870 1385 931 ad
1401 869 1592 952 perfectiora
1605 866 1720 949 perdu-

163 972 232 1027 tum
247 964 441 1048 purificata),
457 982 565 1029 nonne
579 966 751 1047 expediens
766 973 867 1028 exstat
881 972 916 1028 ut
969 966 1072 1044 citur;
1089 966 1136 1029 sic
1159 966 1317 1048 gloriosus
1336 976 1368 1031 et
1386 967 1566 1030 adorandus
1590 966 1719 1028 univer·

163 1062 279 1125 habeat
301 1063 455 1145 conjuges
476 1063 607 1146 plurest
969 1082 1075 1126 sorum
1104 1063 1232 1127 Creator
1267 1059 1367 1127 voluit
1401 1064 1582 1127 successive
1615 1082 1716 1145 genus

203 1162 422 1227 Cumsrmrrus.
440 1196 481 1207 -
499 1161 532 1224 Si
552 1180 713 1224 summum
732 1169 787 1223 aut
805 1160 915 1244 preci·
968 1162 1143 1225 humanum
1158 1162 1198 1225 ad
1213 1162 1354 1241 meliora,
1372 1162 1588 1246 spiritualiora
1601 1170 1634 1225 et
1647 1180 1720 1243 per·

162 1279 264 1342 puum
288 1261 430 1326 bominis
453 1260 573 1324 bonum
597 1260 631 1323 in
656 1259 722 1323 vita
745 1259 805 1323 bac
831 1268 914 1324 esset
969 1258 1103 1323 laetiora
1131 1260 1315 1341 perducere.
1341 1260 1421 1324 Hinc
1448 1261 1553 1343 primo
1582 1258 1718 1323 contulit

162 1359 284 1422 carnali
304 1357 525 1442 propagationi
547 1376 671 1438 vacare,
688 1357 770 1421 bene
793 1356 914 1440 objice·
969 1357 1072 1441 legem
1088 1359 1280 1437 naturalem;
1296 1358 1412 1422 deinde
1427 1378 1485 1441 per
1497 1358 1624 1441 Moysen
1639 1376 1718 1440 pra-

163 1474 236 1533 res,
253 1456 308 1519 sed
323 1474 422 1538 quum
438 1455 620 1519 virtuosius
642 1455 790 1536 salusque
811 1454 913 1519 bomi—
969 1457 1048 1519 stitit
1067 1456 1171 1537 legem
1192 1456 1354 1539 scriptam,
1371 1466 1531 1540 postremo
1553 1476 1610 1539 per
1629 1455 1718 1520 Cbri-

163 1553 214 1616 nis
230 1553 265 1615 in
284 1553 346 1617 hoc
366 1553 553 1633 consistant,
569 1562 603 1616 ut
625 1552 659 1615 in
679 1572 754 1617 vera
777 1554 913 1635 pruden-
969 1562 1052 1617 stum
1068 1555 1172 1636 legem
1186 1554 1416 1638 evangelicam,
1428 1556 1637 1639 spiritualem,
1651 1574 1716 1637 per

161 1652 217 1731 tia,
255 1652 387 1715 salutari
423 1651 578 1733 sapientia
613 1659 706 1733 atque
742 1651 913 1715 virtutibus
968 1652 1282 1735 lectamdbsitergo
1296 1654 1622 1737 utpostevangelice
1636 1653 1717 1735 legia

161 1762 285 1816 crescat
313 1751 465 1835 quotidie,
491 1751 664 1833 praesertim
694 1750 727 1813 in
756 1751 911 1833 spirituali
968 1769 1025 1832 per
1040 1750 1226 1813 universum
1244 1751 1354 1813 orbem
1376 1751 1627 1833 divulgationem
1649 1768 1717 1814 cre·

161 1852 217 1914 Dei
234 1870 272 1915 ac
286 1850 504 1934 proximomm
525 1867 643 1928 amore,
661 1869 679 1912 a
701 1848 815 1931 quibus
837 1868 912 1912 uxo
929 1846 953 1910 B
968 1851 1060 1913 datur
1083 1851 1221 1932 desuper
1245 1851 1317 1913 data
1342 1850 1393 1914 lex
1414 1851 1524 1929 laxior,
1540 1850 1591 1913 lex
1615 1850 1712 1929 rudis,

161 1968 233 2011 rum
262 1948 428 2031 pluralitas
458 1947 594 2011 maxime
619 1947 763 2031 impedit,
789 1955 911 2010 certum
968 1946 1117 2027 carnalis,
1133 1948 1277 2011 remissa.

160 2056 208 2110 est
230 2054 455 2129 argumentum
474 2055 564 2109 mum
590 2045 709 2108 nullius
733 2064 802 2107 esse
828 2045 913 2128 vigo
1008 2046 1221 2109 Sarracenos.
1237 2045 1354 2108 -Lex
1372 2045 1488 2108 Christi
1508 2054 1572 2108 tam
1596 2045 1716 2127 rigoro-

161 2145 214 2208 ris.
231 2180 273 2192 -
287 2146 494 2227 Porro,·quod
508 2146 547 2207 de
562 2143 705 2225 patribus
719 2144 836 2207 veteris
855 2144 912 2207 Te-
968 2164 1012 2221 sa,
1043 2162 1108 2207 non
1142 2151 1191 2206 est
1224 2143 1421 2207 multitudini
1449 2144 1616 2208 bominum
1644 2144 1715 2207 rudi

160 2243 312 2305 stamenti
329 2243 477 2321 assumis,
494 2262 580 2305 nunc
595 2242 701 2305 locum
717 2260 781 2305 non
803 2240 908 2305 habet.
968 2249 1051 2323 epta.

159 2340 240 2404 Nam
264 2341 313 2404 illi
332 2360 371 2405 ex
389 2340 624 2423 dispensatione
649 2340 769 2419 divina,
786 2348 840 2403 aut
864 2341 911 2402 in·
1007 2340 1222 2403 Cnmsrmrms.
1247 2374 1288 2387 -
1310 2340 1405 2419 Deus,
1431 2338 1524 2421 cujus
1552 2340 1861 2423 sapientiarmuu.

160 2440 337 2522 spiratione
352 2458 500 2522 superna,
508 2446 540 2501 et
554 2457 593 2501 ex
607 2438 787 2503 rationabili
802 2458 908 2517 causa,
967 2458 1031 2502 non
1056 2446 1105 2502 est
1123 2438 1211 2518 linis,
1231 2438 1312 2500 nulli
1330 2438 1540 2519 impossibilia
1558 2439 1714 2521 praecipit.

159 2538 269 2619 plures
285 2538 443 2601 duxerunt
461 2554 575 2600 uxores
593 2561 600 2599 :
617 2536 693 2617 quia
712 2546 787 2600 tunc
806 2538 911 2599 cultus
966 2538 1035 2619 lpse
1063 2536 1190 2619 quoque
1217 2556 1292 2599 vere
1323 2536 1538 2619 omnipotens,
1570 2537 1716 2599 humanat

160 2635 229 2699 veri
244 2636 300 2699 Dei
318 2635 350 2697 in
366 2654 431 2698 uno
451 2634 569 2717 populo
591 2634 701 2716 viguit,
718 2642 750 2697 et
768 2654 825 2717 per
844 2654 912 2698 car-
966 2636 1149 2718 fragilitatis
1178 2635 1428 2700 imbecillitatem
1462 2636 1639 2699 clarissime
1667 2635 1716 2699 in·

159 2734 268 2797 nalem
284 2732 553 2817 protilicationem
567 2734 829 2809 conservabatur;
840 2733 913 2797 luit-
966 2742 1069 2815 tuens,
1086 2743 1199 2818 potens
1213 2742 1262 2797 est
1276 2744 1308 2797 et
1328 2742 1456 2817 paratus
1476 2734 1648 2798 subvenire
1666 2734 1716 2797 in·

159 2852 222 2913 que
238 2832 382 2915 paucitas
397 2831 562 2895 bominum
576 2831 910 2913 respectulatitudinis
966 2832 1070 2895 lirmis
1094 2857 1101 2895 ε
1129 2833 1194 2899 imo
1217 2851 1275 2914 per
1298 2832 1438 2895 caritatis
1461 2832 1633 2913 servorem,
1659 2852 1717 2915 per

160 2940 253 2993 terrae
273 2939 304 2993 et
324 2929 540 2993 multitudinis
564 2930 705 3012 gentium
729 2948 799 3012 que
824 2949 910 2994 nunc
967 2930 1199 2995 consolationes
1218 2930 1355 3008 divinas,
1371 2950 1428 3012 per
1445 2931 1581 3013 gratiam
1602 2939 1634 2994 et
1654 2931 1717 2994 vir-

159 3036 245 3090 sunt.
276 3028 372 3091 Porro
405 3027 591 3091 concubinae
619 3046 698 3110 quas
727 3028 832 3091 Sancti
862 3028 909 3092 illi
925 3026 947 3090 C
966 3038 1049 3093 tutes
1064 3030 1198 3106 inlusae,
1216 3047 1273 3110 per
1290 3030 1374 3092 dona
1388 3037 1421 3091 et
1434 3029 1558 3093 tructus
1577 3029 1715 3110 Spiritus

157 3127 310 3190 habuisse
343 3126 504 3208 leguntur,
533 3135 624 3190 erant
657 3145 768 3190 eorum
795 3146 910 3191 uxores
966 3129 1085 3208 Sancti,
1101 3137 1166 3190 tam
1191 3127 1320 3209 copiose
1338 3136 1370 3190 et
1394 3128 1531 3210 gratiose
1557 3129 1715 3191 succurrit

157 3225 322 3308 legitimae,
338 3225 393 3287 sed
409 3223 603 3288 secundariae
619 3233 650 3287 et
664 3225 771 3287 minus
790 3225 910 3307 princi·
964 3226 1149 3292 hominibus
1163 3225 1328 3290 benevolis
1348 3245 1385 3289 ac
1408 3225 1513 3307 bonis,
1529 3234 1564 3288 ut
1584 3226 1658 3289 inde
1680 3226 1713 3288 in

39 3339 77 3384 een
97 3355 135 3386 m
158 3324 248 3405 pales
265 3347 273 3384 :
290 3323 374 3386 sicut
396 3323 429 3386 in
450 3322 564 3386 Genesi
585 3323 659 3386 Bala
677 3331 709 3386 et
727 3323 842 3406 Zelpba
862 3324 911 3386 in·
964 3325 1150 3407 evangelica
1164 3324 1234 3407 lege
1248 3325 1374 3388 locutus
1389 3323 1431 3386 sit
1447 3347 1454 3385 ε
1471 3324 1586 3405 Jugum
1605 3343 1712 3388 meum
1740 3345 1859 3398 aaran.

33 3477 48 3506 Π
118 3500 123 3510 .
157 3423 286 3484 terdum
301 3429 455 3484 vocantur
468 3439 595 3499 uxores,
610 3421 769 3486 interdum
793 3441 910 3486 concu-
964 3444 1062 3488 suave
1083 3432 1142 3501 est,
1159 3431 1191 3485 et
1210 3441 1291 3488 onus
1313 3441 1421 3485 meum
1443 3422 1525 3485 leve.
1727 3411 1760 3451 ³⁰·

157 3520 241 3583 binae
253 3519 424 3583 Jacobltst
435 3519 522 3582 enim
538 3521 734 3584 consuetudo
746 3521 909 3603 scriptura
1003 3523 1216 3586 Senascruus.
1232 3555 1273 3568 -
1286 3519 1380 3582 lliror
1393 3520 1478 3602 quod
1498 3518 1711 3602 legislatorem

155 3619 276 3685 veteris
304 3619 507 3700 Testamenti,
537 3618 617 3682 tales
645 3619 849 3682 secundariae
876 3627 910 3684 et
963 3630 1108 3684 nostrum
1129 3620 1176 3682 sic
1192 3619 1376 3701 vilipendis,
1392 3626 1426 3681 et
1445 3618 1517 3699 ejus
1538 3617 1641 3699 legem
1664 3617 1711 3680 sic

155 3719 264 3783 minus
293 3717 487 3800 principales
515 3735 630 3780 uxores
658 3716 764 3781 dicere
793 3737 910 3783 concu-
963 3718 1114 3801 despicis.

156 3817 261 3880 binas.
1002 3817 1218 3880 Cnmsrmuus.
1235 3814 1322 3877 -Si
1344 3813 1378 3876 in
1403 3813 1570 3894 scripturis
1595 3813 1710 3877 veteris

197 3915 460 3978 Stratonicus-
473 3911 572 3975 Nimis
587 3921 674 3974 arcta
688 3919 721 3974 et
734 3910 907 3994 spiritualis
963 3933 999 3976 ac
1015 3916 1090 3979 novi
1105 3914 1307 3993 Testamenti,
1322 3931 1401 3995 quas
1416 3921 1449 3976 et
1462 3911 1624 3994 legislator
1636 3921 1710 3975 tuus

157 4021 205 4076 est
230 4013 281 4076 lex
301 4011 426 4090 Christi,
443 4011 564 4074 idcirco
584 4030 644 4074 nec
663 4011 813 4074 omnibus
837 4031 908 4093 pro-
962 4011 1116 4075 divinitus
1129 4012 1218 4075 datas
1233 4011 1360 4088 latetur,
1377 4029 1464 4074 esses
1483 4009 1659 4072 instructus
1679 4017 1712 4072 et

154 4111 348 4194 portionata.
361 4110 433 4174 ldec
449 4110 501 4192 pie
516 4117 548 4173 et
562 4110 724 4192 sapienter
737 4110 803 4192 egit
817 4111 908 4174 Altis
962 4112 1337 4193 resolutus,nequaquam
1351 4129 1447 4192 super
1460 4109 1521 4172 boc
1536 4109 1708 4172 mirareris.

155 4211 259 4272 simus
272 4209 426 4272 mittendo
440 4207 526 4290 plebi
542 4208 681 4272 Arabum
696 4208 906 4274 blabometum
921 4211 947 4276 D
962 4211 1091 4291 Verum,
1107 4218 1142 4271 ut
1156 4207 1369 4272 communiter
1387 4206 1499 4285 lemur,
1515 4225 1606 4270 amor
1625 4206 1712 4271 inor-

155 4327 230 4372 cum
245 4306 316 4389 lege
331 4305 401 4369 laxa
415 4323 452 4369 ac
472 4304 571 4369 lacili.
588 4305 623 4370 ln
643 4307 736 4388 cujus
751 4307 906 4372 Alcorano
960 4309 1089 4373 dinatus
1123 4307 1289 4371 etodium
1317 4312 1504 4388 pervertunt
1536 4304 1707 4387 judicium.

153 4405 291 4470 babetur
317 4429 325 4467 :
348 4405 429 4468 Deus
453 4423 654 4486 nequaquam
679 4404 825 4468 dilficilia
849 4426 905 4470 seu
960 4408 1061 4483 Quum
1077 4407 1183 4488 itaque
1197 4413 1244 4469 tot
1256 4406 1349 4468 annis
1368 4403 1468 4467 fueris
1490 4405 1529 4466 ad
1551 4403 1711 4486 legislato-

153 4507 255 4570 ardua
276 4503 410 4586 requirit
430 4523 448 4566 a
469 4503 573 4567 nobis.
960 4525 1027 4570 rem
1055 4515 1146 4569 tuum
1180 4504 1315 4586 ejusque
1351 4503 1454 4585 legem
1490 4510 1641 4584 tanquam
1668 4501 1709 4566 ad

193 4603 470 4668 carisomus-
490 4601 556 4664 iam
580 4601 638 4664 tibi
657 4602 799 4683 probavi,
821 4605 905 4684 quod
960 4625 1075 4688 magne
1099 4605 1183 4668 bona
1205 4602 1328 4667 lortiter
1351 4611 1445 4683 atque
1472 4619 1605 4664 erronee
1630 4600 1710 4664 alie·

153 4699 204 4764 lex
215 4699 385 4764 blabometi
401 4717 464 4762 non
480 4699 522 4762 sit
534 4698 688 4762 divinitus
702 4701 849 4778 data,sed
861 4721 906 4764 sa-
961 4713 1075 4782 ctatus,
1091 4721 1156 4767 non
1171 4702 1271 4766 miror
1284 4701 1370 4782 quod
1384 4702 1424 4762 de
1438 4718 1549 4763 eorum
1568 4708 1709 4762 extrema

154 4800 276 4882 crilega
290 4807 322 4862 et
336 4799 509 4876 mendosa3
526 4806 558 4860 et
578 4799 662 4879 quod
677 4807 750 4880 post
763 4800 905 4882 Evange-
960 4811 991 4864 et
1016 4821 1092 4864 vera
1115 4800 1337 4883 reprobatione
1359 4798 1482 4862 mireris
1505 4805 1538 4860 et
1560 4797 1710 4881 obstupe-

153 4898 189 4961 lii
204 4896 457 4978 divulgationem
472 4894 611 4958 universi
627 4895 774 4960 homiues
789 4898 822 4959 in
843 4899 904 4962 boc
961 4919 1041 4963 scas.
1059 4899 1212 4962 Praeterea
1224 4899 1290 4980 jam
1305 4897 1466 4980 perpende
1487 4896 1591 4978 qualis
1612 4895 1711 4959 luerit

153 4995 277 5059 mundo
297 4995 336 5057 ad
356 4993 458 5076 legem
478 4993 696 5076 evangelicam
716 5003 903 5076 teneantur;
959 4997 1074 5080 legiler
1095 5005 1180 5059 tuus.

152 5095 305 5176 quodque
320 5090 370 5154 lex
383 5091 550 5156 ldahometi
569 5091 611 5154 sit
628 5093 761 5156 omnino
782 5103 906 5158 contra·
1000 5097 1270 5161 Sarracenos-
1287 5093 1453 5157 virtuosus
1473 5100 1506 5155 et
1524 5091 1630 5174 justus
1650 5108 1708 5173 per

33 5242 94 5294 ,mh
152 5195 200 5256 ria
216 5191 282 5272 legi
296 5189 423 5270 Christi,
439 5189 494 5272 qui
509 5190 543 5252 in
558 5189 732 5272 Evangelio
753 5201 905 5274 protesta-
959 5195 1067 5260 omnia
1091 5194 1191 5258 luisse
1216 5200 1374 5270 censetur,
1391 5191 1445 5274 qui
1469 5191 1508 5254 ad
1533 5189 1627 5252 unius
1653 5187 1708 5252 Dei

33 5313 50 5353 a
95 5261 139 5304 ‘m’
152 5303 206 5358 tur
222 5317 231 5357 ι
248 5290 348 5367 Quum
363 5297 449 5354 arcta
464 5289 515 5354 via
528 5299 560 5354 et
573 5300 707 5374 angusta
724 5300 816 5376 porta
833 5313 904 5378 qum
960 5294 1027 5359 veri
1043 5293 1165 5357 cultum
1179 5291 1325 5356 homines
1340 5288 1460 5353 viribus
1473 5287 1547 5352 totis
1564 5287 1704 5352 adduxit.

282 5425 316 5478 T.
329 5427 370 5478 36.
595 5461 596 5464 ¹
1552 5421 1584 5473 30
