4309 6250
508 522 625 571 conma
646 524 813 571 runcinatur
832 524 1005 583 naucum,
1026 526 1116 572 aram
1136 516 1179 573 rt.
1201 544 1242 557 -
1261 528 1333 575 aar.
1355 527 1411 577 ran
1673 510 1731 577 iti

188 698 271 771 tuns,
301 696 382 757 vade
416 702 448 757 et
476 694 600 777 corripe
628 714 701 757 cum
731 694 813 758 inter
841 704 871 758 te
899 703 932 759 et
945 692 972 757 Α
986 695 1179 779 passionem,
1197 696 1279 761 sicut
1294 702 1434 764 secundo
1452 700 1534 765 libro
1553 700 1734 784 copiosissi-
1747 723 1790 763 aa
1808 732 1859 763 ιιι.

186 793 289 875 ipsum
315 794 429 857 solum.
456 794 487 857 si
514 802 544 857 te
566 794 712 871 audierit,
736 794 875 857 lucratus
896 814 931 857 es
988 815 1038 858 me
1053 804 1102 859 est
1116 796 1283 878 probatum
1297 821 1304 858 ε
1318 798 1469 879 quoniam
1484 799 1599 863 Christi
1613 800 1734 882 passio

186 891 315 954 fratrem
339 900 451 969 tuum3
474 894 501 954 si
523 901 629 955 autem
650 901 679 955 te
699 911 763 955 nun
782 893 932 971 audierit,¹
987 912 1060 955 nem
1075 894 1238 976 Prophetae
1252 896 1452 959 concorditer
1466 897 1686 978 predixerunt,
1703 906 1735 959 et

186 990 298 1054 adhibe
319 999 426 1055 tecum
451 1010 550 1053 unum
576 992 625 1055 vel
650 992 740 1067 duos,
762 999 796 1053 ut
819 992 852 1053 in
877 1010 932 1055 ore
987 992 1196 1075 Evangelistae
1223 994 1367 1057 eamdem
1392 994 1592 1058 concorditer
1617 996 1735 1059 deacri-

185 1090 319 1153 duorum
335 1089 386 1151 vel
400 1090 495 1151 trium
515 1090 642 1152 testium
665 1098 726 1152 stet
748 1108 842 1153 omne
863 1110 932 1153 ver·
988 1100 1129 1173 pserunt.

186 1187 272 1250 bum.
289 1188 377 1263 Quod
393 1186 419 1249 si
434 1206 488 1251 ecs
503 1206 566 1251 non
588 1188 735 1265 audierit,
752 1188 801 1251 dic
824 1187 932 1251 Eccle-
1026 1190 1146 1271 ltaque,
1163 1188 1246 1252 sicut
1266 1190 1462 1272 evangelista
1475 1190 1612 1254 loannes
1627 1190 1661 1253 in
1675 1209 1734 1254 suo

187 1286 251 1349 siae.
268 1286 301 1349 si
320 1293 425 1349 autem
448 1285 621 1349 Ecclesiam
643 1305 707 1350 non
729 1286 874 1363 audierit,
891 1286 933 1349 sit
987 1286 1154 1369 evangelio
1167 1287 1270 1366 docet,
1280 1287 1421 1350 Christus
1435 1288 1487 1351 die
1503 1288 1646 1371 proximo
1660 1297 1733 1351 ante
1746 1310 1881 1353 amana

87 1404 161 1448 urica.
187 1384 241 1446 tibi
257 1384 341 1447 sicut
359 1384 488 1466 gentilis
509 1392 542 1446 et
561 1383 762 1466 publicanus.
779 1384 835 1448 Ubi
858 1393 933 1447 sunt
987 1403 1076 1447 suum
1098 1385 1290 1467 passionem,
1307 1405 1380 1448 cum
1399 1386 1567 1468 discipulis
1586 1386 1652 1449 suis
1671 1405 1734 1449 cue
1748 1386 1799 1415 ¹'¹¹·

60 1470 247 1544 ¹''“·²l²³·duo
267 1483 318 1545 vel
340 1490 404 1544 tras
429 1482 610 1563 congregati
635 1482 669 1543 in
693 1482 822 1544 nomine
847 1500 929 1559 meo,
987 1502 1060 1545 nam
1076 1483 1109 1545 in
1124 1482 1296 1546 Jerusalem
1316 1482 1404 1561 fecit,
1420 1484 1531 1565 eisque
1552 1503 1641 1546 suam
1664 1503 1734 1565 pas·

185 1580 226 1642 ibi
249 1598 320 1641 sum
344 1580 376 1641 in
403 1578 508 1642 medio
528 1596 649 1642 eorum.
666 1580 754 1642 'lunc
775 1580 855 1641 dixit
879 1580 932 1642 Pe·
987 1582 1121 1661 sionem,
1141 1565 1427 1661 resurrectionem,
1457 1581 1592 1664 Spiritus
1627 1581 1733 1644 Sancti

185 1686 250 1741 trus
269 1679 310 1741 ad
329 1678 487 1741 Christum
505 1702 512 1739 ε
530 1678 672 1757 Domine,
694 1679 818 1761 quoties
843 1679 933 1761 ignc-
986 1679 1172 1743 missionem
1187 1680 1361 1743 clarissime
1376 1679 1609 1762 praenuntiavit,
1625 1680 1734 1743 Sacra·

185 1796 269 1841 scam
291 1776 435 1859 peccanti
460 1778 493 1840 in
518 1779 586 1841 met
606 1795 645 1838 an
671 1795 772 1858 usque
796 1777 930 1859 septiesf
986 1786 1128 1841 mentum
1142 1777 1284 1860 corporis
1298 1786 1331 1840 et
1344 1778 1506 1859 sanguinis
1520 1778 1570 1840 sui
1586 1778 1732 1855 instituit,

184 1876 358 1958 Respondit
382 1877 472 1939 lesus
499 1900 506 1937 ε
536 1874 604 1939 Non
629 1876 702 1938 dico
731 1875 800 1953 tibi,
828 1876 968 1959 UsqueD
988 1876 1272 1959 apostolorumque
1291 1876 1388 1957 pedes
1407 1875 1486 1937 lavit
1504 1895 1542 1939 ac
1566 1876 1667 1955 tersit,
1689 1883 1735 1939 at-

184 1974 312 2057 septies,
329 1975 397 2052 sed,
417 1975 520 2056 Usque
541 1972 722 2056 septuagies
747 1973 876 2056 septies,
898 1974 930 2037 id
986 1994 1049 2055 que
1077 1973 1199 2037 eisdem
1233 1972 1482 2054 pulcherrimum
1512 1972 1590 2037 fecit
1616 1990 1735 2037 sermo-

184 2082 241 2153 est,
267 2072 531 2155 quotiescumque
559 2072 741 2156 peccaverit
768 2072 799 2133 in
829 2082 870 2153 te,
901 2072 931 2135 ei
987 2092 1072 2151 nem,
1090 2072 1173 2135 inter
1194 2079 1300 2134 cetera
1319 2071 1431 2133 dicens
1452 2071 1525 2135 eis:

184 2172 342 2252 ignosces.
661 2210 664 2217 ·
1027 2170 1096 2233 Non
1119 2171 1264 2233 turbetur
1287 2188 1343 2233 cor
1365 2178 1517 2232 vestrum.
1541 2168 1675 2231 Creditis
1700 2169 1733 2230 in
1761 2198 1821 2243 ,Μ
1837 2212 1882 2253 m,

223 2270 307 2331 Dixit
328 2276 479 2351 praeterea
498 2267 588 2332 lesus
608 2270 647 2331 ad
666 2268 797 2331 divitem
822 2288 932 2351 quem·
987 2269 1099 2349 Deum,
1119 2268 1201 2329 etin
1225 2286 1276 2330 me
1301 2268 1432 2330 credite.
1459 2268 1494 2329 ln
1511 2268 1612 2331 domo
1637 2266 1735 2329 Patris
1751 2264 1795 2305 ¹⁴·

69 2368 255 2435 nar.1a,darn
273 2390 279 2428 :
298 2366 337 2428 Si'
358 2367 406 2428 vis
432 2365 593 2448 perfectus
617 2386 699 2445 esse,
722 2367 812 2445 vade,
829 2368 931 2429 vende
988 2367 1049 2429 mei
1076 2366 1258 2429 mansiones
1281 2355 1388 2427 multae
1412 2374 1497 2427 sunt.
1514 2364 1600 2428 Vado
1625 2382 1735 2447 parare

60 2450 119 2491 ²¹²³·
184 2465 288 2528 omnia
314 2483 384 2546 quae
408 2464 517 2543 habes,
543 2473 575 2527 ct
602 2465 642 2527 da
671 2464 873 2545 pauperihus,
901 2474 932 2527 et
987 2466 1079 2530 vobis
1095 2466 1211 2544 locum,
1227 2464 1386 2527 etiterum
1403 2463 1509 2543 venio,
1525 2471 1557 2526 et
1575 2482 1735 2526 assumam

185 2564 316 2627 veniens
338 2582 469 2645 sequere
489 2582 551 2626 me.
568 2564 635 2639 Quo
650 2562 767 2639 audito,
786 2562 839 2625 ille
855 2563 932 2625 abiit
987 2582 1044 2628 vos
1058 2563 1099 2626 ad
1115 2582 1165 2625 me
1185 2562 1302 2644 ipsum,
1318 2571 1353 2624 ut
1374 2562 1427 2624 ubi
1449 2581 1519 2625 sum
1541 2580 1610 2643 ego,
1626 2568 1660 2625 et
1679 2578 1736 2624 vos

184 2664 291 2727 tristis.
306 2664 452 2745 Dixitque
466 2663 606 2726 Christus
624 2686 631 2725 :
649 2662 725 2725 Dico
742 2662 832 2725 vobis
847 2664 931 2745 quod
988 2662 1067 2725 sitis.
1085 2660 1151 2742 Ego
1176 2679 1246 2722 sum
1270 2660 1333 2737 via,
1350 2660 1466 2723 veritas
1490 2666 1522 2722 et
1546 2658 1621 2723 vita.
1637 2657 1736 2722 Nemo
1751 2681 1806 2725 rata
1825 2684 1846 2726 a.

184 2762 272 2825 dives
287 2760 467 2825 difficulter
488 2760 617 2843 intrabit
633 2761 665 2822 in
682 2780 814 2841 regnum
837 2762 932 2825 coelc
988 2760 1074 2825 venit
1090 2759 1129 2822 ad
1145 2759 1266 2821 Patrem
1281 2757 1344 2821 nisi
1359 2778 1417 2840 per
1430 2757 1556 2832 massai
1572 2756 1657 2821 videt
1672 2777 1734 2836 me,
1750 2780 1839 2832 raas,
1850 2784 1884 2825 ra.

63 2876 264 2923 namu-rum.
291 2860 477 2921 Ascendens
502 2867 572 2940 post
597 2860 663 2921 haec
691 2859 781 2922 lesus
811 2860 933 2923 leroso-
987 2860 1074 2923 videt
1103 2865 1135 2920 et
1156 2856 1278 2919 Patrem
1305 2881 1313 2919 ι
1339 2857 1414 2938 quia
1437 2876 1496 2937 ego
1520 2857 1552 2918 in
1577 2856 1679 2933 Patre,
1705 2864 1738 2918 et

59 2940 97 3041 22„ss
124 2938 313 3043 LJ‘slemum,
329 2956 409 3019 dixit
426 2956 585 3039 Apostolis
603 2980 609 3019 ε
627 2956 707 3019 Ecce
730 2958 931 3020 ascendimus
987 2956 1128 3021 Peterin
1152 2974 1203 3018 me
1222 2963 1280 3017 est.
1296 2955 1354 3029 Qui
1378 2954 1478 3017 credit
1501 2954 1534 3016 in
1560 2972 1622 3032 me,
1639 2972 1736 3035 opera
1752 2977 1883 3027 mausz.

60 3032 105 3103 ”s
184 3057 424 3138 lerosolymam,
440 3063 471 3117 et
493 3054 711 3137 implebuntur
733 3055 840 3118 omnia
861 3074 931 3138 quae
949 3054 970 3117 G
987 3076 1057 3140 quae
1081 3074 1140 3138 ego
1164 3053 1258 3134 facio,
1279 3061 1311 3115 et
1335 3053 1403 3136 ipse
1429 3052 1536 3130 faciet,
1560 3060 1591 3115 et
1615 3052 1737 3133 majora

185 3157 301 3238 scripta
331 3161 406 3216 sunt
433 3173 490 3236 per
523 3153 694 3234 Prophetes
724 3155 763 3217 de
795 3154 928 3218 Christo.
987 3157 1102 3218 horum
1133 3152 1259 3216 faciet:
1283 3153 1357 3234 quia
1385 3169 1444 3232 ego
1469 3152 1507 3213 ad
1534 3150 1656 3212 Patrem
1683 3169 1737 3212 va·

184 3255 337 3316 'iradetur
358 3252 444 3315 enim
464 3251 664 3334 principibus
683 3252 881 3315 sacerdotum
901 3261 933 3315 et
987 3256 1040 3333 do,
1066 3261 1099 3315 et
1121 3251 1345 3334 quodcumque
1375 3248 1528 3330 petieritis
1552 3249 1675 3310 Patrem
1702 3247 1735 3310 in

184 3351 316 3430 Scribis,
337 3359 368 3412 et
392 3349 650 3413 condemnabunt
674 3369 747 3412 eum
774 3359 884 3427 morte,
901 3359 932 3414 et
989 3353 1119 3416 nomine
1147 3367 1231 3426 meo,
1254 3348 1314 3410 hoc
1338 3346 1465 3426 faciam,
1486 3355 1520 3408 ut
1543 3345 1737 3408 clarificetur

186 3450 308 3512 tradent
333 3467 406 3511 eum
431 3447 579 3530 gentihus
607 3447 645 3510 ad
675 3447 871 3510 illudendum
901 3457 932 3511 et
990 3451 1080 3514 Pater
1108 3449 1139 3510 in
1166 3447 1256 3510 filio.
1283 3445 1315 3508 Si
1340 3444 1474 3526 diligitis
1500 3464 1562 3522 me,
1587 3443 1736 3506 mandata
1750 3469 1880 3514 zamran,

184 3546 413 3628 flagellandum
440 3554 472 3608 et
496 3544 760 3625 crucifigendum,
787 3553 818 3608 et
842 3547 933 3608 tertia
990 3568 1060 3610 mea
1089 3555 1232 3622 servate3
1255 3552 1287 3608 et
1311 3563 1370 3626 ego
1398 3543 1516 3625 rogaho
1542 3543 1675 3618 Patrem,
1702 3551 1735 3606 ct

82 3651 157 3696 fatti·
184 3645 233 3707 die
248 3652 403 3726 resurget.
421 3643 631 3724 interrogatus
646 3661 772 3724 quoque
791 3643 933 3707 Christus
989 3647 1086 3709 alium
1104 3644 1299 3707 Paracletum
1324 3642 1413 3705 dabit
1436 3641 1537 3717 vobis,
1554 3650 1588 3703 ut
1609 3647 1735 3703 maneat

61 3719 202 3825 llffflla
220 3745 359 3827 quodam
380 3741 460 3824 legis
478 3742 619 3820 doctore,
635 3741 719 3822 quod
741 3751 824 3806 esset
845 3762 934 3805 ruan-
990 3745 1154 3809 vobiscum
1186 3743 1217 3804 in
1246 3751 1411 3818 aeternum,
1441 3741 1593 3823 Spiritum
1621 3739 1735 3802 verita-

184 3843 290 3906 datum
307 3859 457 3923 magnum
474 3840 505 3902 in
522 3839 602 3922 lege,
619 3841 782 3923 respondit
794 3865 801 3902 :
815 3841 934 3923 Diliges
989 3843 1040 3906 tis.
1058 3843 1092 3904 ln
1118 3841 1173 3904 illo
1194 3841 1245 3902 die
1267 3838 1465 3920 cognoscetis
1487 3839 1561 3918 quia
1581 3856 1641 3919 ego
1662 3857 1733 3900 sum
1748 3862 1806 3906 rara.
1818 3865 1854 3906 aa.

185 3941 353 4006 Dominum
377 3939 474 4002 Deum
494 3947 583 4000 tuum
604 3959 642 4001 ex
661 3947 727 4003 toto
747 3941 841 4004 corde
867 3949 931 4018 tuo,
990 3943 1022 4004 in
1050 3942 1139 4004 Patre
1168 3957 1250 4015 meo,
1275 3946 1306 4000 et
1332 3956 1389 3999 vos
1416 3937 1448 3998 in
1474 3955 1537 4014 me,
1562 3943 1593 3998 et
1617 3955 1676 4017 ego
1700 3937 1733 3998 in

186 4048 265 4102 etex
280 4047 347 4102 tota
362 4037 467 4100 anima
482 4045 546 4114 tua,
564 4045 595 4100 et
610 4037 641 4099 in
658 4045 722 4100 tota
741 4047 847 4102 mente
868 4047 932 4118 tua,
990 4039 1091 4102 vobis.
1119 4039 1175 4113 Qui
1202 4036 1309 4117 diligit
1339 4055 1400 4115 me,
1425 4034 1574 4117 diligetur
1601 4054 1619 4096 a
1644 4036 1853 4104 Detrectas.

185 4145 266 4200 etex
282 4136 433 4200 omnihus
450 4135 570 4198 viribus
585 4135 658 4198 tuis.
677 4135 857 4199 &cundum
880 4156 934 4199 au·
990 4157 1077 4212 me0;
1094 4146 1124 4199 et
1144 4155 1203 4218 ego
1227 4135 1357 4217 diligam
1371 4152 1456 4213 eum,
1472 4141 1503 4195 et
1524 4132 1735 4195 manifestabo

186 4243 246 4296 tem
272 4234 458 4296 mandatum
483 4233 588 4296 simile
612 4243 661 4297 est
684 4235 759 4297 huic
783 4257 790 4296 :
818 4234 933 4316 Diliges
949 4241 973 4303 D
989 4237 1018 4299 ei
1046 4254 1097 4297 me
1123 4235 1239 4316 ipsum.
1256 4233 1290 4294 Si
1311 4231 1382 4314 quis
1409 4231 1515 4312 diligit
1533 4250 1596 4308 me,
1616 4247 1854 4294 sermo-usare.

186 4333 362 4415 proximum
378 4340 467 4395 tuum
483 4332 610 4395 sicutte
625 4333 779 4414 ipsumln
797 4333 846 4394 his
861 4334 935 4395 duo·
990 4355 1063 4398 nem
1085 4352 1192 4395 meum
1216 4331 1366 4408 servabit,
1389 4339 1420 4392 et
1448 4330 1538 4392 Pater
1556 4349 1646 4392 mous
1665 4329 1735 4390 dili-

187 4431 244 4494 bus
260 4431 421 4494 mandatis
437 4437 501 4493 tota
518 4430 566 4493 lex
582 4433 699 4512 pendet
714 4439 745 4494 ct
759 4432 930 4513 Propheta.
989 4443 1041 4516 get
1056 4452 1151 4510 cum;
1168 4431 1252 4494 etad
1271 4449 1345 4492 eum
1361 4428 1537 4508 veniemus,
1554 4437 1586 4490 ct
1600 4428 1736 4490 mansio·

990 4551 1063 4594 nem
1080 4529 1164 4613 apud
1179 4549 1251 4591 eum
1268 4528 1430 4590 faciemus.
1438 4527 1616 4589 Paracletus
1631 4535 1735 4588 autem
1750 4551 1809 4595 rasa,
1822 4554 1856 4595 20.

991 4629 1124 4712 Spiritus
1154 4628 1299 4704 Sanctus,
1328 4645 1423 4708 quem
1455 4626 1555 4687 mittet
1585 4625 1675 4688 Pater
1702 4625 1735 4687 in

380 4739 739 4804 ART1CUL1JSVI1L
992 4726 1122 4790 nominc
1149 4742 1231 4800 meo,
1253 4722 1308 4785 ille
1328 4723 1455 4812 docebit
1482 4741 1538 4784 vos
1564 4723 1680 4800 omnia,
1706 4729 1738 4784 et

993 4832 1140 4906 suggeret
1159 4820 1251 4885 vohis
1274 4821 1382 4885 omnia
1401 4838 1608 4902 quaecumque
1629 4821 1738 4886 dixero

286 4911 335 4970 De
355 4925 503 4967 sermone
523 4907 650 4967 Christi
670 4907 706 4966 in
727 4907 833 4966 Cocco.
993 4922 1096 4984 VObjs,

1032 5019 1089 5094 Qui
1106 5027 1213 5081 manet
1228 5019 1260 5080 in
1276 5037 1338 5096 mc,
1350 5016 1411 5079 fert
1426 5016 1565 5079 fructum
1580 5019 1715 5082 multum
1730 5044 1736 5082 :
1761 5035 1887 5084 traaas.

258 5121 336 5184 llllL
358 5127 421 5182 tam
443 5119 573 5182 stultum
593 5125 651 5192 cst,
674 5116 756 5181 sicut
775 5119 859 5200 quod
879 5119 940 5181 lla·
993 5119 1067 5200 quia
1083 5117 1152 5196 sine
1169 5137 1218 5179 me
1233 5115 1313 5178 nihil
1330 5114 1461 5196 potestis
1484 5114 1599 5178 facere.
1616 5116 1648 5178 Si
1670 5118 1741 5197 quis
1754 5103 1775 5142 ⁶·

273 5221 385 5283 homet
399 5216 513 5280 asserit
527 5217 631 5279 lesum
648 5235 717 5278 esse
733 5216 889 5279 Christum
906 5218 939 5279 in
996 5219 1028 5280 in
1055 5235 1193 5278 menon
1224 5214 1386 5290 manserit,
1413 5213 1554 5276 mittetur
1578 5214 1609 5275 in
1635 5215 1741 5296 ignem
1769 5267 1828 5310 ,M
1855 5269 1890 5310 η

193 5319 261 5402 lege
290 5316 497 5404 promissum,
527 5323 558 5378 et
585 5325 689 5378 tamen
720 5313 818 5397 ipsius
846 5325 942 5400 negat
997 5317 1160 5400 gehenne.
1187 5315 1251 5378 Hoc
1276 5320 1324 5376 est
1347 5320 1541 5395 preceptum
1568 5332 1685 5393 meum,
1708 5322 1744 5376 ut
1759 5333 1791 5375 aa
