4309 6250
458 475 519 542 538
562 493 603 541 BE
623 494 831 543 auctoratum
852 496 947 544 suut
967 496 1135 544 eonntstcts
1156 498 1193 543 st
1213 497 1383 545 dannanus
1404 496 1543 557 contituti,
1566 495 1654 543 LIBER
1674 496 1694 541 1.
1718 514 1759 524 -
1779 495 1850 542 aar.
1871 494 1900 545 Vl

498 667 653 730 Praeterea
666 668 717 731 his
731 669 904 733 concordat
917 670 1003 749 quod
1018 670 1109 732 tertio
1124 667 1206 732 libro
1221 669 1245 731 Α
1261 670 1308 732 vis
1331 668 1430 732 multa
1450 667 1582 750 pulchra
1603 668 1643 730 de
1662 668 1721 730 bac
1743 666 1813 749 ipsa
1837 666 1988 731 conscribit

458 768 498 830 de
524 767 779 831 Consideratione
804 768 835 829 S.
852 767 1029 830 bernardus
1052 767 1098 831 ait
1114 792 1121 830 :
1138 766 1205 831 Non
1262 767 1394 829 materia
1420 790 1427 829 :
1454 785 1524 848 quae
1547 766 1696 829 brevitati
1725 766 1855 829 studens
1881 766 1986 845 omitto,

458 866 555 929 vilem
571 876 697 949 reputes
711 868 794 930 banc
810 867 945 931 turmam
960 867 1096 947 (scilicet
1110 868 1207 932 eccle·
1262 866 1437 948 praesertim
1456 884 1554 947 quum
1574 866 1613 927 ad
1633 864 1911 928 demonstrandum
1931 884 1988 947 pro

460 965 619 1029 siasticam
633 966 879 1044 ordinationem)
894 966 969 1047 quia
985 967 1018 1029 in
1033 967 1125 1029 terris
1140 975 1205 1030 est:
1262 964 1401 1049 positum
1418 964 1476 1026 ista
1491 963 1641 1027 sulficere
1656 972 1687 1025 ct
1701 962 1941 1044 supersullicere
1952 964 1988 1025 vi·

399 1096 422 1125 a.
459 1065 621 1147 exemplar
643 1066 739 1129 habet
762 1086 779 1129 e
805 1065 897 1129 coelo.
917 1065 1025 1147 Neque
1049 1066 1136 1129 enim
1160 1065 1208 1129 Fi·
1262 1066 1405 1127 deantur.
1432 1062 1551 1139 Quibus
1580 1071 1685 1125 tamen
1715 1063 1745 1125 id
1772 1061 1898 1143 adjicio,
1920 1064 1987 1144 quod

312 1159 326 1187 '
378 1177 384 1187 ·
459 1164 522 1226 lius
551 1171 654 1246 potest
682 1163 788 1228 lacere
816 1164 1000 1247 quidquam,
1031 1164 1095 1227 nisi
1123 1166 1207 1247 quod
1263 1172 1351 1225 sexto
1385 1161 1615 1225 Ecclesiastico
1651 1160 1837 1225 hierarchia
1870 1161 1988 1243 capitulo

460 1261 577 1325 viderit
590 1262 712 1326 Patrem
726 1263 910 1341 facientem,
920 1264 1095 1346 prasertim
1110 1283 1207 1345 quum
1263 1261 1432 1344 Dionysius
1447 1259 1587 1342 loquitur
1604 1284 1612 1323 ι
1629 1260 1741 1324 Nostra
1764 1259 1933 1322 hierarchia
1945 1278 1990 1341 per

460 1361 490 1424 ei
514 1362 572 1424 sub
597 1362 710 1443 lloysis
735 1362 866 1425 nomine
889 1361 1010 1425 dictum
1036 1362 1077 1425 sit
1101 1386 1108 1425 ι
1132 1362 1208 1426 l'ide
1263 1360 1390 1424 ordines
1409 1359 1563 1422 divinitus
1582 1358 1745 1441 disposita,
1762 1358 1991 1439 angelicebier-

341 1476 346 1487 ·
459 1460 568 1523 omnia
596 1459 696 1523 laciss
725 1460 900 1523 secundum
929 1461 1091 1543 exemplar
1124 1462 1209 1543 quod
1264 1458 1378 1521 ancbiae
1393 1458 1664 1538 conformatur‚et
1678 1458 1717 1519 ad
1732 1456 1788 1519 Dei
1805 1456 1989 1519 imitationem

460 1558 518 1622 tibi
548 1559 582 1621 in
612 1567 719 1622 monte
749 1567 959 1623 monstratum
986 1568 1044 1622 est.
1076 1558 1208 1623 Videbat
1264 1566 1297 1622 et
1319 1558 1489 1621 deiformes
1515 1557 1666 1639 angelica
1694 1556 1878 1619 hierarchia
1898 1555 1991 1617 distin-

460 1655 521 1720 boo
543 1656 598 1740 qui
622 1657 749 1721 dicebat
762 1658 899 1738 (scilicet
918 1659 1053 1721 loannes
1075 1659 1108 1721 in
1128 1661 1210 1741 Apo-
1265 1656 1395 1734 stiones,
1413 1665 1447 1719 ut
1461 1654 1648 1720 mortalibus
1662 1653 1821 1736 congruit,
1837 1653 1972 1717 continet.

311 1776 446 1832 affluas.
461 1756 593 1838 calypsi)
619 1780 626 1819 :
653 1756 724 1819 Vidi
753 1756 914 1819 civitatem
943 1766 1097 1835 sanctam,
1123 1758 1210 1820 leru-

460 1853 559 1917 salem
585 1874 712 1932 novam,
737 1855 982 1919 descendentem
1007 1857 1047 1919 de
1070 1856 1163 1936 cralo,
1190 1856 1246 1919 aB

459 1952 523 2015 Ileo
553 1961 705 2035 paratam.
733 1953 798 2035 Ego
826 1954 912 2016 enim
941 1963 1071 2036 propter
1099 1954 1210 2017 simili·
1470 1948 1716 2013 ARl'lCULUS
1741 1947 1799 2010 VI.

459 2051 605 2114 tudinem
620 2052 742 2115 dicium
764 2072 847 2131 ΓθθΓι
863 2055 947 2134 ll¹¹⁰d
970 2054 1051 2116 Sicut
1073 2053 1140 2118 iffi⁰
1156 2054 1209 2117 se·
1263 2094 1310 2151 De
1329 2098 1485 2166 potestate
1508 2099 1538 2149 et
1562 2092 1754 2149 excellentia
1778 2092 1889 2165 Papa,
1908 2098 1990 2167 atque

459 2151 584 2232 saphim
606 2159 638 2214 0¹
660 2152 842 2231 Chflfflblms
859 2161 890 2214 ⁰⁸
912 2152 1009 2215 θθῙθΓῙ
1030 2154 1086 2234 (lul
1108 2172 1208 2235 usque
1303 2183 1342 2239 de
1360 2182 1487 2240 casibus
1506 2182 1550 2240 ad
1574 2181 1681 2255 ipsum
1704 2181 1889 2255 specialiter
1902 2181 1990 2255 perti·

458 2250 498 2311 ad
515 2250 730 2332 Archangelos
744 2258 776 2313 et
789 2250 926 2332 Angelos
941 2251 1139 2331 ordinantur,
1150 2252 1209 2316 sub
1303 2271 1466 2337 uentibus,
1482 2290 1523 2329 es
1542 2270 1742 2336 teutmundo,
1758 2277 1787 2329 et
1810 2288 1850 2328 ea
1872 2272 1990 2330 Sumam

458 2366 523 2412 uno
549 2357 623 2411 sunl
642 2349 745 2431 capite
769 2349 843 2429 Deo,
861 2349 904 2411 ita
928 2349 981 2412 bic
1002 2369 1129 2432 quoque
1149 2350 1208 2412 sub
1302 2360 1441 2428 Pisana,
1459 2360 1536 2419 item
1558 2379 1599 2418 ean
1621 2360 1758 2419 Summa
1778 2360 1989 2435 consessorum.

459 2466 523 2510 uno
549 2466 673 2510 summo
701 2447 856 2510 Pontilice
892 2447 1041 2529 primates
1075 2448 1126 2510 vel
1154 2468 1209 2531 pa-

458 2546 615 2624 triarchae,
632 2545 878 2627 archiepiscopi,
890 2545 1033 2629 episcopi
1047 2553 1079 2609 et
1093 2546 1207 2629 reliqui
1333 2546 1356 2607 Τ
1372 2546 1487 2608 vitetur
1501 2544 1754 2628 prolixitasque
1770 2544 1804 2607 in
1819 2545 1914 2607 tribus
1927 2563 1993 2625 pra

458 2644 584 2706 suntin
607 2645 693 2707 hunc
714 2645 855 2707 modum.
872 2644 939 2708 Non
959 2653 1007 2706 est
1027 2645 1117 2725 parvi
1131 2665 1208 2726 pen·
1347 2644 1438 2707 tactis
1467 2645 1624 2708 habentur
1651 2643 1833 2708 auctoribus
1862 2662 1921 2705 uno
1949 2643 1993 2704 de·

458 2741 598 2804 dendum
627 2742 712 2823 quod
742 2750 774 2804 et
796 2742 896 2805 Ileum
925 2741 1020 2804 habet
1046 2751 1207 2806 auctorem
1264 2744 1349 2805 crevi
1366 2743 1500 2807 articulo
1517 2744 1659 2820 recitare,
1674 2742 1848 2825 prasertim
1863 2741 1932 2823 quia
1945 2759 1993 2823 pro

458 2841 550 2903 etde
573 2840 654 2903 coelo
675 2841 762 2903 ducit
783 2841 951 2923 originem.
1261 2842 1399 2904 maxima
1424 2850 1511 2923 parte
1536 2841 1731 2905 coincidunt.
1749 2842 1809 2903 Sed
1831 2848 1863 2904 et
1880 2840 1994 2903 Summa
2104 2846 2105 2851 ’

498 2940 642 3020 lnsuper,
653 2940 683 3001 S.
694 2940 830 3003 Thomas
845 2948 957 3022 quarto
972 2940 1054 3004 libro
1069 2942 1207 3004 Summas
1263 2940 1375 3003 Pisana
1388 2959 1481 3003 casus
1502 2960 1520 3002 a
1542 2939 1720 3002 boimundo
1741 2940 1861 3022 positos
1881 2939 1991 3019 allegat.

352 3062 443 3114 aare.
458 3047 569 3101 contra
589 3038 726 3119 gentiles
748 3038 794 3101 sic
814 3039 942 3120 arguit:
959 3039 1102 3101 Ecclesia
1126 3039 1208 3102 mili·
1226 3037 1248 3100 C
1263 3048 1294 3101 et
1321 3039 1444 3122 aliquos
1473 3040 1666 3121 superaddit.
1696 3039 1791 3103 Porro
1820 3039 1852 3101 in
1880 3038 1993 3100 Summa

458 3146 529 3201 tans
539 3138 579 3201 ab
590 3138 732 3201 Ecclesia
748 3138 953 3221 triumphanti
966 3158 1022 3220 per
1033 3138 1208 3202 similitudi·
1263 3140 1481 3203 confessorum
1506 3140 1609 3202 adbuc
1638 3141 1783 3221 quasdam
1811 3140 1991 3202 adduntur:

458 3257 530 3300 nem
544 3238 707 3300 derivatur
718 3239 770 3317 (ad
785 3237 869 3319 quod
880 3238 996 3318 allegat
1006 3239 1207 3302 auctoritates
1262 3237 1381 3301 idcirco
1401 3258 1437 3301 ex
1462 3257 1499 3300 ea
1525 3238 1625 3320 magis
1649 3239 1715 3300 haec
1737 3237 1869 3319 sumpsi.
1886 3237 1992 3316 hllega·
2103 3255 2104 3290 ;

456 3335 523 3418 jam
548 3335 581 3398 in
608 3336 713 3399 verbis
741 3337 775 3398 B.
801 3337 951 3400 bernardi
981 3337 1206 3422 praehabitas),
1263 3336 1365 3399 tiones
1380 3355 1547 3417 veroqnas
1563 3355 1601 3398 ex
1620 3336 1693 3418 jure
1708 3336 1837 3418 copiose
1856 3335 1990 3416 allegant.

458 3435 513 3497 sed
528 3435 561 3496 in
573 3434 714 3497 Ecclesia
729 3435 937 3515 triumphanti
952 3435 1100 3517 praesidet
1111 3457 1205 3514 unus,
1262 3434 1300 3498 ad
1317 3435 1475 3498 vitandam
1488 3434 1700 3517 prolixitatem
1714 3431 1992 3516 omitto,potissima

457 3533 511 3616 qui
534 3533 630 3596 etiam
655 3533 802 3614 praesidet
823 3533 854 3595 in
879 3541 943 3596 toto
967 3534 1130 3612 universo,
1148 3537 1208 3598 sci·
1262 3532 1337 3614 quia
1356 3532 1476 3615 praelati
1502 3532 1575 3595 libri
1600 3533 1718 3615 ubique
1741 3532 1905 3608 habentur,
1921 3539 1949 3592 et
1967 3529 1992 3590 in

458 3631 534 3694 licet
554 3632 636 3694 lleus
658 3653 665 3693 :
688 3650 764 3713 ergo
785 3639 816 3694 et
837 3631 870 3693 in
892 3631 1035 3694 Ecclesia
1056 3634 1206 3696 militanti
1262 3632 1309 3696 eis
1324 3633 1381 3694 has
1397 3631 1539 3694 invenire
1554 3631 1587 3693 in
1603 3640 1752 3714 promptu
1766 3640 1824 3694 est.

457 3750 541 3793 unus
568 3739 617 3792 est
644 3729 699 3811 qui
728 3730 876 3811 presidet
900 3732 1070 3812 universis,
1097 3741 1207 3814 utputa
1301 3731 1408 3812 ltaque
1432 3731 1554 3810 dicunt,
1581 3732 1664 3812 quod
1689 3730 1771 3812 Papa
1795 3739 1842 3793 cst
1865 3747 1993 3792 summus

326 3849 442 3902 onata.
457 3830 550 3912 Papa.
571 3829 650 3892 llinc
672 3829 750 3892 Osee
777 3831 879 3911 primo
905 3831 1021 3894 dicitur
1042 3855 1049 3893 :
1071 3832 1208 3913 Congre-
1263 3831 1345 3893 inter
1363 3849 1485 3892 omnes.
1506 3829 1575 3912 lpse
1595 3829 1681 3892 enirn
1702 3828 1931 3911 plenitudinem
1949 3828 1994 3888 bs·
2014 3847 2087 3915 omi·

457 3929 617 4010 gabuntur
641 3927 702 3990 tilii
727 3928 806 3991 luda
828 3938 859 3992 et
878 3929 940 3992 lilii
960 3930 1054 3993 lsrael
1076 3931 1204 4014 pariter,
1262 3930 1315 3991 bet
1339 3927 1516 4012 potestatis,
1542 3927 1597 3990 alii
1622 3936 1744 4010 partem
1770 3917 2087 4027 sollicitudinisffi's

457 4036 490 4090 et
510 4035 630 4107 ponent
651 4027 710 4089 sibi
733 4037 828 4109 caput
851 4049 959 4091 unum.
1261 4028 1350 4106 ltem,
1367 4027 1440 4089 licet
1461 4027 1531 4089 aliis
1550 4027 1710 4108 Apostolis
1728 4027 1843 4090 dixerit
1856 4025 1993 4089 Dominus

498 4127 650 4208 Denique,
674 4145 769 4207 super
790 4127 974 4209 Angelieam
996 4128 1206 4192 hierarchiam
1262 4136 1298 4189 ut
1321 4128 1461 4190 laxarent
1486 4126 1575 4206 retia,
1598 4126 1656 4189 soli
1680 4134 1787 4190 tamen
1808 4126 1895 4190 Petro
1915 4123 2102 4186 disitotst

458 4225 559 4288 multa
572 4226 611 4288 de
626 4226 685 4288 hac
708 4217 741 4288 re
762 4226 873 4289 scribit
886 4227 976 4308 llugo
995 4227 1034 4290 de
1054 4228 1084 4290 S.
1102 4228 1207 4292 Victo·
1223 4225 1247 4287 ll
1262 4225 1325 4288 Duc
1343 4225 1501 4306 inultum,
1519 4232 1550 4286 et
1565 4225 1594 4288 ei
1618 4225 1676 4287 soli
1692 4225 1845 4308 praecepit
1859 4231 1892 4286 ut
1906 4223 1994 4305 pisca·
2005 4237 2067 4318 'lii

458 4343 504 4401 re,
521 4323 603 4386 inter
618 4332 722 4386 cetera
744 4323 854 4388 dicens
871 4347 878 4386 :
895 4325 973 4399 Ouia
996 4345 1052 4406 per
1066 4326 1206 4389 visibilia
1263 4333 1348 4386 retur
1373 4325 1467 4388 barno
1489 4342 1570 4406 :per
1594 4324 1679 4404 quod
1703 4324 1773 4404 ejus
1797 4299 2071 4406 praeminensff

458 4423 685 4485 convenienter
700 4421 873 4485 invisibilia
887 4424 1154 4497 demonstrantur,
1163 4425 1209 4486 id·
1261 4432 1400 4507 potestas
1421 4443 1458 4486 ac
1478 4421 1657 4504 jurisdictio
1678 4420 1872 4502 designatur.
2015 4427 2086 4510 tm*

457 4520 543 4583 circo
567 4519 676 4582 divina
700 4520 953 4603 sapientiaque
976 4522 1085 4584 omnia
1104 4523 1208 4604 dispo·
1302 4524 1391 4602 ltem,
1417 4522 1565 4604 quoniam
1591 4522 1659 4604 ipse
1685 4522 1864 4602 specialiter
1886 4529 1931 4584 est
1955 4517 1993 4579 vi·
2004 4494 2084 4602 {3¹:133

458 4619 532 4697 suit,
562 4620 602 4681 ad
631 4619 873 4683 similitudinem
902 4621 1053 4703 angelicae
1088 4622 1208 4684 hierar·
1263 4622 1367 4685 carius
1382 4622 1454 4684 lesu
1470 4619 1596 4698 Christi,
1613 4621 1891 4702 etquodammodo
1906 4617 1994 4698 major

457 4717 549 4798 cbiae,
576 4737 646 4799 quae
675 4719 882 4782 invisibiliter
908 4720 1051 4783 ordinata
1079 4728 1147 4782 erat
1175 4720 1206 4783 in
1262 4720 1403 4802 homine,
1429 4720 1534 4783 minor
1561 4719 1645 4798 lleo;
1672 4718 1743 4782 idco
1768 4717 1993 4781 advertendum.

457 4816 559 4896 coelis,
589 4818 762 4880 humanam
790 4817 1001 4880 hierarchiam
1037 4818 1208 4882 visibiliter
1263 4820 1347 4901 quod
1362 4819 1505 4900 quaedam
1522 4819 1600 4882 adeo
1615 4818 1777 4880 adbaerent
1791 4815 1920 4898 Papaeet
1932 4813 1994 4876 Sedi

457 4913 609 4978 formavit
625 4916 658 4978 in
674 4915 778 4994 terris,
795 4925 829 4978 ut
843 4925 951 4978 essent
970 4916 1002 4978 in
1022 4917 1207 4980 hominibus
1263 4917 1455 4997 apostolice,
1485 4917 1570 4997 quod
1598 4935 1663 4979 non
1692 4923 1824 4997 possunt
1848 4933 1905 4996 per
1930 4911 1995 4974 alios
2099 4923 2100 4928 ’

457 5031 585 5095 quoque
600 5013 684 5075 sicut
697 5013 731 5076 in
746 5014 868 5094 angelis
891 5022 1061 5095 potestates
1076 5024 1107 5078 et
1123 5015 1207 5097 prin·
1263 5015 1414 5097 expediri,
1422 5034 1481 5077 nec
1497 5023 1659 5078 transeunt
1673 5015 1768 5077 etiam
1784 5032 1855 5076 cum
1870 5008 1995 5094 generali

459 5112 581 5194 cipatus
610 5111 704 5190 sacri,
729 5112 878 5176 videlicet
906 5113 1206 5177 convenientissime
1263 5115 1423 5191 mandato,
1454 5113 1516 5176 nisi
1552 5113 1733 5195 specialiter
1766 5112 1994 5176 demandentur.

459 5210 637 5274 coordinati
658 5211 718 5272 sub
739 5230 812 5274 uno.
1263 5213 1342 5276 Sunt
1364 5219 1470 5274 autem
1491 5212 1584 5274 hec:

499 5309 787 5392 Albertusqnoqne
802 5310 835 5372 in
852 5311 1040 5375 librodelV
1055 5312 1206 5393 cneque
1303 5311 1442 5407 Quaestio·
1468 5310 1557 5392 lidei,
1588 5309 1753 5374 translatio
1782 5309 1923 5394 episcopi
1955 5304 1996 5370 vel
