<?xml version="1.0" encoding="UTF-8"?>
<!DOCTYPE html PUBLIC "-//W3C//DTD XHTML 1.0 Transitional//EN"
    "http://www.w3.org/TR/xhtml1/DTD/xhtml1-transitional.dtd">
<html xmlns="http://www.w3.org/1999/xhtml" xml:lang="en" lang="en">
 <head>
  <title>
</title>
<meta http-equiv="Content-Type" content="text/html;charset=utf-8" />
  <meta name='ocr-system' content='tesseract 3.04.00' />
  <meta name='ocr-capabilities' content='ocr_page ocr_carea ocr_par ocr_line ocrx_word'/>
</head>
<body>
  <div class='ocr_page' id='page_1' title='image "./doctorisecstati03unkngoog_0062.png"; bbox 0 0 4309 6250; ppageno 0'>
   <div class='ocr_carea' id='block_1_1' title="bbox 423 474 1744 556">
    <p class='ocr_par' dir='ltr' id='par_1_1' title="bbox 423 474 1744 556">
     <span class='ocr_line' id='line_1_1' title="bbox 423 474 1744 556; baseline -0.002 -15"><span class='ocrx_word' id='word_1_1' title='bbox 423 474 462 541; x_wconf 63' lang='grc' dir='ltr'><strong><em>Μ</em></strong></span> <span class='ocrx_word' id='word_1_2' title='bbox 649 492 687 540; x_wconf 77' lang='lat' dir='ltr'><strong>DE</strong></span> <span class='ocrx_word' id='word_1_3' title='bbox 708 493 873 541; x_wconf 77' lang='lat' dir='ltr'><strong>uldulvavn</strong></span> <span class='ocrx_word' id='word_1_4' title='bbox 894 495 931 540; x_wconf 73' lang='lat' dir='ltr'><strong>nv</strong></span> <span class='ocrx_word' id='word_1_5' title='bbox 951 493 1100 540; x_wconf 75' lang='lat' dir='ltr'><strong>navamus</strong></span> <span class='ocrx_word' id='word_1_6' title='bbox 1121 493 1148 538; x_wconf 86' lang='lat' dir='ltr'><strong>B.</strong></span> <span class='ocrx_word' id='word_1_7' title='bbox 1172 493 1201 538; x_wconf 83' lang='lat' dir='ltr'><strong>V.</strong></span> <span class='ocrx_word' id='word_1_8' title='bbox 1224 493 1341 556; x_wconf 67' lang='grc' dir='ltr'><strong>ΚΑΜ,</strong></span> <span class='ocrx_word' id='word_1_9' title='bbox 1364 493 1452 538; x_wconf 77' lang='lat' dir='ltr'><strong>menn</strong></span> <span class='ocrx_word' id='word_1_10' title='bbox 1472 494 1492 537; x_wconf 91' lang='lat'><strong>1.</strong></span> <span class='ocrx_word' id='word_1_11' title='bbox 1515 509 1555 522; x_wconf 90' lang='lat'><strong>-·</strong></span> <span class='ocrx_word' id='word_1_12' title='bbox 1575 492 1644 538; x_wconf 69' lang='lat' dir='ltr'><strong>aar.</strong></span> <span class='ocrx_word' id='word_1_13' title='bbox 1667 492 1744 539; x_wconf 79' lang='lat' dir='ltr'><strong>xxix</strong></span> 
     </span>
    </p>
   </div>
   <div class='ocr_carea' id='block_1_2' title="bbox 276 658 1982 2412">
    <p class='ocr_par' dir='ltr' id='par_1_2' title="bbox 276 658 1982 2412">
     <span class='ocr_line' id='line_1_2' title="bbox 424 658 1978 747; baseline -0.005 -21"><span class='ocrx_word' id='word_1_14' title='bbox 424 663 526 727; x_wconf 81' lang='lat' dir='ltr'><strong>ldariae</strong></span> <span class='ocrx_word' id='word_1_15' title='bbox 551 665 716 728; x_wconf 76' lang='lat' dir='ltr'><strong>celebrata</strong></span> <span class='ocrx_word' id='word_1_16' title='bbox 742 672 816 727; x_wconf 90' lang='lat' dir='ltr'><strong>sunt</strong></span> <span class='ocrx_word' id='word_1_17' title='bbox 839 663 958 745; x_wconf 85' lang='lat' dir='ltr'><strong>nuptiae</strong></span> <span class='ocrx_word' id='word_1_18' title='bbox 986 663 1210 747; x_wconf 80' lang='lat' dir='ltr'><strong>personalesA</strong></span> <span class='ocrx_word' id='word_1_19' title='bbox 1226 662 1290 726; x_wconf 92' lang='lat' dir='ltr'><strong>imo</strong></span> <span class='ocrx_word' id='word_1_20' title='bbox 1304 671 1337 726; x_wconf 91' lang='lat' dir='ltr'><strong>et</strong></span> <span class='ocrx_word' id='word_1_21' title='bbox 1351 662 1459 726; x_wconf 90' lang='lat' dir='ltr'><strong>multis</strong></span> <span class='ocrx_word' id='word_1_22' title='bbox 1474 663 1508 724; x_wconf 93' lang='lat' dir='ltr'><strong>in</strong></span> <span class='ocrx_word' id='word_1_23' title='bbox 1523 661 1707 725; x_wconf 78' lang='lat' dir='ltr'><strong>mortalibus</strong></span> <span class='ocrx_word' id='word_1_24' title='bbox 1727 660 1819 724; x_wconf 91' lang='lat' dir='ltr'><strong>vitiis</strong></span> <span class='ocrx_word' id='word_1_25' title='bbox 1840 658 1978 721; x_wconf 82' lang='lat' dir='ltr'><strong>mortuis</strong></span> 
     </span>
     <span class='ocr_line' id='line_1_3' title="bbox 424 759 1978 842; baseline -0.003 -19"><span class='ocrx_word' id='word_1_26' title='bbox 424 761 506 824; x_wconf 90' lang='lat' dir='ltr'><strong>inter</strong></span> <span class='ocrx_word' id='word_1_27' title='bbox 526 762 665 824; x_wconf 79' lang='lat' dir='ltr'><strong>Verbum</strong></span> <span class='ocrx_word' id='word_1_28' title='bbox 683 770 835 824; x_wconf 71' lang='lat' dir='ltr'><strong>arternum</strong></span> <span class='ocrx_word' id='word_1_29' title='bbox 856 769 887 824; x_wconf 87' lang='lat' dir='ltr'><strong>ct</strong></span> <span class='ocrx_word' id='word_1_30' title='bbox 910 767 1105 842; x_wconf 79' lang='lat' dir='ltr'><strong>assumptam</strong></span> <span class='ocrx_word' id='word_1_31' title='bbox 1130 761 1170 823; x_wconf 91' lang='lat' dir='ltr'><strong>ab</strong></span> <span class='ocrx_word' id='word_1_32' title='bbox 1224 769 1255 824; x_wconf 91' lang='lat' dir='ltr'><strong>et</strong></span> <span class='ocrx_word' id='word_1_33' title='bbox 1284 760 1454 841; x_wconf 90' lang='lat' dir='ltr'><strong>defunctis,</strong></span> <span class='ocrx_word' id='word_1_34' title='bbox 1484 760 1622 824; x_wconf 89' lang='lat' dir='ltr'><strong>obtinuit</strong></span> <span class='ocrx_word' id='word_1_35' title='bbox 1648 760 1758 823; x_wconf 85' lang='lat' dir='ltr'><strong>reduci</strong></span> <span class='ocrx_word' id='word_1_36' title='bbox 1788 759 1829 820; x_wconf 91' lang='lat' dir='ltr'><strong>ad</strong></span> <span class='ocrx_word' id='word_1_37' title='bbox 1860 775 1978 838; x_wconf 91' lang='lat' dir='ltr'><strong>corpus</strong></span> 
     </span>
     <span class='ocr_line' id='line_1_4' title="bbox 425 854 1979 941; baseline -0.005 -18"><span class='ocrx_word' id='word_1_38' title='bbox 425 877 462 923; x_wconf 89' lang='lat' dir='ltr'><strong>eo</strong></span> <span class='ocrx_word' id='word_1_39' title='bbox 485 859 735 938; x_wconf 81' lang='lat' dir='ltr'><strong>humanitatem3</strong></span> <span class='ocrx_word' id='word_1_40' title='bbox 761 867 855 941; x_wconf 91' lang='lat' dir='ltr'><strong>atque</strong></span> <span class='ocrx_word' id='word_1_41' title='bbox 881 858 912 920; x_wconf 94' lang='lat' dir='ltr'><strong>in</strong></span> <span class='ocrx_word' id='word_1_42' title='bbox 939 858 1105 921; x_wconf 93' lang='lat' dir='ltr'><strong>infinitum</strong></span> <span class='ocrx_word' id='word_1_43' title='bbox 1125 859 1172 922; x_wconf 92' lang='lat' dir='ltr'><strong>di·</strong></span> <span class='ocrx_word' id='word_1_44' title='bbox 1224 878 1261 922; x_wconf 88' lang='lat' dir='ltr'><strong>ac</strong></span> <span class='ocrx_word' id='word_1_45' title='bbox 1291 860 1444 940; x_wconf 88' lang='lat' dir='ltr'><strong>poenitere</strong></span> <span class='ocrx_word' id='word_1_46' title='bbox 1472 858 1642 921; x_wconf 87' lang='lat' dir='ltr'><strong>salubriter</strong></span> <span class='ocrx_word' id='word_1_47' title='bbox 1667 858 1700 920; x_wconf 97' lang='lat' dir='ltr'><strong>in</strong></span> <span class='ocrx_word' id='word_1_48' title='bbox 1728 875 1867 940; x_wconf 92' lang='lat' dir='ltr'><strong>corpore</strong></span> <span class='ocrx_word' id='word_1_49' title='bbox 1895 854 1979 916; x_wconf 88' lang='lat' dir='ltr'><strong>rein-</strong></span> 
     </span>
     <span class='ocr_line' id='line_1_5' title="bbox 425 957 1312 1041; baseline 0 -22"><span class='ocrx_word' id='word_1_50' title='bbox 425 957 551 1037; x_wconf 88' lang='lat' dir='ltr'><strong>stantia,</strong></span> <span class='ocrx_word' id='word_1_51' title='bbox 564 958 596 1020; x_wconf 95' lang='lat' dir='ltr'><strong>in</strong></span> <span class='ocrx_word' id='word_1_52' title='bbox 612 957 714 1041; x_wconf 90' lang='lat' dir='ltr'><strong>ipsius</strong></span> <span class='ocrx_word' id='word_1_53' title='bbox 730 957 943 1020; x_wconf 89' lang='lat' dir='ltr'><strong>sacratissimo</strong></span> <span class='ocrx_word' id='word_1_54' title='bbox 959 965 1049 1020; x_wconf 90' lang='lat' dir='ltr'><strong>utero</strong></span> <span class='ocrx_word' id='word_1_55' title='bbox 1063 957 1173 1020; x_wconf 91' lang='lat' dir='ltr'><strong>imme·</strong></span> <span class='ocrx_word' id='word_1_56' title='bbox 1224 958 1312 1020; x_wconf 92' lang='lat' dir='ltr'><strong>duto.</strong></span> 
     </span>
     <span class='ocr_line' id='line_1_6' title="bbox 424 1052 1980 1138; baseline -0.003 -20"><span class='ocrx_word' id='word_1_57' title='bbox 424 1055 508 1118; x_wconf 87' lang='lat' dir='ltr'><strong>diate</strong></span> <span class='ocrx_word' id='word_1_58' title='bbox 532 1076 569 1120; x_wconf 89' lang='lat' dir='ltr'><strong>ac</strong></span> <span class='ocrx_word' id='word_1_59' title='bbox 594 1057 791 1138; x_wconf 83' lang='lat' dir='ltr'><strong>hypostatice</strong></span> <span class='ocrx_word' id='word_1_60' title='bbox 815 1065 889 1118; x_wconf 92' lang='lat' dir='ltr'><strong>sunt</strong></span> <span class='ocrx_word' id='word_1_61' title='bbox 912 1056 1000 1118; x_wconf 87' lang='lat' dir='ltr'><strong>unita</strong></span> <span class='ocrx_word' id='word_1_62' title='bbox 1026 1079 1033 1118; x_wconf 91' lang='lat'><strong>:</strong></span> <span class='ocrx_word' id='word_1_63' title='bbox 1061 1056 1171 1136; x_wconf 86' lang='lat' dir='ltr'><strong>sicque</strong></span> <span class='ocrx_word' id='word_1_64' title='bbox 1263 1055 1345 1118; x_wconf 85' lang='lat' dir='ltr'><strong>Ecce</strong></span> <span class='ocrx_word' id='word_1_65' title='bbox 1359 1055 1495 1136; x_wconf 86' lang='lat' dir='ltr'><strong>qualiter</strong></span> <span class='ocrx_word' id='word_1_66' title='bbox 1508 1056 1720 1137; x_wconf 87' lang='lat' dir='ltr'><strong>omnipotens,</strong></span> <span class='ocrx_word' id='word_1_67' title='bbox 1738 1052 1927 1117; x_wconf 83' lang='lat' dir='ltr'><strong>liberrimus</strong></span> <span class='ocrx_word' id='word_1_68' title='bbox 1948 1059 1980 1114; x_wconf 89' lang='lat' dir='ltr'><strong>et</strong></span> 
     </span>
     <span class='ocr_line' id='line_1_7' title="bbox 424 1150 1978 1235; baseline -0.003 -19"><span class='ocrx_word' id='word_1_69' title='bbox 424 1153 458 1216; x_wconf 93' lang='lat' dir='ltr'><strong>in</strong></span> <span class='ocrx_word' id='word_1_70' title='bbox 474 1173 570 1217; x_wconf 91' lang='lat' dir='ltr'><strong>unam</strong></span> <span class='ocrx_word' id='word_1_71' title='bbox 590 1162 809 1218; x_wconf 89' lang='lat' dir='ltr'><strong>convenerunt</strong></span> <span class='ocrx_word' id='word_1_72' title='bbox 827 1172 995 1235; x_wconf 88' lang='lat' dir='ltr'><strong>personam</strong></span> <span class='ocrx_word' id='word_1_73' title='bbox 1017 1163 1171 1217; x_wconf 87' lang='lat' dir='ltr'><strong>aeternum</strong></span> <span class='ocrx_word' id='word_1_74' title='bbox 1225 1152 1567 1235; x_wconf 87' lang='lat' dir='ltr'><strong>supergloriosissimus</strong></span> <span class='ocrx_word' id='word_1_75' title='bbox 1585 1153 1679 1230; x_wconf 84' lang='lat' dir='ltr'><strong>Deus,</strong></span> <span class='ocrx_word' id='word_1_76' title='bbox 1696 1150 1978 1233; x_wconf 80' lang='lat' dir='ltr'><strong>omnipotentiam,</strong></span> 
     </span>
     <span class='ocr_line' id='line_1_8' title="bbox 425 1249 1981 1335; baseline -0.004 -19"><span class='ocrx_word' id='word_1_77' title='bbox 425 1261 457 1316; x_wconf 89' lang='lat' dir='ltr'><strong>et</strong></span> <span class='ocrx_word' id='word_1_78' title='bbox 476 1254 660 1335; x_wconf 91' lang='lat' dir='ltr'><strong>temporale,</strong></span> <span class='ocrx_word' id='word_1_79' title='bbox 677 1252 862 1315; x_wconf 85' lang='lat' dir='ltr'><strong>invariabile</strong></span> <span class='ocrx_word' id='word_1_80' title='bbox 887 1261 982 1333; x_wconf 88' lang='lat' dir='ltr'><strong>atque</strong></span> <span class='ocrx_word' id='word_1_81' title='bbox 1006 1251 1169 1331; x_wconf 88' lang='lat' dir='ltr'><strong>mutabile,</strong></span> <span class='ocrx_word' id='word_1_82' title='bbox 1225 1250 1397 1327; x_wconf 88' lang='lat' dir='ltr'><strong>caritatem,</strong></span> <span class='ocrx_word' id='word_1_83' title='bbox 1419 1250 1578 1331; x_wconf 89' lang='lat' dir='ltr'><strong>pietatem,</strong></span> <span class='ocrx_word' id='word_1_84' title='bbox 1600 1249 1874 1326; x_wconf 80' lang='lat' dir='ltr'><strong>munificentiam,</strong></span> <span class='ocrx_word' id='word_1_85' title='bbox 1900 1265 1981 1330; x_wconf 94' lang='lat' dir='ltr'><strong>opu-</strong></span> 
     </span>
     <span class='ocr_line' id='line_1_9' title="bbox 425 1345 1981 1430; baseline -0.004 -18"><span class='ocrx_word' id='word_1_86' title='bbox 425 1359 537 1412; x_wconf 88' lang='lat' dir='ltr'><strong>natura</strong></span> <span class='ocrx_word' id='word_1_87' title='bbox 565 1350 619 1414; x_wconf 88' lang='lat' dir='ltr'><strong>Dei</strong></span> <span class='ocrx_word' id='word_1_88' title='bbox 648 1359 680 1413; x_wconf 90' lang='lat' dir='ltr'><strong>et</strong></span> <span class='ocrx_word' id='word_1_89' title='bbox 706 1349 810 1413; x_wconf 93' lang='lat' dir='ltr'><strong>forma</strong></span> <span class='ocrx_word' id='word_1_90' title='bbox 837 1349 943 1428; x_wconf 87' lang='lat' dir='ltr'><strong>servi;</strong></span> <span class='ocrx_word' id='word_1_91' title='bbox 970 1349 1015 1412; x_wconf 88' lang='lat' dir='ltr'><strong>sio</strong></span> <span class='ocrx_word' id='word_1_92' title='bbox 1043 1367 1171 1430; x_wconf 85' lang='lat' dir='ltr'><strong>quoque</strong></span> <span class='ocrx_word' id='word_1_93' title='bbox 1225 1347 1355 1410; x_wconf 87' lang='lat' dir='ltr'><strong>lentiam</strong></span> <span class='ocrx_word' id='word_1_94' title='bbox 1370 1347 1612 1428; x_wconf 86' lang='lat' dir='ltr'><strong>libertatemque</strong></span> <span class='ocrx_word' id='word_1_95' title='bbox 1632 1367 1720 1409; x_wconf 89' lang='lat' dir='ltr'><strong>snam</strong></span> <span class='ocrx_word' id='word_1_96' title='bbox 1742 1348 1777 1408; x_wconf 94' lang='lat' dir='ltr'><strong>in</strong></span> <span class='ocrx_word' id='word_1_97' title='bbox 1801 1345 1981 1428; x_wconf 74' lang='lat' dir='ltr'><strong>praeclaris-</strong></span> 
     </span>
     <span class='ocr_line' id='line_1_10' title="bbox 425 1444 1981 1531; baseline -0.004 -21"><span class='ocrx_word' id='word_1_98' title='bbox 425 1449 683 1531; x_wconf 76' lang='lat' dir='ltr'><strong>praestantissima</strong></span> <span class='ocrx_word' id='word_1_99' title='bbox 696 1456 729 1510; x_wconf 89' lang='lat' dir='ltr'><strong>et</strong></span> <span class='ocrx_word' id='word_1_100' title='bbox 741 1445 1000 1528; x_wconf 86' lang='lat' dir='ltr'><strong>incomparabilis</strong></span> <span class='ocrx_word' id='word_1_101' title='bbox 1016 1447 1110 1526; x_wconf 92' lang='lat' dir='ltr'><strong>Virgo</strong></span> <span class='ocrx_word' id='word_1_102' title='bbox 1125 1444 1171 1506; x_wconf 88' lang='lat' dir='ltr'><strong>fa·</strong></span> <span class='ocrx_word' id='word_1_103' title='bbox 1225 1445 1306 1507; x_wconf 89' lang='lat' dir='ltr'><strong>sima</strong></span> <span class='ocrx_word' id='word_1_104' title='bbox 1320 1445 1549 1508; x_wconf 90' lang='lat' dir='ltr'><strong>demonstravit</strong></span> <span class='ocrx_word' id='word_1_105' title='bbox 1561 1444 1666 1507; x_wconf 85' lang='lat' dir='ltr'><strong>bieria.</strong></span> <span class='ocrx_word' id='word_1_106' title='bbox 1677 1445 1750 1519; x_wconf 84' lang='lat' dir='ltr'><strong>Quae</strong></span> <span class='ocrx_word' id='word_1_107' title='bbox 1765 1444 1880 1508; x_wconf 88' lang='lat' dir='ltr'><strong>omnia</strong></span> <span class='ocrx_word' id='word_1_108' title='bbox 1896 1452 1981 1524; x_wconf 89' lang='lat' dir='ltr'><strong>pote·</strong></span> 
     </span>
     <span class='ocr_line' id='line_1_11' title="bbox 425 1542 1982 1626; baseline -0.004 -18"><span class='ocrx_word' id='word_1_109' title='bbox 425 1553 476 1608; x_wconf 88' lang='lat' dir='ltr'><strong>cta</strong></span> <span class='ocrx_word' id='word_1_110' title='bbox 490 1554 539 1608; x_wconf 88' lang='lat' dir='ltr'><strong>est</strong></span> <span class='ocrx_word' id='word_1_111' title='bbox 553 1545 633 1608; x_wconf 90' lang='lat' dir='ltr'><strong>Patri</strong></span> <span class='ocrx_word' id='word_1_112' title='bbox 648 1555 765 1608; x_wconf 86' lang='lat' dir='ltr'><strong>aeterno</strong></span> <span class='ocrx_word' id='word_1_113' title='bbox 782 1543 1037 1626; x_wconf 88' lang='lat' dir='ltr'><strong>comparentalis.</strong></span> <span class='ocrx_word' id='word_1_114' title='bbox 1225 1542 1324 1604; x_wconf 91' lang='lat' dir='ltr'><strong>rimus</strong></span> <span class='ocrx_word' id='word_1_115' title='bbox 1339 1542 1547 1625; x_wconf 88' lang='lat' dir='ltr'><strong>contemplari</strong></span> <span class='ocrx_word' id='word_1_116' title='bbox 1562 1543 1594 1604; x_wconf 94' lang='lat' dir='ltr'><strong>in</strong></span> <span class='ocrx_word' id='word_1_117' title='bbox 1609 1561 1646 1604; x_wconf 90' lang='lat' dir='ltr'><strong>ea</strong></span> <span class='ocrx_word' id='word_1_118' title='bbox 1657 1543 1750 1624; x_wconf 89' lang='lat' dir='ltr'><strong>:quia</strong></span> <span class='ocrx_word' id='word_1_119' title='bbox 1765 1551 1842 1624; x_wconf 92' lang='lat' dir='ltr'><strong>post</strong></span> <span class='ocrx_word' id='word_1_120' title='bbox 1856 1560 1982 1604; x_wconf 90' lang='lat' dir='ltr'><strong>assum·</strong></span> 
     </span>
     <span class='ocr_line' id='line_1_12' title="bbox 288 1640 1982 1726; baseline -0.003 -22"><span class='ocrx_word' id='word_1_121' title='bbox 288 1660 408 1710; x_wconf 64' lang='lat' dir='ltr'><strong>nurse.</strong></span> <span class='ocrx_word' id='word_1_122' title='bbox 464 1642 974 1726; x_wconf 84' lang='lat' dir='ltr'><strong>insuperipsaaSpiritnSancto</strong></span> <span class='ocrx_word' id='word_1_123' title='bbox 996 1649 1044 1704; x_wconf 90' lang='lat' dir='ltr'><strong>est</strong></span> <span class='ocrx_word' id='word_1_124' title='bbox 1061 1660 1172 1722; x_wconf 91' lang='lat' dir='ltr'><strong>super·</strong></span> <span class='ocrx_word' id='word_1_125' title='bbox 1224 1647 1311 1722; x_wconf 86' lang='lat' dir='ltr'><strong>ptam</strong></span> <span class='ocrx_word' id='word_1_126' title='bbox 1330 1640 1422 1703; x_wconf 92' lang='lat' dir='ltr'><strong>Verbi</strong></span> <span class='ocrx_word' id='word_1_127' title='bbox 1448 1641 1555 1702; x_wconf 84' lang='lat' dir='ltr'><strong>aeterni</strong></span> <span class='ocrx_word' id='word_1_128' title='bbox 1578 1640 1825 1718; x_wconf 89' lang='lat' dir='ltr'><strong>humanitatem,</strong></span> <span class='ocrx_word' id='word_1_129' title='bbox 1843 1658 1910 1703; x_wconf 92' lang='lat' dir='ltr'><strong>non</strong></span> <span class='ocrx_word' id='word_1_130' title='bbox 1932 1645 1982 1701; x_wconf 92' lang='lat' dir='ltr'><strong>est</strong></span> 
     </span>
     <span class='ocr_line' id='line_1_13' title="bbox 424 1736 1981 1819; baseline -0.005 -13"><span class='ocrx_word' id='word_1_131' title='bbox 424 1742 611 1806; x_wconf 90' lang='lat' dir='ltr'><strong>naturaliter</strong></span> <span class='ocrx_word' id='word_1_132' title='bbox 631 1741 821 1819; x_wconf 82' lang='lat' dir='ltr'><strong>fecundata3</strong></span> <span class='ocrx_word' id='word_1_133' title='bbox 839 1741 872 1802; x_wconf 93' lang='lat' dir='ltr'><strong>in</strong></span> <span class='ocrx_word' id='word_1_134' title='bbox 893 1761 931 1804; x_wconf 91' lang='lat' dir='ltr'><strong>ea</strong></span> <span class='ocrx_word' id='word_1_135' title='bbox 953 1747 1171 1803; x_wconf 91' lang='lat' dir='ltr'><strong>convenerunt</strong></span> <span class='ocrx_word' id='word_1_136' title='bbox 1224 1738 1257 1800; x_wconf 95' lang='lat' dir='ltr'><strong>in</strong></span> <span class='ocrx_word' id='word_1_137' title='bbox 1273 1737 1421 1800; x_wconf 91' lang='lat' dir='ltr'><strong>universa</strong></span> <span class='ocrx_word' id='word_1_138' title='bbox 1437 1738 1584 1800; x_wconf 88' lang='lat' dir='ltr'><strong>machina</strong></span> <span class='ocrx_word' id='word_1_139' title='bbox 1599 1739 1763 1816; x_wconf 91' lang='lat' dir='ltr'><strong>mundi,in</strong></span> <span class='ocrx_word' id='word_1_140' title='bbox 1780 1747 1850 1802; x_wconf 89' lang='lat' dir='ltr'><strong>toto</strong></span> <span class='ocrx_word' id='word_1_141' title='bbox 1864 1736 1981 1802; x_wconf 92' lang='lat' dir='ltr'><strong>ordine</strong></span> 
     </span>
     <span class='ocr_line' id='line_1_14' title="bbox 424 1836 1981 1922; baseline -0.005 -18"><span class='ocrx_word' id='word_1_142' title='bbox 424 1841 608 1904; x_wconf 85' lang='lat' dir='ltr'><strong>maternitas</strong></span> <span class='ocrx_word' id='word_1_143' title='bbox 636 1850 668 1902; x_wconf 89' lang='lat' dir='ltr'><strong>et</strong></span> <span class='ocrx_word' id='word_1_144' title='bbox 695 1841 881 1922; x_wconf 74' lang='lat' dir='ltr'><strong>virginitas,</strong></span> <span class='ocrx_word' id='word_1_145' title='bbox 912 1859 949 1902; x_wconf 83' lang='lat' dir='ltr'><strong>ex</strong></span> <span class='ocrx_word' id='word_1_146' title='bbox 978 1839 1047 1920; x_wconf 82' lang='lat' dir='ltr'><strong>ejus</strong></span> <span class='ocrx_word' id='word_1_147' title='bbox 1080 1846 1170 1902; x_wconf 91' lang='lat' dir='ltr'><strong>utero</strong></span> <span class='ocrx_word' id='word_1_148' title='bbox 1188 1841 1343 1914; x_wconf 90' lang='lat' dir='ltr'><strong>Brerum,</strong></span> <span class='ocrx_word' id='word_1_149' title='bbox 1372 1843 1436 1897; x_wconf 86' lang='lat' dir='ltr'><strong>tam</strong></span> <span class='ocrx_word' id='word_1_150' title='bbox 1465 1836 1650 1916; x_wconf 73' lang='lat' dir='ltr'><strong>praeclarum</strong></span> <span class='ocrx_word' id='word_1_151' title='bbox 1678 1844 1710 1899; x_wconf 91' lang='lat' dir='ltr'><strong>el</strong></span> <span class='ocrx_word' id='word_1_152' title='bbox 1737 1836 1886 1914; x_wconf 89' lang='lat' dir='ltr'><strong>evidens,</strong></span> <span class='ocrx_word' id='word_1_153' title='bbox 1915 1844 1981 1897; x_wconf 84' lang='lat' dir='ltr'><strong>tam</strong></span> 
     </span>
     <span class='ocr_line' id='line_1_15' title="bbox 424 1932 1982 2020; baseline -0.006 -16"><span class='ocrx_word' id='word_1_154' title='bbox 424 1939 533 2004; x_wconf 87' lang='lat' dir='ltr'><strong>clauso</strong></span> <span class='ocrx_word' id='word_1_155' title='bbox 548 1947 579 2002; x_wconf 88' lang='lat' dir='ltr'><strong>el</strong></span> <span class='ocrx_word' id='word_1_156' title='bbox 592 1939 716 2020; x_wconf 90' lang='lat' dir='ltr'><strong>integro</strong></span> <span class='ocrx_word' id='word_1_157' title='bbox 737 1946 955 2020; x_wconf 88' lang='lat' dir='ltr'><strong>permanante,</strong></span> <span class='ocrx_word' id='word_1_158' title='bbox 971 1955 1118 2018; x_wconf 91' lang='lat' dir='ltr'><strong>egressus</strong></span> <span class='ocrx_word' id='word_1_159' title='bbox 1140 1944 1171 1998; x_wconf 92' lang='lat' dir='ltr'><strong>et</strong></span> <span class='ocrx_word' id='word_1_160' title='bbox 1224 1933 1407 2014; x_wconf 88' lang='lat' dir='ltr'><strong>gratiosum,</strong></span> <span class='ocrx_word' id='word_1_161' title='bbox 1424 1932 1595 2014; x_wconf 91' lang='lat' dir='ltr'><strong>gloriosum</strong></span> <span class='ocrx_word' id='word_1_162' title='bbox 1620 1941 1652 1996; x_wconf 91' lang='lat' dir='ltr'><strong>et</strong></span> <span class='ocrx_word' id='word_1_163' title='bbox 1673 1933 1865 1997; x_wconf 87' lang='lat' dir='ltr'><strong>admirabile</strong></span> <span class='ocrx_word' id='word_1_164' title='bbox 1890 1933 1982 2014; x_wconf 79' lang='lat' dir='ltr'><strong>obje-</strong></span> 
     </span>
     <span class='ocr_line' id='line_1_16' title="bbox 276 2030 1982 2117; baseline -0.008 -12"><span class='ocrx_word' id='word_1_165' title='bbox 276 2061 410 2112; x_wconf 62' lang='lat' dir='ltr'><strong>vauaa.</strong></span> <span class='ocrx_word' id='word_1_166' title='bbox 424 2046 517 2102; x_wconf 92' lang='lat' dir='ltr'><strong>natus</strong></span> <span class='ocrx_word' id='word_1_167' title='bbox 541 2044 589 2100; x_wconf 90' lang='lat' dir='ltr'><strong>est</strong></span> <span class='ocrx_word' id='word_1_168' title='bbox 613 2036 709 2098; x_wconf 71' lang='lat' dir='ltr'><strong>vilius</strong></span> <span class='ocrx_word' id='word_1_169' title='bbox 733 2035 800 2113; x_wconf 86' lang='lat' dir='ltr'><strong>Dei,</strong></span> <span class='ocrx_word' id='word_1_170' title='bbox 818 2035 994 2117; x_wconf 90' lang='lat' dir='ltr'><strong>procedens</strong></span> <span class='ocrx_word' id='word_1_171' title='bbox 1020 2040 1170 2114; x_wconf 87' lang='lat' dir='ltr'><strong>tanquam</strong></span> <span class='ocrx_word' id='word_1_172' title='bbox 1226 2039 1311 2093; x_wconf 90' lang='lat' dir='ltr'><strong>ctum</strong></span> <span class='ocrx_word' id='word_1_173' title='bbox 1336 2030 1572 2113; x_wconf 89' lang='lat' dir='ltr'><strong>contemplandi</strong></span> <span class='ocrx_word' id='word_1_174' title='bbox 1591 2032 1690 2093; x_wconf 80' lang='grc' dir='ltr'>ὓθιιηι</span> <span class='ocrx_word' id='word_1_175' title='bbox 1710 2031 1742 2093; x_wconf 97' lang='lat' dir='ltr'><strong>in</strong></span> <span class='ocrx_word' id='word_1_176' title='bbox 1763 2032 1832 2094; x_wconf 89' lang='lat' dir='ltr'><strong>suis</strong></span> <span class='ocrx_word' id='word_1_177' title='bbox 1852 2030 1982 2095; x_wconf 89' lang='lat' dir='ltr'><strong>effecti·</strong></span> 
     </span>
     <span class='ocr_line' id='line_1_17' title="bbox 425 2128 1794 2218; baseline -0.005 -20"><span class='ocrx_word' id='word_1_178' title='bbox 425 2155 560 2218; x_wconf 91' lang='lat' dir='ltr'><strong>sponsus</strong></span> <span class='ocrx_word' id='word_1_179' title='bbox 575 2134 615 2197; x_wconf 94' lang='lat' dir='ltr'><strong>de</strong></span> <span class='ocrx_word' id='word_1_180' title='bbox 630 2133 768 2196; x_wconf 89' lang='lat' dir='ltr'><strong>thalamo</strong></span> <span class='ocrx_word' id='word_1_181' title='bbox 783 2152 851 2196; x_wconf 93' lang='lat' dir='ltr'><strong>sno.</strong></span> <span class='ocrx_word' id='word_1_182' title='bbox 867 2133 939 2214; x_wconf 85' lang='lat' dir='ltr'><strong>lpse</strong></span> <span class='ocrx_word' id='word_1_183' title='bbox 960 2131 1029 2194; x_wconf 91' lang='lat' dir='ltr'><strong>sine</strong></span> <span class='ocrx_word' id='word_1_184' title='bbox 1051 2130 1171 2194; x_wconf 86' lang='lat' dir='ltr'><strong>carnali</strong></span> <span class='ocrx_word' id='word_1_185' title='bbox 1225 2129 1295 2208; x_wconf 93' lang='lat' dir='ltr'><strong>bus,</strong></span> <span class='ocrx_word' id='word_1_186' title='bbox 1312 2137 1347 2191; x_wconf 93' lang='lat' dir='ltr'><strong>nt</strong></span> <span class='ocrx_word' id='word_1_187' title='bbox 1368 2128 1554 2191; x_wconf 86' lang='lat' dir='ltr'><strong>felicissima</strong></span> <span class='ocrx_word' id='word_1_188' title='bbox 1576 2128 1666 2210; x_wconf 93' lang='lat' dir='ltr'><strong>virgo</strong></span> <span class='ocrx_word' id='word_1_189' title='bbox 1688 2129 1794 2191; x_wconf 86' lang='lat' dir='ltr'><strong>lfaria.</strong></span> 
     </span>
     <span class='ocr_line' id='line_1_18' title="bbox 424 2228 1171 2311; baseline -0.009 -14"><span class='ocrx_word' id='word_1_190' title='bbox 424 2233 646 2309; x_wconf 86' lang='lat' dir='ltr'><strong>delectatione,</strong></span> <span class='ocrx_word' id='word_1_191' title='bbox 673 2251 746 2294; x_wconf 86' lang='lat' dir='ltr'><strong>cum</strong></span> <span class='ocrx_word' id='word_1_192' title='bbox 775 2229 931 2311; x_wconf 88' lang='lat' dir='ltr'><strong>spirituali</strong></span> <span class='ocrx_word' id='word_1_193' title='bbox 960 2228 1171 2292; x_wconf 82' lang='lat' dir='ltr'><strong>exsultatione</strong></span> 
     </span>
     <span class='ocr_line' id='line_1_19' title="bbox 424 2327 1173 2412; baseline -0.007 -17"><span class='ocrx_word' id='word_1_194' title='bbox 424 2330 582 2412; x_wconf 89' lang='lat' dir='ltr'><strong>concepit,</strong></span> <span class='ocrx_word' id='word_1_195' title='bbox 600 2330 667 2392; x_wconf 90' lang='lat' dir='ltr'><strong>sine</strong></span> <span class='ocrx_word' id='word_1_196' title='bbox 681 2327 866 2410; x_wconf 91' lang='lat' dir='ltr'><strong>gravamine</strong></span> <span class='ocrx_word' id='word_1_197' title='bbox 881 2327 964 2404; x_wconf 87' lang='lat' dir='ltr'><strong>tulit,</strong></span> <span class='ocrx_word' id='word_1_198' title='bbox 981 2328 1102 2406; x_wconf 87' lang='lat' dir='ltr'><strong>absque</strong></span> <span class='ocrx_word' id='word_1_199' title='bbox 1116 2327 1173 2390; x_wconf 75' lang='lat' dir='ltr'><strong>do</strong></span> 
     </span>
    </p>
   </div>
   <div class='ocr_carea' id='block_1_3' title="bbox 423 2423 1794 2605">
    <p class='ocr_par' dir='ltr' id='par_1_3' title="bbox 423 2423 1794 2605">
     <span class='ocr_line' id='line_1_20' title="bbox 423 2423 1794 2521; baseline -0.005 -29"><span class='ocrx_word' id='word_1_200' title='bbox 423 2430 491 2492; x_wconf 90' lang='lat' dir='ltr'><strong>lore</strong></span> <span class='ocrx_word' id='word_1_201' title='bbox 510 2447 547 2490; x_wconf 91' lang='lat' dir='ltr'><strong>ac</strong></span> <span class='ocrx_word' id='word_1_202' title='bbox 572 2426 698 2489; x_wconf 88' lang='lat' dir='ltr'><strong>tristitia</strong></span> <span class='ocrx_word' id='word_1_203' title='bbox 723 2425 857 2507; x_wconf 88' lang='lat' dir='ltr'><strong>peperit.</strong></span> <span class='ocrx_word' id='word_1_204' title='bbox 875 2423 909 2486; x_wconf 92' lang='lat' dir='ltr'><strong>In</strong></span> <span class='ocrx_word' id='word_1_205' title='bbox 936 2424 1005 2506; x_wconf 95' lang='lat' dir='ltr'><strong>ipsa</strong></span> <span class='ocrx_word' id='word_1_206' title='bbox 1025 2425 1173 2488; x_wconf 81' lang='lat' dir='ltr'><strong>humane</strong></span> <span class='ocrx_word' id='word_1_207' title='bbox 1399 2457 1644 2521; x_wconf 64' lang='lat' dir='ltr'>ARTICULUS</span> <span class='ocrx_word' id='word_1_208' title='bbox 1668 2458 1794 2520; x_wconf 41' lang='lat' dir='ltr'>XXIX·</span> 
     </span>
     <span class='ocr_line' id='line_1_21' title="bbox 423 2522 1173 2605; baseline -0.005 -17"><span class='ocrx_word' id='word_1_209' title='bbox 423 2535 543 2588; x_wconf 85' lang='lat' dir='ltr'><strong>naturae</strong></span> <span class='ocrx_word' id='word_1_210' title='bbox 558 2524 726 2605; x_wconf 79' lang='lat' dir='ltr'><strong>fragilitas,</strong></span> <span class='ocrx_word' id='word_1_211' title='bbox 742 2523 873 2585; x_wconf 90' lang='lat' dir='ltr'><strong>humani</strong></span> <span class='ocrx_word' id='word_1_212' title='bbox 893 2522 1085 2585; x_wconf 84' lang='lat' dir='ltr'><strong>instabilitas</strong></span> <span class='ocrx_word' id='word_1_213' title='bbox 1104 2541 1173 2586; x_wconf 91' lang='lat' dir='ltr'><strong>cor-</strong></span> 
     </span>
    </p>
   </div>
   <div class='ocr_carea' id='block_1_4' title="bbox 424 2621 1982 3196">
    <p class='ocr_par' dir='ltr' id='par_1_4' title="bbox 424 2621 1982 3196">
     <span class='ocr_line' id='line_1_22' title="bbox 424 2621 1981 2703; baseline -0.006 0"><span class='ocrx_word' id='word_1_214' title='bbox 424 2625 484 2701; x_wconf 83' lang='lat' dir='ltr'><strong>dis,</strong></span> <span class='ocrx_word' id='word_1_215' title='bbox 503 2623 632 2687; x_wconf 77' lang='lat' dir='ltr'><strong>feminei</strong></span> <span class='ocrx_word' id='word_1_216' title='bbox 648 2642 740 2685; x_wconf 74' lang='lat' dir='ltr'><strong>sexus</strong></span> <span class='ocrx_word' id='word_1_217' title='bbox 756 2621 928 2684; x_wconf 81' lang='lat' dir='ltr'><strong>infirmitas</strong></span> <span class='ocrx_word' id='word_1_218' title='bbox 951 2629 1037 2684; x_wconf 78' lang='lat' dir='ltr'><strong>unu</strong></span> <span class='ocrx_word' id='word_1_219' title='bbox 1058 2621 1174 2703; x_wconf 76' lang='lat' dir='ltr'><strong>gratia-</strong></span> <span class='ocrx_word' id='word_1_220' title='bbox 1225 2633 1344 2695; x_wconf 75' lang='lat' dir='ltr'><strong>Auaec</strong></span> <span class='ocrx_word' id='word_1_221' title='bbox 1361 2633 1401 2690; x_wconf 77' lang='lat' dir='ltr'><strong>ue</strong></span> <span class='ocrx_word' id='word_1_222' title='bbox 1420 2633 1570 2691; x_wconf 67' lang='lat' dir='ltr'><strong>miraeus</strong></span> <span class='ocrx_word' id='word_1_223' title='bbox 1588 2633 1781 2691; x_wconf 59' lang='lat' dir='ltr'><strong>excelentia</strong></span> <span class='ocrx_word' id='word_1_224' title='bbox 1800 2635 1981 2693; x_wconf 71' lang='lat' dir='ltr'><strong>teneatue</strong></span> 
     </span>
     <span class='ocr_line' id='line_1_23' title="bbox 425 2719 1978 2803; baseline -0.002 -18"><span class='ocrx_word' id='word_1_225' title='bbox 425 2743 495 2785; x_wconf 92' lang='lat' dir='ltr'><strong>rum</strong></span> <span class='ocrx_word' id='word_1_226' title='bbox 511 2721 709 2803; x_wconf 91' lang='lat' dir='ltr'><strong>plenitudine</strong></span> <span class='ocrx_word' id='word_1_227' title='bbox 724 2729 772 2782; x_wconf 90' lang='lat' dir='ltr'><strong>est</strong></span> <span class='ocrx_word' id='word_1_228' title='bbox 787 2727 958 2802; x_wconf 74' lang='lat' dir='ltr'><strong>praeventa,</strong></span> <span class='ocrx_word' id='word_1_229' title='bbox 975 2726 1061 2781; x_wconf 87' lang='lat' dir='ltr'><strong>tanta</strong></span> <span class='ocrx_word' id='word_1_230' title='bbox 1075 2719 1174 2781; x_wconf 92' lang='lat' dir='ltr'><strong>virtu·</strong></span> <span class='ocrx_word' id='word_1_231' title='bbox 1266 2730 1297 2780; x_wconf 87' lang='lat' dir='ltr'><strong>et</strong></span> <span class='ocrx_word' id='word_1_232' title='bbox 1321 2722 1550 2797; x_wconf 68' lang='lat' dir='ltr'><strong>glorificande</strong></span> <span class='ocrx_word' id='word_1_233' title='bbox 1577 2723 1698 2781; x_wconf 64' lang='grc' dir='ltr'><em>Μανία</em></span> <span class='ocrx_word' id='word_1_234' title='bbox 1713 2743 1726 2789; x_wconf 83' lang='grc'><strong>,·</strong></span> <span class='ocrx_word' id='word_1_235' title='bbox 1751 2723 1978 2782; x_wconf 80' lang='lat' dir='ltr'><strong>testimonium</strong></span> 
     </span>
     <span class='ocr_line' id='line_1_24' title="bbox 424 2810 1979 2902; baseline -0.008 -18"><span class='ocrx_word' id='word_1_236' title='bbox 424 2830 492 2884; x_wconf 91' lang='lat' dir='ltr'><strong>tum</strong></span> <span class='ocrx_word' id='word_1_237' title='bbox 511 2819 706 2902; x_wconf 82' lang='lat' dir='ltr'><strong>perfectione</strong></span> <span class='ocrx_word' id='word_1_238' title='bbox 729 2817 940 2894; x_wconf 89' lang='lat' dir='ltr'><strong>corroborata,</strong></span> <span class='ocrx_word' id='word_1_239' title='bbox 957 2825 1004 2880; x_wconf 88' lang='lat' dir='ltr'><strong>tol</strong></span> <span class='ocrx_word' id='word_1_240' title='bbox 1024 2825 1055 2880; x_wconf 93' lang='lat' dir='ltr'><strong>et</strong></span> <span class='ocrx_word' id='word_1_241' title='bbox 1076 2818 1173 2879; x_wconf 87' lang='lat' dir='ltr'><strong>tantis</strong></span> <span class='ocrx_word' id='word_1_242' title='bbox 1266 2830 1391 2889; x_wconf 75' lang='lat' dir='ltr'><strong>quoque</strong></span> <span class='ocrx_word' id='word_1_243' title='bbox 1416 2810 1573 2886; x_wconf 66' lang='lat' dir='ltr'><strong>astrologi</strong></span> <span class='ocrx_word' id='word_1_244' title='bbox 1594 2810 1766 2886; x_wconf 79' lang='lat' dir='ltr'><strong>cujusdam</strong></span> <span class='ocrx_word' id='word_1_245' title='bbox 1793 2814 1834 2870; x_wconf 87' lang='lat' dir='ltr'><strong>de</strong></span> <span class='ocrx_word' id='word_1_246' title='bbox 1858 2832 1924 2880; x_wconf 86' lang='lat' dir='ltr'><strong>ea,·</strong></span> <span class='ocrx_word' id='word_1_247' title='bbox 1948 2820 1979 2870; x_wconf 87' lang='lat' dir='ltr'><strong>et</strong></span> 
     </span>
     <span class='ocr_line' id='line_1_25' title="bbox 425 2899 1982 3002; baseline -0.008 -21"><span class='ocrx_word' id='word_1_248' title='bbox 425 2917 544 2981; x_wconf 92' lang='lat' dir='ltr'><strong>divinis</strong></span> <span class='ocrx_word' id='word_1_249' title='bbox 578 2915 823 2978; x_wconf 87' lang='lat' dir='ltr'><strong>charismatibus</strong></span> <span class='ocrx_word' id='word_1_250' title='bbox 859 2914 1043 2995; x_wconf 90' lang='lat' dir='ltr'><strong>adimpleta,</strong></span> <span class='ocrx_word' id='word_1_251' title='bbox 1077 2914 1173 2977; x_wconf 85' lang='lat' dir='ltr'><strong>tantis</strong></span> <span class='ocrx_word' id='word_1_252' title='bbox 1267 2900 1413 3002; x_wconf 61' lang='grc' dir='ltr'><em>Ψξαῖῑῑθν</em></span> <span class='ocrx_word' id='word_1_253' title='bbox 1432 2899 1506 3002; x_wconf 38' lang='lat' dir='ltr'><strong>W·</strong></span> <span class='ocrx_word' id='word_1_254' title='bbox 1525 2900 1640 3001; x_wconf 40' lang='lat' dir='ltr'><strong>adduc·</strong></span> <span class='ocrx_word' id='word_1_255' title='bbox 1657 2899 1692 2956; x_wconf 60' lang='grc' dir='ltr'><strong>ἴῃ</strong></span> <span class='ocrx_word' id='word_1_256' title='bbox 1716 2919 1816 2958; x_wconf 80' lang='lat' dir='ltr'><strong>carne</strong></span> <span class='ocrx_word' id='word_1_257' title='bbox 1840 2900 1982 2959; x_wconf 70' lang='lat' dir='ltr'><strong>mortali</strong></span> 
     </span>
     <span class='ocr_line' id='line_1_26' title="bbox 426 2989 1980 3095; baseline -0.008 -17"><span class='ocrx_word' id='word_1_258' title='bbox 426 3016 548 3078; x_wconf 93' lang='lat' dir='ltr'><strong>munita</strong></span> <span class='ocrx_word' id='word_1_259' title='bbox 562 3013 771 3095; x_wconf 90' lang='lat' dir='ltr'><strong>profectibus,</strong></span> <span class='ocrx_word' id='word_1_260' title='bbox 785 3014 869 3093; x_wconf 86' lang='lat' dir='ltr'><strong>quod</strong></span> <span class='ocrx_word' id='word_1_261' title='bbox 886 3031 1049 3092; x_wconf 89' lang='lat' dir='ltr'><strong>nunquam</strong></span> <span class='ocrx_word' id='word_1_262' title='bbox 1066 3010 1209 3093; x_wconf 87' lang='lat' dir='ltr'><strong>pecca-G</strong></span> <span class='ocrx_word' id='word_1_263' title='bbox 1269 2996 1409 3092; x_wconf 51' lang='grc' dir='ltr'><strong>ΜΨ)</strong></span> <span class='ocrx_word' id='word_1_264' title='bbox 1436 3007 1504 3045; x_wconf 68' lang='lat' dir='ltr'><strong>”m</strong></span> <span class='ocrx_word' id='word_1_265' title='bbox 1532 2996 1637 3046; x_wconf 54' lang='lat' dir='ltr'><strong>&amp;mm</strong></span> <span class='ocrx_word' id='word_1_266' title='bbox 1663 2989 1830 3090; x_wconf 59' lang='lat' dir='ltr'><strong>Pf⁰f²⁴3²d2⁶</strong></span> <span class='ocrx_word' id='word_1_267' title='bbox 1863 3007 1980 3048; x_wconf 56' lang='lat'><strong>⁸9²²⁸²⁴⁸</strong></span> 
     </span>
     <span class='ocr_line' id='line_1_27' title="bbox 425 3077 1914 3196; baseline -0.007 -19"><span class='ocrx_word' id='word_1_268' title='bbox 425 3115 481 3195; x_wconf 94' lang='lat' dir='ltr'><strong>vit,</strong></span> <span class='ocrx_word' id='word_1_269' title='bbox 497 3114 582 3196; x_wconf 90' lang='lat' dir='ltr'><strong>quod</strong></span> <span class='ocrx_word' id='word_1_270' title='bbox 597 3103 720 3175; x_wconf 89' lang='lat' dir='ltr'><strong>mentis&#39;</strong></span> <span class='ocrx_word' id='word_1_271' title='bbox 728 3111 967 3176; x_wconf 88' lang='lat' dir='ltr'><strong>distractionem</strong></span> <span class='ocrx_word' id='word_1_272' title='bbox 982 3132 1000 3173; x_wconf 90' lang='lat' dir='ltr'><strong>a</strong></span> <span class='ocrx_word' id='word_1_273' title='bbox 1015 3111 1079 3174; x_wconf 86' lang='lat' dir='ltr'><strong>Deo</strong></span> <span class='ocrx_word' id='word_1_274' title='bbox 1093 3132 1176 3173; x_wconf 90' lang='lat' dir='ltr'><strong>nnn·</strong></span> <span class='ocrx_word' id='word_1_275' title='bbox 1268 3095 1339 3135; x_wconf 68' lang='lat'><strong>‘³⁰²⁷&#39;</strong></span> <span class='ocrx_word' id='word_1_276' title='bbox 1355 3078 1467 3136; x_wconf 58' lang='lat' dir='ltr'><strong>mm</strong></span> <span class='ocrx_word' id='word_1_277' title='bbox 1480 3077 1634 3152; x_wconf 55' lang='lat' dir='ltr'><strong><em>mabam</em></strong></span> <span class='ocrx_word' id='word_1_278' title='bbox 1649 3095 1686 3135; x_wconf 78' lang='lat'><strong>‘²⁶</strong></span> <span class='ocrx_word' id='word_1_279' title='bbox 1699 3078 1914 3153; x_wconf 49' lang='lat' dir='ltr'><strong><em>mmmmm·</em></strong></span> 
     </span>
    </p>
   </div>
   <div class='ocr_carea' id='block_1_5' title="bbox 283 3210 2134 5352">
    <p class='ocr_par' dir='ltr' id='par_1_5' title="bbox 283 3210 2134 5352">
     <span class='ocr_line' id='line_1_28' title="bbox 425 3210 1173 3295; baseline -0.003 -20"><span class='ocrx_word' id='word_1_280' title='bbox 425 3233 520 3295; x_wconf 88' lang='lat' dir='ltr'><strong>quam</strong></span> <span class='ocrx_word' id='word_1_281' title='bbox 536 3230 687 3293; x_wconf 87' lang='lat' dir='ltr'><strong>perpessa</strong></span> <span class='ocrx_word' id='word_1_282' title='bbox 708 3218 766 3289; x_wconf 90' lang='lat' dir='ltr'><strong>est,</strong></span> <span class='ocrx_word' id='word_1_283' title='bbox 783 3212 867 3291; x_wconf 92' lang='lat' dir='ltr'><strong>quod</strong></span> <span class='ocrx_word' id='word_1_284' title='bbox 888 3210 1008 3272; x_wconf 93' lang='lat' dir='ltr'><strong>nullam</strong></span> <span class='ocrx_word' id='word_1_285' title='bbox 1032 3230 1173 3290; x_wconf 89' lang='lat' dir='ltr'><strong>unquam</strong></span> 
     </span>
     <span class='ocr_line' id='line_1_29' title="bbox 426 3307 2134 3392; baseline -0.007 -18"><span class='ocrx_word' id='word_1_286' title='bbox 426 3310 654 3392; x_wconf 91' lang='lat' dir='ltr'><strong>negligentiam</strong></span> <span class='ocrx_word' id='word_1_287' title='bbox 679 3316 727 3371; x_wconf 90' lang='lat' dir='ltr'><strong>est</strong></span> <span class='ocrx_word' id='word_1_288' title='bbox 751 3307 874 3390; x_wconf 90' lang='lat' dir='ltr'><strong>illapsa,</strong></span> <span class='ocrx_word' id='word_1_289' title='bbox 900 3309 984 3389; x_wconf 92' lang='lat' dir='ltr'><strong>qnod</strong></span> <span class='ocrx_word' id='word_1_290' title='bbox 1009 3327 1173 3389; x_wconf 86' lang='lat' dir='ltr'><strong>nunquam</strong></span> <span class='ocrx_word' id='word_1_291' title='bbox 1297 3311 1396 3370; x_wconf 82' lang='lat' dir='ltr'><em>IHIL</em></span> <span class='ocrx_word' id='word_1_292' title='bbox 1422 3309 1633 3387; x_wconf 81' lang='lat' dir='ltr'><strong>inquinatum</strong></span> <span class='ocrx_word' id='word_1_293' title='bbox 1660 3311 1695 3368; x_wconf 77' lang='lat' dir='ltr'><strong>io</strong></span> <span class='ocrx_word' id='word_1_294' title='bbox 1719 3328 1790 3368; x_wconf 85' lang='lat' dir='ltr'><strong>eam</strong></span> <span class='ocrx_word' id='word_1_295' title='bbox 1814 3311 1976 3370; x_wconf 83' lang='lat' dir='ltr'><strong>incurrit.</strong></span> <span class='ocrx_word' id='word_1_296' title='bbox 1994 3324 2108 3383; x_wconf 60' lang='lat' dir='ltr'><strong>anans.</strong></span> <span class='ocrx_word' id='word_1_297' title='bbox 2133 3369 2134 3372; x_wconf 8' lang='grc' dir='ltr'><strong>Ἴ</strong></span> 
     </span>
     <span class='ocr_line' id='line_1_30' title="bbox 426 3404 1981 3486; baseline -0.002 -16"><span class='ocrx_word' id='word_1_298' title='bbox 426 3408 641 3471; x_wconf 89' lang='lat' dir='ltr'><strong>inordinatum</strong></span> <span class='ocrx_word' id='word_1_299' title='bbox 657 3406 761 3469; x_wconf 90' lang='lat' dir='ltr'><strong>carnis</strong></span> <span class='ocrx_word' id='word_1_300' title='bbox 776 3414 830 3468; x_wconf 90' lang='lat' dir='ltr'><strong>aut</strong></span> <span class='ocrx_word' id='word_1_301' title='bbox 845 3405 966 3468; x_wconf 92' lang='lat' dir='ltr'><strong>fomitis</strong></span> <span class='ocrx_word' id='word_1_302' title='bbox 984 3414 1104 3469; x_wconf 91' lang='lat' dir='ltr'><strong>motum</strong></span> <span class='ocrx_word' id='word_1_303' title='bbox 1126 3414 1174 3469; x_wconf 83' lang='lat' dir='ltr'><strong>est</strong></span> <span class='ocrx_word' id='word_1_304' title='bbox 1311 3406 1354 3467; x_wconf 88' lang='lat' dir='ltr'><strong>De</strong></span> <span class='ocrx_word' id='word_1_305' title='bbox 1368 3404 1536 3468; x_wconf 79' lang='lat' dir='ltr'><strong>Aristotele</strong></span> <span class='ocrx_word' id='word_1_306' title='bbox 1550 3405 1595 3467; x_wconf 91' lang='lat' dir='ltr'><strong>ait</strong></span> <span class='ocrx_word' id='word_1_307' title='bbox 1610 3405 1643 3466; x_wconf 89' lang='lat' dir='ltr'><strong>in</strong></span> <span class='ocrx_word' id='word_1_308' title='bbox 1658 3405 1779 3486; x_wconf 85' lang='lat' dir='ltr'><strong>Regula</strong></span> <span class='ocrx_word' id='word_1_309' title='bbox 1792 3426 1849 3468; x_wconf 88' lang='lat' dir='ltr'><strong>sua</strong></span> <span class='ocrx_word' id='word_1_310' title='bbox 1863 3407 1896 3469; x_wconf 91' lang='lat' dir='ltr'><strong>S.</strong></span> <span class='ocrx_word' id='word_1_311' title='bbox 1910 3406 1981 3468; x_wconf 81' lang='lat' dir='ltr'><strong>Hie</strong></span> 
     </span>
     <span class='ocr_line' id='line_1_31' title="bbox 426 3502 1976 3589; baseline -0.003 -20"><span class='ocrx_word' id='word_1_312' title='bbox 426 3525 531 3589; x_wconf 87' lang='lat' dir='ltr'><strong>passa,</strong></span> <span class='ocrx_word' id='word_1_313' title='bbox 547 3506 632 3586; x_wconf 91' lang='lat' dir='ltr'><strong>quod</strong></span> <span class='ocrx_word' id='word_1_314' title='bbox 648 3524 707 3567; x_wconf 87' lang='lat' dir='ltr'><strong>nec</strong></span> <span class='ocrx_word' id='word_1_315' title='bbox 723 3504 755 3566; x_wconf 93' lang='lat' dir='ltr'><strong>in</strong></span> <span class='ocrx_word' id='word_1_316' title='bbox 772 3503 854 3582; x_wconf 90' lang='lat' dir='ltr'><strong>cibo,</strong></span> <span class='ocrx_word' id='word_1_317' title='bbox 869 3511 955 3584; x_wconf 89' lang='lat' dir='ltr'><strong>potu,</strong></span> <span class='ocrx_word' id='word_1_318' title='bbox 968 3522 1091 3584; x_wconf 91' lang='lat' dir='ltr'><strong>somno,</strong></span> <span class='ocrx_word' id='word_1_319' title='bbox 1105 3524 1174 3567; x_wconf 92' lang='lat' dir='ltr'><strong>ver·</strong></span> <span class='ocrx_word' id='word_1_320' title='bbox 1229 3522 1379 3585; x_wconf 84' lang='lat' dir='ltr'><strong>ronymus</strong></span> <span class='ocrx_word' id='word_1_321' title='bbox 1397 3526 1403 3565; x_wconf 94' lang='lat'><strong>:</strong></span> <span class='ocrx_word' id='word_1_322' title='bbox 1420 3503 1499 3565; x_wconf 84' lang='lat' dir='ltr'><strong>Audi</strong></span> <span class='ocrx_word' id='word_1_323' title='bbox 1519 3511 1550 3565; x_wconf 91' lang='lat' dir='ltr'><strong>et</strong></span> <span class='ocrx_word' id='word_1_324' title='bbox 1569 3511 1614 3580; x_wconf 88' lang='lat' dir='ltr'><strong>tu,</strong></span> <span class='ocrx_word' id='word_1_325' title='bbox 1631 3502 1780 3584; x_wconf 86' lang='lat' dir='ltr'><strong>princeps</strong></span> <span class='ocrx_word' id='word_1_326' title='bbox 1801 3504 1976 3584; x_wconf 88' lang='lat' dir='ltr'><strong>fatuorum,</strong></span> 
     </span>
     <span class='ocr_line' id='line_1_32' title="bbox 427 3599 1980 3685; baseline -0.002 -18"><span class='ocrx_word' id='word_1_327' title='bbox 427 3605 479 3679; x_wconf 89' lang='lat' dir='ltr'><strong>bo,</strong></span> <span class='ocrx_word' id='word_1_328' title='bbox 506 3603 655 3685; x_wconf 87' lang='lat' dir='ltr'><strong>cogitatu,</strong></span> <span class='ocrx_word' id='word_1_329' title='bbox 678 3601 798 3665; x_wconf 90' lang='lat' dir='ltr'><strong>affectu</strong></span> <span class='ocrx_word' id='word_1_330' title='bbox 827 3609 881 3662; x_wconf 89' lang='lat' dir='ltr'><strong>ant</strong></span> <span class='ocrx_word' id='word_1_331' title='bbox 909 3620 1005 3663; x_wconf 88' lang='lat' dir='ltr'><strong>sensu</strong></span> <span class='ocrx_word' id='word_1_332' title='bbox 1033 3621 1172 3683; x_wconf 86' lang='lat' dir='ltr'><strong>nuquam</strong></span> <span class='ocrx_word' id='word_1_333' title='bbox 1228 3601 1373 3683; x_wconf 86' lang='lat' dir='ltr'><strong>quamvis</strong></span> <span class='ocrx_word' id='word_1_334' title='bbox 1389 3600 1499 3682; x_wconf 89' lang='lat' dir='ltr'><strong>procul</strong></span> <span class='ocrx_word' id='word_1_335' title='bbox 1514 3599 1611 3664; x_wconf 92' lang='lat' dir='ltr'><strong>dnbio</strong></span> <span class='ocrx_word' id='word_1_336' title='bbox 1627 3600 1725 3663; x_wconf 92' lang='lat' dir='ltr'><strong>fueris</strong></span> <span class='ocrx_word' id='word_1_337' title='bbox 1740 3603 1860 3683; x_wconf 78' lang='lat' dir='ltr'><strong>grande</strong></span> <span class='ocrx_word' id='word_1_338' title='bbox 1881 3602 1980 3664; x_wconf 88' lang='lat' dir='ltr'><strong>mira-</strong></span> 
     </span>
     <span class='ocr_line' id='line_1_33' title="bbox 428 3698 1977 3781; baseline -0.001 -18"><span class='ocrx_word' id='word_1_339' title='bbox 428 3701 540 3763; x_wconf 90' lang='lat' dir='ltr'><strong>saltem</strong></span> <span class='ocrx_word' id='word_1_340' title='bbox 556 3699 723 3762; x_wconf 84' lang='lat' dir='ltr'><strong>venialiter</strong></span> <span class='ocrx_word' id='word_1_341' title='bbox 736 3698 799 3761; x_wconf 92' lang='lat' dir='ltr'><strong>fuit</strong></span> <span class='ocrx_word' id='word_1_342' title='bbox 814 3698 995 3779; x_wconf 86' lang='lat' dir='ltr'><strong>culpabilis.</strong></span> <span class='ocrx_word' id='word_1_343' title='bbox 1008 3699 1107 3773; x_wconf 86' lang='lat' dir='ltr'><strong>Quam</strong></span> <span class='ocrx_word' id='word_1_344' title='bbox 1123 3719 1175 3761; x_wconf 89' lang='lat' dir='ltr'><strong>sn·</strong></span> <span class='ocrx_word' id='word_1_345' title='bbox 1229 3700 1336 3763; x_wconf 90' lang='lat' dir='ltr'><strong>culum</strong></span> <span class='ocrx_word' id='word_1_346' title='bbox 1361 3700 1395 3761; x_wconf 92' lang='lat' dir='ltr'><strong>in</strong></span> <span class='ocrx_word' id='word_1_347' title='bbox 1414 3708 1480 3763; x_wconf 87' lang='lat' dir='ltr'><strong>tota</strong></span> <span class='ocrx_word' id='word_1_348' title='bbox 1502 3706 1626 3778; x_wconf 89' lang='lat' dir='ltr'><strong>natura,</strong></span> <span class='ocrx_word' id='word_1_349' title='bbox 1642 3699 1793 3780; x_wconf 89' lang='lat' dir='ltr'><strong>quoniam</strong></span> <span class='ocrx_word' id='word_1_350' title='bbox 1819 3700 1977 3781; x_wconf 87' lang='lat' dir='ltr'><strong>quidquid</strong></span> 
     </span>
     <span class='ocr_line' id='line_1_34' title="bbox 428 3796 1979 3881; baseline 0 -21"><span class='ocrx_word' id='word_1_351' title='bbox 428 3797 643 3881; x_wconf 87' lang='lat' dir='ltr'><strong>pernatnrafia</strong></span> <span class='ocrx_word' id='word_1_352' title='bbox 668 3797 731 3859; x_wconf 93' lang='lat' dir='ltr'><strong>sint</strong></span> <span class='ocrx_word' id='word_1_353' title='bbox 754 3797 831 3873; x_wconf 86' lang='lat' dir='ltr'><strong>haec,</strong></span> <span class='ocrx_word' id='word_1_354' title='bbox 850 3796 1024 3859; x_wconf 86' lang='lat' dir='ltr'><strong>innotescit</strong></span> <span class='ocrx_word' id='word_1_355' title='bbox 1047 3797 1175 3859; x_wconf 88' lang='lat' dir='ltr'><strong>scienti·</strong></span> <span class='ocrx_word' id='word_1_356' title='bbox 1228 3797 1413 3860; x_wconf 89' lang='lat' dir='ltr'><strong>naturaliter</strong></span> <span class='ocrx_word' id='word_1_357' title='bbox 1428 3798 1501 3860; x_wconf 89' lang='lat' dir='ltr'><strong>sciri</strong></span> <span class='ocrx_word' id='word_1_358' title='bbox 1518 3797 1700 3879; x_wconf 90' lang='lat' dir='ltr'><strong>potest,tibi</strong></span> <span class='ocrx_word' id='word_1_359' title='bbox 1717 3797 1858 3860; x_wconf 93' lang='lat' dir='ltr'><strong>infusum</strong></span> <span class='ocrx_word' id='word_1_360' title='bbox 1874 3797 1979 3860; x_wconf 92' lang='lat' dir='ltr'><strong>fuisse</strong></span> 
     </span>
     <span class='ocr_line' id='line_1_35' title="bbox 428 3894 1979 3976; baseline -0.002 -16"><span class='ocrx_word' id='word_1_361' title='bbox 428 3898 488 3960; x_wconf 94' lang='lat' dir='ltr'><strong>bus</strong></span> <span class='ocrx_word' id='word_1_362' title='bbox 502 3896 649 3958; x_wconf 77' lang='lat' dir='ltr'><strong>humanm</strong></span> <span class='ocrx_word' id='word_1_363' title='bbox 665 3894 855 3958; x_wconf 91' lang='lat' dir='ltr'><strong>conditionis</strong></span> <span class='ocrx_word' id='word_1_364' title='bbox 870 3894 1175 3976; x_wconf 85' lang='lat' dir='ltr'><strong>naturam,pr0prie-</strong></span> <span class='ocrx_word' id='word_1_365' title='bbox 1229 3895 1365 3958; x_wconf 89' lang='lat' dir='ltr'><strong>videtur.</strong></span> <span class='ocrx_word' id='word_1_366' title='bbox 1382 3895 1501 3975; x_wconf 82' lang='lat' dir='ltr'><strong>ltaque,</strong></span> <span class='ocrx_word' id='word_1_367' title='bbox 1517 3895 1544 3956; x_wconf 92' lang='lat' dir='ltr'><strong>si</strong></span> <span class='ocrx_word' id='word_1_368' title='bbox 1560 3894 1742 3958; x_wconf 79' lang='lat' dir='ltr'><strong>Aristoteles</strong></span> <span class='ocrx_word' id='word_1_369' title='bbox 1758 3914 1815 3976; x_wconf 90' lang='lat' dir='ltr'><strong>per</strong></span> <span class='ocrx_word' id='word_1_370' title='bbox 1832 3895 1979 3959; x_wconf 89' lang='lat' dir='ltr'><strong>eminen-</strong></span> 
     </span>
     <span class='ocr_line' id='line_1_36' title="bbox 428 3992 1978 4075; baseline -0.001 -18"><span class='ocrx_word' id='word_1_371' title='bbox 428 4002 537 4074; x_wconf 87' lang='lat' dir='ltr'><strong>tatem,</strong></span> <span class='ocrx_word' id='word_1_372' title='bbox 563 3994 838 4057; x_wconf 88' lang='lat' dir='ltr'><strong>defectuositatem</strong></span> <span class='ocrx_word' id='word_1_373' title='bbox 863 4011 899 4055; x_wconf 86' lang='lat' dir='ltr'><strong>ac</strong></span> <span class='ocrx_word' id='word_1_374' title='bbox 925 3992 1117 4074; x_wconf 86' lang='lat' dir='ltr'><strong>pronitatem</strong></span> <span class='ocrx_word' id='word_1_375' title='bbox 1140 3992 1174 4053; x_wconf 96' lang='lat' dir='ltr'><strong>in</strong></span> <span class='ocrx_word' id='word_1_376' title='bbox 1229 3994 1304 4055; x_wconf 88' lang='lat' dir='ltr'><strong>tiam</strong></span> <span class='ocrx_word' id='word_1_377' title='bbox 1320 4012 1385 4055; x_wconf 78' lang='lat' dir='ltr'><strong>sue</strong></span> <span class='ocrx_word' id='word_1_378' title='bbox 1397 3994 1548 4055; x_wconf 88' lang='lat' dir='ltr'><strong>naturalis</strong></span> <span class='ocrx_word' id='word_1_379' title='bbox 1562 3993 1702 4055; x_wconf 79' lang='lat' dir='ltr'><strong>scientie</strong></span> <span class='ocrx_word' id='word_1_380' title='bbox 1715 4000 1845 4056; x_wconf 90' lang='lat' dir='ltr'><strong>vocatur</strong></span> <span class='ocrx_word' id='word_1_381' title='bbox 1856 3995 1978 4075; x_wconf 90' lang='lat' dir='ltr'><strong>grande</strong></span> 
     </span>
     <span class='ocr_line' id='line_1_37' title="bbox 429 4092 1979 4173; baseline -0.001 -15"><span class='ocrx_word' id='word_1_382' title='bbox 429 4112 524 4159; x_wconf 91' lang='lat' dir='ltr'><strong>omne</strong></span> <span class='ocrx_word' id='word_1_383' title='bbox 546 4092 676 4154; x_wconf 93' lang='lat' dir='ltr'><strong>malum.</strong></span> <span class='ocrx_word' id='word_1_384' title='bbox 1228 4092 1416 4155; x_wconf 88' lang='lat' dir='ltr'><strong>miraculum</strong></span> <span class='ocrx_word' id='word_1_385' title='bbox 1435 4100 1576 4173; x_wconf 86' lang='lat' dir='ltr'><strong>:quanto</strong></span> <span class='ocrx_word' id='word_1_386' title='bbox 1598 4092 1789 4153; x_wconf 90' lang='lat' dir='ltr'><strong>eminentius</strong></span> <span class='ocrx_word' id='word_1_387' title='bbox 1813 4111 1979 4156; x_wconf 86' lang='lat' dir='ltr'><strong>sacrosan-</strong></span> 
     </span>
     <span class='ocr_line' id='line_1_38' title="bbox 469 4187 1979 4270; baseline 0 -17"><span class='ocrx_word' id='word_1_388' title='bbox 469 4192 540 4254; x_wconf 81' lang='lat' dir='ltr'><strong>Haec</strong></span> <span class='ocrx_word' id='word_1_389' title='bbox 564 4197 613 4253; x_wconf 93' lang='lat' dir='ltr'><strong>est</strong></span> <span class='ocrx_word' id='word_1_390' title='bbox 632 4188 819 4252; x_wconf 88' lang='lat' dir='ltr'><strong>suavissima</strong></span> <span class='ocrx_word' id='word_1_391' title='bbox 838 4208 874 4251; x_wconf 86' lang='lat' dir='ltr'><strong>ae</strong></span> <span class='ocrx_word' id='word_1_392' title='bbox 894 4188 1097 4251; x_wconf 88' lang='lat' dir='ltr'><strong>serenissima</strong></span> <span class='ocrx_word' id='word_1_393' title='bbox 1116 4187 1176 4251; x_wconf 75' lang='lat' dir='ltr'><strong>Ile</strong></span> <span class='ocrx_word' id='word_1_394' title='bbox 1192 4187 1215 4249; x_wconf 88' lang='lat' dir='ltr'>D</span> <span class='ocrx_word' id='word_1_395' title='bbox 1230 4198 1279 4252; x_wconf 87' lang='lat' dir='ltr'><strong>cta</strong></span> <span class='ocrx_word' id='word_1_396' title='bbox 1294 4190 1400 4268; x_wconf 84' lang='lat' dir='ltr'><strong>Maria,</strong></span> <span class='ocrx_word' id='word_1_397' title='bbox 1417 4208 1487 4270; x_wconf 85' lang='lat' dir='ltr'><strong>quae</strong></span> <span class='ocrx_word' id='word_1_398' title='bbox 1501 4190 1630 4252; x_wconf 80' lang='lat' dir='ltr'><strong>Fontem</strong></span> <span class='ocrx_word' id='word_1_399' title='bbox 1645 4189 1742 4251; x_wconf 89' lang='lat' dir='ltr'><strong>totins</strong></span> <span class='ocrx_word' id='word_1_400' title='bbox 1757 4199 1979 4270; x_wconf 88' lang='lat' dir='ltr'><strong>supematnra·</strong></span> 
     </span>
     <span class='ocr_line' id='line_1_39' title="bbox 429 4286 1978 4370; baseline -0.001 -18"><span class='ocrx_word' id='word_1_401' title='bbox 429 4289 526 4367; x_wconf 90' lang='lat' dir='ltr'><strong>mina,</strong></span> <span class='ocrx_word' id='word_1_402' title='bbox 547 4306 617 4370; x_wconf 72' lang='lat' dir='ltr'><strong>qnae</strong></span> <span class='ocrx_word' id='word_1_403' title='bbox 637 4306 729 4349; x_wconf 87' lang='lat' dir='ltr'><strong>suum</strong></span> <span class='ocrx_word' id='word_1_404' title='bbox 749 4286 782 4348; x_wconf 95' lang='lat' dir='ltr'><strong>in</strong></span> <span class='ocrx_word' id='word_1_405' title='bbox 799 4306 832 4349; x_wconf 91' lang='lat' dir='ltr'><strong>se</strong></span> <span class='ocrx_word' id='word_1_406' title='bbox 848 4286 983 4368; x_wconf 88' lang='lat' dir='ltr'><strong>gestavit</strong></span> <span class='ocrx_word' id='word_1_407' title='bbox 1004 4286 1173 4365; x_wconf 88' lang='lat' dir='ltr'><strong>artificem,</strong></span> <span class='ocrx_word' id='word_1_408' title='bbox 1230 4288 1269 4350; x_wconf 91' lang='lat' dir='ltr'><strong>lis</strong></span> <span class='ocrx_word' id='word_1_409' title='bbox 1283 4306 1320 4349; x_wconf 91' lang='lat' dir='ltr'><strong>ac</strong></span> <span class='ocrx_word' id='word_1_410' title='bbox 1336 4286 1488 4348; x_wconf 87' lang='lat' dir='ltr'><strong>naturalis</strong></span> <span class='ocrx_word' id='word_1_411' title='bbox 1508 4286 1673 4367; x_wconf 72' lang='lat' dir='ltr'><strong>sapientiae</strong></span> <span class='ocrx_word' id='word_1_412' title='bbox 1693 4305 1730 4349; x_wconf 89' lang='lat' dir='ltr'><strong>ac</strong></span> <span class='ocrx_word' id='word_1_413' title='bbox 1753 4286 1905 4366; x_wconf 72' lang='lat' dir='ltr'><strong>scientiae,</strong></span> <span class='ocrx_word' id='word_1_414' title='bbox 1922 4288 1978 4351; x_wconf 90' lang='lat' dir='ltr'><strong>Sa-</strong></span> 
     </span>
     <span class='ocr_line' id='line_1_40' title="bbox 429 4383 1977 4468; baseline 0 -18"><span class='ocrx_word' id='word_1_415' title='bbox 429 4406 499 4468; x_wconf 81' lang='lat' dir='ltr'><strong>que</strong></span> <span class='ocrx_word' id='word_1_416' title='bbox 514 4386 656 4449; x_wconf 93' lang='lat' dir='ltr'><strong>omnium</strong></span> <span class='ocrx_word' id='word_1_417' title='bbox 672 4386 784 4466; x_wconf 88' lang='lat' dir='ltr'><strong>gennit</strong></span> <span class='ocrx_word' id='word_1_418' title='bbox 801 4384 1000 4462; x_wconf 74' lang='lat' dir='ltr'><strong>Creatorem,</strong></span> <span class='ocrx_word' id='word_1_419' title='bbox 1018 4384 1050 4446; x_wconf 93' lang='lat' dir='ltr'><strong>in</strong></span> <span class='ocrx_word' id='word_1_420' title='bbox 1065 4404 1130 4465; x_wconf 85' lang='lat' dir='ltr'><strong>qua</strong></span> <span class='ocrx_word' id='word_1_421' title='bbox 1145 4393 1177 4447; x_wconf 91' lang='lat' dir='ltr'><strong>et</strong></span> <span class='ocrx_word' id='word_1_422' title='bbox 1229 4384 1382 4467; x_wconf 91' lang='lat' dir='ltr'><strong>pientiam</strong></span> <span class='ocrx_word' id='word_1_423' title='bbox 1402 4384 1587 4462; x_wconf 81' lang='lat' dir='ltr'><strong>increatam,</strong></span> <span class='ocrx_word' id='word_1_424' title='bbox 1604 4383 1718 4447; x_wconf 82' lang='lat' dir='ltr'><strong>Filium</strong></span> <span class='ocrx_word' id='word_1_425' title='bbox 1742 4385 1841 4447; x_wconf 86' lang='lat' dir='ltr'><strong>Patris</strong></span> <span class='ocrx_word' id='word_1_426' title='bbox 1864 4388 1977 4450; x_wconf 80' lang='lat' dir='ltr'><strong>aterni</strong></span> 
     </span>
     <span class='ocr_line' id='line_1_41' title="bbox 429 4481 1978 4567; baseline 0.001 -20"><span class='ocrx_word' id='word_1_427' title='bbox 429 4504 487 4567; x_wconf 92' lang='lat' dir='ltr'><strong>per</strong></span> <span class='ocrx_word' id='word_1_428' title='bbox 501 4503 596 4565; x_wconf 86' lang='lat' dir='ltr'><strong>quam</strong></span> <span class='ocrx_word' id='word_1_429' title='bbox 612 4482 808 4546; x_wconf 89' lang='lat' dir='ltr'><strong>reconciliati</strong></span> <span class='ocrx_word' id='word_1_430' title='bbox 823 4490 898 4545; x_wconf 90' lang='lat' dir='ltr'><strong>sunt</strong></span> <span class='ocrx_word' id='word_1_431' title='bbox 913 4483 995 4545; x_wconf 85' lang='lat' dir='ltr'><strong>fleus</strong></span> <span class='ocrx_word' id='word_1_432' title='bbox 1010 4490 1042 4545; x_wconf 89' lang='lat' dir='ltr'><strong>et</strong></span> <span class='ocrx_word' id='word_1_433' title='bbox 1056 4482 1173 4557; x_wconf 81' lang='lat' dir='ltr'><strong>h0m03</strong></span> <span class='ocrx_word' id='word_1_434' title='bbox 1229 4481 1440 4547; x_wconf 86' lang='lat' dir='ltr'><strong>essentialiter</strong></span> <span class='ocrx_word' id='word_1_435' title='bbox 1467 4491 1498 4545; x_wconf 92' lang='lat' dir='ltr'><strong>et</strong></span> <span class='ocrx_word' id='word_1_436' title='bbox 1526 4482 1904 4565; x_wconf 89' lang='lat' dir='ltr'><strong>incircumscriptibiliter</strong></span> <span class='ocrx_word' id='word_1_437' title='bbox 1928 4506 1978 4548; x_wconf 89' lang='lat' dir='ltr'><strong>sa-</strong></span> 
     </span>
     <span class='ocr_line' id='line_1_42' title="bbox 283 4580 1978 4665; baseline -0.004 -13"><span class='ocrx_word' id='word_1_438' title='bbox 283 4602 500 4665; x_wconf 60' lang='lat' dir='ltr'><strong>eclumque</strong></span> <span class='ocrx_word' id='word_1_439' title='bbox 522 4588 617 4663; x_wconf 89' lang='lat' dir='ltr'><strong>caput</strong></span> <span class='ocrx_word' id='word_1_440' title='bbox 637 4580 804 4643; x_wconf 88' lang='lat' dir='ltr'><strong>infernalis</strong></span> <span class='ocrx_word' id='word_1_441' title='bbox 828 4580 977 4644; x_wconf 90' lang='lat' dir='ltr'><strong>contrivit</strong></span> <span class='ocrx_word' id='word_1_442' title='bbox 995 4581 1174 4662; x_wconf 82' lang='lat' dir='ltr'><strong>serpentis3</strong></span> <span class='ocrx_word' id='word_1_443' title='bbox 1228 4581 1369 4665; x_wconf 85' lang='lat' dir='ltr'><strong>piantem</strong></span> <span class='ocrx_word' id='word_1_444' title='bbox 1403 4580 1550 4661; x_wconf 91' lang='lat' dir='ltr'><strong>concepit</strong></span> <span class='ocrx_word' id='word_1_445' title='bbox 1581 4588 1613 4642; x_wconf 89' lang='lat' dir='ltr'><strong>et</strong></span> <span class='ocrx_word' id='word_1_446' title='bbox 1647 4581 1781 4662; x_wconf 89' lang='lat' dir='ltr'><strong>peperit,</strong></span> <span class='ocrx_word' id='word_1_447' title='bbox 1811 4590 1917 4646; x_wconf 91' lang='lat' dir='ltr'><strong>mente</strong></span> <span class='ocrx_word' id='word_1_448' title='bbox 1945 4592 1978 4647; x_wconf 92' lang='lat' dir='ltr'><strong>et</strong></span> 
     </span>
     <span class='ocr_line' id='line_1_43' title="bbox 429 4676 1977 4764; baseline 0 -21"><span class='ocrx_word' id='word_1_449' title='bbox 429 4701 487 4764; x_wconf 92' lang='lat' dir='ltr'><strong>per</strong></span> <span class='ocrx_word' id='word_1_450' title='bbox 500 4699 596 4762; x_wconf 90' lang='lat' dir='ltr'><strong>qnam</strong></span> <span class='ocrx_word' id='word_1_451' title='bbox 609 4678 795 4761; x_wconf 88' lang='lat' dir='ltr'><strong>dignificata</strong></span> <span class='ocrx_word' id='word_1_452' title='bbox 815 4686 847 4741; x_wconf 90' lang='lat' dir='ltr'><strong>et</strong></span> <span class='ocrx_word' id='word_1_453' title='bbox 867 4678 1020 4740; x_wconf 90' lang='lat' dir='ltr'><strong>honorata</strong></span> <span class='ocrx_word' id='word_1_454' title='bbox 1041 4686 1090 4741; x_wconf 92' lang='lat' dir='ltr'><strong>est</strong></span> <span class='ocrx_word' id='word_1_455' title='bbox 1109 4696 1177 4740; x_wconf 91' lang='lat' dir='ltr'><strong>om·</strong></span> <span class='ocrx_word' id='word_1_456' title='bbox 1229 4697 1362 4760; x_wconf 89' lang='lat' dir='ltr'><strong>corpore</strong></span> <span class='ocrx_word' id='word_1_457' title='bbox 1377 4677 1458 4757; x_wconf 90' lang='lat' dir='ltr'><strong>tulit,</strong></span> <span class='ocrx_word' id='word_1_458' title='bbox 1475 4676 1664 4759; x_wconf 88' lang='lat' dir='ltr'><strong>appellanda</strong></span> <span class='ocrx_word' id='word_1_459' title='bbox 1682 4688 1731 4741; x_wconf 91' lang='lat' dir='ltr'><strong>est</strong></span> <span class='ocrx_word' id='word_1_460' title='bbox 1748 4681 1867 4760; x_wconf 81' lang='lat' dir='ltr'><strong>grande</strong></span> <span class='ocrx_word' id='word_1_461' title='bbox 1881 4682 1977 4743; x_wconf 86' lang='lat' dir='ltr'><strong>mira·</strong></span> 
     </span>
     <span class='ocr_line' id='line_1_44' title="bbox 429 4775 1977 4859; baseline 0 -18"><span class='ocrx_word' id='word_1_462' title='bbox 429 4779 479 4841; x_wconf 92' lang='lat' dir='ltr'><strong>nis</strong></span> <span class='ocrx_word' id='word_1_463' title='bbox 495 4785 659 4854; x_wconf 72' lang='lat' dir='ltr'><strong>creatura,</strong></span> <span class='ocrx_word' id='word_1_464' title='bbox 676 4778 728 4840; x_wconf 94' lang='lat' dir='ltr'><strong>cui</strong></span> <span class='ocrx_word' id='word_1_465' title='bbox 744 4776 889 4857; x_wconf 84' lang='lat' dir='ltr'><strong>subjecta</strong></span> <span class='ocrx_word' id='word_1_466' title='bbox 903 4784 951 4837; x_wconf 92' lang='lat' dir='ltr'><strong>est</strong></span> <span class='ocrx_word' id='word_1_467' title='bbox 966 4775 1071 4838; x_wconf 92' lang='lat' dir='ltr'><strong>omnis</strong></span> <span class='ocrx_word' id='word_1_468' title='bbox 1087 4783 1177 4838; x_wconf 89' lang='lat' dir='ltr'><strong>natu·</strong></span> <span class='ocrx_word' id='word_1_469' title='bbox 1230 4776 1349 4853; x_wconf 90' lang='lat' dir='ltr'><strong>culum,</strong></span> <span class='ocrx_word' id='word_1_470' title='bbox 1370 4794 1529 4837; x_wconf 89' lang='lat' dir='ltr'><strong>summum</strong></span> <span class='ocrx_word' id='word_1_471' title='bbox 1554 4775 1733 4856; x_wconf 91' lang='lat' dir='ltr'><strong>prodigium</strong></span> <span class='ocrx_word' id='word_1_472' title='bbox 1752 4786 1784 4839; x_wconf 92' lang='lat' dir='ltr'><strong>et</strong></span> <span class='ocrx_word' id='word_1_473' title='bbox 1802 4778 1977 4859; x_wconf 76' lang='lat' dir='ltr'><strong>praeclaris-</strong></span> 
     </span>
     <span class='ocr_line' id='line_1_45' title="bbox 429 4872 1978 4957; baseline 0 -18"><span class='ocrx_word' id='word_1_474' title='bbox 429 4897 463 4939; x_wconf 88' lang='lat' dir='ltr'><strong>ra</strong></span> <span class='ocrx_word' id='word_1_475' title='bbox 482 4884 607 4953; x_wconf 73' lang='lat' dir='ltr'><strong>creata,</strong></span> <span class='ocrx_word' id='word_1_476' title='bbox 625 4894 682 4957; x_wconf 92' lang='lat' dir='ltr'><strong>per</strong></span> <span class='ocrx_word' id='word_1_477' title='bbox 704 4892 799 4956; x_wconf 89' lang='lat' dir='ltr'><strong>quam</strong></span> <span class='ocrx_word' id='word_1_478' title='bbox 824 4873 906 4936; x_wconf 88' lang='lat' dir='ltr'><strong>Deus</strong></span> <span class='ocrx_word' id='word_1_479' title='bbox 930 4872 1105 4935; x_wconf 86' lang='lat' dir='ltr'><strong>altissimus</strong></span> <span class='ocrx_word' id='word_1_480' title='bbox 1129 4874 1177 4934; x_wconf 92' lang='lat' dir='ltr'><strong>in·</strong></span> <span class='ocrx_word' id='word_1_481' title='bbox 1230 4874 1330 4935; x_wconf 91' lang='lat' dir='ltr'><strong>simus</strong></span> <span class='ocrx_word' id='word_1_482' title='bbox 1359 4873 1414 4936; x_wconf 85' lang='lat' dir='ltr'><strong>Dei</strong></span> <span class='ocrx_word' id='word_1_483' title='bbox 1443 4873 1590 4954; x_wconf 88' lang='lat' dir='ltr'><strong>effectus,</strong></span> <span class='ocrx_word' id='word_1_484' title='bbox 1620 4893 1690 4955; x_wconf 78' lang='lat' dir='ltr'><strong>que</strong></span> <span class='ocrx_word' id='word_1_485' title='bbox 1720 4882 1753 4937; x_wconf 93' lang='lat' dir='ltr'><strong>et</strong></span> <span class='ocrx_word' id='word_1_486' title='bbox 1779 4874 1978 4957; x_wconf 86' lang='lat' dir='ltr'><strong>incompara-</strong></span> 
     </span>
     <span class='ocr_line' id='line_1_46' title="bbox 427 4970 1976 5054; baseline -0.001 -17"><span class='ocrx_word' id='word_1_487' title='bbox 427 4972 639 5037; x_wconf 88' lang='lat' dir='ltr'><strong>numerabilia</strong></span> <span class='ocrx_word' id='word_1_488' title='bbox 667 4972 744 5035; x_wconf 87' lang='lat' dir='ltr'><strong>fecit</strong></span> <span class='ocrx_word' id='word_1_489' title='bbox 772 4970 1016 5053; x_wconf 76' lang='lat' dir='ltr'><strong>praeclarissima</strong></span> <span class='ocrx_word' id='word_1_490' title='bbox 1046 4989 1176 5054; x_wconf 87' lang='lat' dir='ltr'><strong>prorsus</strong></span> <span class='ocrx_word' id='word_1_491' title='bbox 1230 4971 1336 5034; x_wconf 90' lang='lat' dir='ltr'><strong>biliter</strong></span> <span class='ocrx_word' id='word_1_492' title='bbox 1369 4971 1508 5053; x_wconf 87' lang='lat' dir='ltr'><strong>amplius</strong></span> <span class='ocrx_word' id='word_1_493' title='bbox 1544 4972 1719 5034; x_wconf 89' lang='lat' dir='ltr'><strong>abundavit</strong></span> <span class='ocrx_word' id='word_1_494' title='bbox 1751 4971 1784 5033; x_wconf 95' lang='lat' dir='ltr'><strong>in</strong></span> <span class='ocrx_word' id='word_1_495' title='bbox 1819 4973 1976 5054; x_wconf 84' lang='lat' dir='ltr'><strong>sapientia</strong></span> 
     </span>
     <span class='ocr_line' id='line_1_47' title="bbox 428 5069 1974 5152; baseline -0.002 -16"><span class='ocrx_word' id='word_1_496' title='bbox 428 5072 602 5150; x_wconf 89' lang='lat' dir='ltr'><strong>miracula;</strong></span> <span class='ocrx_word' id='word_1_497' title='bbox 627 5090 697 5152; x_wconf 78' lang='lat' dir='ltr'><strong>quae</strong></span> <span class='ocrx_word' id='word_1_498' title='bbox 721 5070 841 5133; x_wconf 92' lang='lat' dir='ltr'><strong>meritis</strong></span> <span class='ocrx_word' id='word_1_499' title='bbox 866 5069 931 5132; x_wconf 92' lang='lat' dir='ltr'><strong>suis</strong></span> <span class='ocrx_word' id='word_1_500' title='bbox 960 5089 997 5132; x_wconf 88' lang='lat' dir='ltr'><strong>ac</strong></span> <span class='ocrx_word' id='word_1_501' title='bbox 1026 5070 1176 5151; x_wconf 88' lang='lat' dir='ltr'><strong>precibus</strong></span> <span class='ocrx_word' id='word_1_502' title='bbox 1230 5070 1462 5151; x_wconf 89' lang='lat' dir='ltr'><strong>supernaturali</strong></span> <span class='ocrx_word' id='word_1_503' title='bbox 1487 5070 1603 5147; x_wconf 90' lang='lat' dir='ltr'><strong>infusa,</strong></span> <span class='ocrx_word' id='word_1_504' title='bbox 1619 5088 1715 5151; x_wconf 88' lang='lat' dir='ltr'><strong>qnam</strong></span> <span class='ocrx_word' id='word_1_505' title='bbox 1734 5069 1917 5133; x_wconf 85' lang='lat' dir='ltr'><strong>Aristoteles</strong></span> <span class='ocrx_word' id='word_1_506' title='bbox 1941 5072 1974 5133; x_wconf 93' lang='lat' dir='ltr'><strong>in</strong></span> 
     </span>
     <span class='ocr_line' id='line_1_48' title="bbox 427 5166 1977 5254; baseline -0.001 -21"><span class='ocrx_word' id='word_1_507' title='bbox 427 5170 561 5254; x_wconf 89' lang='lat' dir='ltr'><strong>gratiam</strong></span> <span class='ocrx_word' id='word_1_508' title='bbox 586 5168 725 5233; x_wconf 90' lang='lat' dir='ltr'><strong>obtinuit</strong></span> <span class='ocrx_word' id='word_1_509' title='bbox 753 5167 970 5231; x_wconf 88' lang='lat' dir='ltr'><strong>conversionis</strong></span> <span class='ocrx_word' id='word_1_510' title='bbox 998 5168 1176 5230; x_wconf 92' lang='lat' dir='ltr'><strong>innumeris</strong></span> <span class='ocrx_word' id='word_1_511' title='bbox 1230 5166 1366 5229; x_wconf 87' lang='lat' dir='ltr'><strong>naturali</strong></span> <span class='ocrx_word' id='word_1_512' title='bbox 1395 5168 1549 5230; x_wconf 87' lang='lat' dir='ltr'><strong>sciential</strong></span> <span class='ocrx_word' id='word_1_513' title='bbox 1579 5168 1731 5249; x_wconf 84' lang='lat' dir='ltr'><strong>Denique,</strong></span> <span class='ocrx_word' id='word_1_514' title='bbox 1755 5176 1803 5231; x_wconf 89' lang='lat' dir='ltr'><strong>tot</strong></span> <span class='ocrx_word' id='word_1_515' title='bbox 1830 5176 1862 5231; x_wconf 89' lang='lat' dir='ltr'><strong>et</strong></span> <span class='ocrx_word' id='word_1_516' title='bbox 1889 5177 1977 5232; x_wconf 83' lang='lat' dir='ltr'><strong>tanta</strong></span> 
     </span>
     <span class='ocr_line' id='line_1_49' title="bbox 428 5265 1977 5352; baseline -0.003 -17"><span class='ocrx_word' id='word_1_517' title='bbox 428 5270 522 5335; x_wconf 89' lang='lat' dir='ltr'><strong>etiam</strong></span> <span class='ocrx_word' id='word_1_518' title='bbox 538 5268 698 5335; x_wconf 89' lang='lat' dir='ltr'><strong>obduratis</strong></span> <span class='ocrx_word' id='word_1_519' title='bbox 712 5266 932 5352; x_wconf 88' lang='lat' dir='ltr'><strong>peccatoribus</strong></span> <span class='ocrx_word' id='word_1_520' title='bbox 946 5274 978 5330; x_wconf 93' lang='lat' dir='ltr'><strong>et</strong></span> <span class='ocrx_word' id='word_1_521' title='bbox 991 5265 1142 5349; x_wconf 89' lang='lat' dir='ltr'><strong>malignis</strong></span> <span class='ocrx_word' id='word_1_522' title='bbox 1164 5289 1172 5329; x_wconf 76' lang='grc' dir='ltr'><strong>ε</strong></span> <span class='ocrx_word' id='word_1_523' title='bbox 1230 5265 1493 5349; x_wconf 88' lang='lat' dir='ltr'><strong>snpematuralia,</strong></span> <span class='ocrx_word' id='word_1_524' title='bbox 1515 5266 1683 5348; x_wconf 86' lang='lat' dir='ltr'><strong>mirabilia,</strong></span> <span class='ocrx_word' id='word_1_525' title='bbox 1705 5266 1977 5350; x_wconf 91' lang='lat' dir='ltr'><strong>incomprehensi-</strong></span> 
     </span>
    </p>
   </div>
   <div class='ocr_carea' id='block_1_6' title="bbox 0 0 2171 6244">
    <p class='ocr_par' dir='ltr' id='par_1_6' title="bbox 0 0 2171 6244">
     <span class='ocr_line' id='line_1_50' title="bbox 0 0 2171 6244; baseline 0 0"><span class='ocrx_word' id='word_1_526' title='bbox 0 0 2171 6244; x_wconf 95' lang='lat' dir='ltr'><strong> </strong></span> 
     </span>
    </p>
   </div>
  </div>
 </body>
</html>
