4309 6250
485 501 605 548 Clima
627 501 796 548 Pssllssltlss
816 499 989 556 ltflolt'tt,
1011 500 1099 548 tiara
1121 500 1152 547 ll.
1177 519 1217 530 ···-
1238 501 1307 548 titt.
1331 501 1426 548 xxxiv
1673 481 1733 546 339

181 689 217 734 se
241 671 373 735 tratrem
397 673 509 754 ipsius.
528 707 569 718 —
593 671 753 737 vicesimo
777 663 970 749 secundoli
987 670 1134 736 Recedite
1162 691 1238 754 ergo
1262 691 1280 734 a
1304 671 1359 734 tali
1386 670 1547 752 magistro.
1572 669 1680 748 Porro,
1705 669 1732 730 si

181 767 302 832 laisum
317 770 467 851 estquod
488 770 696 852 perscrutatio
710 777 805 851 atque
821 769 933 831 inveu-
985 768 1176 834 Alcoranum
1198 769 1293 832 aueo
1315 760 1448 833 miss'um
1465 767 1593 851 putatis,
1611 775 1733 830 certum

181 867 228 930 tio
256 869 367 950 scyphi
396 868 488 931 iactae
516 869 581 931 sint
609 887 717 931 coram
744 867 872 949 loseph,
897 875 934 929 ut
985 868 1132 949 estquod
1148 867 1289 930 abomni
1306 866 1443 930 falsitate
1464 865 1543 928 illud
1561 865 1733 929 delendcre

182 967 295 1045 patuit.
316 967 434 1030 Deinde
458 966 540 1029 lalsa
564 974 639 1029 sunt
661 965 770 1030 omnia
793 984 863 1046 quaa
883 984 933 1028 se·
985 965 1138 1028 debeatis.
1155 965 1187 1027 Si
1202 965 1298 1028 ‘enim
1324 966 1374 1027 vel
1400 983 1499 1026 unum
1524 964 1557 1026 iu
1582 983 1621 1026 eo
1646 982 1734 1025 men·

180 1072 325 1144 quuntur
341 1089 348 1127 ε
364 1066 449 1146 quod
465 1064 590 1128 scilicet
605 1085 688 1128 unus
703 1065 837 1126 fratrum
851 1063 932 1126 dixit
985 1064 1113 1127 dacium
1136 1064 1343 1142 inveniretur,
1359 1071 1425 1126 tota
1447 1064 1517 1145 ejus
1538 1062 1657 1146 periret
1679 1082 1734 1125 au-

179 1161 252 1225 aliis
266 1171 302 1225 nt
316 1163 456 1226 redirent
470 1164 510 1227 ad
525 1171 647 1246 patrem
662 1163 756 1243 eique
775 1161 929 1242 dicerent,
985 1162 1125 1243 ctoritas,
1148 1181 1251 1244 neque
1273 1182 1291 1225 a
1316 1163 1379 1225 beo
1401 1181 1458 1244 per
1479 1161 1657 1226 Gabrielem
1681 1179 1735 1224 vo-

178 1260 281 1339 Pater,
304 1261 393 1324 lilius
418 1271 492 1324 tuus
516 1261 638 1325 lurtum
663 1260 880 1344 perpetravit,
900 1269 932 1324 et
986 1261 1094 1324 lumen
1116 1261 1177 1325 hoc
1200 1259 1331 1322 missum
1354 1269 1449 1324 esset.

177 1361 265 1442 quod
286 1361 334 1423 illi
356 1361 501 1424 lecerunt
525 1361 586 1424 hoc
608 1359 713 1438 modo,
730 1368 825 1442 atque
845 1361 930 1441 quod
1025 1359 1094 1423 Non
1110 1359 1241 1423 sullicio
1263 1359 1413 1422 admirari
1435 1359 1520 1441 quod
1536 1358 1647 1422 blahon
1669 1367 1732 1422 tam

178 1459 276 1522 Jacob
290 1459 398 1524 audito
412 1460 474 1524 hoc
496 1459 605 1536 verbo,
622 1459 702 1522 liliis
717 1458 781 1521 suis
802 1476 931 1540 respon·
987 1454 1206 1522 indoctissima
1221 1477 1258 1520 ac
1275 1459 1425 1521 mendose
1440 1458 1507 1522 haec
1530 1457 1656 1537 retulit;
1674 1476 1733 1521 nee
1812 1447 1835 1473 ⁶

179 1559 238 1637 dit,
263 1558 417 1621 Cordibus
447 1558 562 1622 vestris
595 1566 716 1621 secreta
744 1557 929 1640 reprimitis,
987 1556 1093 1618 minus
1123 1557 1299 1620 mirandum
1330 1557 1414 1638 quod
1444 1556 1604 1639 sapientes
1628 1557 1735 1619 Sarra-

178 1676 238 1738 ago
253 1656 383 1739 quidem
399 1657 531 1739 pulchre
546 1657 833 1740 patiar,quonsque
848 1656 931 1718 Deus
986 1674 1140 1718 cenorum
1164 1655 1366 1738 prescriptos
1394 1674 1430 1718 ac
1461 1654 1540 1719 alios
1569 1654 1640 1737 ejus
1669 1673 1734 1718 nou

178 1754 289 1819 lorsan
314 1757 425 1820 ambos
454 1756 526 1820 illos
555 1756 704 1833 reducet3
731 1755 819 1834 item,
844 1755 929 1838 quod
986 1755 1156 1818 advertunt
1169 1773 1303 1818 errores.
1322 1753 1446 1816 Utinam
1467 1753 1639 1836 scripturas
1659 1754 1735 1816 utri·

180 1863 272 1936 pater
293 1854 389 1919 Jacob
410 1855 563 1937 deinceps
587 1855 627 1917 de
651 1853 767 1935 Joseph
792 1855 968 1934 conque-lt
986 1872 1087 1934 usque
1103 1852 1293 1915 Testamenti
1316 1852 1540 1935 perlegerent:
1558 1851 1733 1915 tuuceuim

179 1954 281 2017 rcudo
311 1962 433 2017 tantum
461 1953 609 2037 ploravit,
634 1953 719 2036 qnod
747 1953 831 2016 oculi
860 1953 930 2035 ejus
986 1959 1196 2034 agnoscerent
1220 1951 1396 2029 veritatem,
1417 1958 1449 2013 et
1473 1957 1735 2015 converterentur

180 2053 333 2134 albugine
363 2061 437 2116 sunt
466 2053 573 2116 velati.
601 2053 669 2116 Jam
697 2052 783 2114 enirn
812 2053 932 2132 praeha-
986 2051 1026 2113 ad
1050 2050 1221 2130 Christum,
1248 2051 1287 2112 de
1312 2069 1374 2132 qno
1399 2049 1546 2131 princeps
1570 2049 1736 2131 Apostolo-

180 2151 284 2215 bitum
300 2160 359 2230 est,
367 2153 451 2234 quod
466 2151 582 2233 loseph
594 2151 628 2213 in
643 2151 784 2213 secundo
799 2150 931 2212 lratrum
987 2148 1280 2228 rum,beetissimus
1296 2148 1415 2226 Patrue,
1425 2155 1557 2212 testatur
1571 2148 1656 2228 quod
1670 2165 1735 2210 non
1750 2171 1879 2222 Aerope,

180 2269 312 2313 suorum
333 2251 473 2313 adventu
495 2250 610 2313 auditis
632 2249 738 2312 verbis
751 2249 850 2327 Judre,
868 2269 932 2312 ma·
987 2255 1035 2310 est
1057 2248 1142 2311 aliud
1164 2266 1280 2311 nomen
1303 2247 1411 2310 datum
1434 2245 1616 2310 hominibus
1635 2265 1654 2308 a
1672 2245 1736 2309 Deo

179 2348 298 2412 nileste
321 2348 401 2411 dixit
423 2368 458 2411 se
482 2367 552 2412 esse
578 2348 708 2411 tratrem
730 2347 884 2431 ipsorum,
901 2357 933 2411 et
988 2346 1048 2409 sub
1062 2347 1155 2426 coelo,
1172 2345 1202 2406 in
1218 2363 1282 2427 quo
1296 2353 1440 2427 oporteat
1460 2363 1515 2408 eos
1531 2344 1635 2408 salvos
1652 2343 1734 2406 lieri.

179 2447 299 2510 deinde
314 2448 400 2510 misit
414 2467 469 2511 eos
484 2466 542 2530 pro
556 2447 743 2510 adducendo
757 2455 846 2530 patre
861 2465 931 2526 suo,

179 2547 333 2628 misitque
347 2547 377 2610 ei
395 2555 554 2610 trecentos
574 2546 723 2609 denarios
738 2554 767 2608 et
789 2547 933 2628 quinque

179 2647 319 2728 optimas
341 2645 463 2708 stolas:
484 2645 592 2726 sicque
615 2644 713 2708 Jacob
738 2653 813 2708 tunc
835 2645 934 2707 maxi·
1150 2616 1394 2682 ARTICULUS
1417 2615 1574 2680 XXXIV·

180 2762 266 2806 mam
281 2742 534 2807 GORSOifliiosseffl
548 2741 679 2806 §Ofilius
693 2751 753 2821 081,
770 2752 802 2806 Ob
821 2742 933 2805 l'OViXil
1054 2758 1176 2817 Contra
1205 2775 1334 2816 errores
1363 2757 1510 2814 vicesimi
1537 2757 1673 2815 secundi

180 2841 312 2924 spiritus
335 2842 427 2923 ejus3
443 2841 587 2924 protinus
611 2859 737 2924 quoque
762 2842 801 2905 ad
827 2840 933 2903 lilium
1089 2854 1118 2906 et
1136 2847 1281 2906 vicesimi
1296 2846 1390 2905 tertia·
1403 2846 1636 2921 capitulorum.

183 2961 278 3003 suum
299 2939 416 3022 Joseph
438 2940 602 3024 proiectus
622 2949 681 3004 est.

220 3040 357 3121 insuper
384 3059 514 3121 prorsus
543 3040 732 3103 mendosum
760 3047 819 3120 est,
848 3036 973 3122 quodC
1054 3033 1223 3096 xouutiiit
1234 3031 1366 3114 capituli
1381 3029 1527 3094 vicesimi
1543 3031 1675 3094 secundi
1691 3039 1739 3094 est

181 3139 281 3202 Jacob
304 3139 394 3201 misit
416 3137 503 3203 lilios
527 3139 619 3202 tertio
643 3139 676 3201 in
702 3139 869 3222 AEgyptum
893 3140 933 3203 ad
1068 3134 1128 3197 hoc
1155 3156 1161 3193 ε
1190 3134 1303 3209 Hujus
1326 3132 1503 3192 voluminis
1520 3140 1684 3207 praecepta
1708 3140 1738 3190 et

180 3237 411 3319 inquirendum
432 3254 490 3319 pro
510 3237 626 3319 loseph
647 3243 680 3299 et
697 3236 886 3319 Benjamin3
902 3246 935 3300 et
985 3242 1092 3293 cetera
1103 3232 1165 3292 tibi
1177 3232 1304 3291 cacitas
1314 3231 1412 3289 missa
1425 3230 1633 3289 veracissima
1649 3236 1736 3289 sunt.

180 3336 268 3417 quod
284 3334 399 3397 iratres
415 3336 508 3399 tertio
522 3334 556 3398 in
570 3336 739 3419 AEgyptum
754 3335 931 3414 venientes,
986 3331 1085 3406 Quam
1098 3326 1383 3405 veracissima,imo
1393 3326 1641 3389 mendacissime
1653 3332 1738 3404 sunt,

179 3434 367 3515 interrogati
392 3442 466 3496 suut
490 3452 510 3496 a
529 3433 645 3515 Joseph
667 3453 708 3496 au
729 3433 805 3497 lacti
826 3442 933 3498 esseut
987 3448 1026 3491 cx
1045 3426 1252 3512 praeinductis
1273 3432 1397 3489 constat
1416 3423 1569 3487 articulis.

179 3550 340 3597 memores
362 3532 463 3615 ipsius
483 3532 611 3615 loseph,
631 3540 664 3595 et
683 3533 768 3614 quod
789 3540 865 3596 tunc
887 3534 933 3596 di·
1027 3526 1172 3609 Capitnlo
1191 3524 1343 3588 vicesimo
1363 3522 1457 3585 tertio
1476 3522 1596 3585 dicitur
1612 3545 1619 3585 ε
1637 3523 1738 3585 Nemo

179 3640 298 3695 xerunt
317 3632 356 3694 ad
377 3650 464 3712 eum,
480 3632 569 3695 Tune
589 3650 625 3695 as
646 3631 723 3694 illel
738 3639 768 3693 et
785 3632 852 3711 ille,
867 3631 933 3713 Ego
987 3627 1103 3703 cogitet
1118 3628 1222 3685 Deum
1237 3625 1392 3700 ignorare
1408 3622 1654 3681 incredulorum
1669 3637 1740 3696 ope-

180 3750 277 3809 sum;
301 3739 335 3793 et
362 3730 447 3812 quod
474 3730 591 3811 loseph
623 3738 699 3793 tune
729 3730 851 3793 remisit
877 3749 932 3794 eos
990 3744 1041 3793 ra,
1056 3724 1130 3783 licet
1145 3741 1258 3782 eorum
1272 3720 1445 3797 judicium
1467 3738 1569 3797 usque
1588 3720 1633 3777 ad
1651 3719 1738 3777 diem

180 3829 220 3891 ad
236 3839 359 3911 patrem
376 3848 470 3891 suum
484 3847 558 3891 cum
578 3847 636 3891 sua
654 3828 797 3909 camisia,
813 3836 849 3891 ut
862 3848 933 3891 eam
980 3822 1111 3899 judicii
1128 3821 1274 3897 differat.
1296 3817 1384 3879 Circa
1405 3815 1466 3879 hoc
1487 3816 1737 3897 agnoscendum,

178 3927 347 3990 infaciem
362 3926 461 4008 patris
482 3927 687 4009 projicerent,
704 3926 814 4008 sicque
829 3928 933 3989 visum
988 3918 1074 4001 quod
1095 3916 1240 3999 quamvis
1264 3913 1413 3997 generale
1434 3922 1530 3994 atque
1550 3912 1650 3975 liaale
1672 3931 1740 3976 om-

181 4026 364 4107 reciperet:
381 4024 457 4105 quia
479 4032 511 4087 et
536 4024 563 4086 si
589 4032 694 4087 cetera
718 4044 793 4087 vera
813 4034 932 4105 essent,
988 4016 1079 4079 nium
1093 4013 1263 4098 judicium,
1278 4031 1343 4094 qno
1358 4011 1454 4075 etiam
1474 4011 1650 4074 secuudum
1670 4029 1739 4073 ccr-

181 4123 269 4187 istud
285 4132 390 4187 umen
404 4130 488 4186 esset
503 4122 609 4201 inane,
625 4141 725 4204 quum
740 4124 851 4205 utique
865 4124 934 4207 ipso
988 4136 1048 4199 pus
1063 4123 1095 4178 et
1113 4114 1253 4177 animam
1272 4112 1357 4194 juste
1377 4110 1666 4175 remunerabuntur
1684 4118 1738 4173 aut

181 4222 281 4286 Jacob
295 4221 435 4285 sancum
455 4219 551 4284 tuerit
565 4221 636 4284 titio
657 4239 715 4285 suo
729 4222 858 4304 ioseph,
873 4242 934 4287 nec
950 4214 1172 4299 operientur,
1188 4211 1358 4274 differatur
1382 4228 1483 4291 usque
1507 4209 1547 4273 ad
1573 4210 1680 4273 secuti
1698 4208 1738 4271 ti-

182 4328 334 4385 conuetu
356 4319 496 4384 camisia
520 4320 591 4402 eius
616 4339 674 4402 pro
701 4320 935 4386 illuminatione
989 4333 1084 4391 nem3
1104 4310 1206 4375 nihilo
1228 4309 1335 4373 minus
1354 4308 1546 4391 particulare
1566 4307 1735 4390 judicium,

182 4440 242 4483 sua
257 4418 456 4501 indiguisset,
464 4418 529 4483 imo
543 4418 680 4502 propriae
694 4419 834 4483 camisiae
848 4429 934 4484 tactu
989 4420 1142 4496 quantum
1158 4411 1197 4472 ad
1212 4408 1452 4487 animam,lJeus
1467 4415 1592 4471 exercet
1606 4406 1640 4469 in
1654 4425 1737 4471 mor·

182 4516 216 4580 id
239 4516 346 4598 potius
367 4514 539 4599 impetrare
560 4514 725 4597 quivisset.
989 4514 1074 4575 tibus
1089 4510 1299 4592 singulorum.
1316 4508 1393 4589 lmc,
1410 4515 1445 4569 ut
1459 4507 1595 4571 loannes
1611 4505 1734 4586 scribit,

223 4615 345 4678 Dicitur
358 4632 485 4696 qnoque
499 4613 533 4675 iu
548 4612 608 4676 isto
623 4614 761 4696 capitulo
773 4615 931 4699 Alcorani,
990 4612 1044 4694 qui
1060 4629 1124 4675 non
1141 4608 1242 4673 credit
1256 4607 1289 4669 in
1305 4606 1475 4685 Christum,
1490 4606 1557 4689 jam
1575 4604 1736 4686 judicatus
1762 4626 1881 4681 raanan,

182 4714 270 4795 quod
285 4712 400 4795 loseph
422 4719 569 4794 parentes
584 4730 659 4775 suos
673 4713 851 4778 honorilice
866 4735 935 4778 sua-
989 4719 1048 4788 est,
1069 4709 1143 4791 quia
1164 4726 1228 4771 nou
1250 4706 1352 4769 credit
1371 4705 1406 4767 in
1428 4705 1558 4769 nomine
1579 4704 1735 4786 unigeniti
1752 4694 1785 4734 ¹⁸·

182 4811 281 4895 cepit.
304 4811 391 4886 Quod
416 4811 513 4873 etiam
538 4810 706 4874 calumniae
735 4821 832 4895 patet,
857 4832 935 4896 quo-
988 4809 1060 4872 Filii
1074 4808 1142 4871 Dei.
1157 4806 1315 4871 increduli
1329 4822 1478 4886 namque,
1494 4822 1592 4885 quum
1608 4811 1737 4866 careant

182 4911 272 4974 niam
306 4918 409 4972 mater
435 4907 551 4991 loseph
583 4908 638 4972 diu
669 4920 742 4974 aute
775 4911 841 4974 haec
872 4912 935 4975 init
988 4905 1067 4985 lide,
1087 4905 1169 4969 nihil
1184 4903 1380 4967 meritorium
1396 4903 1515 4965 habeut
1532 4910 1587 4965 aut
1606 4910 1733 4983 agunt:

106 5042 168 5083 mv,
182 5008 336 5072 defuncta
353 5032 360 5070 :
378 5008 538 5089 siquidem
551 5006 719 5090 Beniamin
734 5009 862 5093 pariens
882 5031 935 5074 er·
989 5005 1110 5069 idcirco
1137 5001 1344 5067 discussionis
1372 5000 1494 5082 judicio
1522 5018 1586 5063 uon
1614 4999 1737 5081 judica-

182 5106 328 5190 spiravit,
344 5115 379 5170 ut
401 5106 434 5168 in
456 5105 571 5169 Genesi
592 5106 738 5171 habetur.
988 5106 1118 5167 buntur.
1145 5102 1370 5165 Verumtamen
1393 5099 1514 5182 judicio
1543 5098 1738 5181 reprobatio·

222 5206 318 5285 Ecce,
333 5224 354 5269 o
372 5205 551 5285 Sarraceni,
566 5214 686 5287 quanta
707 5207 862 5289 propbeta
880 5227 934 5271 ve·
987 5204 1050 5284 nis,
1076 5198 1362 5277 condemnationis,
1389 5218 1445 5261 seu
1471 5198 1566 5281 justae
1593 5195 1737 5278 premia-

183 5313 251 5368 stcr
274 5303 442 5368 mendacin
465 5304 499 5367 in
528 5322 593 5367 uno
620 5304 751 5388 scripsit
778 5305 930 5389 capitulo.
987 5304 1095 5383 tionis,
1123 5309 1198 5365 suut
1220 5297 1387 5383 judicandi
1415 5320 1421 5359 :
1449 5305 1482 5361 et
1505 5294 1738 5380 particulariter
