4309 6250
899 800 986 897 DE

251 1103 820 1259 DlGNITATE
897 1102 1025 1255 ΕΤ
1103 1100 1629 1256 LAUDIBUS

623 1479 715 1632 Β.
751 1478 846 1631 V.
890 1475 1269 1631 MARIAE

542 2172 832 2299 LIBER
895 2170 1345 2323 QUARTUS

226 2503 281 2555 DE
314 2498 591 2553 Bssartt'untrtn
622 2497 888 2553 FELlClSSlMAE
919 2495 1103 2549 VIRGINIS
1137 2496 1178 2549 ΙΝ
1213 2496 1345 2549 ΑΝΙΜΑ
1377 2498 1428 2551 ΕΤ
1461 2496 1659 2551 CORPORE.

411 2872 660 2938 PROOEMIUM
935 2830 1103 2895 Aventius
1126 2850 1165 2895 ac
1188 2830 1345 2895 sincerius
1369 2830 1477 2915 diligit
1499 2832 1611 2914 Deum
1636 2842 1669 2898 et
1692 2834 1723 2899 ei

663 2919 670 2935 '
974 2928 1064 3012 eupit
1090 2928 1177 2992 uniri
1205 2928 1376 3012 ipsumque
1410 2930 1538 3012 intueri,
1566 2939 1655 2996 tanto
1688 2933 1723 2995 in

230 3030 390 3095 OSITUS
404 3038 451 3089 est
466 3030 603 3090 thronus
616 3028 721 3089 matri
735 3029 833 3106 repis,
847 3046 919 3107 qum
974 3026 1076 3109 patria
1105 3027 1259 3090 claritatis
1286 3037 1411 3093 eterno
1439 3028 1578 3093 ostendit
1611 3050 1646 3094 se
1674 3030 1722 3094 illi

241 3133 329 3191 sedit
344 3131 389 3189 ad
401 3131 573 3190 decreram
586 3127 667 3206 ejus.
680 3126 718 3190 ΠΙ
733 3124 808 3208 Reg.
820 3142 853 3198 ιι,
866 3122 915 3188 l9.
973 3126 1075 3210 magis
1099 3126 1194 3207 clare,
1220 3127 1323 3210 magis
1349 3128 1491 3210 jucunde
1513 3147 1552 3192 ae
1571 3129 1720 3211 gloriose.

204 3229 290 3292 Deus
319 3225 440 3309 gloriae,
469 3225 559 3288 dator
587 3223 817 3288 munificentie
844 3222 919 3286 iuli·
972 3223 1081 3302 Porro,
1096 3243 1192 3306 quam
1212 3223 1505 3308 incomparabiliter
1523 3227 1724 3291 excelleutis-

165 3327 254 3404 niteo,
276 3323 372 3406 cujus
394 3323 558 3406 opulentia
583 3322 617 3385 in
641 3341 675 3386 se
696 3321 766 3405 ipsa
790 3321 918 3404 penitus
973 3323 1054 3386 sima
1072 3341 1110 3386 ac
1129 3322 1332 3386 divinissima
1350 3323 1441 3407 virgo
1458 3324 1555 3388 biario
1576 3325 1724 3408 unigeni·

165 3433 214 3488 est
238 3424 410 3501 immensa,
433 3420 689 3501 imminorabilis,
712 3419 915 3500 indeficiens,
973 3428 1039 3484 tum
1064 3420 1179 3484 Filium
1203 3439 1308 3500 suum,
1338 3440 1449 3484 verum
1473 3422 1584 3502 Deum,
1609 3442 1723 3487 secun·

165 3523 214 3586 sni
230 3521 336 3604 ipsius
350 3518 487 3582 maxime
509 3518 674 3597 dillusive,
690 3527 722 3582 et
736 3518 839 3582 nihilo
859 3518 919 3581 mi·
972 3519 1047 3582 dum
1063 3527 1230 3601 utramque
1250 3519 1352 3603 ipsius
1366 3526 1512 3583 naturam
1526 3519 1671 3584 dilexerit
1684 3541 1722 3586 ac

164 3641 227 3684 nus
249 3619 285 3682 in
308 3638 342 3682 se
365 3617 435 3701 ipsa
454 3635 646 3699 permanens
667 3616 865 3679 invariabilis
887 3623 919 3680 et
972 3624 1122 3680 venerate
1142 3618 1185 3679 sit
1204 3617 1238 3680 in
1259 3617 1376 3682 seculo
1396 3617 1470 3698 isto,
1485 3616 1519 3681 in
1538 3619 1722 3702 praebebitis

165 3715 350 3803 perlectas
342 3735 376 3778 m
394 3734 457 3798 qua
476 3721 525 3778 est
544 3714 689 3778 omnium
713 3713 921 3778 bonorumet
972 3714 1037 3797 jam
1058 3714 1176 3778 libellis
1200 3723 1371 3798 utcumque
1394 3723 1426 3778 et
1449 3734 1507 3797 pro
1531 3715 1653 3780 viribus
1673 3725 1723 3780 est
1747 3747 1785 3790 ιιι,
1797 3748 1814 3798 ι
1825 3751 1867 3791 „g

166 3817 380 3900 pulchrorum
414 3811 621 3894 omniumque
659 3811 918 3876 desiderabilium
973 3813 1150 3876 inductum
1177 3813 1264 3876 Unde
1288 3813 1466 3878 certissime
1490 3821 1614 3878 constat
1636 3815 1794 3924 quodam·
1786 3824 1867 3917 ’Μὴ

165 3911 423 3989 inexbcuribilis,
454 3911 644 3993 superplena
677 3929 713 3974 ac
747 3909 919 3993 superlelin
973 3909 1043 3992 ipsa
1069 3928 1196 3992 qnoque
1219 3910 1259 3972 ab
1287 3908 1454 3993 Unigenito
1482 3930 1551 3992 suo,
1575 3912 1720 3975 omnium
1735 3887 1762 3986 ir
1750 3887 1869 3980 ”iiim

165 4009 417 4096 possessionis
432 4009 653 4073 universorum
669 4016 792 4073 creator
806 4017 838 4072 et
852 4009 1082 4091 re1,Bjudice
1103 4027 1239 4088 summo,
1260 4007 1551 4091 incomparabiliter
1573 4009 1615 4073 sit
1638 3999 1875 4172 exal-⁸⁸²·{ffii

166 4110 241 4174 coeli
265 4118 298 4172 et
317 4116 409 4172 terrae
430 4125 604 4190 possessor,
622 4106 703 4168 ultra
724 4107 919 4189 condignum
973 4115 1048 4188 tate,
1069 4105 1250 4188 glorificata
1273 4126 1311 4170 ac
1335 4109 1567 4171 remunerata'
1559 4128 1593 4170 ru
1617 4109 1764 4176 coellec.
1859 4094 1867 4114 '

167 4214 354 4272 remunerat
368 4207 482 4288 justos,
498 4213 531 4268 et
552 4205 632 4268 citra
654 4206 848 4288 condignum
863 4226 920 4289 pu
1013 4206 1132 4286 ltaque,
1160 4204 1313 4287 quoniam
1341 4205 1375 4267 in
1403 4205 1507 4286 primo
1539 4206 1647 4271 libello
1681 4207 1721 4270 de

34 4327 153 4380 ιιιιιιιι.
167 4307 214 4370 nit
242 4306 385 4388 iniquos,
414 4303 567 4385 quoniam
595 4301 816 4368 miserationes
850 4303 920 4385 ejus
973 4303 1171 4366 excellentiis
1185 4311 1279 4384 atque
1299 4303 1468 4385 preconiis
1490 4303 1724 4387 incomparabi-

168 4413 244 4468 snnt
259 4423 356 4486 snper
370 4400 921 4484 omniaoperaejus.lpsesuperglc
975 4401 1104 4465 lissima
1128 4401 1264 4484 virginis
1287 4401 1391 4465 llario
1412 4403 1453 4464 ad
1482 4420 1598 4485 corpus
1621 4404 1723 4485 ipsius

47 4515 155 4568 ιιιιιιι.
167 4503 369 4568 riesissimns
384 4501 466 4563 Deus
480 4498 648 4580 diligentes
664 4517 697 4562 se
711 4499 817 4580 diligit
832 4523 839 4561 :
857 4499 921 4564 imo
976 4499 1157 4582 virgineum
1172 4499 1345 4581 presertim
1361 4502 1589 4583 spectantibus,
1599 4509 1648 4565 est
1661 4510 1724 4565 tra-

37 4581 201 4695 ¹,⁷,',„„,'in
222 4599 399 4664 dilectione
418 4597 572 4681 provenit
592 4615 659 4676 eos,
679 4605 712 4660 et
735 4599 795 4661 boc
817 4598 921 4681 ipsum
976 4605 1117 4677 etatum,
1146 4597 1180 4660 in
1215 4597 1357 4660 secundo
1390 4607 1497 4661 autern
1529 4599 1649 4678 libello,
1683 4601 1723 4664 de

37 4708 65 4754 ¹⁰·
76 4709 105 4748 ¹⁹·
168 4699 258 4782 quod
293 4696 433 4779 diligunt
464 4714 550 4773 eum,
580 4695 718 4778 benigne
751 4695 830 4780 ipsis
863 4696 923 4758 lar-
976 4695 1164 4758 excellentia
1184 4695 1359 4777 sapientise,
1376 4696 1568 4760 scientieae
1586 4699 1725 4780 pruden-

167 4797 267 4879 gitur.
976 4793 1027 4856 tias
1041 4794 1128 4874 ejus3
1142 4793 1175 4856 in
1189 4793 1284 4856 tertio
1298 4811 1385 4872 vero,
1399 4795 1440 4856 de
1454 4795 1636 4875 virtutibus,
1653 4816 1725 4859 san-

37 4911 156 4966 ιιιιιιιι.
207 4895 282 4978 lpse
297 4909 426 4974 quoquc
447 4889 667 4973 glorilieantes
686 4911 720 4956 se
740 4891 921 4975 glorilieat3
976 4892 1083 4956 otitate
1097 4900 1129 4954 et
1144 4891 1266 4954 meritis
1281 4892 1352 4973 ejus
1366 4893 1405 4954 ad
1427 4891 1493 4954 vim
1508 4893 1610 4975 ipsius
1629 4914 1726 4978 appe·

169 5001 203 5057 et
220 4999 344 5074 quanto
367 4989 440 5070 quis
464 4987 645 5053 cordialiori
670 5009 707 5053 ac
733 4991 925 5054 reverentia·
976 4991 1100 5053 titivam
1116 4989 1295 5072 specialiter
1309 4989 1540 5073 pertinentibus
1558 5015 1564 5053 :
1581 5001 1727 5074 superest

169 5091 245 5155 liori
275 5087 398 5152 ellectu
429 5087 534 5170 ipsum
562 5087 708 5164 honorat,
740 5095 827 5152 tanto
855 5088 924 5170 ipse
978 5107 1064 5150 nunc
1079 5088 1119 5151 de
1133 5087 1299 5168 felicitate,
1313 5088 1416 5169 gloria
1436 5096 1469 5150 et
1481 5089 1622 5170 premiis
1641 5092 1724 5173 ejus,

171 5187 360 5273 preclarius
385 5193 480 5268 atque
503 5185 631 5249 lelieins
654 5185 745 5248 illum
771 5185 805 5248 in
826 5207 924 5270 regno
942 5177 1072 5270 Cprout
1095 5187 1164 5268 ipsa
1189 5185 1385 5250 concesserit
1410 5187 1595 5269 meritisque
1625 5189 1726 5272 ipsius

173 5285 300 5353 ooelesti
329 5283 456 5348 exaltat.
485 5283 640 5368 Denique,
669 5301 734 5367 quo
759 5284 832 5368 quis
864 5285 926 5349 ler·
980 5283 1077 5349 luerit
1097 5284 1323 5364 condonatum,
1340 5291 1485 5347 tractare.
