4309 6250
1405 300 1417 338 l

470 482 531 553 744
1097 509 1193 559 nanu
1212 509 1402 559 4444444444

506 678 577 734 dum
602 676 695 735 instar
720 679 791 745 saxi,
816 681 888 737 864.
904 681 986 753 (Acta
1014 683 1062 739 SS.
1087 682 1134 739 die
1162 692 1219 737 444·

506 768 663 841 Octobris.)

470 857 660 913 6448466714
682 859 737 931 (8.)
757 860 1010 933 schonaugiensis,
1031 863 1099 918 Ord.
1121 864 1149 917 S.
1171 864 1221 919 64-

507 947 585 1007 444,
601 948 636 1004 44
651 948 788 1005 61144444
803 953 897 1007 morte
911 953 939 1007 et
953 951 1153 1023 assumptione
1169 951 1220 1010 ha·

507 1036 570 1091 buit
592 1037 789 1103 revelationes,
811 1040 862 1095 466
876 1040 906 1101 ll,
931 1056 996 1112 quar
1024 1056 1082 1096 non
1105 1057 1221 1112 semper

507 1128 684 1182 concordant
704 1144 770 1183 cum
790 1127 1015 1186 revelationibus
1035 1132 1062 1185 S.
1080 1129 1218 1201 Brigittoe,

509 1214 598 1269 4676.
615 1246 649 1256 -
664 1216 695 1271 14
712 1217 818 1289 quibus
832 1216 899 1275 item
920 1218 1017 1291 agitur
1035 1220 1070 1275 de
1091 1220 1219 1290 quodam

506 1302 624 1376 Cyriaco
647 1306 725 1377 Papa
744 1308 833 1376 (sic),
851 1306 900 1379 qui
922 1307 1044 1363 Domino
1065 1307 1219 1373 revelante,

508 1395 647 1465 papatum
671 1394 789 1466 reliquit
811 1396 1039 1453 reclamantibus
1064 1397 1220 1453 cardinali·

508 1484 571 1545 bus,
586 1484 676 1539 6484).
692 1486 774 1555 (heta
788 1486 836 1540 SS.
853 1485 899 1541 die
914 1486 1107 1557 4444414444.)

471 1572 551 1627 Eblll
565 1572 829 1645 (Buzites),amicus
842 1574 904 1639 tob,
918 1574 1052 1647 quamvis
1067 1576 1161 1631 multa
1173 1592 1220 1632 re·

508 1678 541 1717 ra
568 1660 683 1727 dixerit,
712 1662 814 1729 rrso’,
838 1662 932 1719 verbis
959 1663 1046 1720 istuis
1075 1664 1219 1731 utebatur,

471 1842 587 1899 ENOCll
601 1858 636 1899 ex
652 1842 787 1914 paradiso
800 1842 929 1899 terrestri
948 1842 1044 1899 reniet
1061 1844 1099 1897 ad
1119 1842 1222 1914 praedi-

507 1933 634 1988 candum
650 1934 752 1987 contra
765 1930 988 1995 antichristum,
1004 1931 1097 1995 4026,
1117 1932 1218 1998 4966,

508 2036 525 2075 4
539 2036 597 2092 quo
612 2019 768 2081 occidetur,
782 2021 819 2075 ad
835 2019 965 2076 debitum
986 2020 1089 2076 mortis
1107 2020 1220 2076 solven-

508 2110 589 2170 dum,
606 2110 693 2164 t02G.

473 2199 672 2255 EPllESlNUbl
687 2198 844 2254 concilium
865 2198 993 2271 primum
1014 2216 1031 2255 a
1050 2200 1077 2255 S.
1094 2198 1220 2257 64444414-

509 2306 546 2345 no
566 2289 642 2360 Papa
663 2290 671 2343 Ι
689 2288 837 2345 tirmatum
862 2292 913 2349 est,
933 2288 1024 2354 6466,
1045 2291 1218 2353 secundum,

508 2395 526 2432 a
545 2380 572 2433 S.
590 2378 681 2433 Leone
701 2378 778 2450 Papa
800 2378 819 2441 l,
836 2376 933 2433 missis
951 2376 1045 2433 tribus
1064 2377 1167 2450 legatis
1188 2381 1221 2434 ut

509 2466 740 2540 presidentibus,
755 2466 847 2521 6766.
864 2468 909 2539 Cf.
926 2465 1098 2523 Concilium.

473 2556 649 2620 EPlCURUS,
665 2556 757 2621 rudis,
773 2554 867 2628 turpis
889 2555 1072 2628 carnalisque
1094 2556 1220 2629 philoso-

507 2646 594 2719 phus,
616 2661 767 2701 summum
792 2645 900 2701 bonum
925 2644 992 2700 rltoe
1014 2645 1166 2716 praesentis
1189 2644 1219 2700 in

508 2732 634 2790 sensuali
664 2732 759 2804 posuit
788 2732 986 2796 delectatione,
1014 2733 1116 2797 rsass’,
1144 2731 1221 2789 sicut

507 2823 571 2894 ejus
594 2821 729 2893 discipuli
753 2820 895 2895 Epicurei,
921 2820 1012 2893 grossi
1041 2821 1218 2893 philosophi,

509 2912 595 2974 2816,
611 2911 710 2973 6846,
725 2911 778 2965 468
786 2910 827 2965 6.

471 3000 681 3058 EPlPllANlUS
701 3000 862 3057 monachus
885 3000 991 3055 citatur
1009 3001 1044 3056 de
1068 3004 1222 3071 praesenta·

506 3090 585 3147 tione
599 3089 696 3147 llariae
710 3088 739 3145 in
754 3089 872 3161 templo,
890 3090 959 3152 32C,
971 3091 1041 3145 776.
1054 3089 1129 3147 04444
1142 3091 1220 3162 quod

507 3182 538 3236 6.
554 3181 650 3254 Virgo,
666 3185 730 3252 post
751 3179 950 3236 ascensionem
970 3180 1136 3242 salvatoris,
1149 3180 1222 3235 44444

506 3270 610 3342 viginti
625 3273 750 3341 quatuor
764 3268 859 3332 annis,
872 3270 922 3324 466
931 3270 971 3325 4’.
982 3267 1088 3342 (iligna
1102 3269 1219 3324 Patrol.

506 3375 552 3431 pr.
568 3363 639 3414 tom.
658 3359 716 3422 120,
733 3358 786 3414 col.
804 3359 852 3413 494
869 3361 896 3415 44
910 3359 985 3429 all.)

470 3449 702 3505 srlscorarus
713 3449 748 3504 ab
759 3447 906 3520 aliquibus
916 3448 1022 3504 dicitur
1035 3448 1115 3509 ordo,
1123 3449 1219 3512 6466,

506 3539 599 3604 6470,
620 3539 655 3594 ab
679 3537 833 3609 aliquibus·
847 3537 1007 3594 eminentia
1031 3538 1153 3604 ordinis,
1176 3539 1221 3595 vel

506 3627 634 3700 dignitas
644 3627 737 3682 ordini
749 3626 933 3698 superaddita
945 3627 1220 3693 sacerdotis,6ldll’,

507 3734 564 3773 non
589 3717 670 3780 ordo,
698 3718 746 3773 sed
772 3733 845 3773 nora
868 3719 1004 3788 potestas,
1027 3719 1130 3782 ottl’,
1155 3734 1220 3789 quae

506 3825 563 3864 non
582 3806 726 3879 imprimit
741 3823 848 3862 norum
865 3807 1073 3871 characterem,
1091 3809 1142 3863 sed
1161 3825 1221 3863 am·

506 3896 578 3969 pliat
606 3897 802 3952 characterem
832 3897 1050 3961 sacerdotalem,
1075 3897 1169 3959 6460,
1192 3901 1221 3953 44

506 3990 603 4042 tamen
621 3985 793 4041 initcrabilis
807 3989 858 4048 cst,
873 3987 963 4046 6474,
981 3985 1020 4040 444
1039 3989 1069 4041 44
1091 4003 1149 4041 444
1168 3987 1221 4043 ite·

506 4093 572 4133 rum
588 4079 794 4131 consecrentur
808 4074 944 4146 episcopi,
960 4074 984 4129 si
1000 4077 1064 4146 post
1084 4076 1217 4132 haeresim

506 4164 739 4228 reconcilientur,
755 4165 851 4220 6476.
868 4163 1045 4235 -Episcopi
1060 4167 1221 4221 succedunt

506 4255 660 4327 apostolis,
678 4255 865 4326 inquantum
883 4253 928 4308 isti
944 4251 1063 4308 luerunt
1081 4255 1218 4327 episcopi,

506 4361 564 4400 non
581 4345 610 4400 in
626 4347 769 4416 quantum
791 4341 909 4398 luerunt
929 4341 1101 4404 cardinales,
1116 4345 1217 4409 slsa',

506 4435 603 4498 6,616
612 4437 642 4497 Α,
652 4449 704 4488 444
714 4431 904 4503 recipiunt,in
919 4433 1061 4503 quantum
1073 4448 1219 4490 successo·

506 4539 552 4578 res
568 4521 782 4592 Apostolorum,
798 4523 968 4591 potestatem
986 4519 1109 4576 faciendi
1130 4521 1219 4578 mira·

507 4608 870 4672 4444,6676,14444444144
890 4609 982 4665 sancti
1002 4610 1142 4681 praeclara
1165 4611 1219 4666 mi-

505 4699 605 4756 rocula
629 4697 758 4762 iecerint,
779 4699 875 4761 4616,
896 4701 987 4754 6624,
1013 4730 1046 4739 -
1070 4699 1142 4755 Cum
1166 4717 1219 4757 sua

505 4787 631 4844 Ecclesia
661 4787 884 4843 matrimonium
908 4787 1085 4843 contrahunt
1106 4805 1217 4853 verum,

505 4871 640 4942 oltssset
658 4874 818 4947 spirituale,
834 4876 936 4940 6416,
952 4877 1029 4946 quod
1055 4877 1142 4933 habet
1162 4877 1219 4932 ior·

505 4966 563 5022 tius
576 4965 727 5021 vinculum
748 4979 836 5035 quam
856 4963 980 5027 carnale,
997 4967 1024 5020 et
1045 4981 1061 5021 a
1080 4966 1141 5020 solo
1162 4967 1218 5022 lieo

505 5056 581 5113 ralet
605 5053 733 5119 dissolvi,
753 5054 842 5116 6446,
863 5052 905 5108 444
930 5070 946 5109 4
970 5055 1167 5124 rapaciter.
1185 5087 1216 5097 -

506 5145 620 5203 Summi
650 5148 718 5200 sunt
745 5144 917 5206 sacerdotes,
946 5143 1036 5206 6604),
1063 5145 1217 5217 principes,

505 5235 604 5298 6646,
639 5233 734 5305 444414
766 5232 899 5288 Ecclesia
930 5249 991 5288 sua
1023 5234 1216 5306 particularis,

506 5326 560 5384 636
569 5324 609 5392 6,
636 5325 690 5380 666
700 5325 730 5390 6,
755 5321 871 5396 judices
902 5321 1025 5396 singulis
1052 5322 1217 5381 civitatibus

1310 683 1466 756 praepositi,
1479 684 1582 741 598A’.
1598 683 1698 741 Plures
1711 686 1782 743 sunt
1794 683 1906 759 episcopi,
1918 704 1970 760 pau·

1308 771 1400 830 riores
1413 773 1631 847 archiepiscopi,
1648 774 1816 846 paucissimi
1832 776 1969 842 Patriarche,

1309 879 1385 918 unus
1399 862 1486 935 Papa,
1497 863 1599 928 6406,
1615 863 1665 936 qui
1680 868 1724 919 est
1737 866 1766 920 et
1784 864 1838 936 ipse
1849 865 1969 937 episcopus,

1308 950 1571 1025 episcoporumque
1585 954 1729 1025 princeps,
1743 954 1837 1015 6606,
1850 954 1919 1009 simul
1929 954 1971 1025 epi·

1308 1057 1413 1113 scopus
1436 1041 1608 1098 universatis
1631 1042 1766 1099 Ecclesiae
1787 1046 1815 1099 et
1833 1043 1971 1115 particularis

1308 1130 1443 1187 Ecclesiae
1458 1133 1606 1192 Romame,
1622 1132 1718 1197 6436,
1735 1136 1764 1187 44
1781 1132 1827 1204 qui
1839 1132 1902 1188 solus
1915 1136 1971 1189 14444

1308 1222 1480 1291 potestatem
1496 1237 1580 1276 suam
1592 1220 1762 1278 immediate
1774 1221 1969 1284 4664444664.

1345 1307 1478 1364 04444444
1492 1325 1510 1364 4
1523 1310 1610 1380 Papa,
1618 1313 1647 1365 et
1660 1312 1698 1366 ad
1713 1308 1777 1365 locs
1786 1310 1881 1365 diversa
1888 1309 1969 1372 directi,

1308 1396 1410 1462 6466,
1426 1400 1455 1453 44
1470 1397 1582 1453 domini
1597 1401 1743 1454 terrarum
1760 1398 1918 1470 plebiumque
1929 1413 1972 1452 aua·

1308 1502 1387 1551 rum,
1407 1487 1511 1553 bdlh',
1531 1503 1616 1543 suam
1638 1486 1838 1559 particularem
1854 1486 1970 1543 Ecclesiam

1310 1578 1445 1647 purgant,
1465 1574 1645 1639 illuminant,
1669 1576 1829 1648 perficiunt,
1850 1576 1972 1649 gubernant

1308 1668 1337 1719 et
1344 1665 1489 1738 judicant,
1494 1664 1547 1721 644
1557 1666 1592 1730 D;
1604 1665 1712 1722 habent
1726 1669 1882 1738 potestatem
1893 1664 1972 1720 hieru·

1309 1751 1422 1809 chicam
1435 1770 1526 1825 supra
1538 1754 1745 1819 sacerdotium,
1760 1754 1857 1819 6474’;
1867 1753 1918 1809 ideo
1928 1770 1972 1824 pos

1309 1844 1379 1897 sunt
1393 1858 1479 1898 usum
1494 1842 1645 1914 potestatis
1655 1846 1822 1899 curatorum
1833 1842 1972 1915 quisubsunt

1309 1930 1388 2002 ipsis,
1404 1928 1533 1988 limitare
1555 1935 1585 1987 et
1606 1948 1714 1996 arcere,
1729 1931 1828 1987 bldl’.
1842 1962 1868 1973 -
1883 1931 1972 2001 Semper

1307 2018 1436 2076 retinent
1465 2023 1637 2092 potestatem
1670 2019 1832 2084 ordinandi,
1855 2036 1907 2091 que
1930 2035 1971 2073 non

1309 2112 1403 2181 potest
1416 2108 1459 2165 eis
1472 2109 1591 2175 auferri,
1606 2114 1636 2167 et
1647 2110 1741 2167 aalide
1754 2110 1878 2166 ordinant
1888 2108 1906 2162 si
1916 2108 1972 2162 ordi·

1309 2201 1381 2254 nent
1403 2198 1433 2254 in
1454 2197 1548 2254 torma
1569 2200 1713 2263 Ecclesia,
1728 2200 1811 2255 6476
1831 2202 1854 2255 44
1868 2196 1971 2259 4,,4644

1310 2288 1439 2344 haeretici
1453 2291 1481 2345 et
1496 2289 1656 2361 degradati.
1673 2288 1807 2362 quamvis
1820 2287 1973 2361 graviterpec·

1309 2380 1376 2433 cent
1389 2378 1451 2433 haec
1465 2379 1588 2450 agendo,
1600 2379 1699 2434 6476.
1710 2408 1744 2419 -
1760 2379 1851 2444 Quoad
1862 2391 1975 2432 consecra-

1310 2465 1420 2523 tionem
1436 2470 1464 2522 et
1476 2467 1610 2523 ordinem
1627 2483 1710 2539 pares
1724 2471 1793 2523 sunt
1806 2465 1973 2538 repererit

1309 2557 1359 2612 sed
1373 2559 1474 2612 tenent
1488 2556 1724 2630 jurisdictionem
1746 2573 1764 2610 a
1786 2570 1890 2612 summo
1904 2554 1974 2609 Ponti-

1308 2644 1370 2709 tice,
1386 2645 1488 2709 6446,
1504 2644 1554 2717 qui
1573 2644 1652 2701 solus
1671 2648 1765 2717 potest
1782 2660 1829 2701 eos
1846 2642 1975 2700 instituere,

1308 2733 1482 2790 contlrmare
1496 2738 1525 2790 et
1538 2733 1705 2798 destituere,
1719 2729 1975 2797 sacrissacris.

1308 2825 1395 2895 atque
1415 2822 1582 2888 transferre,
1603 2824 1656 2879 668
1664 2823 1704 2888 6,
1720 2823 1843 2895 accipere
1860 2819 1976 2877 44444444-

1308 2911 1418 2968 tionem
1433 2911 1561 2985 episcopi
1575 2912 1658 2968 electi
1671 2912 1717 2969 vel
1736 2910 1895 2974 confirmati,
1906 2910 1973 2967 6644.

1309 3004 1477 3057 4444444444
1492 3003 1527 3057 44
1546 3017 1621 3056 noro
1638 3003 1738 3058 sedem
1755 3000 1930 3073 episcopalem,
1944 2996 1974 3051 di-

1308 3091 1405 3147 uidere
1429 3106 1522 3148 unum
1546 3090 1746 3164 episcopatum
1775 3091 1804 3147 in
1828 3085 1973 3152 deosculor

1309 3183 1383 3238 duos
1405 3181 1588 3252 episcopatus
1612 3180 1642 3236 in
1668 3181 1868 3244 4444463416.
1885 3209 1910 3219 -
1929 3176 1972 3232 Non

1309 3274 1432 3343 possunt
1444 3272 1569 3326 condere
1588 3271 1682 3342 legem
1703 3270 1860 3344 generalem
1878 3284 1919 3340 pro
1931 3269 1974 3320 tota

1308 3359 1564 3426 84414444,6064’;
1576 3377 1629 3416 444
1643 3360 1838 3434 indulgentias
1847 3356 1973 3415 concedere.

1309 3449 1365 3505 nisi
1380 3449 1435 3505 sibl
1449 3449 1596 3522 sthectis,
1611 3449 1711 3515 6646,
1721 3452 1751 3506 41
1763 3449 1852 3506 solum
1866 3443 1973 3518 44464444.

1308 3542 1395 3610 atque
1408 3555 1443 3595 ex
1459 3538 1644 3596 concessione
1664 3540 1758 3610 Papae,
1777 3540 1867 3603 6036;
1880 3552 1921 3591 nec
1934 3530 1975 3586 dis

1309 3645 1430 3700 pensare
1445 3627 1573 3684 totaliter
1587 3630 1621 3686 de
1637 3620 1974 3702 444444444444446446416.

1309 3719 1400 3782 6824,
1416 3733 1511 3789 nsque
1531 3718 1560 3773 in
1581 3717 1663 3773 omni
1673 3718 1849 3790 juramento,
1861 3711 1941 3770 6466.
1952 3737 1974 3747 -

1310 3808 1351 3862 46
1370 3805 1412 3862 444
1432 3805 1556 3877 requirit
1574 3805 1711 3879 perfectio
1731 3804 1890 3879 episcopalis
1904 3803 1929 3856 ut
1943 3813 1976 3852 cu

1308 3912 1371 3952 ram
1391 3896 1588 3968 subjectorum
1609 3900 1712 3968 gerant
1729 3899 1758 3952 et
1775 3911 1869 3953 eornm
1883 3891 1974 3947 44144444

1310 3988 1473 4057 procurent,
1488 3985 1578 4048 6466,
1593 3988 1622 4041 44
1636 3984 1747 4042 4444444
1761 4003 1791 4043 se
1804 3983 1928 4042 sacerdote
1938 3992 1975 4032 ⁸¹¹⁰

1309 4073 1443 4138 minores,
1469 4074 1581 4131 crimen
1609 4074 1829 4138 committendo,
1852 4069 1930 4128 6666.
1950 4095 1975 4107 ·-

1309 4165 1405 4229 Quum
1426 4179 1533 4221 nomen
1553 4164 1681 4236 episcopi
1699 4181 1758 4220 non
1780 4162 1922 4220 dominium
1940 4155 1974 4211 sed

1307 4252 1435 4309 officium
1451 4257 1543 4318 sonet,
1558 4255 1659 4317 6686,
1675 4256 1762 4310 rebus
1782 4251 1901 4310 Ecclesia
1915 4252 1975 4304 utan-

1307 4345 1356 4398 tur
1370 4345 1402 4398 ut
1416 4343 1639 4406 commendatis,
1655 4356 1713 4398 non
1727 4347 1862 4415 tanquam
1876 4333 1975 4412 propriisv

1308 4431 1407 4486 6666.
1422 4461 1458 4472 -
1477 4431 1508 4485 14
1533 4431 1657 4488 44444144
1673 4431 1809 4503 ‹generali
1831 4445 1881 4487 non
1899 4437 1976 4496 propo·

1309 4523 1381 4576 nant
1400 4519 1591 4591 particulares
1612 4537 1680 4576 suas
1699 4538 1811 4583 causas,
1825 4517 1912 4575 ootl'.
1926 4513 1977 4582 Sit·

1308 4611 1381 4665 odos
1394 4609 1489 4665 tacere
1506 4613 1651 4673 tenentur,
1667 4611 1766 4673 6676,
1781 4614 1811 4666 44
1828 4608 1871 4682 qui
1886 4607 1915 4660 ad
1930 4615 1976 4672 syt-

1308 4700 1398 4754 odum
1422 4698 1520 4755 venire
1540 4701 1742 4764 contemnunt,
1758 4686 1977 4762 columnariis

1309 4789 1461 4860 subJacent
1484 4787 1586 4861 poenis,
1610 4787 1706 4843 6676.
1729 4820 1766 4829 -
1789 4794 1831 4844 44
1853 4783 1910 4842 mali
1931 4794 1975 4852 pos

1308 4877 1366 4933 sint
1389 4878 1519 4945 accusari
1543 4896 1561 4935 a
1585 4877 1711 4934 subditis
1735 4878 1805 4942 suis,
1829 4874 1906 4934 ottr
1923 4873 1943 4926 et
1960 4884 1975 4920 ⁵·

1308 4969 1330 5022 4
1359 4968 1416 5022 Deo
1443 4969 1512 5022 sunt
1529 4965 1694 5039 judicandi,
1717 4983 1735 5022 a
1759 4966 1885 5022 tidelibus
1905 4962 1975 5016 44144

1308 5054 1452 5127 portandi,
1467 5055 1558 5110 6606.
1574 5084 1607 5096 -
1631 5055 1664 5110 ln
1688 5055 1813 5111 concilio
1835 5054 1930 5111 Niceno
1947 5045 1976 5099 tu·

1306 5148 1392 5201 erunt
1406 5144 1527 5201 trecenti
1542 5144 1642 5201 decem
1658 5146 1687 5200 et
1700 5147 1766 5200 octo
1781 5146 1816 5202 de
1829 5147 1881 5200 toto
1897 5135 1976 5195 mundo

1306 5234 1428 5299 collecti,
1445 5234 1522 5289 inter
1539 5250 1612 5304 quos
1631 5233 1717 5289 multi
1736 5234 1837 5297 sancti,
1851 5228 1931 5288 4486,
1942 5219 1976 5294 qui

1307 5324 1411 5383 deinde
1425 5325 1461 5381 ab
1476 5321 1593 5381 briania
1606 5321 1832 5395 imperatoribus
1845 5310 1976 5391 undiqueiss
