4309 6250
449 446 509 512 302
789 465 909 513 conrna
930 465 1099 514 sennenn
1119 466 1290 526 ιιιιιοιιιιιι,
1314 467 1403 517 urana
1423 469 1456 515 ιι.
1479 488 1521 500 -
1542 469 1611 516 aar.
1629 472 1676 516 xv

449 644 516 700 met
529 636 662 720 vulpina
675 637 846 702 calliditate
860 637 1011 717 conficta,
1029 627 1240 703 consilium'd
1256 658 1289 702 rc
1309 648 1421 704 contra
1445 659 1556 704 ornnes
1580 650 1691 724 gentes
1716 659 1788 723 qua
1812 640 1846 704 iu
1869 639 2004 704 circuitu

450 737 480 797 ei
496 734 672 798 ferentibus
686 735 796 818 Sergio
810 737 960 800 heretico
981 737 1201 820 nequissimis·
1255 756 1312 801 suo
1327 748 1434 817 erant;
1446 747 1479 803 et
1492 758 1692 822 quocumque
1708 759 1742 803 se
1756 739 1909 816 vertebat,
1927 759 2004 821 prae

450 853 513 915 que
535 834 672 898 ludaisl
688 835 787 898 Scivit
809 835 897 898 enim
922 855 956 900 se
979 834 1083 918 legem
1109 856 1199 899 suam
1256 835 1367 914 veluit,
1383 836 1555 918 adiuvante
1570 855 1644 898 cum
1665 835 1866 901 concorditer
1885 835 2003 918 populo
2121 835 2122 914 3

451 932 568 995 divinis
593 952 656 996 non
682 952 776 1015 posse
801 933 994 997 confirmare
1023 934 1197 998 miraculis.
1256 951 1324 1013 suo,
1342 942 1377 996 ut
1390 933 1507 1016 legitur
1521 935 1624 1017 primo
1640 934 1772 1018 Regum.
1791 934 2001 1014 Postmodum,

450 1029 571 1095 Idcirco
595 1031 749 1114 quidquid
773 1051 831 1114 per
854 1032 1027 1095 humanam
1049 1034 1198 1096 astutiam
1256 1029 1318 1094 ileo
1332 1031 1475 1112 jubente,
1483 1030 1544 1095 lilii
1558 1031 1655 1095 lsrael
1670 1032 1866 1096 unanimiter
1879 1050 2004 1112 proces·
2027 1062 2120 1118 ww,

451 1129 666 1193 consideravit
689 1131 930 1194 accommodum
958 1132 999 1193 ad
1027 1151 1092 1194 suae
1120 1132 1199 1213 legis
1255 1138 1366 1192 serunt
1392 1150 1466 1193 cum
1491 1150 1565 1213 rege
1590 1149 1648 1194 suo
1674 1129 1768 1194 Saule
1795 1131 1835 1194 ad
1865 1149 2003 1212 pugnam
2016 1129 2055 1168 Μ·

450 1228 700 1310 divulgationem
715 1238 747 1292 ct
761 1230 1049 1307 conservationem,
1062 1231 1122 1294 hoc
1137 1230 1200 1292 lin·
1255 1235 1365 1290 contra
1379 1227 1559 1306 Amalec,et
1572 1228 1780 1292 obtinuerunt
1794 1228 2001 1312 triumphum,
2121 1233 2122 1262 ι

450 1323 495 1387 ιιι
520 1324 581 1388 sihi
607 1324 744 1405 desuper
768 1325 973 1388 destinatum.
998 1325 1079 1388 ilinc
1101 1325 1200 1407 siqui·
1254 1335 1289 1388 ιιι
1309 1326 1341 1388 ιιι
1364 1327 1476 1391 eodem
1498 1326 1581 1390 libro
1603 1328 1724 1409 Regum
1746 1327 1874 1409 legitur.

450 1423 524 1486 dem
547 1422 626 1486 dixit
652 1441 686 1485 sc
710 1423 743 1485 in
772 1421 889 1486 virtute
916 1423 1013 1505 gladii
1043 1424 1197 1513 missum3
1294 1423 1528 1506 Consequentur
1552 1423 1586 1487 in
1607 1425 1669 1487 isto
1693 1425 1834 1508 capitulo
1859 1424 2000 1488 dicitur:

450 1520 526 1584 hinc
555 1522 593 1584 ad
618 1521 886 1603 depredationem
913 1530 945 1584 et
973 1541 1096 1604 pugnas
1126 1542 1199 1586 suos
1253 1525 1419 1600 Propheta
1433 1525 1573 1594 dicente,
1588 1526 1708 1601 Repcm
1722 1525 1810 1584 vobis
1822 1527 1913 1586 Deras
1926 1527 2003 1586 San-

413 1658 415 1661 ·
451 1619 594 1683 hortatus
622 1629 691 1699 est3
718 1621 792 1683 hinc
821 1621 1059 1684 multitudinem
1089 1621 1201 1702 conju·
1254 1625 1317 1682 lam
1336 1623 1520 1693 constituit,
1535 1624 1707 1701 indlpneui
1727 1631 1817 1694 sunt,
1831 1623 1976 1684 dientes
1991 1643 2004 1684 .·

386 1724 388 1727 ’
449 1737 526 1800 gum
550 1726 583 1781 ct
610 1719 861 1802 repudiationem
889 1719 1038 1797 admisit3
1063 1719 1199 1782 feminas
1254 1722 1319 1781 Iste
1340 1740 1402 1781 cur
1426 1740 1487 1781 ren
1511 1729 1622 1782 noster
1645 1721 1805 1799 efficitur,
1820 1741 1923 1802 quum
1951 1741 2004 1782 nee

450 1835 578 1900 quoque
597 1817 631 1879 in
649 1817 759 1898 praelio
779 1818 951 1899 acquisitas
973 1836 1066 1900 posse
1089 1817 1197 1881 haberi
1213 1818 1237 1883 Β
1252 1821 1445 1894 pecuniosus
1460 1838 1517 1880 nee
1530 1821 1622 1880 dives
1635 1821 1757 1890 sit,nec
1772 1821 1864 1880 nobis
1877 1821 2004 1881 meritas

450 1915 596 1994 asseruit,
614 1924 649 1978 ut
671 1916 732 1978 viri
753 1935 811 1998 per
833 1917 895 1980 hoc
919 1914 1033 1980 lortius
1057 1907 1097 1978 ad
1122 1936 1200 1999 prae-
1254 1919 1463 1996 coaequetur?
1476 1917 1556 1981 Huic
1570 1917 1699 1982 videtur
1710 1919 1907 1982 contrarium
1921 1920 2002 2000 quod

451 2013 595 2078 liandum
615 2015 843 2079 animarentur.
1256 2015 1359 2098 primo
1374 2017 1493 2098 Regum
1510 2016 1662 2100 scriptum
1681 2025 1730 2081 est
1746 2041 1754 2079 :
1770 2017 1856 2099 quia,
1874 2026 1911 2080 ut
1931 2017 2004 2100 legi-

1255 2115 1377 2196 turibi,
1393 2133 1493 2196 quum
1508 2116 1633 2180 Samuel
1655 2115 1813 2198 posuisset
1826 2117 1957 2180 Saulem
1971 2118 2002 2180 in
2027 2147 2112 2193 m

653 2273 899 2339 ARTICULUS
922 2274 986 2337 XV
1255 2213 1361 2277 medio
1389 2213 1512 2296 populi,
1541 2221 1574 2278 et
1600 2215 1742 2296 dixisset,
1769 2215 1860 2278 Certe
1889 2215 2043 2279 vidctis2‘·

990 2322 997 2337 ·
1255 2331 1351 2393 quem
1367 2312 1464 2394 clegit
1484 2313 1657 2392 Dominus3
1675 2314 1844 2377 universus
1867 2315 2002 2397 populus

476 2423 598 2484 Contra
613 2425 754 2504 reliquos
768 2425 869 2502 liujus
881 2424 1023 2500 capituti
1035 2441 1173 2484 errores,
1256 2410 1415 2488 clamavit,
1433 2419 1463 2474 et
1478 2412 1523 2474 ait
1539 2435 1546 2474 :
1565 2413 1657 2476 Vivat
1671 2431 1735 2476 rex.
1751 2411 1787 2475 ln
1808 2411 1877 2476 linc
1898 2421 2001 2476 tamen

1256 2510 1386 2593 capituli
1401 2511 1488 2573 illius
1503 2510 1633 2590 dicitur,
1649 2512 1736 2593 quod
1757 2511 1818 2574 lilii
1838 2511 1941 2576 Belial
1960 2513 2004 2574 di-
2015 2543 2060 2586 154,
2070 2543 2093 2584 s.

522 2609 710 2674 ECl'lATUR
735 2611 769 2673 in
791 2610 852 2675 isto
874 2610 1023 2692 capitulo,
1041 2612 1200 2692 quomodo
1255 2617 1369 2671 xerunt
1385 2632 1391 2670 :
1409 2609 1491 2672 Num
1510 2610 1633 2672 salvare
1652 2629 1710 2674 nos
1730 2610 1848 2693 poterit
1871 2611 1954 2673 istet
1968 2611 2002 2673 Ει

537 2708 597 2771 lilii
612 2708 706 2771 lsrael
722 2710 963 2791 postulaverunt
977 2728 1083 2791 regem
1099 2729 1117 2772 a
1132 2709 1200 2772 Pro
1256 2709 1467 2791 despexerunt
1490 2727 1563 2771 eum
1591 2733 1597 2771 :
1622 2728 1687 2773 non
1710 2709 1788 2792 quia
1812 2711 2003 2792 pecuniosus

451 2807 546 2888 pheta
559 2828 568 2884 3
582 2815 615 2869 et
628 2807 691 2888 alia
705 2809 849 2889 quaedam
864 2809 906 2871 de
921 2827 994 2890 rege
1015 2808 1062 2871 eis
1084 2808 1200 2870 divini·
1256 2827 1320 2870 non
1336 2817 1402 2871 erat
1416 2816 1447 2871 et
1461 2807 1563 2888 dives,
1578 2809 1643 2872 imo
1658 2809 1733 2871 satis
1755 2808 1902 2890 locuples
1922 2809 2001 2887 luit;

450 2914 501 2968 tus
528 2905 700 2987 assignato,
727 2905 778 2968 hic
807 2907 990 2969 recitantur.
1017 2906 1079 2970 Sed
1108 2908 1199 2970 valde
1257 2907 1481 2988 sedquoniam
1506 2907 1692 2970 adolescens
1714 2907 1777 2970 luit
1801 2916 1834 2971 et
1858 2908 2002 2990 simplex,

451 3004 611 3068 discordat
645 3004 789 3067 recitatio
817 3005 878 3071 ista
905 3024 923 3067 a
951 3024 1040 3067 sacra
1067 3005 1236 3070 historiali
1256 3013 1350 3087 atquc
1373 3005 1406 3066 in
1431 3005 1639 3069 exterioribus
1664 3005 1860 3089 inexpertus,
1878 3016 1911 3071 et
1930 3007 2003 3090 quia

452 3103 622 3187 Scriptura
643 3104 806 3168 canonice
826 3122 864 3168 ac
885 3104 1013 3167 divine.
1256 3123 1320 3168 non
1344 3103 1404 3167 luit
1426 3105 1466 3168 de
1490 3103 1701 3168 nobilioribus
1727 3104 1873 3170 tribubus
1896 3105 2000 3184 Israd,

491 3203 596 3266 Primo
617 3202 723 3285 itaque
745 3203 797 3265 hic
820 3204 961 3266 dicitur:
979 3206 1200 3281 chpopulns
1256 3212 1333 3286 puta
1352 3205 1391 3266 de
1412 3203 1496 3267 tribu
1517 3204 1596 3266 luda
1615 3212 1671 3266 ant
1691 3203 1853 3287 Ephraim.

418 3341 420 3346 -
452 3304 558 3363 Israel
571 3304 772 3379 eProplteta
787 3322 857 3373 suo,
872 3303 1022 3365 videlicet
1041 3302 1199 3381 Samuele,
1296 3302 1416 3365 Deinde
1440 3302 1473 3364 in
1497 3302 1558 3365 isto
1583 3301 1722 3385 capitulo
1745 3302 1865 3367 dicitur
1888 3327 1896 3367 ι
1922 3306 2002 3367 Saul

351 3429 437 3468 e.vm.
453 3419 559 3477 repern
570 3403 763 3477 postulavit,
777 3408 871 3483 prout
890 3400 994 3482 primo
1012 3400 1132 3482 llegum
1148 3402 1202 3463 de-
1256 3420 1330 3462 cum
1352 3403 1551 3463 esercitibus
1574 3421 1651 3479 erpo
1674 3404 1722 3463 sle
1744 3405 1900 3465 accedens
1922 3406 1970 3464 eit
1992 3422 2004 3463 .·

355 3511 361 3523 ·
452 3497 611 3560 scribitur.
627 3500 703 3569 Ille,
719 3498 868 3561 videlicet
888 3499 1013 3561 Samuel
1034 3500 1199 3583 propheta,
1258 3502 1314 3570 Vos
1332 3501 1418 3560 rivos
1438 3501 1547 3560 uisuri
1563 3502 1652 3560 nihil
1672 3502 1741 3561 nisi
1760 3509 1923 3581 quantum
1941 3521 2004 3561 mn-

451 3598 620 3674 respondlt
634 3616 646 3655 .·
671 3599 726 3658 Vos
745 3616 851 3674 repem
870 3602 1084 3675 postulantes,
1098 3608 1202 3659 certa·
1255 3616 1319 3657 nus
1336 3601 1432 3657 semel
1452 3598 1563 3658 bausit
1584 3600 1747 3675 pustetis,·
1760 3602 1848 3678 quod
1868 3600 2002 3679 quilibet

450 3713 525 3755 men
538 3698 666 3771 forsan,
681 3695 713 3753 sl
721 3697 988 3771 praeceperimus,
1002 3716 1066 3756 non
1087 3698 1199 3775 apetie.
1257 3698 1514 3773 transprediens,
1529 3698 1569 3757 de
1581 3698 1662 3756 meis
1675 3698 1761 3757 ciris
1778 3717 1844 3757 esse
1860 3700 2001 3759 demetet.

450 3794 513 3854 Illi
532 3794 601 3870 filil
622 3795 729 3854 Israel
751 3796 990 3869 responderunt
1004 3816 1016 3853 :
1030 3797 1098 3857 Nos
1116 3814 1133 3855 e
1150 3798 1202 3855 do·
1258 3797 1373 3857 Omnes
1392 3802 1513 3865 tamen,
1523 3803 1647 3871 praeter
1661 3812 1794 3871 paucos,
1804 3805 2001 3873 pracceptum

450 3892 558 3951 micus
571 3893 693 3951 nostris
706 3910 744 3951 ac
754 3895 876 3967 populo
882 3895 1035 3969 propulsi
1045 3897 1202 3973 quomodo
1254 3894 1397 3968 potando
1418 3893 1616 3968 transpresst'
1633 3901 1721 3953 sunt.
1737 3891 1824 3954 Istud
1845 3902 1897 3956 est
1917 3891 2003 3956 iebu-

446 3991 588 4066 proDei
600 3990 732 4050 nomine
746 4010 811 4050 non
822 3992 1201 4067 pupnabimnslBellurn
1258 3990 1359 4053 losum
1384 3998 1417 4052 et
1439 3990 1567 4071 falsum,
1592 4008 1652 4053 nco
1677 3990 1716 4053 de
1741 4010 1775 4053 re
1799 3991 1861 4054 hac
1886 3992 2001 4073 aliquid

452 4097 559 4148 tamen
584 4088 772 4166 injunctum
802 4107 923 4159 omnes,
943 4099 1068 4165 proeter
1095 4094 1203 4151 admo·
1258 4088 1374 4171 legitur
1387 4089 1491 4170 primo
1506 4088 1644 4169 Regum3
1661 4089 1728 4168 sed,
1745 4088 1828 4153 sicut
1841 4109 1881 4153 ex
1897 4109 2004 4155 conse·

450 4186 979 4262 dumpaucos,reeusabnnt.lstud
994 4188 1203 4253 contrariatur
1218 4186 1428 4271 liquentibus
1452 4187 1557 4250 verbis
1576 4187 1725 4250 Alcorani
1747 4187 1780 4249 in
1802 4187 1864 4253 isto
1887 4190 2003 4273 capitu·

452 4282 589 4365 prelatas
602 4283 719 4346 divinae
733 4284 915 4366 Scriptura.
932 4284 1009 4348 Nam
1031 4296 1201 4369 postquam
1256 4288 1287 4349 lo
1312 4285 1493 4363 innotescit,
1515 4284 1599 4348 istud
1624 4284 1866 4367 intelligendum
1896 4295 1945 4351 est
1965 4288 2002 4351 de

451 4381 514 4445 lilii
528 4381 624 4445 lsrael
646 4382 807 4465 peticmnt
829 4402 936 4465 regem
957 4404 975 4447 a
996 4384 1154 4465 Samuele,
1171 4395 1202 4449 ct
1256 4386 1360 4464 Saule,
1395 4384 1523 4466 quando
1557 4384 1783 4466 insequebatur
1816 4385 1999 4451 Philistaeos.

303 4498 438 4551 nunna
452 4481 579 4545 Samuel
600 4481 659 4561 cis,
677 4482 740 4544 Deo
753 4481 897 4563 jubente,
914 4482 1107 4565 assignasset
1126 4485 1202 4547 Seu·
1256 4486 1344 4547 Tunc
1368 4484 1455 4546 enim
1482 4482 1635 4566 populum
1659 4482 1755 4547 lsrael
1781 4484 1945 4566 adjuravit
1970 4495 2001 4547 ut
2023 4507 2067 4553 rua
2080 4516 2108 4550 a.

302 4566 437 4680 {gffflffl
453 4579 515 4643 lem
543 4580 577 4643 in
605 4600 725 4661 regem,
757 4579 838 4643 Naas
867 4600 921 4644 rex
948 4582 1200 4646 Ammonitarum
1256 4603 1320 4647 non
1337 4582 1564 4645 manducarent
1579 4601 1694 4664 panem
1711 4602 1811 4665 usque
1832 4584 1874 4647 ad
1895 4603 2002 4667 vespe
2014 4574 2073 4617 Μ·

452 4680 597 4743 ascendit
616 4688 727 4742 contra
746 4678 940 4743 habitatores
960 4680 1051 4743 labes
1070 4680 1198 4761 (laland,
1256 4701 1338 4761 rum,
1355 4700 1518 4765 quousque
1533 4680 1742 4745 ulcisceretur
1756 4702 1790 4746 se
1804 4683 1845 4746 de
1863 4683 2001 4747 inimicis

452 4778 507 4861 qui
522 4788 613 4841 erant
627 4778 666 4841 de
681 4797 814 4841 numero
829 4778 971 4841 liliorum
985 4779 1198 4862 lsraell'unc,
1256 4782 1333 4844 suis.
1350 4780 1388 4843 Ει
1401 4781 1509 4843 nullus
1523 4780 1562 4843 de
1576 4779 1696 4864 populo
1712 4790 1929 4864 transgressus
1945 4782 2002 4845 luit

451 4878 584 4961 jubente
599 4878 704 4958 Saule,
721 4885 806 4941 totus
827 4878 964 4959 populus
985 4878 1093 4958 lsrael,
1109 4880 1199 4963 quasi
1255 4868 1460 4961 preceptum,
1477 4886 1591 4961 preter
1605 4878 1772 4959 louathan,
1789 4878 1898 4942 lilium
1921 4880 2001 4961 regis

452 4977 503 5039 vir
517 4996 611 5055 unus,
627 4975 659 5038 id
674 4984 723 5038 est
737 4975 936 5039 concorditer
955 4995 1028 5039 cum
1048 4978 1141 5041 Saule
1163 4998 1200 5041 ac
1256 4977 1369 5058 Saulis,
1386 4977 1440 5058 qui
1456 4976 1554 5059 patris
1575 4976 1624 5039 sui
1638 4996 1703 5040 uon
1723 4978 1844 5041 audivit
1866 4998 1926 5041 nec
1948 4978 2003 5041 sci·

453 5074 610 5154 Samuele,
628 5076 784 5158 processit
797 5076 836 5138 ad
851 5075 972 5138 bellum
993 5084 1104 5139 contra
1118 5077 1199 5141 Naas
1255 5076 1301 5140 vit
1314 5084 1520 5158 preceptum,
1537 5085 1631 5157 prout
1643 5076 1748 5158 primo
1769 5076 1892 5158 Regum
1913 5096 2001 5159 quar·

451 5175 631 5260 praelatum,
647 5182 742 5256 atque
763 5173 939 5257 prevaluit,
956 5183 991 5236 ut
1015 5176 1118 5258 primo
1142 5177 1201 5240 Rc-
1254 5175 1413 5239 todecimc
1427 5181 1602 5237 enarratur.
1620 5173 1703 5238 Alibi
1719 5193 1796 5239 vero
1810 5195 1875 5241 nou
1891 5176 2001 5259 legitur

297 5286 437 5341 numm.
451 5294 528 5363 gum
542 5274 701 5338 scribitur.
718 5272 763 5335 Ex
776 5281 852 5335 tnnc
867 5272 964 5354 coepit
983 5271 1058 5335 Saul
1079 5294 1201 5357 pugna·
1256 5275 1329 5338 Saul
1353 5293 1407 5337 rex
1429 5273 1550 5355 aliquid
1574 5292 1630 5337 suo
1659 5274 1777 5356 populo
1800 5277 1999 5361 precepisse.
