4309 6250
787 499 906 549 cottus
927 498 1096 547 rastrum!
1118 499 1288 556 nanclart,
1311 500 1400 546 trualt
1421 500 1452 546 11.
1476 519 1517 529 -
1538 499 1607 546 Ant.
1631 499 1664 546 tx

1215 668 1435 732 Adiminuere
1459 673 1741 750 presumpserunt.
1758 667 1806 729 Tu
1829 684 1902 749 ergo
1926 683 1996 730 con-
2022 713 2027 722 .

645 745 908 842 ARTICULUS
945 745 1007 808 IX·
1114 803 1121 818 ·
1255 767 1358 829 victus
1383 766 1721 847 veritate,quumego
1747 763 1913 827 inimicum
1937 784 1996 826 mc-
2112 785 2113 842 3

1254 885 1308 927 um
1340 865 1372 927 in
1403 872 1516 927 testem
1543 863 1711 945 accipiam,
1739 862 1793 925 ubi
1825 871 1872 925 est
1895 881 1996 926 corm-

1255 964 1321 1044 ptio
1346 964 1413 1026 sive
1437 963 1582 1042 mutatio,
1600 981 1699 1044 quum
1724 961 1919 1044 impossihile
1944 979 1995 1042 pro

1255 1068 1341 1123 certo
1367 1060 1482 1124 luisset
1499 1061 1579 1123 duas
1600 1058 1660 1122 sibi
1676 1069 1740 1121 tam
1761 1059 1903 1122 inimicas
1926 1078 1996 1140 gen-

1255 1167 1301 1221 tes
1336 1160 1369 1221 in
1394 1159 1506 1221 eadem
1536 1159 1704 1240 scriptura,
1731 1176 1790 1240 pro
1817 1176 1878 1238 qua
1907 1157 1995 1220 ctiam

1255 1264 1320 1320 tota
1350 1255 1433 1318 inter
1460 1274 1519 1319 nos
1547 1255 1709 1319 discordia
1732 1263 1792 1333 est,
1820 1255 1863 1318 sic
1885 1253 1997 1337 pariter

1255 1355 1459 1433 concordare,
1484 1355 1511 1416 si
1538 1353 1581 1416 ibi
1608 1353 1724 1436 aliquis
1751 1353 1870 1435 aliquid
1895 1371 1997 1417 corru-
2112 1389 2113 1398 κ

344 1479 369 1508 -ι
390 1480 435 1518 vu.
510 1453 595 1516 ICUT
620 1452 652 1515 in
677 1451 782 1534 primo
806 1449 911 1532 operis
940 1449 1036 1531 hujus
1064 1457 1199 1512 tractatu
1256 1453 1376 1535 pissetl
2112 1505 2113 1522 2

305 1542 325 1570 ¹¹
524 1551 688 1613 inductum
710 1558 769 1626 est,
786 1548 968 1630 frequenter
988 1548 1022 1610 in
1043 1548 1199 1611 Alcorano
1295 1552 1380 1613 lstud
1404 1560 1626 1632 argumentum
1652 1551 1803 1614 idoneum
1833 1559 1880 1614 est
1905 1569 1997 1632 quun·
2112 1551 2113 1610 l

449 1650 613 1729 asseritur,
629 1649 714 1730 quod
732 1647 939 1729 Evangelium
960 1647 1000 1708 sit
1018 1666 1036 1708 a
1055 1647 1119 1710 Deo
1139 1654 1200 1708 tra·
1255 1659 1322 1713 tum
1345 1649 1384 1712 ad
1406 1650 1521 1713 veteris
1542 1649 1736 1713 Testamenti
1760 1649 1950 1733 scripturas3
1969 1656 1996 1710 et
2112 1673 2113 1734 3

450 1749 552 1811 ditum
577 1748 710 1825 Christo,
727 1747 811 1827 quod
837 1746 913 1808 item
932 1745 1074 1828 Apostoli
1100 1745 1201 1808 credi·
1255 1768 1312 1832 pro
1338 1748 1409 1829 ejus
1438 1747 1684 1811 confirmatione
1713 1748 1838 1811 adduco
1861 1749 1943 1828 quod
1966 1747 1996 1808 in
2112 1765 2113 1838 }

448 1847 566 1909 derunt
588 1846 712 1908 Christo
736 1845 902 1907 veraciter.
929 1844 1009 1906 ilino
1034 1841 1198 1906 Sarraceni
1217 1846 1240 1907 B
1256 1847 1336 1910 libro
1351 1847 1390 1909 de
1405 1847 1567 1910 Consensu
1582 1847 1857 1927 Evangelistarum
1876 1853 1997 1908 sanctus

450 1954 609 2027 coguntur
637 1944 812 2007 concedere
837 1942 1011 2024 scripturas
1034 1942 1198 2024 Evangelii
1256 1945 1397 2027 loquitur
1423 1946 1618 2026 Augustinus
1646 1969 1652 2006 :
1682 1945 1748 2007 Hoc
1778 1952 1827 2006 est
1854 1962 1997 2025 magnum
2112 1953 2113 2024 3

450 2051 482 2106 et
494 2043 718 2126 Apostolorum
733 2061 804 2105 esse
819 2040 1075 2104 veraces.Nlhilo
1092 2041 1199 2103 minus
1254 2045 1339 2126 quod
1360 2045 1441 2107 Deus
1462 2044 1607 2125 praestitit
1626 2043 1778 2106 Ecclesiae
1801 2063 1865 2106 sua
1885 2043 1997 2122 ubique
2112 2031 2113 2092 ξ

449 2149 568 2224 negant
582 2141 697 2204 Christi
712 2141 895 2222 passionem
909 2159 946 2202 ac
961 2140 1201 2221 deitatem,per-
1254 2142 1394 2223 dillusae,
1417 2150 1452 2204 ut
1475 2161 1554 2224 gens
1578 2141 1685 2204 Judaa
1710 2142 1823 2204 merito
1848 2140 1997 2205 debellata
2112 2177 2113 2182 κ

451 2256 665 2319 sonarumque
680 2236 853 2299 trinitatem
869 2237 902 2298 in
918 2236 1031 2314 Deo,et
1046 2236 1109 2299 alia
1124 2237 1200 2298 mul·
1255 2249 1287 2303 et
1311 2260 1368 2322 par
1391 2249 1490 2302 terras
1515 2240 1670 2321 dispersa,
1688 2239 1817 2303 codices
1838 2240 1998 2322 Propheta·
2112 2233 2113 2238 ’

450 2344 483 2398 ta
496 2356 567 2417 qua
581 2337 614 2398 in
629 2337 703 2398 novi
718 2335 910 2398 Testamenti
926 2334 1092 2416 scripturis
1111 2355 1201 2418 aper·
1255 2359 1338 2419 rum,
1355 2358 1433 2421 quos
1449 2339 1623 2419 allegamus
1639 2357 1696 2420 pro
1715 2336 1781 2401 lide
1801 2347 1920 2418 nostra,
1936 2339 2000 2400 ubi-

451 2436 573 2498 tissime
592 2435 795 2500 continentur
810 2454 846 2497 ac
861 2443 1045 2497 asseruntur
1058 2457 1066 2508 3
1083 2435 1138 2497 sad
1152 2437 1201 2514 (ut
1255 2457 1317 2518 que
1333 2445 1482 2518 portaret,
1499 2445 1530 2499 et
1545 2436 1676 2499 inimica
1691 2436 1767 2498 lidei
1782 2446 1898 2500 nostrae
1917 2436 1999 2498 testis

450 2533 565 2613 fertur)
584 2528 778 2615 respondent
798 2533 882 2614 quod
906 2533 1077 2595 Christiani
1100 2534 1201 2595 Evan-
1256 2534 1349 2598 lieret
1373 2535 1515 2598 veritatis
1540 2533 1618 2596 lidei
1644 2543 1772 2613 nostre,
1798 2555 1839 2598 ne
1867 2555 1885 2597 a
1913 2534 2000 2597 nobis

450 2632 526 2715 gelii
548 2641 580 2695 et
597 2632 733 2694 aliarum
751 2631 827 2694 novi
849 2631 1042 2693 Testamenti
1066 2630 1202 2713 scriptu·
1256 2632 1330 2694 talia
1351 2640 1537 2714 putarentur
1557 2632 1746 2714 composita.

451 2750 558 2794 rarum
591 2749 699 2794 veram
727 2738 822 2812 atque
851 2737 1025 2792 correctam
1053 2748 1118 2792 non
1147 2729 1201 2790 ha·
1296 2731 1436 2812 Denique
1470 2730 1502 2793 id
1537 2730 1715 2810 sciendum,
1744 2732 1830 2813 quod
1864 2739 1998 2814 tempore

451 2831 548 2892 beant
581 2829 731 2901 litteram,
768 2828 823 2891 sed
858 2827 1033 2890 inliciatam
1071 2851 1079 2888 z
1116 2827 1200 2908 quod
1257 2829 1448 2911 praeallegati
1472 2829 1611 2892 doctoris
1631 2829 1677 2892 sic
1696 2828 1758 2892 tuit
1783 2829 1868 2892 sicut
1891 2830 1923 2892 in
1948 2849 1998 2892 sua

451 2929 633 3008 asserendo,
649 2928 682 2989 in
697 2927 939 2990 hlanichaeorum
953 2927 1100 2990 haeresim
1115 2927 1201 2989 dela·
1256 2928 1368 2991 scribit
1391 2927 1535 3009 epistola.
1553 2927 1778 2992 Verumtamen
1801 2928 1930 2992 interim
1950 2929 1999 2991 ob

451 3027 581 3090 buntur.
608 3027 725 3108 Estque
753 3025 906 3107 perfacile
935 3033 1000 3087 tam
1025 3025 1136 3088 rudem
1162 3044 1199 3087 ac
1215 3031 1242 3093 C·
1256 3026 1455 3089 stinatissimi
1467 3027 1565 3090 ludaei
1580 3025 1617 3088 in'
1628 3027 1789 3107 aliquibus
1804 3027 1885 3091 locis
1900 3046 1999 3091 corru-

452 3126 584 3187 stultum
610 3126 780 3206 reprobare
805 3142 967 3199 errorem;
995 3133 1026 3187 et
1054 3123 1200 3206 quamvis
1256 3135 1370 3209 perunt
1394 3126 1532 3189 litteram
1552 3127 1813 3209 propheticorum
1839 3128 1996 3204 librorum,

368 3254 436 3283 ,saa
451 3224 483 3286 in
500 3224 604 3305 primo
619 3223 727 3285 libello
742 3222 774 3284 id
790 3221 911 3285 lactum
926 3222 979 3302 sit,
993 3231 1099 3285 tamen
1114 3241 1200 3284 nunc
1255 3224 1338 3288 sicut
1371 3224 1518 3307 superius
1551 3233 1670 3287 tactum
1701 3233 1770 3305 est;
1800 3234 1833 3288 et
1859 3227 2100 3294 doctorcsarraa

450 3321 579 3403 planius
601 3320 670 3383 liet.
1254 3322 1355 3384 nostri
1375 3322 1431 3402 qui
1455 3322 1641 3385 Hebraicam
1667 3323 1810 3404 linguam
1835 3330 1998 3399 noverunt,

489 3420 625 3497 Interea,
654 3419 765 3483 doctor
793 3438 876 3502 sape
905 3419 1135 3501 praeallegatus,
1165 3419 1197 3481 in
1256 3421 1288 3485 id
1304 3420 1592 3504 deprehenderunt.
1611 3420 1670 3484 Sed
1684 3421 1866 3484 Judaeorum
1886 3421 2000 3484 lalsita·

451 919 647 995 Reprobetic
666 919 852 995 infidelium
876 917 1090 976 asserentium
1114 918 1201 994 quod

493 1033 553 1075 nos
578 1015 762 1076 Christiani
790 1033 856 1073 nort
883 1015 1058 1074 habeamus
1086 1032 1199 1072 cerum

491 1122 589 1191 atque
602 1121 784 1172 correctum
798 1113 974 1188 Evangelii
991 1113 1200 1190 aliarumque

491 1212 739 1287 seripturarum
758 1219 896 1270 textum.

450 3518 585 3600 epistola
600 3536 657 3579 sua
671 3525 781 3580 contra
796 3518 967 3579 falsitatem
982 3517 1065 3579 hanc
1080 3516 1199 3598 plenis·
1257 3528 1320 3583 tem
1335 3539 1373 3581 ex
1386 3519 1457 3583 aliis
1473 3519 1733 3583 translationibus
1748 3518 1892 3601 antiquis
1913 3529 1999 3600 atque

449 3618 528 3680 sime
543 3606 793 3699 argumentatur,
810 3616 974 3696 alloquens
994 3635 1196 3678 sarracenum
1256 3619 1448 3682 authenticis
1477 3638 1495 3681 a
1522 3618 1638 3681 iudaeis
1670 3617 1865 3681 doctissimis
1898 3618 1997 3693 lactis,

448 3716 500 3778 cui
516 3715 646 3798 scripsit
660 3716 834 3795 doctorem,
851 3722 884 3777 et
897 3714 1008 3777 dicens
1025 3738 1032 3775 ε
1049 3714 1127 3788 Quia
1143 3734 1197 3777 vos
1255 3739 1333 3800 quas
1348 3736 1465 3799 negare
1485 3725 1658 3799 nequeunt,
1673 3718 1944 3798 demonstramus,
1959 3716 2000 3779 ri-

448 3814 613 3878 Sarraceni
644 3832 796 3895 magnum
825 3813 944 3895 putatis
978 3811 1138 3893 refugium
1168 3821 1200 3875 et
1254 3818 1368 3880 delicet
1390 3836 1427 3879 ex
1449 3816 1655 3878 translatione
1677 3816 1888 3898 Septuaginta
1910 3817 2000 3877 inter-

449 3912 700 3977 consolatiouem
728 3920 822 3994 atque
857 3932 985 3976 causam
1014 3911 1131 3974 habere
1159 3912 1198 3973 ad
1254 3922 1391 3997 protum,
1409 3934 1446 3977 ex
1461 3914 1667 3977 translatione
1682 3933 1809 3995 quoque
1824 3914 1996 3993 Chaldaica,

448 4012 678 4093 protegendum
694 4029 763 4089 vos,
779 4012 906 4091 quando
921 4010 1028 4073 dicitis
1050 4030 1108 4073 nos
1131 4029 1200 4073 cor·
1254 4013 1330 4076 item
1347 4032 1385 4075 ex
1399 4012 1551 4075 correctis
1573 4021 1605 4075 et
1626 4011 1860 4093 antiquissimis
1880 4012 1996 4075 bibliis.

449 4110 572 4192 rupisse
598 4110 789 4191 Scripturas,
805 4116 838 4171 et
861 4128 879 4171 a
906 4109 1033 4171 tramite
1056 4108 1198 4171 veritatis
1255 4112 1478 4173 Verumtamen
1493 4111 1546 4175 illa
1561 4108 1721 4192 corruptio
1737 4128 1939 4193 nequaquam
1955 4118 1999 4173 est

447 4209 505 4271 has
519 4207 718 4285 distorsisse3
734 4226 806 4287 ego,
818 4206 844 4268 si
860 4206 935 4268 mihi
949 4225 1058 4269 aurem
1073 4226 1199 4270 accom-
1215 4212 1239 4274 D
1255 4218 1341 4272 tanta
1366 4218 1400 4272 ut
1424 4228 1461 4272 ea
1486 4227 1580 4290 quam
1606 4209 1700 4272 nobis
1725 4208 1876 4273 intinctas
1905 4209 1999 4293 impe

448 4307 578 4371 modare
603 4306 693 4386 velis,
709 4306 742 4367 in
767 4306 898 4369 veritate
922 4307 1099 4387 respondeo
1123 4307 1198 4388 quia
1255 4316 1365 4371 nunt·:
1390 4306 1547 4388 siquidem
1572 4306 1606 4369 in
1630 4326 1695 4371 uno
1719 4308 1885 4371 dumtaxat
1908 4308 1998 4371 verbo

447 4424 612 4486 nunquam
633 4412 696 4465 tam
716 4404 951 4467 abhorrendum
972 4413 1004 4467 et
1025 4423 1043 4466 a
1065 4404 1198 4468 veritate
1256 4414 1309 4470 aut
1332 4404 1439 4469 vorbis
1465 4404 1666 4487 paucissimis
1688 4412 1746 4483 est,
1770 4406 1820 4469 vel
1840 4406 1948 4488 potius
1968 4406 1998 4467 in

448 4504 588 4568 alienum
603 4502 735 4565 verbum
751 4501 883 4580 dixistis,
902 4522 961 4565 nec
982 4510 1046 4564 tam
1069 4503 1198 4565 inanem
1256 4503 1480 4568 terminatione
1512 4522 1568 4565 seu
1603 4500 1714 4565 ultima
1743 4503 1864 4584 syllaba
1893 4503 1996 4579 verbi;

448 4613 481 4668 et
495 4602 609 4665 lalsam
623 4602 838 4683 objectionem
858 4601 1042 4663 Christianis
1062 4601 1195 4665 lecistis.
1255 4603 1418 4686 corruptio
1443 4620 1518 4665 vero
1543 4620 1613 4683 qua
1637 4600 1730 4665 nobis
1755 4602 1941 4684 imponitur,
1957 4603 2000 4665 in-

448 4704 497 4766 An
513 4699 665 4783 ignoratis
679 4699 868 4763 discordiam
888 4719 957 4781 quae
977 4709 1025 4763 est
1045 4700 1129 4763 inter
1147 4701 1199 4762 Ju·
1256 4703 1380 4765 tardum
1402 4700 1525 4783 integra
1546 4699 1708 4763 concludit
1729 4701 1880 4781 capitula,
1899 4712 1934 4766 ut
1954 4710 1999 4765 est

448 4802 534 4864 daos
554 4809 584 4862 et
604 4818 663 4863 nos
683 4800 724 4862 ab
744 4799 884 4861 adventu
905 4799 1020 4861 Christi
1043 4818 1143 4881 usque
1165 4800 1198 4862 in
1256 4808 1320 4862 tota
1348 4800 1480 4863 historia
1508 4798 1666 4880 passionis
1696 4798 1998 4881 resurrectionisque

447 4900 550 4963 linem
576 4898 696 4976 saeculi,
713 4906 931 4978 quantumque
950 4897 1048 4960 iudaei
1074 4899 1200 4961 oderint
1255 4899 1380 4976 Christi,
1407 4917 1486 4979 quas
1510 4904 1575 4959 tam
1599 4896 1763 4959 Sarraceni
1788 4915 1886 4978 quam
1913 4896 1998 4960 ldan'r

449 4999 619 5076 Christum,
636 5016 731 5078 quem
756 4995 912 5058 colimusl
928 5004 960 5057 et
983 5005 1090 5059 tamma
1115 5016 1200 5059 aam—
1256 4997 1335 5060 ohaei
1358 4996 1548 5078 impiissime
1570 5002 1698 5075 negant.

449 5098 522 5161 dem
543 5096 659 5159 veteris
686 5094 876 5156 Testamenti
896 5094 1085 5174 scripturam
1103 5094 1199 5157 habe-
1296 5094 1532 5175 Consequenter
1549 5094 1660 5157 doctor
1678 5093 1732 5156 ille
1753 5094 1786 5155 in
1811 5114 1869 5157 sua
1895 5092 2000 5159 scribit

449 5216 521 5260 mus
545 5193 716 5271 cumillis,
742 5192 874 5254 necilli
899 5192 933 5254 in
957 5193 1017 5255 ista
1042 5194 1199 5275 scriptura
1255 5192 1390 5273 epistola
1416 5215 1423 5253 :
1450 5192 1481 5254 Si
1508 5210 1583 5255 vero
1611 5192 1707 5255 etiam
1736 5192 1828 5257 nobis
1857 5194 1997 5276 objicias,

449 5296 568 5378 aliquid
597 5310 811 5377 corrumpere,
838 5299 971 5371 mutare,
1000 5292 1115 5355 addere
1144 5301 1198 5354 aut
1257 5292 1341 5375 quod
1357 5292 1546 5374 scripturam
1561 5290 1662 5355 sancti
1683 5290 1848 5375 Evangelii
1871 5292 2000 5356 mutavi-
