4309 6250
437 476 495 542 teo
675 494 715 540 ns
735 491 899 540 erumnam
919 490 957 537 nr
977 489 1126 537 annotans
1146 490 1174 534 a.
1197 490 1228 535 v.
1251 488 1368 563 traam,
1389 490 1477 537 creua
1498 490 1538 536 ιν.
1560 510 1602 521 -
1621 493 1692 541 aar.
1714 493 1748 539 rx

436 684 473 728 ac
494 662 608 726 tribuit
627 681 660 725 se
682 660 728 723 illi
748 660 781 723 in
805 658 983 743 praemium,
1009 658 1042 720 in
1067 664 1186 720 sortem
1200 659 1226 720 A
1241 657 1346 722 ctione
1361 658 1429 720 dari
1450 659 1553 740 potuit
1570 668 1625 723 cut
1643 661 1752 724 decuit
1771 668 1932 724 creature.
1946 661 1981 723 lit

437 769 470 826 et
489 759 725 844 possessionem
747 766 909 822 aeternam.
1241 755 1322 818 sicut
1350 776 1424 819 vere
1452 776 1490 819 ac
1519 777 1648 839 prorsus
1676 758 1867 822 felicissima
1894 758 1981 839 Virgo

298 883 336 927 ua.
350 883 367 935 ι,
381 888 423 929 „a
478 859 511 921 Si
526 858 643 939 itaque,
659 856 748 938 juxta
767 854 951 938 praehabita,
968 861 1053 917 recte
1074 870 1187 933 pense-
1241 852 1349 915 luitin
1365 853 1429 917 vita
1444 853 1503 917 bac
1520 874 1584 936 prae
1599 856 1723 919 cunctis
1737 856 1907 919 adorandae
1924 855 1982 917 'fri-

287 960 423 1055 ᾖξ’·,ῗᾞρ
439 976 510 1019 mus
535 974 571 1019 ac
601 954 660 1017 rite
684 953 866 1015 intueamur
888 969 984 1032 quam
1008 968 1132 1012 summe
1155 956 1187 1011 et
1241 950 1331 1012 nitati
1347 949 1602 1033 familiarissima,
1610 961 1718 1034 utpote
1731 954 1795 1017 Deo
1810 952 1894 1016 Patri
1909 972 1984 1016 com·

288 1041 368 1125 ιιιῖιξ
385 1040 424 1115 rsus
439 1051 740 1134 incomparabiliter,
766 1068 861 1131 quam
887 1066 964 1129 pure
988 1056 1084 1127 atque
1108 1054 1187 1109 tota-
1240 1048 1413 1129 parentalis
1452 1049 1586 1131 ejusque
1623 1050 1792 1133 singularis
1827 1058 1861 1113 et
1896 1050 1983 1112 unica

287 1133 381 1248 {w
391 1147 421 1185 ¹¹¹¹
438 1151 519 1228 liter,
537 1168 631 1233 quam
652 1147 793 1231 perfecte
807 1154 839 1209 et
854 1143 1117 1208 inaestimabiliter
1138 1162 1187 1205 re-
1241 1163 1368 1227 sponsa,
1384 1155 1479 1227 atque
1494 1147 1653 1229 Unigeniti
1667 1148 1723 1211 Dei
1737 1148 1881 1211 (ianitrix
1901 1168 1981 1227 vers,

436 1256 593 1328 verenter,
617 1244 844 1328 benignissima
868 1251 901 1306 et
924 1240 1185 1323 incomparabilis
1239 1262 1276 1305 ae
1310 1244 1445 1325 Spiritus
1480 1245 1588 1308 Sancti
1616 1246 1799 1325 sacrarium,
1816 1246 1981 1325 thalamus,

436 1349 526 1429 virgo
541 1345 635 1408 Μανία
655 1344 688 1406 in
708 1342 864 1407 Creatoris
883 1361 920 1404 ac
941 1340 1112 1403 Salvatoris
1134 1339 1183 1401 sui
1239 1342 1384 1422 thronus,
1402 1342 1599 1421 triclinium3
1617 1344 1662 1407 ita
1684 1345 1718 1406 in
1742 1362 1842 1427 regno
1867 1345 1984 1409 coelesti

435 1445 547 1509 arserit
571 1443 714 1520 caritate,
740 1439 866 1503 fulserit
889 1440 989 1517 cultu,
1012 1437 1185 1501 excesserit
1240 1448 1288 1502 est
1316 1442 1543 1522 supersubiimi
1568 1441 1714 1506 Trinitati
1738 1442 1984 1507 familiarissime

435 1544 597 1622 servitute,
620 1549 652 1605 et
677 1541 711 1603 in
735 1539 806 1620 ejus
832 1536 1113 1619 contemplatione,
1130 1535 1185 1597 ad·
1239 1557 1276 1600 ac
1302 1538 1514 1602 secretissime
1534 1540 1657 1621 juncta,
1672 1541 1807 1623 ejusque
1829 1542 1985 1623 perspica-

433 1641 585 1719 haasione,
601 1636 809 1703 honoratione
825 1634 1184 1715 indesinenterquieve·
1239 1636 1377 1714 cissima,
1408 1637 1658 1717 profundissima
1682 1659 1719 1702 ac
1744 1639 1984 1703 deliciosissima

434 1740 487 1819 rit,
503 1746 657 1820 occupata
672 1736 855 1816 intentaque
873 1732 992 1810 fuerit3
1009 1732 1183 1814 poterimus
1240 1735 1482 1817 contemplatrix
1503 1736 1631 1800 effecta.
1647 1738 1801 1819 Denique,
1819 1738 1905 1800 sicut
1926 1758 1984 1820 pra

436 1846 607 1919 utcumque
627 1852 797 1918 proposse
820 1831 998 1913 intelligere
1020 1849 1116 1911 quam
1137 1829 1184 1891 in·
1200 1835 1222 1895 B
1240 1834 1360 1896 cunctis
1382 1834 1442 1896 fuit
1463 1835 1496 1895 in
1517 1835 1599 1897 valle
1618 1836 1677 1897 bac
1697 1836 1900 1899 lacrimarum
1919 1856 1985 1917 gra·

435 1934 691 2018 comparabiliter
705 1932 854 2015 gloriose,
867 1937 1059 2007 reverenter,
1068 1928 1184 2009 jucun·
1239 1932 1284 1994 tia
1301 1932 1396 2014 plena
1418 1934 1600 2015 meritisque
1624 1935 1800 2015 abundans,
1816 1944 1850 1998 et
1864 1935 1984 1998 Christo

433 2035 473 2097 de
488 2034 530 2096 sit
545 2054 563 2096 a
578 2030 842 2115 superbenedicta
856 2028 1008 2091 Trinitate
1024 2035 1182 2107 suscepta,
1238 2049 1414 2111 compassa,
1431 2032 1506 2093 etei
1522 2032 1556 2093 in
1571 2033 1699 2115 propria
1721 2052 1859 2115 persona
1879 2051 1986 2115 corpo-

433 2132 622 2216 emplexata,
649 2128 842 2208 deosculata,
867 2145 904 2189 ac
930 2126 1050 2188 lumine
1074 2124 1184 2206 glorias
1239 2128 1346 2190 raliter
1360 2147 1397 2190 ac
1412 2128 1619 2209 spiritualiter
1634 2130 1797 2209 serviens;
1814 2131 1858 2193 ita
1880 2131 1914 2193 in
1934 2151 1986 2213 pa·

434 2230 618 2314 adimpleta,
643 2228 795 2291 beatifica
820 2226 942 2290 visione
968 2231 1183 2301 remunerata,
1239 2225 1342 2289 radiso
1364 2226 1486 2289 coelesti
1509 2235 1557 2289 est
1575 2227 1870 2310 incomparabiliter
1887 2230 1986 2310 gloria

435 2329 622 2392 suavissima
649 2326 779 2390 Deitatis
807 2324 959 2387 fruitione
988 2321 1119 2406 perfusa
1145 2341 1183 2384 ac
1238 2324 1343 2406 plena,
1360 2324 1500 2407 praemiis
1524 2326 1664 2407 copiose,
1684 2325 1808 2390 Christo
1829 2327 1986 2408 conglori-

435 2427 673 2511 superimpleta,
689 2424 768 2487 etin
790 2423 886 2486 totius
909 2419 1184 2504 superessentialis
1239 2421 1335 2485 ficata
1355 2442 1393 2489 ae
1414 2423 1558 2503 proxime
1577 2424 1700 2505 juncta.

435 2533 711 2609 supersanctsaque
726 2521 888 2585 Trinitatis
908 2520 1101 2583 consortium
1121 2517 1185 2580 ele
1278 2520 1385 2602 ltaque
1420 2540 1544 2603 sponsas
1572 2542 1637 2585 suaa
1666 2523 1831 2605 singulari,
1862 2524 1988 2587 carissi·

434 2632 621 2707 vata,atque
635 2620 844 2684 ineffabiliter
858 2620 1050 2682 excellenter
1063 2636 1186 2679 assum·
1238 2638 1308 2697 mac,
1335 2618 1541 2699 fidelissimas,
1565 2620 1799 2703 pulcherrimas,
1825 2622 1988 2686 sanctissi-

434 2732 489 2805 pta
503 2723 542 2785 ad
564 2721 756 2804 gustandum
777 2718 931 2801 plenarie,
948 2718 987 2780 ad
1009 2716 1184 2778 videndum
1238 2736 1309 2797 mae,
1325 2719 1564 2800 comparentali,
1581 2719 1621 2783 dc
1635 2720 1732 2801 hujus
1753 2720 1827 2783 vita
1848 2721 1987 2784 miseriis

435 2821 624 2900 clarissime,
649 2838 744 2901 quam
770 2816 899 2879 infinite
924 2815 1028 2879 dulcis
1052 2833 1090 2877 ao
1114 2832 1185 2897 spe·
1238 2817 1278 2878 ad
1302 2815 1463 2879 coelestem
1488 2818 1663 2880 thalamum
1686 2820 1883 2899 ascendenti,
1905 2819 1988 2882 Deus

435 2922 541 2985 ciosus
563 2922 606 2983 sit
629 2920 723 2998 lleus,
740 2925 772 2981 et
790 2936 872 2999 quae,
888 2916 991 2998 qualis
1010 2934 1047 2977 ac
1066 2922 1185 2995 quanta
1239 2913 1328 2976 Pater
1348 2915 1579 2996 jucundissime
1593 2934 1631 2978 ac
1645 2916 1876 2998 gratiosissime
1898 2917 1989 2982 obvi-

435 3020 476 3083 sit
495 3020 657 3083 beatitudo
671 3026 702 3081 et
717 3016 817 3100 glorie
839 3013 1098 3097 superaltissimus
1119 3011 1185 3075 Tri·
1203 3009 1224 3072 C
1239 3012 1317 3091 avit,
1334 3012 1514 3095 amplexum
1535 3022 1568 3076 et
1585 3015 1732 3077 osculum
1755 3014 1989 3079 inaestimabilis

434 3118 543 3181 nitatis
565 3116 726 3200 :qualiter
748 3123 813 3179 tres
839 3112 1130 3196 superfelicissimae
1153 3118 1186 3173 et
1239 3109 1445 3193 dignationis,
1461 3111 1625 3176 suavitatis
1640 3121 1672 3176 ct
1686 3112 1775 3195 pacis
1790 3113 1936 3196 praebens
1957 3123 1990 3177 et

435 3215 800 3300 superpraastantissimaa
823 3213 967 3276 Persona
988 3231 1022 3275 se
1044 3211 1183 3273 invicem
1239 3209 1424 3291 imprimens
1452 3210 1493 3273 ei.
1523 3210 1775 3293 Unigenitusque
1803 3213 1859 3275 Μαί
1886 3212 1989 3277 Μίίίαα

434 3316 624 3378 aeternaliter
639 3311 910 3394 superclarissime
927 3311 1120 3388 intueantur,
1132 3328 1185 3370 su·
1238 3307 1366 3370 Matrem
1387 3327 1476 3370 suam
1501 3309 1721 3390 dignissimam
1746 3309 1907 3374 consimili
1932 3311 1990 3374 ob-

434 3412 729 3496 perferventissime
742 3410 887 3493 diligant,
902 3407 1183 3490 superduleissime
1239 3404 1389 3483 viatione,
1405 3405 1650 3484 deosculatione,
1671 3407 1830 3488 amplexu,
1852 3407 1990 3472 bonora-

433 3511 661 3594 perfruantur;
690 3509 827 3591 qualiter
854 3507 954 3570 liilius
982 3504 1184 3569 emanatione
1239 3504 1296 3584 vit,
1322 3505 1474 3586 suscepit,
1500 3505 1677 3568 adstrinxit.
1707 3505 1760 3568 Sic
1789 3515 1821 3568 et
1848 3506 1989 3588 Spiritus

433 3613 473 3674 ad
489 3611 572 3674 intra
586 3618 618 3673 et
631 3608 836 3692 generatione
855 3616 972 3671 aeterna
990 3606 1186 3687 producatur
1239 3602 1373 3663 Sanctus
1404 3622 1460 3665 vas
1494 3622 1587 3665 suurn
1619 3603 1864 3667 dilectissimum
1890 3613 1989 3685 etque

434 3709 567 3787 aPatre‚
584 3717 617 3771 et
630 3707 765 3790 Spiritus
780 3707 913 3769 Sanctus
934 3703 1126 3767 mtemaliter
1146 3722 1183 3765 ac
1239 3700 1483 3763 mundissimum
1521 3700 1589 3782 pari
1628 3700 1810 3766 obviatione
1847 3703 1993 3785 comple-

434 3805 776 3890 superdeliciosissime
800 3803 941 3887 profluat
964 3802 1003 3864 ab
1026 3810 1182 3883 utroque3
1239 3806 1339 3879 ctens,
1366 3807 1429 3860 tam
1454 3819 1577 3861 smnme
1605 3807 1637 3862 et
1659 3800 1864 3882 singulariter
1885 3802 1993 3864 edim-

433 3912 551 3987 quanta
566 3905 607 3966 sit
621 3903 718 3985 hujus
733 3899 1110 3984 supervenerandissimaa
1122 3899 1185 3960 Tri·
1238 3895 1340 3978 plevit
1362 3897 1441 3959 illud
1467 3897 1554 3959 omni
1575 3896 1738 3978 felicitate,
1760 3899 1853 3962 donis
1873 3917 1912 3962 ac
1932 3901 1993 3963 do-

433 4002 541 4065 nitatis
561 4000 792 4084 complacentia
817 4008 938 4078 mutua,
955 4016 1049 4080 quam
1075 4016 1185 4080 super·
1239 3994 1323 4056 tibus
1344 3995 1465 4076 glorias,
1488 4013 1585 4076 quam
1608 3995 1785 4058 eminenter
1809 3996 1889 4059 illud
1913 4007 1991 4062 ante

432 4100 561 4162 infinita
575 4099 698 4178 laetitia,
713 4117 808 4181 quam
824 4099 981 4160 immensa
996 4095 1037 4157 sit
1050 4095 1183 4177 abyssus
1238 4093 1425 4175 impleverat
1459 4094 1546 4156 omni
1580 4095 1664 4157 dono
1698 4094 1808 4176 gratita
1842 4115 1880 4158 ac
1915 4096 1991 4160 vir-

434 4198 597 4281 sapientiaa
622 4197 704 4278 ejus,
729 4203 848 4276 quanta
871 4193 1071 4276 profunditas
1099 4194 1184 4275 judi·
1200 4194 1224 4255 D
1239 4201 1353 4254 tutum.

434 4297 557 4360 ciorum
584 4295 698 4376 ipsius,
727 4301 845 4374 quanta
878 4292 1184 4372 incomprehensibi·
1277 4291 1350 4352 ldeo
1375 4297 1460 4353 recte
1483 4289 1631 4353 disseruit
1654 4291 1849 4372 Augustinus
1866 4315 1874 4355 ι
1891 4292 1945 4374 Te,
1967 4313 1990 4359 o

435 4395 507 4459 litas
532 4392 707 4475 majestatis
727 4392 839 4475 ipsius,
856 4409 951 4473 quam
971 4409 1102 4472 prorsus
1125 4391 1184 4452 im·
1237 4388 1343 4468 Μανία,
1359 4388 1429 4470 ipse
1447 4389 1511 4452 Rex
1532 4407 1655 4470 regum,
1671 4398 1706 4452 ut
1725 4389 1854 4454 Matrem
1875 4411 1990 4457 veram
2010 4427 2116 4482 mn„

435 4512 547 4557 mensa
568 4491 756 4556 excellentia
777 4489 859 4571 ejus.
1237 4495 1270 4550 et
1297 4488 1444 4551 decoram
1468 4506 1617 4571 sponsam
1645 4507 1710 4570 praa
1737 4488 1886 4554 omnibns
1912 4492 2038 4556 dili-¹⁸·

475 4592 556 4655 Ecca
571 4591 605 4653 in
620 4590 769 4654 omnibus
783 4590 834 4652 bis
848 4588 1105 4672 praeelectissima
1120 4589 1184 4650 vir·
1236 4605 1327 4668 gens,
1335 4587 1451 4650 amoris
1464 4587 1613 4669 amplexu
1628 4587 1689 4650 sibi
1705 4588 1883 4669 consociat3
1896 4591 1992 4656 item·

434 4709 475 4773 go
490 4689 596 4768 Μανία,
613 4707 678 4772 prm
693 4687 780 4752 omni
801 4695 908 4751 mente
930 4695 1035 4750 creata
1056 4687 1090 4750 in
1112 4705 1183 4750 esse
1237 4703 1299 4767 que
1316 4709 1323 4748 ε
1339 4684 1404 4748 Nec
1418 4686 1546 4766 mimm,
1558 4705 1577 4750 ο
1591 4686 1697 4766 Μανία,
1714 4696 1749 4751 ut
1761 4687 1912 4769 dignetur
1925 4691 1991 4756 tibi

436 4797 541 4852 creato
569 4788 771 4869 subsistente,
798 4795 861 4850 tam
889 4785 1184 4868 incomparabiliter
1238 4786 1436 4867 congaudere
1459 4786 1541 4849 Deus
1563 4805 1699 4867 regnans
1718 4786 1751 4849 in
1770 4786 1871 4866 coelis,
1887 4807 1991 4870 quem

434 4907 569 4970 summe,
595 4887 735 4971 perfecte
759 4896 792 4952 et
814 4888 956 4970 proxime
980 4895 1029 4950 est
1052 4885 1182 4948 Deitatis
1237 4884 1406 4967 parvulum
1420 4903 1458 4946 ex
1472 4892 1503 4946 te
1518 4884 1681 4947 bominem
1696 4892 1817 4963 natum,
1833 4886 1928 4950 toties
1948 4908 1991 4952 es

434 4987 498 5050 luci
520 4987 681 5066 immersa,
697 4986 857 5049 Trinitatis
882 4985 995 5068 abysso
1020 4984 1181 5067 absorpta,
1237 4983 1378 5045 osculata
1391 4981 1425 5042 in
1440 4982 1542 5045 terris.
1559 4982 1639 5044 Hinc
1660 4991 1693 5044 et
1712 4982 1890 5046 Bernardus
1903 4987 1995 5067 opti·

435 5087 594 5167 totiusque
623 5085 735 5149 secreti
764 5084 932 5148 secretaria
960 5084 1055 5162 facta,
1085 5083 1182 5147 totius
1238 5101 1289 5144 me
1303 5079 1777 5145 contestaturzProlundissime
1791 5082 1873 5144 ultra
1887 5100 1991 5163 quem

433 5187 542 5268 gloriae
568 5205 698 5250 consors
717 5184 846 5265 effecta,
862 5191 1015 5267 quantum
1035 5183 1104 5246 sine
1128 5184 1183 5265 by·
1237 5180 1324 5243 credi
1346 5179 1440 5257 valet,
1456 5178 1573 5241 divinas
1593 5178 1754 5260 sapientiae
1772 5179 1868 5242 Μανία
1888 5198 1993 5261 pene-

434 5286 589 5372 postatiea
603 5285 721 5349 unione
740 5291 773 5347 et
790 5283 851 5345 sub
868 5280 1027 5366 personali
1048 5281 1183 5363 eonjun-
1237 5279 1333 5342 travit
1345 5279 1504 5361 abyssum,
1520 5286 1556 5340 ut
1569 5284 1722 5360 quantum
1741 5277 1811 5342 sine
1825 5282 1993 5361 personali
