4309 6250
1480 534 1551 580 aar.
1574 534 1638 581 ιιιι
1662 515 1723 582 tte

239 526 281 572 DE
300 526 510 574 contomnitis
531 529 625 576 Sffll
646 529 813 576 ronrnlms
834 529 871 576 ΕΤ
892 530 1062 578 crumnis
1082 530 1223 591 conatur,
1245 533 1334 580 hiesu
1352 535 1398 580 111.
1420 552 1460 564 -

176 695 368 778 fragabilem
398 697 561 762 veritatem
595 699 764 782 insurgunt
795 701 924 781 quidam
940 702 965 763 A
981 701 1164 784 apostolica
1187 703 1261 766 Sedi
1286 703 1440 786 competit
1459 704 1638 768 universale
1659 722 1724 767 ma-

35 811 161 860 ranata.
177 796 347 859 temerarie
361 797 544 875 sentientes,
561 799 645 860 etad
661 799 862 862 sobrietatem
878 819 927 862 sa·
980 799 1142 882 gisterium
1164 820 1259 883 super
1279 810 1376 866 totam
1397 802 1583 866 Ecclesiam.

177 912 255 974 pere
282 894 472 975 nescientes,
493 895 547 978 qui
573 896 684 960 dicunt
708 899 791 978 quod
814 916 925 960 omnes
1020 898 1189 980 Hucusque
1214 900 1354 964 Ubertini
1378 901 1470 964 istius
1493 901 1613 983 scripta
1640 920 1726 965 corn·

176 992 320 1072 Apostoli
345 993 524 1057 habuerunt
552 1014 570 1056 a
595 993 718 1059 Christo
743 996 926 1059 immediate
980 998 1154 1060 memoravi
1172 1022 1180 1060 ι
1197 1000 1313 1080 quibus
1331 1007 1485 1082 quantum
1504 1002 1543 1063 ad
1565 1001 1626 1063 hoc
1640 1001 1725 1082 qnod

177 1090 412 1170 auctoritatem,
441 1093 708 1173 quemadmodum
741 1095 826 1176 apud
853 1095 926 1156 llat-
981 1095 1092 1158 asserit
1116 1095 1231 1178 Papam
1252 1117 1322 1160 esse
1340 1099 1438 1161 totius
1459 1099 1649 1162 universalis
1670 1097 1726 1160 Ec·

62 1202 147 1246 nora.
176 1188 295 1251 thaeum
320 1189 460 1271 loquitur
482 1190 557 1252 eis.
572 1191 783 1274 Quaecumque
808 1192 926 1274 ligave·
981 1192 1087 1257 clesrae
1101 1214 1264 1278 sponsum
1276 1206 1448 1278 pastorem,
1460 1206 1629 1261 rectorem·
1623 1197 1726 1278 ,quod

128 1285 251 1348 ritis
284 1306 381 1398 super
416 1297 543 1366 terram,
573 1299 634 1354 etc.
665 1291 778 1373 Sicqne
813 1309 925 1354 omues
981 1293 1056 1355 item
1073 1293 1105 1355 in
1121 1294 1191 1374 ipso
1206 1294 1246 1356 srt
1259 1295 1356 1358 tetrus
1369 1295 1603 1377 jurisdictionis
1623 1305 1655 1360 et
1672 1315 1727 1358 au-

164 1384 321 1468 xepiscopi
346 1395 534 1468 potestatem
562 1388 744 1452 immediate
773 1397 881 1452 tenent
908 1410 927 1452 a
981 1391 1137 1454 ctoritatis
1155 1392 1378 1456 ecclesiasticae
1402 1393 1603 1476 plenitudo,
1596 1412 1727 1476 ipseque

176 1483 304 1547 Christo
330 1484 413 1547 sicut
436 1493 468 1546 et
491 1486 583 1566 Papa.
600 1485 677 1548 Nam
702 1487 746 1549 ita
771 1487 823 1549 alii
845 1489 927 1568 Apo·
981 1490 1022 1552 sit
1038 1490 1192 1554 universas
1206 1491 1430 1555 ecclesiastica
1444 1492 1632 1556 hierarchia
1646 1511 1729 1555 sunr-

177 1581 252 1645 stoli
274 1582 356 1645 sicut
374 1591 405 1646 et
428 1583 548 1662 Petrus,
563 1585 782 1648 auctoritatem
808 1585 927 1667 ligandi
982 1607 1052 1650 mus
1076 1589 1253 1669 hierarcha,
1275 1591 1469 1653 concordant
1492 1591 1625 1654 aliorum
1651 1591 1728 1654 scri-

176 1691 211 1744 et
234 1681 378 1744 solvendi
394 1701 413 1744 a
431 1682 553 1747 Christo
569 1683 751 1746 immediate
765 1684 926 1765 accepisse
982 1696 1035 1769 pta
1050 1689 1227 1769 doctorum,
1235 1689 1409 1769 praesertim
1425 1690 1728 1771 Bonaventuraa,qui

177 1781 364 1844 creduntur.
394 1781 514 1856 Quibus
542 1783 782 1864 respondemus,
813 1792 845 1846 et
872 1802 927 1846 eos
982 1805 1079 1868 super
1102 1795 1250 1868 quartum
1269 1787 1504 1851 Sententiarum
1527 1789 1595 1852 base
1617 1788 1727 1853 eadem

176 1898 239 1941 suo
262 1879 391 1960 proprio
415 1887 601 1960 argumento
619 1879 767 1960 ligamus,
783 1881 927 1943 dicentes
942 1885 965 1946 B
982 1884 1103 1964 scribit,
1120 1885 1282 1966 multaque
1306 1885 1380 1964 alia,
1402 1905 1473 1967 qua
1498 1885 1667 1950 Ubertinus
1690 1905 1729 1949 ex

176 1978 264 2058 quod
281 1976 388 2059 utique
405 1995 514 2039 verum
534 1984 593 2056 est,
609 1979 693 2058 quod
714 1996 825 2040 ornnes
846 1980 928 2060 Apo-
983 1982 1110 2063 scriptis
1129 1983 1215 2046 illius
1235 1984 1411 2066 sumpsisse
1430 1985 1565 2048 videtur.
1583 1985 1621 2048 Ut
1643 1984 1729 2048 enim

177 2075 252 2138 stoli
274 2083 466 2157 acceperunt
485 2075 667 2138 immediate
685 2095 704 2138 a
725 2076 849 2140 Christo
874 2096 928 2158 po-
982 2081 1016 2142 in
1033 2081 1191 2162 prioribus
1205 2082 1341 2163 allegavi
1362 2082 1536 2164 opusculis,
1553 2082 1730 2146 secundum
1757 2098 1795 2140 in
1807 2096 1824 2147 ι
1832 2099 1875 2138 ιιι.

177 2181 336 2251 testatem,
363 2182 394 2235 et
422 2173 550 2236 vivente
578 2181 610 2236 et
638 2182 847 2237 conversante
874 2175 927 2238 hic
982 2177 1236 2241 bonaventuram
1256 2187 1351 2259 atque
1370 2179 1551 2242 [iurandum
1555 2178 1663 2260 ,Papa
1683 2179 1787 2241 est'¹'·
1744 2164 1838 2213 '¹'·¹¹l
1849 2166 1876 2217 ¹¹·

175 2271 252 2334 Jesu
277 2271 398 2334 Christo
422 2289 547 2335 summo
571 2271 734 2353 pontifice,
752 2271 826 2334 licet
850 2291 927 2353 prae·
983 2277 1080 2338 totius
1094 2296 1151 2339 seu
1166 2276 1518 2340 universalisEcclesiae
1532 2276 1646 2340 unicus
1661 2276 1732 2339 uni·
1744 2230 1785 2270 m
1793 2239 1823 2269 ⁸¹

176 2370 353 2432 honoratus
368 2369 463 2432 luerit
478 2368 622 2446 Petrus,'
615 2389 647 2430 ιιι
668 2369 793 2451 signum
808 2371 928 2434 donan-

176 2467 211 2530 di
228 2467 288 2530 sibi
305 2467 502 2551 principatus
523 2468 735 2532 successionis
754 2489 772 2531 a
790 2468 925 2532 Christo.

177 2567 299 2629 Tamen
313 2565 568 2646 jurisdictionem
588 2585 684 2648 super
703 2575 835 2644 ceteros,
854 2586 929 2630 con-

984 2373 1180 2456 versalisque
1209 2393 1357 2455 sponsus,
1380 2393 1524 2438 summus
1552 2375 1730 2454 hierarcha,

985 2480 1082 2555 caput
1109 2471 1284 2535 indivisum
1312 2481 1344 2534 et
1372 2473 1485 2553 plenus
1508 2473 1623 2536 Christi
1648 2473 1732 2536 vica·

985 2570 1050 2633 rius
1074 2594 1081 2632 ι
1106 2570 1139 2632 in
1167 2589 1230 2651 quo
1258 2570 1327 2633 solo
1355 2578 1404 2632 est
1431 2569 1609 2651 subjective
1638 2579 1733 2652 atque

178 2673 326 2727 versante
354 2665 407 2727 hic
434 2664 568 2744 Christo,
595 2684 658 2728 non
687 2667 811 2748 accepit
834 2689 841 2728 :
865 2685 928 2748 quo
985 2667 1173 2748 formaliter,
1197 2668 1373 2731 secundum
1398 2667 1523 2731 Petrum
1548 2668 1588 2732 de
1611 2668 1734 2732 Alliaco

178 2762 337 2826 crucifixo
351 2770 416 2825 eta
435 2763 568 2826 mortuis
587 2764 750 2843 suscitato,
767 2784 929 2828 successo·
987 2775 1018 2828 et
1042 2765 1284 2846 Cancellarium,
1300 2774 1418 2844 vertes,
1435 2765 1598 2848 plenitudo
1623 2776 1654 2830 et
1682 2786 1734 2829 su-

177 2879 249 2922 rem
270 2879 362 2922 suum
381 2859 522 2922 Christus
543 2860 667 2924 Petrum
688 2861 836 2942 instituit,
852 2863 928 2925 dum
988 2864 1129 2928 blimitas
1143 2864 1365 2928 ecclesiastica
1378 2865 1555 2946 potestatis.
1571 2865 1733 2940 Quomodo

177 2959 413 3040 pascendorum
433 2977 587 3040 agnorum
606 2959 778 3040 oviumque
800 2981 927 3024 suarum
987 2982 1062 3044 ergo
1077 2963 1206 3043 quidam
1222 2981 1308 3024 nuuc
1322 2961 1430 3024 dicunt
1441 2969 1473 3025 et
1487 2962 1733 3044 scribunt,qnod

177 3057 209 3120 ei
227 3076 323 3140 super
337 3065 459 3120 ceteros
474 3075 582 3119 curam
605 3058 775 3137 commisit,
793 3059 928 3123 dicendo
944 3062 966 3124 C
987 3061 1069 3143 Papa
1083 3079 1148 3124 non
1162 3069 1211 3123 est
1225 3068 1331 3143 caput,
1344 3079 1491 3144 sponsus,
1504 3059 1648 3143 pontifex
1662 3062 1733 3123 uni·

127 3190 149 3217 ι.
178 3157 259 3219 illud
284 3156 413 3219 loannis
430 3180 438 3217 ι
455 3156 564 3219 Simon
588 3157 729 3236 loannis,
746 3158 854 3239 diligis
878 3178 929 3221 mc
987 3161 1118 3223 versalis
1140 3160 1310 3223 Ecclesiaet

143 3253 253 3337 plus
277 3254 349 3316 hist
374 3252 468 3316 Pasce
493 3272 592 3335 agnos
617 3274 715 3333 meos,
741 3265 802 3319 etc.
817 3257 927 3337 .Undc,
1025 3260 1187 3337 Praeterea,
1204 3259 1243 3319 ad
1268 3258 1535 3367 prminductorum
1556 3258 1623 3339 jam
1644 3257 1732 3320 affir-

179 3353 265 3415 sicut
284 3353 389 3434 ipsum
409 3352 547 3415 ostendit
565 3351 644 3416 alios
664 3353 830 3435 Apostolos
852 3374 1015 3436 prem
985 3358 1155 3420 mationem
1172 3364 1257 3418 bota
1271 3375 1304 3417 m
1320 3356 1479 3437 prioribus
1494 3357 1692 3419 tractatulus
1684 3377 1732 3419 ιιι-
1760 3384 1877 3435 nam

178 3450 325 3514 cedere
319 3470 350 3511 ιιι
376 3469 432 3511 sua
455 3450 636 3529 dilectione,
664 3451 710 3515 sic
735 3452 839 3533 ipsum
864 3472 928 3534 pro
985 3454 1107 3519 troduxi
1127 3474 1165 3516 ex
1179 3454 1230 3515 his
1249 3472 1319 3535 quaa
1338 3462 1467 3517 sanctus
1487 3455 1602 3518 Doctcr
1621 3455 1795 3519 scribit¹'·'

179 3548 297 3612 ceteris
322 3548 480 3629 reputavit
503 3548 637 3630 dignum
662 3569 727 3613 suaa
756 3551 926 3613 auctorita·
985 3553 1018 3615 in
1038 3553 1167 3615 Summa
1186 3560 1295 3615 contra
1313 3552 1449 3633 gentiles
1471 3560 1502 3615 et
1521 3562 1630 3617 contra
1649 3553 1798 3625 Grae-etv

178 3647 231 3727 tis,
243 3646 475 3728 jurisdictionis
490 3654 521 3709 et
536 3648 698 3728 potestatis
713 3648 925 3727 successione,
984 3671 1049 3731 cos,
1066 3658 1099 3713 et
1117 3669 1213 3732 super
1232 3651 1405 3713 secundum
1428 3659 1461 3713 et
1483 3660 1628 3733 quartum
1654 3652 1731 3715 Sen-

178 3766 277 3829 quam
305 3745 338 3807 in
367 3744 471 3827 ipsum
502 3745 673 3809 transfudit
701 3746 864 3828 plenarie,
891 3766 927 3809 ac
984 3751 1155 3813 tertiarum
1175 3749 1209 3811 in
1229 3748 1371 3830 locisque
1390 3749 1473 3829 aliis,
1489 3758 1524 3811 ut
1538 3768 1620 3831 pene
1641 3748 1731 3811 fasti·

180 3864 238 3927 per
267 3844 339 3924 hoc,
371 3844 453 3907 sicut
484 3862 595 3906 omnes
627 3845 768 3927 Apostoli
802 3866 928 3928 recepe·
983 3848 1071 3910 diurn
1086 3848 1190 3930 pariat
1203 3847 1294 3929 plura
1309 3867 1347 3910 ex
1360 3847 1430 3931 ipso
1444 3847 1611 3911 adducere.
1625 3847 1730 3912 Nihilo

179 3952 255 4006 runt
270 3942 489 4005 auctoritatem
505 3943 687 4006 immediate
701 3963 719 4006 a
733 3945 926 4025 Christo,cui
984 3948 1091 4009 minus
1111 3947 1274 4009 modicum
1295 3946 1372 4027 quid
1394 3946 1556 4028 adjiciam.

177 4051 271 4107 erant
298 4041 446 4123 subjecti,
476 4043 522 4105 sic
551 4062 621 4127 eam
649 4051 830 4122 tenuerunt,
857 4054 929 4126 post
1023 4046 1142 4128 ltaque,
1159 4046 1191 4107 in
1215 4046 1356 4108 secunda
1380 4046 1538 4126 secundae,
1553 4046 1728 4127 quastione

179 4141 363 4224 passionem
378 4160 415 4203 ac
435 4140 654 4203 ascensionem
673 4140 785 4222 ipsius,
802 4142 841 4204 ab
857 4144 927 4223 ejus
983 4145 1178 4227 octogesima
1192 4144 1631 4221 octava,testatur:Quouiam
1647 4164 1729 4207 sum·
1756 4175 1832 4215 „m
1847 4173 1875 4216 ,ι

179 4238 314 4316 vicario,
340 4238 522 4301 beatissimo
548 4238 650 4317 Petro,
675 4248 707 4301 et
731 4240 761 4303 oi
786 4240 927 4322 plenarie
943 4240 966 4301 D
983 4264 1054 4305 mus
1076 4242 1219 4306 Pontifex
1239 4242 1322 4323 gerit
1340 4241 1482 4324 plenarie
1508 4242 1594 4305 vices
1613 4243 1727 4306 Christi
1743 4241 1788 4279 ³²¹·

179 4336 400 4418 subjacebant.
417 4336 494 4416 lmo,
510 4338 594 4417 quod
620 4337 691 4419 plus
717 4347 776 4417 est,
797 4347 830 4401 ut
853 4358 925 4401 cum
982 4342 1014 4403 in
1038 4350 1101 4404 totu
1123 4340 1274 4417 Ecclesia,
1291 4340 1360 4422 ipse
1381 4339 1476 4401 habet
1496 4341 1727 4422 plenitudinem

180 4434 360 4499 reverentia
388 4442 420 4497 et
449 4434 681 4515 complacentia
709 4437 927 4500 sacratissimae
982 4439 1148 4523 potestatis
1175 4438 1379 4519 dispensandi
1408 4438 1441 4499 in
1469 4438 1619 4502 omnibus
1647 4440 1728 4504 votis

179 4534 322 4616 Virginis
337 4534 458 4614 loquar,
469 4533 537 4615 ipsa
552 4542 681 4615 propter
696 4534 926 4614 plenitudinem
982 4536 1261 4619 dispensabilibus.
1274 4535 1448 4610 Quaestione
1462 4556 1590 4619 quoque
1604 4547 1730 4620 octoge-

63 4677 68 4688 .
178 4632 345 4716 potestatis
369 4631 440 4693 Filii
461 4631 509 4693 sui
529 4631 719 4693 transfusam
742 4634 773 4694 in
789 4634 924 4713 Petrum,
983 4638 1063 4699 sima
1077 4655 1172 4712 nona,
1190 4634 1466 4715 ait:Quand0que
1479 4635 1594 4716 aliquis
1608 4637 1667 4699 sub
1681 4639 1730 4720 ju·
1755 4670 1824 4710 ,m
1847 4667 1875 4710 ,a

180 4728 430 4811 recognoscebat
454 4748 487 4791 se
511 4730 544 4790 in
565 4738 717 4810 quantum
738 4739 804 4794 erat
829 4752 928 4794 mem-

179 4829 273 4892 brum
298 4828 458 4905 Ecclesia,
475 4827 508 4889 B.
525 4826 614 4891 Petro
638 4828 798 4910 praelatica
821 4839 928 4893 aucto-

180 4930 275 4993 ritate
302 4928 479 5011 subjectam
507 4951 515 4989 ι
542 4927 616 4991 licet
643 4927 677 4990 B.
707 4928 815 4991 Petrus
843 4949 924 5006 eam,
984 4930 1146 5009 nocivum,
1163 4938 1217 4992 aut
1231 4929 1417 5010 simpliciter
1431 4940 1485 4993 aut
1504 4931 1538 4993 in
1557 4932 1664 5014 aliquo
1680 4954 1730 4997 ca-

180 5028 295 5091 merito
311 5046 375 5089 sure
390 5026 550 5089 altissimae
571 5026 748 5089 sanctitatis
767 5046 803 5091 ao
824 5028 929 5110 digni-
984 5050 1020 5091 su
1038 5053 1044 5091 :
1062 5038 1094 5091 et
1123 5029 1154 5090 in
1183 5028 1243 5091 hoc
1271 5037 1375 5109 potest
1403 5028 1537 5110 quilibet
1561 5029 1730 5112 episcopus

179 5126 396 5203 tatis,summe
413 5132 610 5186 revereretur
625 5132 658 5186 ut
669 5124 723 5186 Dei
738 5124 928 5189 Genitricem
983 5128 1180 5209 dispensare.
1198 5127 1391 5207 Quandoque
1406 5146 1481 5189 vero
1497 5126 1556 5190 sub
1570 5128 1731 5209 juramen-

180 5232 213 5287 et
238 5223 336 5287 totius
359 5222 509 5285 Ecclesia
533 5222 673 5283 blatrem.
690 5258 730 5267 -
755 5222 927 5302 Postremo,
985 5234 1015 5287 to
1037 5225 1231 5305 promittitur
1248 5224 1368 5304 aliquid
1389 5225 1473 5305 quod
1493 5232 1541 5287 est
1562 5224 1730 5309 manifeste

180 5322 227 5386 ait
250 5321 303 5384 hio
327 5321 437 5384 doctor
461 5320 494 5381 in
519 5321 629 5383 eodem
653 5321 826 5401 volumine,
843 5324 926 5404 quod
986 5324 1109 5387 licitum
1128 5332 1160 5386 at
1178 5323 1280 5386 utile:
1298 5322 1377 5385 etin
1396 5322 1451 5385 tali
1466 5322 1646 5404 juramento
1665 5342 1730 5386 non

1745 3510 1782 3553 lib.
1794 3461 1825 3616 lllg
1835 3516 1876 3555 ιιι.

983 4743 1126 4797 ramento
1146 4733 1301 4815 promittit
1319 4733 1358 4795 de
1376 4752 1439 4814 quo
1461 4735 1594 4797 dubium
1618 4745 1667 4798 est
1689 4757 1730 4799 an
1743 4732 1790 4775 ³¹¹·

983 4834 1024 4895 sit
1052 4833 1174 4895 licitum
1204 4832 1254 4893 vel
1282 4832 1442 4909 illicitum,
1470 4833 1651 4914 proficuum
1672 4838 1729 4899 ive}
