4309 6250
480 836 615 987 DE
678 834 1401 989 AUCTORITATE

194 1209 414 1323 sunni
459 1206 833 1320 nonninus
864 1207 944 1317 nr
983 1204 1359 1320 dannanus
1398 1203 1684 1316 concnn

639 1531 873 1641 LIBER
917 1510 1241 1639 PRIMUS¹

764 1878 1112 1891 m—

407 2243 655 2310 PROOEMIUM
928 2200 1024 2283 Aqui
1039 2199 1204 2283 sapientie
1222 2200 1306 2265 dono
1328 2200 1488 2283 perfundi,
1504 2202 1559 2284 qui
1580 2203 1718 2286 desuper

659 2294 666 2307 ’
968 2300 1120 2363 illustrari
1135 2320 1172 2363 ac
1188 2299 1325 2377 edoceri,
1342 2299 1397 2381 qui
1412 2300 1533 2363 incerta
1547 2309 1579 2363 et
1592 2300 1718 2364 occulta
1732 2327 1826 2377 sess,

228 2403 453 2465 ONFITEOR
467 2402 540 2470 tibi,
554 2404 671 2470 Pater,
686 2402 824 2461 Domine
842 2400 916 2461 caeti
969 2398 1132 2480 sapientias
1155 2398 1211 2461 noi
1238 2397 1298 2460 sihi
1325 2397 1522 2460 manifestari
1547 2398 1717 2477 desiderat,

241 2510 273 2561 et
292 2509 402 2569 terra,
417 2501 505 2578 qaod
522 2500 721 2559 abscondisti
740 2500 807 2558 hacc
825 2518 846 2557 a
865 2519 915 2558 so·
968 2496 1148 2559 humilitate
1164 2516 1198 2559 sc
1215 2496 1339 2576 vestiat,
1356 2495 1427 2559 imo
1438 2496 1471 2557 in
1486 2496 1636 2559 omnibus
1651 2515 1720 2578 pro

156 2600 330 2675 pietatibus
352 2607 382 2657 et
402 2600 635 2674 proicientibus,
656 2606 687 2657 et
708 2598 861 2657 revelasti
877 2616 914 2657 eo
969 2594 1160 2657 iunctissime
1183 2614 1216 2657 se
1240 2594 1345 2676 ipsum
1368 2594 1528 2657 humiliet.

157 2698 326 2772 parvulis.
342 2696 466 2766 Etiam,
484 2698 599 2765 Pater,
619 2696 698 2773 quia
721 2697 768 2753 sic
786 2696 915 2770 placuit
1009 2692 1161 2773 Denique,
1175 2692 1258 2754 sicut
1277 2692 1310 2753 in
1325 2691 1454 2755 exordio
1475 2692 1644 2772 primitivae
1663 2692 1721 2755 Ec-

159 2802 241 2853 onte
256 2801 297 2853 te.
313 2792 390 2854 Luc.
406 2809 439 2871 x,
454 2790 504 2854 21.
970 2789 1075 2853 clesim
1103 2790 1185 2852 Deus
1213 2789 1416 2870 omnipotens
1441 2807 1499 2869 per
1523 2790 1721 2853 humillimos

203 2890 277 2952 Haec
302 2897 377 2951 sunt
399 2889 497 2952 verba
521 2888 679 2970 unigeniti
703 2887 772 2950 l'ilii
796 2887 851 2950 Dei
875 2889 915 2950 ad
970 2888 1084 2950 Christi
1110 2886 1298 2968 discipulos,
1326 2894 1452 2949 sanctos
1476 2887 1655 2969 Apostolos
1682 2888 1722 2950 ii-

159 2988 289 3049 Patrcm
310 2994 464 3049 aeternum
486 2986 616 3066 scripta,
637 2985 670 3047 in
692 2984 808 3067 quibus
828 2984 916 3047 Chri·
970 2987 1042 3048 dem
1065 3005 1101 3047 ac
1129 2985 1232 3067 legem
1254 2984 1472 3066 evangelicam
1496 2984 1528 3046 in
1557 2993 1623 3049 toto
1644 2986 1721 3049 orbe

161 3094 233 3148 stus
248 3084 426 3148 secundum
447 3092 592 3147 naturam
611 3091 806 3165 assumptam
820 3082 916 3165 grati·
970 3084 1201 3164 disseminavit,
1226 3083 1392 3166 plantavit,
1418 3083 1578 3164 firmavit,
1600 3084 1646 3148 sic
1670 3105 1722 3148 us-

160 3203 197 3246 as
213 3183 282 3265 agit
296 3182 378 3244 Patri
392 3191 522 3262 aeterno,
540 3200 578 3245 eo
592 3182 677 3263 quod
693 3201 749 3244 sua
765 3200 917 3263 superna-
969 3203 1031 3265 que
1053 3183 1086 3245 in
1107 3201 1246 3265 praesons
1267 3201 1323 3265 per
1346 3183 1424 3246 tales
1452 3183 1534 3244 hanc
1556 3183 1660 3264 ipsam
1682 3183 1723 3246 li-

160 3282 280 3344 turalia
293 3281 496 3358 documenta,
514 3288 627 3362 utputa
641 3278 720 3341 iidei
735 3278 916 3342 christianae
969 3282 1042 3343 dem
1057 3300 1094 3344 ac
1109 3282 1212 3364 legem
1228 3281 1460 3344 sanctissimam
1477 3280 1509 3342 in
1526 3299 1583 3344 suo
1599 3301 1722 3346 conseo

159 3378 316 3460 mysteria
330 3376 474 3458 legisque
495 3376 689 3458 evangelice
705 3382 914 3454 sacramenta,
931 3381 954 3442 B
971 3380 1058 3442 vavit
1080 3381 1201 3462 vigore,
1219 3379 1262 3442 ita
1278 3387 1314 3441 ut
1329 3398 1388 3442 nec
1408 3399 1427 3442 a
1447 3380 1601 3460 tyrannis,
1618 3399 1722 3461 neque

160 3476 342 3539 humilibus
367 3475 531 3553 revelavit,
552 3494 623 3556 quae
642 3497 660 3534 o
680 3474 915 3556 sapientibus»
971 3479 1011 3540 ab
1036 3477 1206 3557 haereticis,
1223 3496 1326 3559 neque
1347 3497 1367 3541 a
1386 3477 1476 3540 falsis
1497 3478 1648 3541 iratribus
1667 3497 1723 3560 po-

160 3583 261 3656 atque
275 3596 293 3633 a
305 3572 558 3655 prudentibus»,
576 3573 608 3634 id
623 3580 672 3634 est
686 3571 845 3654 superbis,
860 3571 916 3652 qui
970 3576 1067 3639 tuerit
1095 3577 1162 3639 haec
1193 3576 1274 3638 tides
1299 3585 1331 3639 et
1360 3577 1409 3638 lex
1434 3577 1613 3658 exstirpari.
1634 3577 1722 3639 Unde

159 3674 196 3734 in
217 3672 323 3736 oculis
337 3671 475 3754 propriis
491 3671 600 3752 magni
616 3679 648 3734 et
661 3670 747 3734 docti
762 3678 848 3749 sunt,
863 3688 916 3732 oc·
952 3712 955 3717 -
971 3674 1165 3756 sperandum
1189 3682 1238 3736 est
1262 3674 1347 3755 quod
1373 3693 1457 3736 nunc
1483 3691 1610 3755 quoquc
1634 3673 1723 3736 simi-

159 3770 309 3833 cultavit.
335 3769 609 3844 Quemadmodum
637 3769 723 3832 enim
752 3767 916 3830 humilitas
971 3772 1045 3833 liter
1068 3791 1132 3834 susc
1157 3779 1322 3834 succurret
1346 3771 1507 3850 Ecclesiae,
1529 3771 1722 3835 ecclesiasti-

158 3868 270 3932 cificit
288 3877 430 3930 mentem
448 3867 566 3930 divinat
585 3866 807 3930 illustrationis
825 3884 917 3948 capa·
971 3889 1042 3933 cam
1063 3870 1218 3933 unitatem
1241 3869 1443 3934 reformando
1465 3870 1498 3932 in
1520 3889 1568 3934 ea.

158 3987 247 4046 cem,
264 3967 343 4048 quia
360 3965 538 4029 substernit
557 3975 590 4029 ct
611 3967 743 4049 subjicit
761 3990 832 4034 cam
852 3973 916 4034 Deo

158 4066 323 4130 altissimo
335 4089 344 4144 3
360 4065 404 4127 ita
419 4064 570 4148 superbia
584 4065 747 4131 faciteam
762 4071 802 4133 ad
816 4070 918 4133 susci-

157 4165 282 4250 pienda
305 4163 482 4246 gratiarum
504 4163 695 4228 charismata
717 4187 847 4249 prorsus
869 4169 918 4233 in.
1122 4136 1367 4202 ARTICULUS
1389 4135 1565 4201 PRIMUS.

157 4265 307 4347 dignam,
323 4281 362 4326 eo
381 4263 467 4344 quod
488 4262 599 4325 reddat
617 4282 686 4327 eam
701 4265 838 4332 Creatori
859 4287 916 4334 suo
1009 4279 1057 4340 De
1075 4279 1194 4337 motivo
1213 4277 1368 4337 editionis
1387 4277 1488 4353 hujus
1508 4282 1679 4339 tractatus.

156 4362 404 4428 inobedientem
428 4369 523 4443 atquc
548 4361 710 4426 rebellem.
734 4365 815 4431 Hinc
840 4368 917 4432 scri·

32 4487 94 4536 aas,
109 4506 141 4544 m,
158 4471 258 4546 ptum
279 4470 329 4524 est
345 4460 491 4535 :Quanto
509 4479 645 4541 magnus
666 4480 711 4539 cs,
729 4463 864 4527 humilia
886 4475 916 4528 to
1042 4463 1169 4528 UARTO
1183 4462 1323 4548 capitulo
1338 4462 1378 4525 de
1392 4461 1515 4526 Divinis
1536 4462 1721 4528 nominibus

32 4559 86 4605 '·²¹·
157 4563 195 4625 in
217 4561 382 4639 omnihus,
398 4567 429 4621 et
448 4577 556 4622 coram
575 4560 639 4622 [teo
658 4560 804 4626 iuvenies
822 4560 953 4645 grati-G
974 4461 1192 4662 Omagnus
1217 4563 1270 4624 ille
1300 4560 1466 4642 theologus
1496 4561 1527 4623 S.
1552 4561 1722 4644 Dionysius

156 4682 229 4739 am,
247 4659 401 4741 quoniam
422 4657 462 4721 ab
483 4658 658 4722 humilibus
680 4660 864 4725 honoratur.
881 4662 916 4725 ln
971 4668 1164 4744 protestatur
1180 4661 1327 4724 :Bonitas
1341 4660 1452 4722 divina
1468 4659 1585 4722 dicitur
1600 4661 1720 4738 lumen,

32 4785 140 4833 minan
156 4761 280 4824 codem
295 4777 422 4839 quoque
437 4757 520 4819 libro
535 4757 692 4820 habetur:
711 4761 793 4823 Deus
808 4781 917 4844 super-
971 4781 1010 4824 cx
1038 4759 1166 4843 propria
1197 4759 1395 4842 plenitudine
1424 4777 1552 4820 ornnem
1583 4767 1721 4822 mentem

32 4841 140 4949 ³„¹',{f¹¹'
156 4859 211 4922 bis
235 4856 367 4934 resistit,
383 4855 559 4918 humilibus
577 4864 683 4919 autem
703 4858 757 4920 dat
769 4861 914 4941 gratiam.
972 4859 1169 4935 illuminans,
1186 4865 1219 4920 et
1236 4855 1463 4918 intellectualia
1482 4875 1520 4919 ac
1541 4856 1719 4938 rationalia,

154 4955 254 5031 Quod
270 4955 403 5017 verbum
422 4955 501 5017 tanti
516 4961 565 5016 cst
583 4955 744 5037 ponderis
761 4967 796 5020 ut
815 4979 919 5022 sacra·
973 4958 1098 5020 scilicet
1121 4951 1250 5038 angelos
1269 4963 1302 5018 ct
1320 4955 1478 5032 homines,
1495 4955 1529 5016 in
1551 4955 1721 5036 superfuso

32 5072 91 5118 noo.
106 5088 137 5127 a,
155 5054 284 5119 tissimi
299 5054 433 5136 apostoli
448 5054 558 5116 Petrus
576 5063 608 5118 et
622 5055 757 5120 Jacobus
777 5057 857 5121 illud
873 5061 918 5123 al·
973 5058 1061 5120 radio
1076 5075 1273 5137 congregans
1292 5064 1323 5118 et
1343 5055 1550 5118 concordans.
1567 5053 1720 5128 Quemad-

32 5139 137 5246 ἕξω
156 5157 276 5237 legent
303 5152 337 5214 in
361 5153 491 5235 scriptis
517 5155 584 5217 suis
607 5155 783 5220 canonicis.
808 5157 917 5239 ltaque
972 5157 1103 5220 modum
1118 5154 1202 5217 enim
1225 5152 1403 5235 ignorantia
1418 5155 1488 5233 (seu
1509 5152 1588 5216 ratio
1609 5153 1720 5216 huma-

211 5346 221 5384 ¹
243 5341 287 5392 Ex
303 5340 426 5392 editione
439 5341 599 5394 Coloniensi
613 5343 729 5396 loannis
744 5343 862 5406 Soteris
877 5345 950 5396 1532.
