4309 6250
273 495 315 544 D!
335 494 544 545 suutomtauu
564 496 659 543 Sffll
679 494 847 543 contincta
868 496 907 543 BT
926 494 1097 545 omenta
1118 496 1258 557 conditu,
1282 498 1369 547 thDll
1390 500 1409 547 l.
1432 516 1473 529 -
1492 500 1564 549 Alth.
1587 502 1610 550 11
1654 484 1714 551 533

165 667 245 747 cari,
275 665 449 749 reprobari,
479 667 613 746 absolvi,
642 668 794 750 quoniam
825 676 913 751 pote·
927 668 952 730 A
967 669 1028 734 hoc
1057 672 1142 753 quod
1167 672 1320 736 Dominus
1347 672 1426 737 dicit
1449 673 1551 753 Petro,
1577 674 1714 756 Sequms

165 773 281 829 statem
304 766 338 828 in
357 774 440 830 terra
463 786 560 850 super
583 786 618 831 se
642 786 705 831 non
731 768 825 831 habet
848 788 915 831 ma-
968 787 1031 847 me,
1061 777 1248 833 cunctorum
1280 769 1427 835 fidelium
1455 771 1486 834 ei
1514 771 1714 853 prelaturam

165 866 282 946 jerem.
969 866 1116 929 instituit.
1132 867 1171 931 Et
1188 869 1293 932 denuo
1317 868 1350 931 iu
1375 888 1509 951 persona
1534 869 1646 933 Christi
1671 870 1716 932 ait

207 963 297 1026 Unde
321 963 405 1026 inter
431 963 490 1027 hos
519 964 562 1025 ita
589 973 757 1051 extremos,
788 965 915 1028 videtur
968 965 1008 1027 ad
1027 964 1152 1027 Petrum
1170 989 1176 1028 :
1192 966 1233 1029 Te
1249 986 1334 1030 nunc
1353 967 1455 1049 dirigo
1475 968 1513 1030 ad
1533 966 1619 1031 orbis
1638 986 1716 1050 pon·

167 1061 273 1125 media
286 1062 340 1125 via
353 1062 721 1145 procedendumzsicque
736 1064 916 1127 extollenda
968 1062 1137 1127 tiiicatum.
1159 1063 1321 1144 Preterea,
1342 1084 1438 1147 super
1455 1064 1546 1144 illud,
1568 1066 1651 1129 Dicit
1669 1066 1717 1129 Si·
1734 1088 1863 1140 umam.

165 1170 216 1223 est
230 1160 347 1223 summi
361 1159 526 1225 Pontificis
547 1160 685 1243 dignitas
706 1182 743 1226 ac
763 1170 914 1245 potestas,
969 1162 1057 1225 moni
1089 1161 1179 1225 Petro
1210 1162 1311 1241 lesus,
1342 1163 1453 1226 scribit
1480 1164 1675 1247 Theophilus
1706 1155 1799 1227 :¹⁵⁴²

166 1268 203 1323 ut
217 1259 415 1341 generalium
431 1259 640 1324 conciliorum
655 1260 834 1324 auctoritati
849 1261 916 1322 nul·
970 1259 1234 1324 Commissionem
1254 1260 1362 1325 ovium
1384 1261 1494 1324 mundi
1515 1264 1717 1327 commendat

166 1360 294 1422 latenus
314 1360 505 1441 derogetur3
521 1366 553 1421 et
578 1358 708 1442 iusuper
731 1359 778 1423 sic
802 1378 917 1442 praeco
970 1358 1071 1438 Petro,
1097 1367 1129 1421 ot
1151 1376 1215 1421 non
1241 1359 1307 1422 alii.
1334 1359 1390 1423 Ubi
1416 1369 1447 1423 et
1474 1360 1716 1442 chrysostomus

167 1457 306 1523 nizenda
327 1466 360 1520 et
383 1458 620 1540 magnificanda
644 1467 692 1520 est
719 1458 917 1540 generalium
970 1456 1015 1519 ait
1036 1480 1043 1519 ε
1064 1456 1247 1521 Pretericns
1271 1456 1424 1521 Dominus
1447 1458 1539 1539 alios,
1562 1458 1652 1523 Petro
1677 1460 1717 1521 de

168 1555 381 1620 conciliorum
396 1556 578 1634 auctoritas,
596 1564 631 1619 ut
644 1557 791 1639 potestati
814 1564 846 1619 et
865 1576 918 1619 ex·
972 1555 1088 1618 talibus
1107 1554 1258 1637 loquitur,
1275 1564 1352 1639 puta
1372 1556 1411 1619 do
1435 1555 1501 1619 suis
1525 1556 1639 1621 ovibus
1664 1577 1718 1641 pa-

167 1654 327 1718 cellentia
342 1655 432 1737 Papae
451 1654 496 1717 nil
518 1655 709 1718 detrahatur.
725 1655 765 1718 Et
784 1655 857 1737 quis
878 1655 917 1718 ad
971 1653 1099 1717 suendis
1116 1676 1123 1715 ε
1140 1652 1273 1716 eximius
1299 1653 1384 1716 euim
1405 1654 1628 1736 Apostolorum
1652 1663 1719 1719 erat

168 1753 238 1814 haec
253 1760 319 1815 tam
334 1752 478 1829 idoneus,
495 1752 559 1816 nisi
572 1772 667 1835 quem
682 1753 918 1834 superclemeu-
972 1750 1093 1829 Petrus,
1109 1760 1141 1814 et
1158 1769 1194 1813 os
1216 1750 1458 1834 discipulorum,
1474 1761 1506 1815 et
1525 1760 1634 1817 vertex
1655 1754 1720 1817 col-

168 1850 314 1913 tissimus
334 1852 388 1915 ille
407 1853 586 1935 paracletus
608 1851 746 1934 Spiritus
770 1852 916 1931 Sanctus,
934 1853 959 1917 B
974 1849 1061 1931 legii.
1076 1848 1272 1931 Augustinus
1287 1850 1382 1914 etiarn
1398 1849 1476 1913 dicit
1490 1851 1609 1914 ibidem
1622 1874 1629 1914 ε
1641 1852 1720 1915 Con-

29 1966 155 2012 sumar.
169 1949 265 2029 cujus
279 1948 446 2032 inspiratio
460 1950 513 2012 dat
532 1948 787 2031 intelligentiam,
802 1950 918 2032 gratio
973 1948 1079 2010 fatenti
1112 1947 1203 2011 Petro
1230 1966 1371 2012 amorem
1399 1968 1492 2011 suum
1520 1950 1721 2013 commendat

169 2068 204 2111 se
228 2066 268 2110 ac
286 2048 492 2111 vehementer
509 2048 680 2128 adjuverit,
696 2048 750 2130 qui
770 2049 810 2111 ab
829 2067 920 2113 exor-
973 2046 1116 2109 Christus
1144 2065 1220 2109 oves
1244 2066 1329 2125 suaa,
1354 2046 1476 2126 dicens,
1502 2047 1597 2111 Pasce
1622 2068 1721 2130 agnos

31 2161 153 2209 icor-att.
168 2148 225 2211 dio
239 2144 515 2229 infirma,ahjecta
528 2154 560 2209 et
574 2145 671 2210 stulta
684 2147 795 2209 mundi
810 2146 917 2229 elegit,
974 2163 1062 2209 meos
1079 2170 1086 2207 :
1105 2153 1254 2226 tanquam
1274 2163 1338 2208 uon
1360 2154 1445 2209 osset
1465 2145 1518 2208 uhi
1541 2148 1722 2211 ostenderet

168 2254 205 2307 ut
230 2244 333 2327 (juxta
356 2246 556 2326 Apostolum)
582 2244 741 2328 sapientes
765 2253 796 2307 et
820 2244 918 2309 fortes
974 2243 1083 2307 Petrus
1106 2262 1247 2308 amorem
1270 2262 1363 2307 suum
1392 2244 1431 2306 ad
1460 2244 1632 2325 Christum,
1657 2244 1720 2307 nisi

168 2342 364 2407 confundati
378 2343 412 2405 ln
429 2342 521 2425 cujus
536 2342 654 2426 pietate
668 2350 762 2425 atque
776 2342 919 2407 subsidio
974 2350 1058 2407 esset
1072 2350 1180 2424 pastor
1193 2341 1300 2405 fidelis
1315 2341 1373 2405 suh
1387 2342 1533 2425 principe
1546 2350 1719 2424 pastorum.

168 2448 236 2504 tota
261 2460 332 2502 mea
355 2439 478 2503 liducia
500 2447 558 2503 est.
575 2440 663 2503 Unde
686 2459 746 2503 nec
769 2460 921 2523 praesum·
1014 2441 1169 2521 Denique,
1180 2458 1275 2522 super
1290 2439 1511 2520 illud,Sedens
1526 2442 1615 2505 lesus
1630 2442 1723 2505 doce·
1737 2468 1789 2514 uae.
1798 2483 1821 2522 ,,
1832 2473 1852 2513 2,

168 2538 291 2621 ptionis
306 2558 357 2601 mo
371 2538 509 2601 arbitror
521 2539 729 2620 arguendum,
746 2539 831 2619 quod
846 2539 921 2601 scri·
974 2540 1028 2603 bat
1048 2541 1088 2603 de
1110 2538 1260 2602 navicula
1273 2538 1392 2616 turbas,
1409 2539 1511 2621 tangit
1524 2539 1720 2619 Ambrosius,

169 2638 246 2700 bere
269 2636 330 2699 ista
350 2636 550 2717 tentaverim,
573 2636 746 2718 presertim
766 2656 864 2718 quum
886 2635 919 2699 in
974 2640 1060 2721 quod
1074 2646 1140 2701 tota
1153 2637 1296 2701 Ecclesia
1310 2638 1401 2701 navis
1416 2646 1465 2701 est
1478 2637 1570 2717 Petri,
1587 2648 1619 2701 ct
1638 2639 1723 2721 quod

168 2734 361 2799 defensione
390 2734 531 2797 veritatis
557 2733 635 2798 fidei
661 2741 825 2798 eteorum
851 2753 921 2816 que
975 2754 1040 2799 non
1060 2736 1204 2798 turbatur
1222 2734 1277 2798 illa
1296 2756 1365 2817 quae
1386 2736 1512 2799 Petrum
1536 2737 1642 2815 habet,
1659 2744 1724 2799 tur-

167 2832 273 2896 frdem
296 2841 504 2912 concernunt,
520 2851 632 2895 omnes
653 2831 752 2895 simus
770 2832 919 2913 aquales,
976 2834 1068 2897 batur
1097 2832 1152 2896 illa
1179 2851 1250 2914 que
1284 2833 1396 2895 ludam
1430 2833 1536 2896 habet.
1567 2834 1721 2916 Amplius,

169 2939 205 2993 ut
220 2930 335 2994 asserit
348 2930 541 3012 Augustinus
556 2937 588 2993 et
602 2930 738 2995 Thomas
752 2929 878 3011 allegat.
975 2952 1072 3013 super
1099 2931 1191 3010 illud,
1218 2931 1398 3013 Assumpsit
1422 2932 1512 2994 lesus
1539 2932 1664 2995 Petrum
1692 2940 1725 2997 et
1738 2958 1871 3009 uranus,

211 3028 302 3091 Nunc
317 3029 499 3111 ergo,juxta
512 3036 655 3091 tenorem
670 3028 796 3093 articuli
811 3028 919 3111 hujus,
939 3034 961 3098 G
976 3032 1127 3094 iacobum
1142 3038 1173 3093 at
1187 3029 1351 3106 loannem,
1363 3030 1475 3091 asserit
1489 3030 1721 3095 Damascenus:

169 3128 373 3211 probandum
389 3147 447 3210 per
459 3135 557 3190 testes
578 3126 710 3191 idoneos
730 3137 920 3210 sanctosque
975 3130 1100 3193 Petrum
1124 3127 1308 3210 assumpsit,
1331 3129 1421 3209 quasi
1447 3129 1613 3210 praesidem
1638 3130 1724 3194 lutu-

168 3229 323 3290 Doctores
337 3245 374 3288 ac
390 3225 507 3304 Patres,
523 3226 607 3306 quod
623 3224 705 3308 Papa
720 3225 776 3289 toti
798 3234 831 3289 et
851 3227 923 3288 uni·
977 3249 1046 3292 rum
1061 3229 1156 3292 totius
1170 3227 1341 3303 Ecclesiae3
1359 3227 1414 3290 sed
1429 3227 1581 3290 Jacobum
1602 3247 1723 3292 assum-

168 3324 290 3388 versali
323 3323 474 3387 Ecclesiae
510 3323 627 3405 praesit,
661 3323 765 3405 sitque
801 3333 919 3406 paster,
975 3329 1048 3411 psit,
1066 3335 1215 3408 tanquam
1232 3325 1420 3390 moriturum
1436 3345 1493 3408 pro
1507 3325 1631 3389 Christo
1650 3335 1723 3391 ante

171 3427 335 3510 princeps,
350 3432 446 3506 ceput
459 3433 492 3486 et
504 3424 568 3486 dux
589 3443 685 3506 super
705 3444 786 3502 eam,
802 3425 920 3487 summi
975 3427 1055 3490 alios
1077 3424 1265 3508 Apostolos3
1287 3424 1440 3488 loannem
1464 3443 1552 3504 vero,
1573 3433 1722 3507 tanquam

169 3523 333 3607 pontificii
361 3522 411 3586 sui
440 3529 639 3604 potestatem,
668 3531 701 3584 et
726 3522 922 3603 jurisdictio
975 3523 1143 3605 theologie
1162 3522 1368 3604 purissimum
1390 3541 1555 3605 organum.
1572 3523 1724 3588 Similiter

94 3645 99 3651 ·
170 3643 247 3686 nem
269 3621 447 3686 ordinatam
470 3621 615 3684 ordinate
635 3609 802 3703 possidens
826 3641 922 3703 super
976 3642 1072 3706 super
1086 3620 1348 3702 illud,Taciamus
1363 3620 1416 3684 hic
1432 3621 1493 3684 tria
1507 3621 1722 3701 tahemacula,
1737 3635 1795 3680 Iera.
1809 3639 1842 3679 aa.

171 3724 277 3805 ipsam
296 3719 363 3782 :ita
384 3720 468 3800 quod
492 3719 613 3782 ratione
636 3719 797 3782 commissi
820 3720 880 3782 sibi
903 3739 921 3782 a
976 3723 1190 3784 Damascenus
1213 3717 1365 3781 disseruit
1388 3743 1395 3780 ι
1417 3718 1484 3782 Nou
1511 3727 1552 3800 te,
1578 3739 1597 3782 o
1621 3719 1720 3798 Petro,

170 3819 299 3884 Christo
313 3818 416 3882 ollicii
432 3817 528 3880 hahet
541 3824 639 3879 totam
654 3816 828 3881 Ecclesiam
849 3837 922 3900 pur·
976 3819 1129 3882 Dominus
1152 3816 1427 3880 tabernaculorum
1453 3817 1508 3880 sed
1533 3817 1724 3882 universalis

170 3939 261 4003 gare,
282 3917 475 3994 illuminare,
497 3914 665 4000 perlicere,
689 3936 745 3979 seu
769 3918 867 3980 verbo
891 3925 923 3980 et
976 3915 1125 3981 Ecclesiae
1147 3922 1398 3978 constructorem
1420 3915 1594 3978 coustituit.

170 4038 272 4102 opere
286 4035 428 4100 pascere,
444 4024 598 4097 quantum
618 4015 680 4098 ipsi
700 4015 851 4098 possibile
875 4015 923 4078 lu·
1016 4015 1127 4077 Adhuc
1142 4021 1259 4093 autem,
1276 4032 1372 4095 super
1389 4013 1479 4093 illud,
1495 4013 1630 4076 Intuitus
1650 4033 1723 4076 eum
1752 4033 1835 4079 amn.

169 4119 248 4196 erit3
265 4126 298 4179 et
311 4116 396 4196 quod
417 4133 474 4196 per
495 4133 529 4176 se
550 4114 662 4194 nequit
683 4113 827 4197 implere,
850 4115 922 4177 aliis
977 4113 1116 4195 (scilicet
1129 4112 1268 4192 Petrum)
1284 4112 1373 4175 lesus
1388 4112 1478 4192 dixit,
1495 4111 1604 4175 scribit
1617 4113 1722 4177 Beda:
1738 4101 1772 4143 ⁸²·

170 4214 492 4302 choommitterc,
502 4213 637 4276 mediate
651 4213 702 4275 vel
717 4213 919 4276 immediate:
937 4218 962 4280 D
977 4211 1113 4276 lutuitus
1136 4218 1276 4274 osteum
1301 4228 1365 4272 uon
1391 4207 1599 4274 exterioribus
1624 4211 1726 4274 oculis

170 4316 230 4398 qui
247 4314 367 4378 idcirco
381 4314 415 4376 in
429 4320 551 4397 partem
571 4310 795 4376 sollicitudinis
816 4313 923 4376 vocari
979 4311 1093 4390 solum,
1123 4309 1177 4372 sed
1203 4317 1235 4371 et
1261 4317 1380 4372 aeterno
1408 4307 1585 4372 divinitatis
1609 4309 1727 4372 intuitu

171 4416 339 4479 dicuntur.
516 4487 523 4496 ,
980 4409 1059 4472 vidit
1087 4407 1192 4471 cordis
1216 4407 1286 4489 ejus
1311 4406 1548 4489 simplicitatem
1573 4415 1605 4470 et
1628 4407 1726 4470 animi

187 4549 196 4562 ·
216 4515 268 4577 Ait
296 4512 414 4595 quippo
441 4511 682 4593 Chrysostornus
710 4530 805 4592 super
832 4511 923 4589 illud,
980 4506 1220 4583 sublimitatem,
1237 4505 1330 4586 cujus
1345 4505 1458 4568 rnerito
1479 4505 1536 4568 toti
1558 4506 1729 4587 praeferen-

87 4640 158 4676 um,
172 4615 317 4695 Seqmre
340 4629 392 4672 me
414 4633 421 4670 ε
442 4609 475 4672 Si
500 4609 614 4671 dixerit
637 4607 764 4689 aliquis,
789 4610 927 4683 Qualiter
980 4607 1040 4667 dus
1059 4612 1143 4666 esset
1161 4603 1322 4668 Ecclesiae.
1338 4603 1500 4681 Praeterea,
1519 4623 1615 4684 super
1635 4603 1725 4681 illud,

53 4723 58 4732 '
173 4731 254 4794 ergo
268 4710 403 4773 lacobus
418 4708 568 4772 thronum
586 4708 760 4790 assumpsit
773 4709 927 4790 Jerosoly-
981 4704 1033 4767 Ait
1046 4711 1152 4764 autem
1175 4703 1202 4764 ei
1223 4702 1357 4782 (scilicet
1376 4702 1511 4782 Christo)
1533 4701 1653 4782 Petrus,
1670 4703 1729 4767 Do-
1743 4727 1874 4776 tuantur.

174 4811 323 4874 moruml
334 4807 412 4870 illud
427 4807 536 4888 utirpre
550 4806 666 4886 dicam,
676 4806 826 4888 quoniam
840 4808 927 4870 Chri·
983 4803 1081 4880 mine,
1097 4801 1136 4862 ad
1153 4820 1211 4863 nos
1225 4801 1305 4863 dicis
1320 4801 1402 4862 hanc
1418 4799 1612 4882 parabolam,
1630 4821 1669 4863 an
1688 4802 1727 4864 ad

173 4919 247 4974 stus
265 4908 392 4970 Petrum
411 4905 499 4968 orbis
524 4913 678 4968 terrarum
703 4905 929 4969 inthronizavit
982 4901 1116 4964 omnesl
1137 4899 1179 4961 ait
1204 4899 1397 4981 Theophilus
1418 4921 1425 4960 ι
1446 4898 1565 4976 Petrus,
1587 4899 1638 4960 cui
1662 4899 1728 4980 jam

174 5007 379 5088 magistrum.
398 5005 438 5067 Et
457 5004 572 5066 iterum
594 5003 639 5066 ait
660 5002 777 5066 ibidem
797 5004 930 5086 Chryso-
983 4997 1155 5063 commissa
1176 4996 1317 5060 Ecclesia
1342 4996 1455 5074 luerat,
1472 4996 1561 5076 quasi
1586 4997 1729 5059 omnium

174 5117 304 5170 stemus
320 5126 327 5164 :
344 5103 454 5184 blegne
467 5101 609 5165 Christus
624 5101 714 5165 Petro
728 5102 882 5184 predixit,
898 5113 930 5166 et
985 5117 1092 5161 curam
1108 5093 1427 5178 gorens,inquirit.At
1442 5113 1515 5157 vero
1529 5113 1626 5176 super
1638 5094 1729 5175 illud,

174 5206 293 5270 orbem
317 5209 473 5263 terrarum
493 5199 522 5262 ei
547 5199 719 5263 commisit.
736 5199 931 5280 Theophilus
985 5196 1068 5259 Dicit
1093 5195 1182 5257 Petro
1202 5193 1318 5256 ancilla
1342 5192 1481 5270 ostiaria,
1504 5193 1615 5255 scribit
1637 5193 1733 5276 Chry·
1759 5208 1841 5252 rma.

177 5321 312 5387 quoque
327 5299 411 5363 circa
429 5298 577 5363 eumdem
596 5298 703 5362 locum
724 5306 857 5362 testatur
874 5320 881 5359 :
897 5297 932 5360 ln
989 5305 1148 5359 sostomus
1175 5317 1181 5355 :
1208 5294 1315 5356 Petrus
1340 5290 1426 5354 orbis
1450 5299 1604 5356 terrarum
1623 5292 1734 5357 doctor
1746 5285 1805 5324 ‘'¹¹''
1819 5273 1851 5317 ¹⁷·
