4309 6250
378 498 418 545 ur
439 498 602 545 nieurrars
622 498 658 544 ar
679 499 827 545 muninus
849 500 877 545 n.
900 500 929 543 v.
951 498 1069 559 aaran,
1093 498 1180 545 araas
1201 500 1235 545 u.
1257 518 1298 529 -
1318 500 1389 545 sar.
1411 500 1498 545 xxvu
1649 480 1708 544 l03

163 667 251 731 stitia
264 675 370 729 vestra
384 674 524 731 vertetur
538 666 572 728 in
586 666 749 749 gaudium.
766 667 829 729 llac
849 667 912 749 spi·
926 670 951 731 Α
967 666 1135 731 consilium
1149 675 1183 731 et
1194 668 1382 746 doctrinam,
1398 669 1438 732 ad
1458 668 1559 751 ipsius
1578 668 1710 751 gloriam

163 764 271 827 rituali
299 772 331 827 et
361 764 573 828 consolatoria
601 763 769 845 praesentia
799 763 913 825 mansit
967 773 998 827 et
1020 765 1197 829 honoreml
1221 764 1335 847 Sioque
1363 766 1590 849 contemplatio
1617 774 1713 847 atque

163 862 307 926 Christus
321 862 486 945 potissime
501 881 574 925 cum
590 882 647 925 sua
668 861 854 943 dignissima
875 880 912 925 ae
967 862 1107 942 dilectio,
1122 862 1234 943 oratio,
1250 863 1390 927 laudatio
1404 871 1532 945 totaque
1546 863 1714 945 occupatio

163 960 376 1023 dilectissima
389 960 597 1043 Matre,quam
613 968 699 1023 tanto
715 960 913 1042 frequentius
968 960 1236 1043 prestantissimae
1260 960 1378 1039 llatris,
1394 961 1530 1023 claritati
1554 959 1715 1023 beatifica

164 1057 301 1120 internis
316 1056 481 1121 refovebat
495 1056 626 1137 solatiis,
638 1066 756 1139 quanto
771 1056 844 1140 plus
858 1053 914 1117 illa
968 1057 1112 1137 visionis,
1128 1057 1247 1121 saivari
1261 1058 1402 1122 caritatis
1421 1058 1541 1121 civium
1563 1075 1717 1140 superno-

165 1156 348 1237 adspirabat
362 1157 401 1218 ad
416 1156 517 1238 ipsius
533 1156 732 1238 presentiam
752 1154 912 1218 facialem.
969 1176 1051 1235 rum,
1078 1155 1212 1219 canticis
1237 1164 1269 1218 et
1291 1156 1462 1219 affectibus
1484 1157 1651 1219 Beatorum
1678 1174 1717 1217 ac

164 1254 320 1336 lienique,
336 1262 455 1336 quanto
469 1253 540 1337 plus
556 1254 677 1337 sprevit
690 1261 805 1316 cuncta
819 1260 915 1315 terre-
969 1254 1041 1317 vitae
1061 1253 1199 1335 paradisi
1217 1252 1357 1316 coelestis
1380 1254 1535 1337 quotidie,
1552 1253 1617 1316 imo
1639 1250 1718 1314 assi-

165 1372 207 1415 na
224 1351 443 1429 solatia,tanto
457 1350 577 1415 divinis
591 1371 628 1415 ae
642 1351 826 1415 eoelestibus
841 1368 916 1413 eon·
969 1352 1030 1414 due
1052 1350 1155 1433 magis
1169 1369 1206 1413 ac
1221 1350 1323 1431 magis
1343 1350 1626 1434 appropinquavit,
1642 1368 1718 1413 con-

166 1448 379 1513 solationibus
401 1450 528 1531 dignior
548 1448 619 1512 fuit.
970 1450 1178 1528 formabatur,
1195 1449 1322 1513 inhaesit
1335 1457 1368 1513 et
1381 1449 1547 1532 praefulsit.

206 1547 272 1611 lloc
296 1566 424 1630 quoque
447 1548 610 1611 advertere
635 1566 814 1631 possumus,
831 1545 915 1627 quod
1009 1548 1153 1631 insuper,
1168 1548 1431 1611 decentissimum
1452 1548 1573 1610 exstitit
1586 1556 1622 1609 ut
1635 1546 1719 1609 sicut

166 1645 322 1727 quamdiu
345 1644 529 1708 beatissima
552 1645 696 1727 virginea
720 1645 816 1708 Mater
838 1662 918 1725 prae-
971 1646 1051 1709 Filio
1067 1646 1199 1727 patienti
1214 1647 1284 1728 ipsa
1299 1664 1436 1728 semper,
1447 1664 1572 1709 summe
1587 1663 1623 1708 ac
1639 1644 1721 1708 lide-

167 1752 293 1807 sentem
323 1744 433 1807 habuit
465 1743 579 1806 filium
615 1762 708 1806 suum
744 1743 775 1804 in
812 1742 916 1818 terris,
972 1742 1094 1807 lissime
1121 1752 1189 1807 erat
1215 1743 1425 1827 compatiens,
1452 1743 1497 1805 ita
1520 1743 1576 1806 illo
1598 1741 1721 1825 glorifi-

165 1839 393 1923 atquanimiter
407 1841 540 1905 tolerare
558 1841 662 1924 potuit
681 1840 779 1921 hujus
800 1838 919 1903 incola·
934 1846 958 1907 B
973 1850 1055 1923 cato,
1079 1841 1149 1924 ipsa
1172 1860 1237 1923 prro
1261 1842 1355 1906 solito
1378 1843 1492 1905 futurae
1516 1840 1721 1905 beatitudinis

167 1950 237 2003 tum
274 1940 391 2019 exsilii,
425 1940 674 2021 dilationemque
702 1939 821 2021 gloriae.
850 1939 918 2001 Jatn
974 1938 1218 2023 participatione
1232 1940 1562 2022 gauderet,praegustu
1577 1939 1722 2003 relicere

167 2058 246 2103 vero
262 2038 343 2101 Filio
357 2038 428 2119 ejus
442 2038 476 2100 in
491 2038 555 2101 alta
569 2037 740 2101 scandente
760 2037 918 2119 polorum,
974 2048 1037 2117 tur,
1053 2037 1377 2119 contemplationibus
1400 2037 1578 2115 fulciretur,
1593 2037 1723 2118 jamque

166 2136 235 2219 jam
259 2143 291 2199 et
309 2135 414 2199 lintris
439 2154 503 2197 suar
525 2134 719 2198 dulcissimae
743 2153 799 2198 cor
825 2133 919 2195 simul
975 2136 1209 2219 quodammodo
1234 2136 1267 2197 in
1292 2144 1376 2199 terra
1403 2135 1579 2218 glorificari
1604 2135 1725 2216 incipe·

168 2254 245 2297 cum
258 2234 314 2297 illo
328 2234 534 2311 ascenderat;
550 2241 582 2296 et
600 2232 680 2297 uitio
702 2251 759 2296 suo
781 2232 814 2295 in
836 2252 921 2294 sum·
976 2242 1034 2313 ret,
1050 2242 1145 2315 atque
1160 2232 1340 2313 angelicum
1356 2233 1519 2315 proferret
1536 2240 1723 2315 apparatum

169 2353 224 2397 mo
239 2333 316 2397 coeli
330 2332 472 2415 empyrei
488 2332 659 2410 residente,
675 2350 766 2394 mens
787 2330 922 2394 affectu·
977 2332 1010 2395 in
1045 2332 1146 2408 vultu,
1175 2331 1215 2393 ad
1251 2331 1478 2394 insinuandum
1513 2330 1724 2394 coeliformem

169 2431 331 2495 osissimae
351 2429 521 2493 Genitricis
546 2428 754 2493 immobiliter
778 2427 840 2491 fua
862 2428 923 2490 fuit
977 2430 1167 2494 munditiam
1195 2427 1450 2509 deiformemque
1478 2428 1725 2492 sanctimoniam

170 2530 204 2591 in
220 2529 281 2592 illo
302 2528 485 2609 intentaque
501 2527 548 2589 illi
565 2526 782 2590 indesinenter
802 2544 839 2589 ae
860 2524 924 2589 fer·
977 2546 1042 2591 suae
1066 2526 1183 2589 mentis
1199 2550 1207 2588 ι
1224 2525 1317 2607 cujus
1341 2525 1492 2607 splendor
1516 2524 1724 2608 sapientialis,

168 2627 260 2707 vide,
276 2645 336 2689 nec
351 2626 436 2688 aliud
452 2625 556 2707 potuit
570 2625 710 2706 cogitare
730 2632 785 2687 aut
806 2624 921 2687 intueri
978 2625 1145 2687 sinceritas
1170 2622 1419 2705 perfectionalis,
1442 2622 1655 2704 tranquillitas
1680 2622 1727 2684 di-

169 2726 235 2788 nisi
264 2725 417 2787 dilectum
441 2732 473 2787 et
495 2732 601 2787 cetera
624 2724 656 2785 in
681 2724 797 2785 dilecto
821 2746 829 2784 ε
853 2722 923 2785 ideo
978 2721 1106 2797 vinalis,
1132 2720 1407 2783 abundantissima
1434 2720 1535 2783 virtus
1558 2728 1590 2783 et
1612 2719 1725 2801 gratia,

171 2823 503 2906 contemplationibus
531 2822 712 2885 divinorum
742 2838 806 2903 prm
831 2820 924 2883 solito
980 2821 1026 2883 sie
1042 2819 1221 2883 lorinsecus
1236 2819 1270 2879 in
1284 2818 1373 2881 omni
1388 2826 1442 2880 tuo
1456 2825 1558 2899 gestu,
1567 2835 1724 2892 sermone,

170 2922 235 2986 fuit
260 2921 338 3000 fixa,
354 2941 413 2985 nec
432 2920 600 3003 occupatio
623 2920 708 2983 eirca
731 2918 925 3001 persecutio·
980 2918 1108 2981 incessu
1129 2935 1166 2979 ac
1189 2915 1270 2979 facie
1293 2916 1549 2997 resplendebant,
1565 2914 1728 2997 apraecla-

171 3041 232 3085 nes
261 3028 294 3083 et
318 3018 513 3083 afflictiones
537 3018 606 3081 Filii
636 3018 782 3081 morituri
809 3036 877 3079 eam
907 3013 1163 3077 carissimam
1182 3012 1484 3094 glorificandissima
1507 3011 1597 3093 virgo
1620 3011 1727 3089 Maria,

171 3118 449 3202 contemplatione
471 3118 610 3181 retraxit.
981 3122 1016 3177 ut
1031 3113 1098 3176 haec
1113 3111 1183 3193 ipsa
1198 3110 1395 3174 intuentibus
1417 3118 1447 3174 te
1469 3110 1606 3188 sineere,
1622 3116 1730 3173 essent

214 3219 383 3298 Praeterea,
400 3218 426 3280 si
450 3217 546 3280 Paulo
570 3215 674 3279 dicere
699 3215 798 3292 licuit,
815 3212 927 3276 Nostra
982 3211 1150 3274 sufficiens
1164 3217 1387 3290 argumentum
1401 3208 1543 3271 veritatis
1557 3207 1634 3270 fidei
1650 3207 1730 3270 chri-

34 3329 62 3340 ·’
112 3395 117 3405 ,
134 3375 155 3412 η,
172 3317 382 3382 conversatio
406 3315 439 3378 in
466 3315 557 3378 coelis
580 3322 648 3390 est3
675 3313 826 3393 itemque,
848 3312 927 3374 Vivo
982 3310 1103 3388 stianaa,
1115 3317 1210 3389 atque
1224 3327 1262 3369 ex
1276 3306 1321 3369 tui
1337 3307 1500 3388 adspectu,
1507 3325 1546 3368 ex
1559 3304 1730 3368 verborum

57 3455 62 3464 ·
171 3426 300 3492 autern,
324 3413 390 3496 jam
418 3432 481 3476 non
511 3431 581 3494 ego,
606 3411 685 3475 vivit
711 3428 786 3474 vero
816 3410 848 3471 in
877 3429 928 3472 me
983 3417 1110 3472 tuorum
1139 3406 1261 3482 auditu,
1287 3425 1324 3467 ex
1353 3405 1450 3468 totius
1477 3403 1731 3468 conversationis

171 3515 323 3579 Christus
340 3535 347 3574 :
363 3519 482 3594 quanto
498 3511 597 3592 magis
613 3509 789 3572 mitissimae
809 3527 845 3570 ac
865 3507 929 3588 spi·
983 3515 1044 3570 tuae
1059 3504 1338 3586 contemplatione,
1350 3504 1515 3566 evidenter
1528 3509 1650 3584 pateret
1664 3521 1732 3563 cer-

172 3611 395 3675 ritualissimae
409 3609 548 3692 Virginis
563 3607 762 3672 conversatio
777 3606 843 3687 jam
864 3613 929 3668 tota
983 3603 1133 3666 uentibus
1148 3601 1339 3682 evangelicas
1354 3601 1471 3664 veritas
1490 3601 1580 3681 legis.
1596 3600 1643 3663 Ad
1665 3599 1732 3660 lau-

172 3710 241 3774 fuit
274 3709 307 3771 in
337 3707 430 3788 coelo,
456 3716 487 3769 et
511 3703 773 3789 purificatissima
798 3711 865 3766 erat
889 3703 928 3764 ab
983 3704 1057 3767 dem
1092 3710 1123 3764 et
1152 3699 1285 3783 gloriam
1320 3699 1563 3780 Omnipotentis,
1593 3698 1648 3778 qui
1682 3704 1731 3759 est

174 3808 269 3872 omni
298 3825 408 3870 amore
436 3805 570 3887 privato,
600 3804 713 3866 vivens
742 3802 774 3864 in
804 3801 929 3864 cunctis
984 3819 1080 3882 super
1111 3798 1220 3862 omnia
1253 3798 1336 3860 Deus
1368 3795 1516 3859 sublimis
1543 3803 1576 3858 et
1602 3793 1732 3857 benedi-

174 3905 359 3970 secundum
394 3903 449 3967 uei
484 3903 692 3980 voluntatem,
723 3907 927 3982 preceptum,
985 3907 1065 3961 ctus.
1081 3897 1194 3960 Amen.
