4309 6250
411 518 450 568 nr
469 520 631 568 orounara
653 520 690 566 ar
710 518 857 567 muninus
877 518 905 565 a.
931 522 958 565 v.
981 521 1099 579 annia,
1121 520 1209 567 aman
1229 521 1274 567 vu.
1295 540 1336 551 -
1356 522 1426 568 aar.
1449 523 1505 569 vru
1672 504 1730 569 lli

184 690 344 754 Christum
360 690 499 753 abundat
517 688 692 753 consolatio
706 696 824 753 nostra.
840 688 933 751 Nem·
948 689 973 751 Α
989 690 1032 752 ita
1048 708 1105 771 pro
1123 690 1267 753 omnium
1282 690 1438 753 laboravit
1452 690 1571 770 salute3
1587 701 1629 771 et,
1645 692 1733 755 Sicut

185 808 238 871 pe,
268 788 438 870 gloriosam
471 786 586 851 Christi
620 787 790 851 recolendo
823 806 933 849 ascen·
988 786 1285 869 indulgentissimus
1303 796 1394 870 pater
1412 788 1497 851 eirca
1511 787 1732 869 phreneticum

186 886 321 963 sionem,
352 884 517 967 suspirasti
546 885 584 947 ad
619 885 690 966 ejus
718 884 931 967 presentiam,
988 884 1133 948 allicitur
1155 885 1270 963 lilium,
1293 886 1387 967 cujus
1411 895 1530 969 quanto
1554 886 1626 967 plus
1649 886 1736 968 inju-

185 992 220 1049 et
238 984 306 1067 ipsa
326 982 543 1066 dispensativa
561 982 672 1047 dilatio
692 982 758 1045 luit·
773 982 828 1046 tibi
847 1000 934 1046 amo-
988 982 1044 1047 riis
1077 982 1257 1065 ictibusque
1289 985 1444 1065 pulsatur,
1474 991 1563 1048 tanto
1593 984 1734 1066 amplius

186 1082 357 1145 rosissimas
381 1080 474 1144 matri
498 1080 641 1143 molesta.
662 1080 933 1163 contemplabaris
988 1080 1079 1143 illurn
1106 1081 1250 1163 deplorat
1276 1090 1309 1143 et
1330 1081 1430 1163 ipsius
1458 1082 1627 1145 miseratur
1650 1082 1734 1145 insa-

188 1188 265 1243 tunc
297 1198 425 1244 omnem
458 1177 689 1242 beatitudinem
717 1177 786 1241 Filii
816 1178 872 1259 tui,
902 1186 934 1241 et
988 1179 1087 1258 niam,
1107 1178 1154 1241 sic
1177 1178 1291 1242 Paulus
1316 1179 1402 1243 circa
1425 1179 1606 1243 incredulos
1631 1187 1664 1241 et
1685 1180 1735 1241 in-

187 1276 468 1341 vebementissime
483 1276 705 1358 congaudebat
719 1274 836 1353 eidem,
848 1277 932 1357 quod
988 1284 1094 1359 gratos
1118 1276 1333 1355 alliciebatur,
1348 1286 1381 1340 et
1402 1277 1486 1340 bona
1508 1278 1658 1340 reddebat
1676 1295 1734 1360 pro

187 1384 261 1459 post
295 1373 434 1456 flagella,
470 1382 573 1457 sputa,
604 1372 716 1455 llagra,
750 1372 932 1456 opprobria,
989 1374 1081 1437 malis
1102 1398 1110 1437 :
1132 1383 1252 1456 quanto
1279 1376 1381 1457 magis
1408 1376 1477 1439 bec
1504 1377 1544 1438 de
1572 1375 1735 1458 incompa-

187 1474 296 1557 spinas
315 1482 348 1536 et
371 1491 510 1551 crucem,
532 1472 614 1535 sedit
635 1472 675 1534 ad
697 1472 858 1535 dexteram
879 1472 935 1534 Pa·
990 1472 1082 1536 rabili
1107 1481 1202 1554 atque
1227 1473 1428 1537 sanctissima
1451 1482 1527 1536 sunt
1545 1472 1735 1557 proferenda

186 1572 266 1649 tris3
287 1572 455 1653 ipsumque
482 1570 599 1651 Regem
628 1589 667 1633 er
694 1578 725 1632 te
749 1570 935 1633 beatissima
989 1569 1093 1648 llario,
1110 1590 1180 1653 quae
1199 1571 1416 1634 indubitanter
1435 1571 1645 1635 ineffabiliter
1663 1570 1736 1653 plus

188 1679 310 1750 natum,
335 1671 369 1733 in
394 1677 480 1733 tanto
504 1669 618 1732 decore
643 1668 829 1751 conspicere
856 1666 937 1731 alle-
989 1688 1085 1751 quam
1105 1670 1221 1732 Paulus
1240 1670 1294 1732 Ilei
1315 1689 1353 1733 ac
1372 1670 1590 1752 proximorum
1610 1670 1671 1733 luit
1685 1690 1737 1732 ca·

190 1768 293 1847 mesti,
322 1775 448 1849 tueque
475 1766 704 1831 ardentissimas
736 1766 858 1829 caritati
888 1784 936 1829 se-
990 1766 1081 1830 ritate
1105 1786 1269 1844 succensa,
1285 1775 1318 1831 et
1336 1766 1553 1831 indesinenter
1571 1768 1634 1830 tuit
1652 1766 1738 1831 solli-

188 1864 323 1948 paratio,
352 1864 546 1946 exspectatio
581 1872 614 1927 et
649 1862 746 1945 bujus
779 1862 972 1927 incolatusB
991 1865 1065 1942 cita,
1083 1864 1186 1943 anxia,
1203 1866 1355 1942 studiosa,
1372 1865 1561 1947 praefervida
1574 1884 1631 1947 pro
1646 1884 1739 1927 mun-

190 1962 292 2026 ersilii
312 1962 443 2026 luerunt
462 1960 629 2025 aillictiva.
646 1961 782 2041 Tunc,o
802 1960 933 2043 optima,
991 1963 1023 2025 di
1049 1962 1269 2038 conversione,
1291 1980 1348 2043 pro
1376 1963 1598 2026 universorum
1624 1963 1736 2041 salute,

190 2060 441 2143 praedulcissima
466 2060 555 2141 virgo
579 2058 687 2137 Maria,
703 2078 741 2121 ex
766 2058 934 2137 sententia,
992 2079 1049 2143 pro
1072 2060 1288 2141 divulgatione
1312 2060 1505 2143 evangelican
1528 2059 1607 2143 legis
1630 2059 1739 2142 plena·

189 2178 228 2222 ex
256 2157 344 2222 lelici
371 2158 575 2239 experientia,
604 2176 642 2220 ex
674 2156 814 2219 caritatis
842 2156 937 2219 vobe-
993 2158 1059 2235 ria3
1076 2158 1170 2240 cujus
1190 2157 1369 2237 sanctitate,
1386 2158 1534 2240 precibus
1552 2177 1590 2220 ac
1605 2157 1737 2237 meritis,

50 2275 168 2326 etms,
189 2256 309 2320 mentia
337 2257 445 2320 dicero
474 2256 602 2339 potuisti
633 2254 936 2329 :Quemadmodum
992 2256 1131 2340 Spiritus
1159 2255 1294 2319 Sanctus
1321 2256 1603 2319 innumerabilium
1635 2256 1740 2337 tetigit

37 2340 57 2379 ³·
188 2354 351 2417 desiderat
374 2372 487 2416 cervus
512 2353 552 2415 ad
576 2353 681 2437 sontes
704 2370 869 2435 aquarum,
894 2352 938 2415 ita
993 2353 1160 2417 bominum
1185 2354 1291 2430 corda,
1308 2353 1495 2435 animasque
1514 2354 1671 2417 convertit
1691 2352 1740 2415 in-

188 2450 349 2514 desiderat
372 2450 480 2513 anima
503 2469 574 2513 mea
596 2450 636 2513 ad
662 2458 704 2528 te,
720 2449 823 2527 Deus;
840 2449 939 2513 sitivit
994 2453 1166 2513 numerasi

78 2570 173 2615 um
188 2550 296 2613 animo
312 2566 382 2611 mea
397 2550 436 2611 ad
451 2548 548 2611 Deum
563 2548 815 2613 iontem‘vivum
826 2566 939 2630 :quan-

188 2648 230 2712 do
250 2648 380 2711 veniam
400 2654 432 2709 et
453 2646 611 2729 apparebo
632 2654 706 2710 ante
725 2645 840 2709 laciem
863 2646 937 2709 [leil

229 2744 319 2809 Certe
346 2764 386 2809 ex
414 2745 464 2807 bis
498 2745 671 2809 innotescit
697 2763 793 2831 quarn
823 2762 938 2808 conve-
1186 2723 1431 2789 ARTICULUS
1450 2722 1541 2786 VIII·

187 2845 316 2907 ”lenies
348 2842 428 2907 dim
459 2843 667 2953 ffiefflnlmfffi
699 2866 705 2905 ²
736 2842 937 2953 C⁰¹J⁸ld⁰l³t⁰
993 2876 1086 2943 Quod
1099 2876 1144 2933 od
1161 2872 1491 2949 oripa‘nola‘sjustitioe
1506 2870 1741 2946 perfectionem

186 2942 340 3007 attentius
379 2940 495 3023 quibus
530 2940 696 3005 ardomhus
735 2940 939 3005 alliciebatur
1032 2972 1062 3023 εἰ
1077 2962 1291 3022 eminentiam
1312 2962 1541 3020 mmmmm„
1559 2960 1652 3035 „imo
1669 2960 1741 3019 Ma.

187 3040 257 3103 111110
287 3039 393 3122 Virgo,
424 3040 499 3103 dum
532 3047 648 3101 cuncta
680 3058 750 3121 qllffi
783 3038 974 3117 audierat,c
1033 3054 1087 3113 rio
1099 3052 1354 3130 praeclarissime
1370 3059 1416 3108 est
1427 3052 1598 3127 perducto.

188 3141 324 3218 viderat,
345 3145 488 3218 noverat,
509 3146 615 3201 mente
644 3137 799 3215 revolvit;
820 3138 937 3220 quibus

187 3248 265 3301 tuno
291 3237 492 3302 cremabatur
520 3245 700 3299 sanctarum
728 3235 936 3299 allectionum
1065 3243 1150 3302 EL'S
1172 3241 1333 3299 bominem
1359 3236 1436 3300 lecit
1461 3245 1596 3296 rectum.
1613 3234 1741 3299 Creator
1753 3259 1829 3304 aaa,
1847 3271 1885 3310 n..

187 3335 359 3399 incendiis.
385 3335 510 3398 Etenim
539 3335 580 3397 ab
607 3335 694 3398 omni
724 3344 847 3398 terrena
876 3335 938 3398 sol·
1075 3337 1291 3418 omnipotens,
1318 3335 1444 3398 inlinite
1468 3333 1571 3397 bonus
1596 3342 1628 3396 et
1650 3325 1788 3396 dives⁸⁰·

187 3433 368 3512 licitudine‚
395 3451 492 3514 prava
521 3431 754 3514 inquietudine,
781 3432 821 3495 ab
847 3433 934 3495 omni
991 3455 1027 3498 ac
1043 3435 1196 3512 liberalis,
1212 3453 1277 3498 non
1291 3435 1323 3496 in
1339 3433 1427 3516 puris
1446 3431 1644 3494 naturalibus
1665 3450 1740 3494 con-

186 3533 281 3613 culpa
309 3540 342 3594 et
369 3531 571 3594 distractione
601 3531 727 3612 penitus
755 3529 869 3606 aliena,
895 3531 935 3592 ad
990 3534 1071 3597 didit
1086 3534 1207 3616 primos
1226 3541 1349 3595 nostros
1372 3539 1529 3614 parentes,
1546 3531 1601 3592 sed
1615 3533 1665 3609 (ut
1684 3531 1740 3592 do

185 3630 328 3694 caritatis
365 3647 525 3706 excessus,
555 3629 594 3691 td
632 3628 932 3710 contemplationum
991 3642 1042 3696 cet
1066 3633 1242 3714 Scriptura)
1265 3630 1452 3711 originalem
1481 3629 1528 3690 eis
1556 3627 1738 3690 concreavit
1763 3643 1884 3700 epten.

184 3731 324 3808 volatus,
350 3729 389 3790 ad
419 3726 689 3790 inflammationes
718 3727 934 3790 indesinentes
989 3732 1159 3814 justitiam,
1173 3749 1229 3812 per
1242 3749 1336 3812 quam
1352 3747 1425 3790 earo
1439 3747 1496 3809 per
1510 3727 1618 3790 omnia
1633 3745 1738 3808 prorn-
1751 3709 1785 3750 ²⁴·

184 3828 247 3891 luit
272 3845 402 3908 prorsus
426 3825 612 3908 aptissima;
627 3833 659 3888 et
678 3823 877 3888 nobilissima
897 3845 933 3888 ao
990 3839 1043 3912 pte
1064 3828 1217 3892 obediens
1240 3835 1308 3890 erat
1331 3825 1470 3907 spiritui,
1487 3825 1639 3888 sensitiva
1664 3843 1737 3906 pars

186 3923 423 4010 perfectissima
448 3923 555 4004 Virgo,
583 3923 615 3984 in
641 3923 734 4006 cujus
760 3923 933 3988 visceribus
990 3927 1117 4005 rationi,
1134 3925 1213 3989 ratio
1228 3933 1322 4006 atque
1337 3923 1483 3987 voluntas
1498 3922 1647 3986 DeoNec
1662 3941 1738 3985 eon-

186 4031 234 4088 tot
257 4023 459 4104 requieverat
487 4021 660 4098 mensibus,
686 4021 751 4085 imo
779 4021 812 4084 in
841 4021 933 4104 cujus
989 4025 1139 4107 surgebat
1159 4025 1193 4086 in
1215 4042 1310 4086 carne
1330 4031 1384 4085 aut
1402 4022 1554 4085 sensitiva
1572 4031 1661 4104 parte
1680 4021 1737 4084 ali-

186 4120 372 4205 praecordiis
399 4127 446 4182 tot
479 4118 676 4182 habitaverat
702 4119 794 4182 annis
824 4121 851 4182 is
879 4121 932 4202 qui
988 4125 1061 4206 quis
1089 4131 1194 4185 motus
1222 4121 1335 4184 rationi
1364 4120 1552 4198 contrarius,
1582 4139 1641 4182 neo
1671 4119 1737 4182 ulla

185 4219 400 4284 essentialiter
434 4217 548 4280 caritas
580 4227 638 4298 est,
667 4218 764 4280 Filius
795 4227 933 4300 peteme
949 4217 972 4278 [l
990 4219 1336 4304 poenalitas,quamdiu
1358 4219 1438 4282 ratio
1456 4219 1574 4280 mansit
1597 4219 1735 4282 Creatori

185 4317 377 4397 dilectionis,
407 4317 489 4380 Deus
517 4317 667 4379 bonitatis
696 4317 858 4379 immense
887 4317 934 4379 di·
989 4320 1145 4402 subjecta,
1175 4337 1212 4381 ac
1247 4318 1394 4382 voluntas
1426 4317 1536 4381 divino
1564 4327 1733 4400 precepto.

185 4416 396 4498 lectionisque
416 4413 564 4494 infinita,
581 4412 642 4476 luit
663 4414 694 4476 in
715 4415 838 4477 viscera
862 4434 933 4478 san-
989 4418 1106 4499 Estque
1128 4416 1301 4499 probabilis
1319 4416 1490 4479 multorum
1514 4416 1634 4498 opinio,
1650 4416 1734 4497 quod

185 4515 228 4578 cti
257 4513 388 4590 amoris,
419 4512 453 4574 in
481 4510 619 4574 allectus
647 4511 707 4592 piae
739 4511 930 4589 dilectionis,
990 4515 1141 4596 ingratia
1163 4513 1588 4598 quoquegratumlaciente
1612 4513 1737 4576 virtuti-

185 4615 221 4676 in
246 4613 356 4694 ignem
382 4629 527 4692 superne
552 4609 735 4673 allectionis
764 4629 844 4692 pene
870 4618 934 4674 tota
990 4613 1113 4695 busque
1137 4622 1168 4674 et
1192 4612 1285 4674 donis
1309 4611 1339 4674 ei
1362 4611 1494 4672 annexis
1518 4612 1664 4692 producti
1686 4611 1737 4674 iu-

186 4727 353 4774 conversa.
990 4718 1084 4774 erunt
1104 4710 1251 4773 homines
1273 4709 1471 4790 protoplasti.

227 4811 402 4885 Postremo,
428 4805 454 4868 si
478 4806 516 4869 de
541 4805 683 4886 apostolo
707 4805 802 4869 Paulo
827 4806 934 4870 dicere
1029 4809 1132 4884 Quum
1146 4809 1252 4888 itaque
1267 4807 1300 4869 in
1315 4805 1506 4869 electissima
1520 4806 1737 4889 Dei,gloriosa

186 4908 281 4972 licuit
305 4904 418 4969 loanni
446 4903 679 4985 chrysostomo,
704 4903 792 4966 Siout
815 4904 933 4968 lerrum
991 4906 1096 4982 llario,
1112 4925 1150 4968 cx
1171 4905 1271 4966 nimia
1293 4903 1400 4985 gretiae
1424 4903 1638 4984 preventione
1662 4923 1736 4967 caro
1764 4928 1841 4972 mar.
1859 4942 1881 4978 ι,

187 5008 221 5068 in
246 5007 354 5088 ignem
380 5001 524 5082 missum,
541 5009 641 5065 totum
665 5002 755 5084 quasi
782 5002 865 5084 ignis
890 5002 936 5066 el·
990 5006 1144 5067 adversus
1165 5003 1309 5085 spiritum
1335 5019 1497 5082 nunquam
1522 5002 1733 5085 concupierit,
1749 4993 1784 5034 ¹⁷·

187 5105 309 5182 licitur,
336 5102 382 5164 sic
407 5099 521 5164 Paulus
544 5101 674 5164 caritate
699 5119 864 5178 accensus,
891 5110 934 5165 to-
991 5121 1050 5164 nec
1066 5109 1170 5163 motus
1186 5100 1354 5182 culpabilis
1369 5099 1402 5160 in
1421 5117 1458 5161 ea
1478 5099 1659 5177 surrexerit,
1677 5119 1736 5162 nec

188 5212 238 5265 tus
271 5199 364 5283 quasi
399 5197 514 5260 caritas
548 5197 653 5260 lactus
686 5205 754 5272 est,
784 5207 813 5262 et
847 5197 934 5280 item,
992 5198 1144 5260 sensitiva
1158 5217 1231 5279 pars
1246 5196 1341 5259 luerit
1355 5195 1469 5259 rationi
1484 5195 1516 5256 in
1538 5213 1576 5257 ca
1596 5215 1737 5278 unquam

187 5299 303 5366 Paulus
332 5315 372 5361 ac
402 5295 428 5358 si
457 5303 556 5360 toturn
582 5295 738 5360 mundum
762 5296 934 5379 genuisset,
993 5296 1146 5378 renitens,
1162 5296 1293 5378 ipsaque
1308 5295 1388 5358 ratio
1406 5311 1443 5356 ac
1464 5293 1611 5357 voluntas
1633 5294 1666 5356 in
1688 5313 1739 5358 ea-
