4309 6250
456 490 517 556 590
573 507 613 555 DE
635 507 842 557 sucroetrnrh
864 508 957 556 Sllssl
979 506 1146 556 PONTIElGlS
1168 508 1204 553 ΙΤ
1225 507 1395 555 uersutus
1411 505 1552 568 curretur,
1576 507 1665 552 [ABER
1686 505 1720 552 tl.
1741 524 1783 534 -·
1804 506 1874 551 ART.
1896 507 1906 551 l

459 679 717 743 inconvenientia
733 698 795 743 non
812 699 909 761 parva
924 699 983 742 noc
998 697 1108 760 pauca,
1116 679 1246 760 proutA
1264 684 1357 760 prout
1381 677 1414 739 in
1439 677 1568 739 Summa
1594 684 1704 739 contra
1726 675 1851 742 Gracos
1874 676 1990 738 Thomas

460 777 577 860 Spin'tu
602 777 743 842 veritatis
770 785 962 860 protestante
984 776 1161 856 ostendam,
1177 784 1209 839 et
1261 777 1388 858 allegat.
1416 776 1502 838 idem
1526 774 1692 837 allirmant
1720 774 1842 856 pralati
1864 775 1990 838 doctores

459 874 492 936 in
517 875 614 956 priori
640 875 721 938 libro
746 873 915 936 introduxi.
936 872 1109 948 Postremo,
1132 890 1208 953 quo
1262 895 1358 956 super
1371 874 1404 937 rd
1423 873 1506 954 qnod
1529 873 1612 956 apud
1633 873 1752 936 Lucam
1773 873 1818 935 ait
1835 872 1920 935 Petro
1938 873 1991 934 su-

461 974 554 1036 modo
568 973 770 1055 praesidentia
791 971 906 1034 summi
927 969 1092 1035 Pontificis
1113 989 1209 1053 super
1262 980 1383 1036 vator:
1400 973 1447 1034 'l'u
1467 970 1639 1053 aliquando
1660 989 1835 1034 conversus
1855 970 1989 1033 confirma
2010 987 2065 1028 ιιι

460 1080 558 1135 totam
585 1071 761 1134 Ecclesiam
792 1069 885 1132 simul
915 1077 1086 1150 sumptam,
1112 1087 1209 1150 gene·
1263 1070 1377 1134 iratres
1401 1079 1481 1133 tuos.
2000 1054 2024 1091 ³²·
2104 1096 2105 1155 3

460 1170 573 1232 ralium
598 1169 806 1233 conciliorum
825 1167 1005 1231 auctoritati
1026 1166 1207 1228 nuliatenus
1303 1169 1454 1251 benique,
1475 1187 1570 1249 super
1595 1167 1674 1231 illud
1698 1167 1841 1246 loannis,
1860 1167 1928 1230 Erat
1947 1187 2078 1231 ιι-ιιιιιιι
2104 1160 2105 1239 ᾖ

362 1319 368 1332 .
402 1263 625 1350 xv1,derdget,
619 1288 651 1330 ιιι
668 1266 1146 1349 praiatolihroestosteusum.
1263 1276 1325 1330 tem
1348 1265 1489 1330 Andreas
1510 1264 1609 1328 irater
1629 1266 1768 1330 Simonis
1789 1265 1880 1345 Petri,
1897 1266 1993 1328 asserit
2104 1284 2105 1291 ¹

343 1364 363 1392 '¹
1262 1367 1346 1429 Beda
1363 1366 1430 1428 :Ad
1445 1366 1571 1429 laudem
1587 1365 1762 1428 B.Andrea
1777 1365 1908 1446 pertinet
1922 1367 1991 1446 quod

1262 1465 1361 1528 irater
1395 1464 1533 1529 Simonis
1567 1465 1665 1528 luisse
1701 1465 1839 1541 dicitur;
1868 1463 1991 1527 iuturum

609 1546 854 1612 ARTICULUS
878 1547 1052 1611 PRlMUS·
1263 1583 1400 1646 namque
1425 1571 1492 1627 erat
1516 1572 1551 1626 ut
1575 1563 1643 1646 ipse
1666 1563 1777 1625 Simon
1800 1562 1905 1625 Petrus
1923 1573 1992 1626 esset

458 1688 698 1748 Demonstratio
713 1689 800 1766 qaod
810 1690 903 1763 Papa
916 1688 1138 1748 totzli'cclesroe
1149 1687 1208 1747 mi·
1263 1682 1407 1725 summus
1436 1681 1584 1743 Pf¹¹¹⁰⁰l³⁵
1612 1661 1837 1743 AP⁰St⁰l⁰fflffl
1859 1670 1889 1723 ⁰¹
1911 1662 1993 1724 l⁰¹¹¹¹⁵

498 1777 614 1836 litanti
627 1778 727 1836 simul
740 1796 796 1836 seu
807 1777 969 1836 collective
980 1785 1116 1851 accepta
1126 1794 1209 1851 prce·
1263 1761 1412 1824 Ecclefflae
1427 1769 1533 1844 milui·
1549 1761 1628 1835 Qffld
1643 1769 1750 1822 aulem
1772 1768 1830 1839 082,
1845 1760 1935 1822 tultus
1948 1761 1993 1822 Ει·

498 1867 615 1936 sideat,
621 1885 662 1924 ea
677 1867 775 1925 clieta
784 1866 1017 1925 catholicorum
1026 1868 1204 1924 doctorum.
1226 1856 1379 1939 Belesia,
1396 1860 1458 1922 nisi
1480 1860 1625 1923 omnium
1647 1859 1883 1942 particularium
1901 1860 1994 1922 Eccle·

1264 1959 1383 2021 siarum
1398 1958 1493 2020 simul
1508 1965 1717 2039 sumpturum,
1726 1958 1897 2039 prasertim
1909 1977 1993 2040 quarn
2105 1996 2106 2011 ι

521 2001 606 2117 lCUT
628 2053 769 2116 secundo
790 2054 829 2115 de
845 2051 996 2114 Trinllnle
1017 2050 1130 2113 asseril
1148 2051 1210 2112 du·
1265 2057 1509 2139 particularibus
1534 2055 1686 2120 Ecclesiis
1709 2056 1840 2118 divisim
1860 2057 1993 2137 acceptis,

535 2152 691 2234 gustinus,
720 2152 828 2213 nullus
858 2150 1065 2232 reprehensor
1100 2147 1211 2212 lonni-
1264 2177 1320 2219 seu
1342 2156 1397 2220 toti
1421 2156 1571 2219 Ecclesia
1594 2155 1720 2218 divisim
1746 2165 1907 2238 suscepta,
1922 2175 1995 2218 com-

460 2252 583 2313 dandus
598 2250 792 2314 estamatori
815 2249 967 2312 veritatis.
985 2248 1209 2312 Verumtamen
1265 2262 1350 2336 petat
1373 2255 1517 2316 diversos
1546 2254 1663 2316 habere
1692 2262 1835 2336 pastores
1859 2254 1994 2335 pluraque

460 2349 603 2413 veritatis
631 2351 749 2412 zelator
778 2368 815 2412 eo
844 2347 965 2411 cautius
990 2347 1076 2428 loqui
1103 2345 1208 2425 debet,
1264 2353 1389 2435 capital
1411 2353 1554 2434 insuper,
1581 2371 1676 2434 super
1702 2351 1779 2414 illud
1804 2352 1937 2428 loannis,
1956 2353 2075 2416 Τιιιιι.

460 2466 524 2529 quo
539 2448 676 2531 amplius
698 2446 823 2510 veritati
845 2445 1054 2529 repugnantia
1075 2445 1211 2507 detestn·
1265 2470 1299 2513 es
1314 2449 1424 2513 Simon
1437 2450 1527 2512 lilius
1541 2451 1631 2531 lona,
1648 2459 1683 2514 tu
1697 2451 1864 2514 vocaberis
1877 2451 1993 2532 Cophes,
2106 2456 2107 2485 ι

461 2556 513 2611 tur
528 2571 535 2611 ι
550 2554 716 2629 propterea
731 2554 817 2609 certo
831 2564 868 2608 ac
884 2544 987 2606 stabili
1003 2543 1210 2606 fundamento
1264 2548 1413 2611 disseruit
1436 2548 1519 2611 Beda
1540 2572 1547 2610 ε
1568 2549 1714 2630 llagnnm
1739 2549 1801 2611 init
1819 2551 1901 2630 quod
1919 2549 1995 2610 Petro

463 2647 629 2726 innitatur,
645 2665 686 2708 ne
712 2645 881 2708 securitate
906 2643 1035 2705 fallatur
1057 2641 1158 2719 inani,
1180 2649 1212 2704 et
1264 2647 1405 2710 christus
1420 2666 1537 2711 nomen
1559 2648 1872 2726 mutavi13fusumm
1893 2648 1996 2729 quippe
2106 2644 2107 2723 ι

463 2745 610 2808 uitullus
629 2743 659 2810 ei
682 2744 839 2806 credatur.
855 2742 935 2804 Hinc
956 2741 1000 2804 ait
1014 2740 1209 2822 Gregorius:
1265 2756 1332 2809 erat
1359 2746 1444 2828 quod
1471 2766 1589 2810 nomen
1622 2764 1742 2810 novum
1771 2747 1802 2809 ei
1836 2746 1996 2830 imponeret

464 2843 573 2907 Omnis
588 2841 746 2906 sententia
759 2860 823 2923 quo
845 2842 916 2922 plus
931 2859 1027 2902 sacra
1042 2838 1212 2922 Scriptura
1265 2845 1349 2926 quod
1373 2845 1501 2926 prasuli
1526 2845 1623 2908 totius
1645 2844 1796 2909 Ecclesia
1817 2845 1993 2909 conveniret

465 2961 502 3004 ac
518 2940 643 3004 Petrum
666 2939 855 3004 testimoniis
877 2935 1098 3017 confirmatur,
1114 2955 1152 3000 eo
1166 2936 1214 2999 ia·
1265 2940 1427 3018 Praeterea,
1444 2960 1540 3023 super
1554 2941 1632 3004 illud
1648 2942 1790 3022 loannis,
1807 2942 1917 3006 lterum
1932 2959 2025 3044 ergo·
2012 2951 2091 2994 rotr-

466 3040 559 3104 cilius
575 3039 723 3102 creditur.
741 3039 925 3119 Quanquam
945 3038 1051 3118 itaque
1066 3036 1100 3098 in
1114 3036 1212 3118 priori
1230 3037 1252 3099 C
1267 3039 1396 3121 negavit
1419 3039 1541 3119 Petrus,
1563 3040 1647 3103 beda
1672 3040 1889 3121 conscripsit:
1908 3019 2031 3114 Quum'⁷'

466 3140 546 3205 libro
560 3139 794 3223 praesidentiam
816 3137 905 3220 Papa
927 3156 1022 3219 super
1043 3144 1140 3200 totam
1156 3136 1213 3198 Ec·
1267 3139 1420 3203 Dominus
1448 3158 1638 3202 ascensurus
1665 3140 1698 3201 in
1731 3139 1860 3219 coelum,
1888 3140 1996 3201 Petrum

466 3239 594 3303 clesiam
616 3246 679 3301 tam
701 3236 879 3301 Gracorum
901 3254 996 3318 quam
1016 3235 1211 3313 Latinorum,
1267 3246 1426 3320 pastorem
1451 3236 1601 3300 Ecclesia
1625 3246 1657 3300 et
1680 3238 1858 3320 principem
1882 3240 1997 3318 Aposto

465 3337 706 3400 auctoritatibus
717 3336 842 3398 Petrum
858 3343 1038 3399 sanctorum
1054 3342 1148 3415 atque
1161 3334 1214 3396 do
1266 3338 1370 3400 lorum
1391 3344 1475 3399 esset
1496 3334 1675 3416 relicturus,
1691 3356 1750 3399 cur
1770 3354 1843 3399 eum
1865 3355 1897 3399 se
1916 3354 1998 3415 nega-

467 3446 588 3499 ctorum
605 3434 817 3517 probaverim,
828 3442 939 3515 utputa
954 3431 1213 3513 S.Cyrilli,Chry-
1267 3454 1301 3497 re
1319 3434 1486 3516 permisitl
1507 3434 1658 3496 Eamdem
1680 3433 1887 3515 questionem
1907 3438 1998 3495 urovet

466 3534 607 3614 sostomi,
624 3532 802 3614 Theophili,
823 3531 1019 3611 Damasceni,
1040 3529 1210 3608 Ambrosii,
1267 3532 1446 3614 Gregorius,
1473 3552 1619 3595 asserens
1642 3532 1768 3595 Petrum
1789 3543 1910 3595 cuncta
1931 3550 1998 3612 pra

465 3634 644 3716 Augustini,
661 3630 813 3713 Gregorii,
831 3640 862 3692 et
876 3630 1011 3693 aliorum
1026 3629 1210 3708 multorum,
1267 3632 1366 3694 latum
1389 3630 1549 3694 Ecclesia.
1573 3631 1660 3705 Quod
1685 3630 1791 3712 ipsum
1815 3650 1910 3714 super
1926 3628 1998 3691 illud

464 3750 550 3793 nuno
573 3739 679 3793 tamen
700 3730 854 3811 quasdam
876 3727 1035 3809 adjiciam.
1266 3729 1408 3808 loannis,
1424 3728 1576 3791 Ascendit
1593 3728 1702 3790 Petrus
1724 3737 1756 3791 et
1780 3730 1873 3791 traxit
1892 3738 1953 3791 rete
1970 3727 1998 3787 in
2018 3739 2087 3845 pean

316 3856 448 3909 natm
504 3829 667 3911 Siquidem
696 3847 791 3910 super
815 3827 892 3889 illud
917 3826 1063 3904 Matthaei,
1090 3825 1211 3887 Primus
1268 3836 1395 3904 terram,
1417 3825 1541 3908 pralati
1563 3826 1663 3888 sancti
1687 3826 1838 3889 Doctores
1860 3810 2033 3906 multique¹'·

464 3947 573 3992 eorum
604 3927 710 3990 Simon
738 3926 860 4003 Petrus,
880 3932 953 3987 tam
981 3924 1080 3987 Graci
1115 3943 1211 4005 quam
1267 3926 1321 3988 alii
1343 3925 1537 4007 expositores
1552 3922 1702 3987 latentur.

463 4028 566 4091 Latini
582 4027 786 4107 expositores,
803 4043 882 4106 quos
897 4024 991 4087 etiam
1007 4023 1126 4085 ibidem
1141 4022 1212 4086 Gor·
1306 4024 1346 4086 At
1368 4041 1442 4087 vero
1464 4042 1566 4133 super.
1582 4022 1660 4085 illud
1675 4023 1769 4101 Petri,
1786 4023 1939 4103 Seniores,
1953 4022 2000 4085 ob
2018 4037 2095 4080 ires

464 4148 497 4191 ιι
512 4127 632 4207 etLyra
646 4133 832 4206 sequuntur,
841 4122 1041 4186 concorditer
1056 4121 1209 4200 scribunt,
1267 4142 1369 4201 sacro,
1379 4122 1500 4205 pascite
1513 4121 1568 4203 qui
1584 4121 1618 4183 in
1633 4120 1723 4184 vobis
1738 4130 1786 4184 est
1800 4142 1926 4203 gregem
1940 4107 2049 4199 llei,¹··'

463 4227 606 4289 dicentes
621 4225 705 4306 quod
726 4223 835 4285 Petrus
850 4222 1072 4303 Apostolorum
1095 4220 1213 4283 dicitur
1229 4220 1251 4282 [l
1268 4221 1380 4284 scribit
1392 4221 1540 4283 Albertus
1553 4219 1693 4302 biegnae,
1710 4219 1774 4301 vel,
1791 4228 1826 4283 ut
1840 4220 1933 4302 aliqui
1952 4238 2001 4299 pu·

464 4324 586 4409 primus
603 4323 767 4406 prioritate
782 4320 1031 4403 dignitatis,non
1046 4318 1210 4403 temporis,
1267 4329 1345 4398 tant,
1366 4318 1514 4383 Nicolaus
1538 4319 1578 4383 de
1603 4318 1700 4382 Gorra
1721 4343 1728 4381 ι
1750 4319 1839 4383 Sicut
1861 4339 1894 4382 se
1918 4318 2000 4381 habet

464 4423 614 4505 quoniam
639 4422 667 4484 ei
693 4429 842 4502 tanquam
868 4418 1037 4502 principali
1061 4418 1212 4499 Apostolo
1266 4419 1301 4481 Β.
1318 4419 1427 4481 Petrus
1451 4427 1598 4499 respectu
1622 4417 1751 4496 Christi,
1768 4417 1816 4481 sic
1839 4436 1872 4481 se
1895 4416 2000 4479 habent

464 4522 605 4584 Christus
633 4519 808 4583 Ecclesiam
837 4517 998 4581 commisit
1025 4536 1061 4579 ac
1090 4516 1213 4579 dimisit
1268 4537 1379 4581 omnes
1400 4517 1521 4600 pralati
1543 4525 1574 4579 et
1595 4524 1737 4597 pastores
1758 4525 1902 4598 respectu
1917 4513 1999 4577 Petri.

464 4618 646 4701 regendam.
662 4617 749 4692 Quod
770 4618 810 4679 de
829 4624 894 4680 tota
914 4624 945 4678 et
964 4615 1137 4677 universali
1156 4614 1213 4677 Ec·
1268 4616 1327 4679 Sed
1355 4616 1391 4678 B.
1420 4615 1529 4679 Petrus
1557 4614 1720 4677 humiliter
1753 4615 1870 4696 recepit
1903 4631 2000 4677 curam

464 4717 572 4797 alesia,
589 4735 652 4779 non
669 4717 708 4779 de
724 4713 920 4798 particulari,
937 4720 1057 4775 certum
1073 4720 1122 4775 est
1136 4713 1211 4793 dici,
1269 4714 1369 4796 ipsius
1383 4712 1534 4777 Ecclesia
1554 4722 1587 4776 et
1601 4712 1696 4776 totius
1717 4712 1822 4794 gregis
1836 4712 1912 4775 iidei
1929 4710 2001 4774 chri-

464 4816 551 4898 quia,
561 4822 595 4877 ut
609 4814 654 4876 ait
669 4815 921 4899 chrysostomus,
932 4812 1056 4874 Petrum
1071 4810 1212 4875 Christus
1268 4812 1378 4875 stiana
1406 4810 1584 4892 injunctam
1614 4811 1676 4874 sibi
1703 4830 1723 4873 a
1749 4810 1872 4875 Christo
1901 4834 1908 4873 ε
1936 4798 2001 4889 ergo

464 4914 689 4978 inthronizavit
717 4912 802 4976 orbis
830 4920 983 4974 terrarum
1013 4910 1211 4991 magistrum,
1268 4921 1299 4974 et
1321 4909 1466 4972 similiter
1487 4909 1541 4972 alii
1562 4908 1682 4991 pralati
1707 4907 1825 4971 dehent
1845 4909 1936 4971 talem
1956 4926 2002 4969 cu·

465 5022 559 5096 atque
574 5015 613 5076 ad
636 5012 732 5076 totius
753 5010 839 5075 orbis
862 5010 1086 5093 pontificatum
1100 5010 1213 5072 direxit
1268 5028 1335 5071 ram
1350 5008 1515 5070 humiliter
1529 5008 1689 5089 suscipere
1703 5026 1743 5069 ex
1755 5016 1912 5089 precepto
1920 5007 1952 5068 B.
1959 5004 2003 5065 Pe

464 5131 549 5191 eum,
581 5110 755 5173 secundum
784 5108 994 5190 Theophilum
1025 5131 1031 5169 :
1061 5109 1147 5189 quod
1180 5106 1212 5169 in
1268 5108 1318 5169 tri.
1335 5107 1477 5188 Euicque
1498 5107 1583 5169 dioto
1605 5105 1777 5169 concordat
1797 5107 1881 5188 quod
1904 5105 2002 5168 Glossa

464 5211 547 5274 libro
563 5206 940 5291 Thesaurorumtlyrillus
952 5206 1132 5289 patriarcha
1145 5206 1214 5269 Ale·
1267 5205 1312 5269 ait
1336 5206 1455 5268 ibidem
1482 5230 1489 5267 ε
1515 5205 1603 5268 Sicut
1627 5204 1781 5267 Dominus
1805 5205 1894 5268 Petro
1918 5202 2002 5266 totius

464 5309 636 5377 xandrinus
652 5306 827 5371 clarissime
843 5306 936 5369 docet
956 5324 993 5368 ac
1013 5305 1210 5386 comprobat,
1268 5304 1372 5388 gregis
1395 5303 1546 5367 Ecclesia
1569 5303 1666 5388 jussit
1689 5322 1799 5366 curam
1823 5302 1948 5381 habere,
1965 5300 2001 5361 ita
