4309 6250
418 458 457 524 ⁷4
659 481 699 528 nn
721 483 884 531 orourrnrn
904 485 942 532 ατ
962 486 1112 533 ennomus
1133 487 1160 531 n.
1185 488 1213 531 v.
1236 486 1354 546 unuin,
1376 489 1465 535 urum
1486 491 1519 536 11.
1541 504 1581 518 -
1603 491 1671 536 nur.
1695 492 1727 538 rv

417 649 536 731 quippe
559 650 592 715 in
616 670 679 735 qua
702 654 790 717 nulla
813 675 953 738 unquam
978 657 1163 739 passionum
1178 658 1204 720 A
1219 676 1282 739 quo
1316 659 1380 723 Deo
1408 659 1573 723 incarnato
1601 660 1745 742 virginea
1771 661 1868 724 Mater
1894 660 1967 742 ejus

418 749 672 828 perturbantium
688 751 997 833 inquietudo,nullus
1013 757 1163 838 strepitus
1218 775 1283 838 pre
1311 758 1434 820 eunctis
1458 759 1582 821 exsistit
1609 758 1827 841 propinquior,
1851 778 1889 822 eo
1917 779 1968 822 sa-

418 846 531 929 culpe,
540 849 646 912 nullus
661 851 923 916 tumultuantium
938 854 1163 935 cogitationum
1217 855 1345 937 pientie
1366 857 1449 920 dono
1469 855 1531 919 fuit
1555 856 1730 937 repletior:
1748 876 1808 920 nec
1832 858 1967 920 dubium

417 953 471 1007 aut
485 944 709 1010 fluctuantium
724 949 953 1014 desideriomm
966 952 1163 1015 inordinatus
1217 953 1295 1034 quin
1311 961 1397 1016 tanto
1413 955 1455 1016 sit
1473 954 1569 1018 llater
1586 955 1798 1036 propinquior
1818 955 1872 1018 Dei
1892 956 1969 1019 Uni-

417 1043 584 1123 tumultus,
602 1047 656 1109 sed
670 1046 757 1127 jugis
773 1049 995 1130 tranquillitas,
1012 1057 1107 1131 atque
1128 1051 1162 1112 in
1217 1052 1335 1133 genito
1353 1071 1391 1114 ex
1419 1053 1487 1133 ipsa
1513 1052 1689 1131 incarnato,
1718 1061 1837 1135 quanto
1865 1060 1969 1116 mater

417 1141 504 1204 omui
520 1151 636 1206 eventu
651 1163 711 1226 pax
726 1145 849 1208 stabilis
864 1155 896 1210 et
915 1147 1049 1210 interna.
1065 1148 1164 1211 Idcir-
1218 1168 1282 1231 pre
1297 1149 1398 1212 servis
1413 1150 1494 1232 proli
1511 1151 1720 1232 propinquior
1734 1150 1928 1234 perhibetur.

417 1258 454 1302 co
483 1240 618 1323 Spiritus
647 1243 779 1306 Sanctus
808 1265 881 1308 cum
916 1255 1035 1328 septem
1070 1248 1163 1309 donis
1257 1247 1431 1327 Postremo,
1448 1267 1510 1329 quo
1527 1249 1742 1312 sacratissima
1761 1249 1852 1330 virgo
1871 1249 1969 1312 llaria

416 1338 481 1400 suis
496 1339 692 1420 clarissimis,
710 1341 743 1402 in
759 1344 854 1406 corde
876 1345 1089 1408 serenissime
1103 1345 1164 1407 lla-
1217 1345 1428 1408 mundissima
1444 1364 1501 1409 suo
1516 1347 1654 1410 Creatori
1670 1367 1707 1409 ex
1721 1347 1790 1429 ipsa
1801 1347 1968 1410 incarnato

416 1436 471 1499 rie
490 1455 563 1499 cum
584 1437 787 1502 inenarrabili
809 1442 1007 1523 plenitudine
1026 1443 1165 1506 incessa—
1218 1462 1255 1505 ac
1279 1442 1386 1523 genito
1415 1444 1520 1506 carior
1547 1445 1609 1507 fuit
1636 1452 1731 1526 atque
1755 1444 1901 1523 similior,
1927 1463 1968 1508 eo

416 1533 523 1598 biliter
536 1535 701 1618 requievit,
719 1546 751 1600 et
764 1539 797 1600 in
811 1540 895 1603 dono
911 1540 1073 1622 sapientie
1093 1560 1163 1603 eam
1218 1540 1343 1602 divitias
1362 1541 1471 1623 gratim
1490 1561 1566 1620 sue,
1582 1542 1705 1604 fluenta
1724 1542 1897 1624 sapientie,
1914 1563 1969 1604 su-

416 1633 644 1714 pulcherrime,
662 1634 726 1698 imo
749 1644 781 1698 et
800 1637 1093 1720 incomparabiliter
1112 1658 1165 1702 ve·
1218 1657 1317 1720 perna
1344 1639 1547 1718 charismata,
1574 1641 1753 1703 adorandus
1781 1640 1908 1703 Creator
1935 1641 1967 1703 ei

418 1730 569 1793 nustavit.
1219 1737 1444 1800 exuberantius
1469 1738 1737 1817 communicavit;
1753 1746 1784 1800 et
1807 1757 1878 1800 eam
1903 1739 1967 1801 sibi

457 1829 614 1910 Amplius,
649 1831 771 1912 puritas
800 1833 905 1896 cordis
934 1834 973 1896 ed
1001 1835 1164 1916 sapientie
1179 1838 1202 1898 B
1219 1835 1252 1897 iu
1271 1835 1357 1898 omni
1378 1837 1546 1918 sapientia,
1563 1837 1730 1900 sanctitate
1749 1846 1781 1898 et
1801 1838 1968 1899 honestate

417 1926 651 1991 incrementum
676 1948 712 1992 ac
742 1931 1011 2013 complementum
1041 1952 1165 1996 summe
1220 1932 1297 1995 fecit
1318 1933 1527 2012 simillimam,
1544 1935 1617 2015 quia
1637 1944 1667 1997 et
1692 1953 1749 2016 per
1772 1935 1833 1996 hoc
1857 1942 1969 1996 mutua

297 2039 402 2096 siper.
417 2025 568 2106 disponit.
589 2027 624 2088 ln
650 2027 839 2091 malevolam
864 2048 1001 2110 namque
1026 2031 1165 2094 animam
1218 2048 1328 2092 eorum
1344 2032 1544 2095 conversatio
1560 2031 1593 2093 in
1609 2031 1724 2094 seculo
1746 2031 1807 2094 isto
1829 2030 1966 2109 dulcior,

418 2143 482 2186 non
508 2124 654 2189 introibit
679 2127 846 2209 sapientia,
870 2148 929 2192 nec
953 2130 1110 2193 habitabit
1132 2131 1164 2192 in
1220 2129 1475 2208 convenientior,
1505 2129 1693 2192 familiarior
1726 2137 1758 2192 et
1792 2129 1969 2192 amorosior

418 2241 550 2304 corpore
569 2224 696 2287 subdito
720 2227 878 2306 peccatis,
896 2227 961 2306 sed,
980 2228 1063 2290 sieut
1088 2249 1166 2310 pre
1219 2227 1291 2288 fuit.
1308 2227 1471 2308 Siquidem
1487 2228 1665 2290 similitudo
1689 2236 1738 2290 est
1761 2246 1857 2289 causa
1881 2245 1970 2290 amo-

270 2333 403 2384 mutnar.
417 2320 587 2401 allegatum
602 2330 661 2402 est,
678 2324 833 2404 sapientia
849 2325 881 2386 in
897 2325 1020 2388 animas
1040 2336 1164 2389 sanctas
1219 2324 1274 2403 ris,
1297 2334 1328 2387 et
1351 2326 1503 2388 similium
1523 2326 1601 2389 unio
1626 2326 1726 2407 magis
1750 2325 1968 2389 connaturalis

418 2438 451 2482 se
465 2420 627 2483 transfert.
643 2421 744 2496 Quum
762 2422 868 2504 igitur,
886 2423 969 2486 sieut
987 2426 1164 2507 expositum
1219 2423 1401 2503 agnoscitur
1426 2447 1433 2485 :
1461 2423 1533 2486 ideo
1563 2432 1672 2486 mutua
1695 2423 1895 2486 conversatio
1918 2443 1969 2484 sa-

332 2543 374 2583 m.
388 2553 403 2582 ι.
417 2525 477 2597 est,
498 2517 710 2598 pulcherrima
732 2519 822 2601 virgo
840 2521 935 2583 fdaria
954 2529 1040 2584 tanta
1060 2523 1166 2605 splen·
1219 2521 1387 2602 pientium,
1413 2521 1445 2583 in
1469 2522 1584 2603 quibus
1604 2541 1668 2584 uon
1688 2529 1736 2584 est
1755 2522 1969 2584 immoderan-

417 2614 522 2688 duerit
537 2616 672 2697 puritate
687 2636 724 2679 ac
740 2618 916 2697 sanctitate,
927 2621 1010 2700 quod
1027 2621 1086 2683 sub
1101 2622 1165 2685 Deo
1220 2618 1262 2680 tia
1284 2619 1469 2699 passionum
1489 2638 1549 2682 nec
1565 2619 1687 2700 peccati
1702 2618 1852 2690 offensio,
1869 2626 1970 2682 exstat

417 2712 521 2794 major
548 2714 660 2795 nequit
684 2715 831 2797 intelligi,
858 2726 982 2780 constat
1007 2719 1092 2800 quod
1118 2718 1166 2781 in·
1221 2724 1358 2787 suavior.

418 2820 534 2890 creata,
566 2813 962 2894 supermunificentissima
990 2835 1027 2879 ac
1057 2835 1165 2898 super-

416 2909 656 2989 opulentissima
672 2910 832 2991 Sapientia
853 2912 886 2972 in
909 2913 1048 2975 animam
1069 2914 1165 2977 bene-

416 3005 507 3068 dicte
532 3007 633 3070 llarie
659 3027 692 3071 se
717 3009 940 3090 copiosissime
968 3012 1204 3078 transtuleritc
1428 2995 1673 3058 ARTICULUS
1701 2995 1788 3074 IV..

416 3111 511 3186 alque
533 3103 696 3184 lflfssdeflta
714 3115 745 3170 θῑ
770 3108 889 3171 d⁰¹¹¹¹¹¹¹
916 3109 1076 3192 saplenliffl
1101 3120 1164 3174 lam
1219 3145 1267 3203 De
1281 3143 1474 3202 excellentia
1490 3144 1719 3219 glorifico-nde
1734 3146 1853 3205 Marito
1869 3147 1904 3204 in
1919 3166 1971 3204 sa-

417 3202 625 3266 indicibiliter
649 3205 681 3266 in
702 3206 770 3288 ipsa
792 3206 975 3289 profecerit,
997 3210 1080 3289 quod
1101 3229 1165 3291 pre
1256 3232 1385 3306 premia
1410 3250 1482 3309 φωρ
1506 3240 1552 3290 est
1575 3234 1699 3292 donum
1720 3235 1841 3309 pratiae
1859 3236 1971 3310 pratis

417 3302 504 3365 omni
528 3322 607 3384 pura
632 3311 775 3367 creatura
794 3305 826 3367 in
846 3325 916 3369 esse
936 3316 1041 3370 creato
1063 3308 1167 3370 subsi·
1260 3324 1356 3380 darre.

416 3408 529 3477 stente,
545 3400 612 3463 heo
632 3400 700 3481 ipsa
720 3404 979 3482 prestantissima
998 3404 1166 3486 Sapientiae

417 3498 514 3560 hlater
540 3498 572 3559 in
607 3499 769 3581 sapientie
803 3503 887 3564 dono
922 3502 1165 3585 incomparabili
1290 3508 1361 3567 LII
1381 3524 1444 3581 per
1466 3508 1633 3582 Spiritum
1656 3511 1760 3567 datur
1785 3528 1890 3568 sermo
1918 3530 1969 3568 sa·
1985 3534 2112 3581 roffi,
2139 3577 2140 3584 χ

417 3597 511 3659 modo
533 3597 710 3679 prefulget.
1301 3606 1449 3679 pientioe,
1478 3606 1542 3662 atii
1574 3625 1677 3664 sermo
1711 3607 1866 3668 scientie.
1895 3606 1967 3669 llaec
2139 3655 2140 3716 l

457 3696 567 3758 Adhuc
582 3704 700 3775 autem,
715 3698 803 3759 lsaie
819 3697 974 3761 vicesimo
989 3708 1102 3763 octavo
1117 3701 1166 3763 in·
1221 3701 1317 3763 verba
1338 3699 1481 3781 Apostoli
1506 3702 1545 3764 de
1571 3701 1725 3782 sapientia
1748 3720 1818 3783 que
1840 3712 1890 3766 est
1914 3706 1970 3767 do-
2139 3719 2140 3748 l

270 3807 403 3857 nuum.
417 3792 544 3855 ducitur
568 3817 575 3855 :
601 3794 699 3869 Quem
728 3795 857 3858 docebit
883 3798 1036 3860 Dominus
1064 3800 1167 3861 scien·
1221 3818 1298 3860 num
1312 3799 1419 3880 gratie
1434 3799 1532 3880 gratis
1547 3800 1627 3860 date
1648 3799 1881 3881 intelliguntur.
1898 3802 1969 3864 lieo
2139 3775 2140 3858 l

417 3890 516 3953 tiaml
531 3900 564 3954 et
577 3912 672 3974 quem
688 3893 867 3975 intelligere
881 3895 979 3958 faciet
998 3896 1165 3959 auditumf
1221 3905 1326 3959 autem
1352 3898 1507 3978 sapientia
1526 3905 1575 3959 est
1593 3897 1706 3960 notitia
1724 3898 1905 3963 divinorum
1925 3909 1972 3963 at·
2139 3899 2140 3902 ’

416 3988 597 4053 Ablactatos
615 4009 633 4052 a
653 3991 745 4069 lacte,
763 3992 890 4055 avulsos
914 3993 954 4055 ab
980 3994 1087 4072 ubere,
1105 3996 1165 4058 hoc
1221 4013 1283 4076 que
1297 3995 1436 4075 cognitio
1452 3996 1695 4077 scripturarum,
1711 4015 1769 4077 per
1783 4016 1878 4078 quam
1899 3998 1971 4080 quis

416 4096 464 4151 est
478 4106 532 4151 eos
549 4088 603 4169 qui
619 4108 636 4149 a
652 4089 832 4152 carnalibus
847 4091 1009 4153 abstinent
1028 4092 1167 4155 oblecta·
1221 4093 1281 4155 scit
1295 4112 1332 4155 ea
1351 4112 1421 4174 que
1442 4092 1518 4155 fidei
1537 4102 1611 4155 sunt
1630 4094 1803 4174 declarare,
1821 4095 1973 4159 defende

344 4212 370 4240 xv
416 4187 543 4250 mentis.
562 4187 648 4249 Unde
663 4196 695 4250 et
710 4187 742 4249 in
762 4187 820 4251 lob
843 4189 1018 4251 asseritur:
1036 4188 1266 4271 Sapien-Dre,
1284 4192 1485 4273 persuadere,
1503 4191 1546 4254 ita
1562 4193 1646 4272 quod
1667 4191 1758 4255 novit
1780 4194 1918 4257 rationes
1940 4203 1973 4257 et

298 4292 303 4302 '
415 4286 459 4348 tia
478 4306 542 4350 non
562 4286 724 4349 invenitur
744 4288 777 4349 in
798 4296 880 4351 terra
900 4289 1037 4352 suaviter
1056 4290 1167 4352 viven-
1220 4299 1409 4372 argumenta
1432 4291 1674 4371 credendorum,
1691 4311 1749 4373 per
1770 4310 1841 4373 que
1860 4294 1973 4356 adver-

415 4385 505 4447 tium.
522 4385 793 4460 Quemadmodum
818 4406 893 4468 ergo
915 4388 1036 4469 optima
1057 4388 1163 4469 Virgo,
1221 4388 1312 4450 saviis
1327 4389 1404 4451 fidei
1427 4388 1512 4451 valet
1535 4390 1681 4451 resistere
1699 4413 1705 4451 :
1723 4409 1793 4470 que
1815 4391 1972 4473 sapientia

415 4482 669 4563 spiritualissima
705 4484 809 4562 Maria,
846 4486 887 4548 ab
920 4486 1008 4548 omni
1045 4486 1164 4549 carnali
1220 4486 1471 4549 addootoresac
1487 4486 1632 4568 prelatos
1652 4494 1773 4568 spectat
1791 4488 1968 4569 potissime.

415 4580 548 4643 mollitie
563 4581 712 4662 omnique
729 4582 867 4644 sensuali
883 4582 1095 4647 oblectatione
1111 4584 1165 4646 im·
1220 4584 1258 4647 Et
1282 4593 1386 4666 potest
1410 4585 1563 4667 sapientia
1582 4586 1642 4647 ista
1661 4605 1679 4648 a
1699 4585 1791 4648 malis
1816 4605 1854 4649 ac
1877 4586 1971 4650 bonis

416 4678 606 4740 munissimc
625 4677 698 4757 fuit,
714 4687 746 4741 et
765 4681 884 4743 mundo
903 4698 940 4743 ac
960 4682 1047 4743 carni
1068 4682 1166 4744 maxi·
1221 4682 1330 4745 haberi
1359 4683 1553 4761 hominibus,
1584 4682 1667 4745 sicut
1694 4692 1726 4745 et
1754 4691 1858 4746 cetera
1886 4685 1971 4748 dona

416 4795 467 4838 me
483 4784 617 4855 mortua,
634 4776 678 4839 sic
701 4777 735 4839 in
757 4778 841 4840 dono
864 4778 1025 4859 sapientie
1047 4779 1167 4842 illumi·
1220 4780 1329 4861 gratie
1362 4782 1459 4862 gratis
1488 4780 1589 4859 date3
1618 4789 1724 4862 potest
1750 4799 1876 4863 quoque
1904 4791 1970 4845 tam

417 4874 583 4937 natissima
604 4882 680 4937 erat.
931 4952 933 4959 Ι
1221 4898 1260 4941 er
1273 4879 1380 4941 divina
1398 4888 1430 4942 et
1449 4880 1677 4961 supernaturali
1699 4879 1860 4944 infusione
1874 4900 1970 4963 quam

278 4990 402 5042 sarcos.
457 4972 620 5051 Preterea,
638 4975 723 5055 quod
739 4974 818 5037 fonti
834 4974 995 5056 sapientie
1010 4984 1041 5037 et
1062 4975 1167 5058 primo
1222 4996 1260 5039 ex
1285 4976 1494 5039 instructione
1519 4978 1659 5040 humana
1683 4996 1739 5040 seu
1763 4978 1867 5042 studio
1890 4979 1971 5043 obti-

416 5090 453 5133 ac
469 5090 593 5133 summo
613 5073 708 5135 totius
727 5073 890 5154 sapientie
910 5075 1028 5137 causali
1050 5073 1168 5157 princi·
1224 5074 1303 5136 neri.

417 5169 470 5249 pio
495 5168 703 5251 propinquius
728 5177 840 5250 exstat,
866 5171 1028 5253 copiosius
1056 5173 1167 5254 utique
1261 5172 1357 5236 Porro
1371 5174 1405 5234 in
1420 5173 1479 5235 hac
1498 5172 1655 5255 sapientia
1674 5174 1813 5236 creditur
1831 5174 1972 5237 celeber-

418 5266 618 5330 illuminatur
644 5274 676 5329 et
704 5265 845 5351 repletur
871 5268 911 5333 ab
940 5268 1006 5333 illo.
1031 5270 1164 5351 ldcirco,
1223 5271 1304 5333 rima
1327 5279 1422 5353 atque
1442 5270 1653 5334 mundissima
1676 5272 1767 5353 virgo
1789 5271 1885 5335 ldaria
1905 5291 1971 5355 pre
