4309 6250
430 437 470 503 if
671 462 710 509 nu
731 462 894 510 orcurmrn
915 464 953 509 ar
973 463 1122 511 muamus
1142 465 1170 510 a.
1193 465 1222 508 v.
1244 464 1361 522 saure,
1382 464 1470 512 naen
1490 466 1513 512 r.
1534 483 1576 496 ·-
1595 465 1667 511 aar.
1690 465 1733 511 xx

429 637 487 708 tre,
505 631 569 712 pati
583 651 648 697 non
669 641 792 715 potest;
810 635 865 696 sed
885 651 958 697 caro
978 653 1074 715 quam
1094 654 1180 697 sum·
1193 634 1219 697 Α
1234 635 1425 699 carnationis
1444 636 1641 717 mysterium,
1657 643 1688 699 et
1706 634 1740 697 in
1760 652 1797 698 eo
1819 635 1980 698 conclusit

428 729 476 810 psi
502 731 542 792 de
566 739 609 810 te,
627 733 774 814 patietur,
791 741 826 794 ut
846 751 920 796 caro
940 733 1075 797 aliorum
1099 733 1180 796 redi·
1234 751 1268 795 se
1283 733 1399 815 ipsum,
1415 733 1562 797 efficiens
1577 754 1610 797 se
1626 734 1730 797 filiurn
1745 743 1834 797 tuum
1849 743 1882 796 et
1896 734 1979 797 uteri

429 835 544 906 matur,
570 836 602 891 et
622 830 750 912 spiritus
771 830 944 894 salventur.
1235 831 1280 895 tui
1302 831 1502 894 mundissimi
1524 831 1674 896 fructum.

1274 929 1342 992 Non
1362 930 1521 994 immerito
1542 931 1667 994 locutus
1686 940 1734 993 est
1752 932 1886 993 devotus
1906 938 1980 992 tuus

1234 1029 1411 1091 Bernardus
1429 1051 1435 1090 :
1453 1028 1476 1091 0
1491 1038 1602 1091 venter
1622 1029 1711 1092 coelis
1725 1027 1886 1108 diffusior,
1903 1028 1981 1091 orbe

629 1085 874 1150 ARTICULUS
904 1087 981 1150 XX·
1234 1131 1389 1187 terrarum
1405 1125 1572 1207 capacior!
1589 1124 1700 1188 Nonne
1718 1124 1832 1187 cellula
1847 1125 1901 1186 illa
1916 1131 1982 1185 ute-

431 1231 672 1291 Commendatio
694 1235 784 1292 uteri
802 1234 949 1310 virginei
965 1253 1003 1294 ac
1023 1238 1178 1298 necteret.
1235 1220 1260 1282 li
1283 1221 1458 1302 Virgissstltss,
1478 1222 1511 1283 in
1538 1243 1601 1305 qua
1622 1223 1846 1286 continebatur
1867 1230 1899 1284 θῐ
1919 1222 1981 1284 eft·-

1234 1319 1447 1401 cumscriptus
1471 1329 1539 1382 erat
1563 1321 1595 1383 in
1620 1328 1733 1384 natura
1759 1326 1921 1401 assumpta
1950 1319 1980 1382 is

289 1425 415 1476 lacuat-
496 1418 750 1480 ENEDICTUS
786 1422 919 1496 fractus
954 1423 1080 1480 ventris
1115 1424 1176 1484 tuf.
1233 1436 1329 1499 quern
1350 1436 1410 1480 nec
1432 1437 1545 1500 capere
1571 1427 1674 1501 potest
1697 1438 1757 1482 nec
1779 1418 1981 1480 circumscri-

509 1512 607 1587 Quam
622 1513 827 1593 excellenter,
844 1517 1127 1597 supernaturaliter
1141 1538 1178 1582 ac
1232 1516 1309 1579 bere
1334 1515 1482 1579 maehina
1507 1517 1658 1596 universi,
1675 1516 1758 1579 faeta
1782 1523 1831 1579 est
1853 1534 1910 1597 per
1933 1514 1981 1578 ef·

429 1611 634 1693 singulariter
652 1612 855 1675 honoraverit
874 1614 956 1676 Deus
976 1615 1178 1696 omnipotens
1232 1613 1352 1676 fectum
1371 1614 1457 1676 hunc
1477 1615 1557 1678 coelo
1576 1613 1725 1678 diffusior
1743 1622 1871 1695 totoque
1891 1633 1980 1675 mun-

429 1710 592 1791 Virginem
618 1710 830 1788 benedictam,
854 1731 949 1792 quam
974 1712 1179 1778 inaestimabi-
1233 1713 1274 1774 do
1297 1711 1504 1792 capaciorfO
1526 1713 1664 1793 desuper
1683 1711 1927 1776 honoratissime
1948 1720 1981 1773 et

430 1807 503 1870 liter
522 1807 741 1872 sublimaverit
761 1809 993 1889 suavissimam,
1011 1811 1178 1875 admirabi-
1196 1815 1219 1877 B
1233 1809 1440 1872 ineffabiliter
1455 1810 1621 1892 preelecta
1635 1809 1741 1889 llario,
1757 1828 1853 1891 quarn
1868 1818 1978 1889 totam,

430 1905 493 1968 lem
514 1904 810 1988 divinissimamqne
825 1907 963 1986 lleriam,
981 1908 1067 1971 nulla
1088 1929 1178 1972 mens
1233 1908 1389 1990 cujusque
1404 1908 1529 1989 singula
1543 1909 1696 1987 membra,
1714 1909 1893 1991 specialiter
1907 1926 1982 1989 quo

430 2011 607 2085 penetrare,
624 2005 712 2067 nulla
731 2014 836 2087 potest
856 2006 965 2088 lingua
984 2007 1090 2069 efferi.
1108 2008 1180 2072 Cer·
1233 2025 1296 2088 que
1320 2015 1445 2069 uterum
1470 2025 1599 2088 prorsus
1624 2007 1852 2084 castissimum,
1876 2006 1981 2068 taliter

430 2110 461 2164 te
481 2101 514 2164 in
536 2103 832 2183 praemobilissima
853 2105 913 2167 hac
936 2105 1041 2186 llaria,
1059 2107 1179 2188 optima
1234 2104 1401 2167 honoravit
1415 2112 1446 2166 et
1460 2103 1663 2186 dignificavit
1677 2103 1874 2167 ditissimus!
1891 2104 1980 2166 Nem-

430 2201 647 2282 vebementer,
660 2202 878 2284 copiosissime
892 2204 1080 2286 adimplevit
1094 2206 1178 2287 quod
1235 2221 1275 2284 pe
1290 2211 1400 2265 venter
1420 2210 1492 2265 tuus
1507 2203 1562 2265 oei
1584 2203 1662 2266 Filio
1683 2212 1898 2279 consecratus,
1915 2210 1978 2264 tarn

431 2298 534 2381 primo
559 2300 680 2381 Regum
705 2299 846 2364 effatur:
864 2302 1059 2384 Quicumque
1083 2303 1181 2385 glori·
1234 2319 1310 2364 vere
1325 2308 1357 2362 et
1374 2300 1553 2362 eminenter
1572 2299 1675 2362 factus
1696 2308 1744 2362 est
1762 2300 1896 2363 thronus
1910 2300 1977 2376 Dei,

430 2396 578 2460 ficaverit
612 2416 674 2476 me,
705 2397 894 2480 glorificabo
927 2419 1011 2464 eum.
1041 2401 1177 2479 Etenim,
1235 2408 1342 2461 utnec
1357 2399 1473 2480 aliquis
1492 2399 1690 2479 angelorum,
1706 2418 1765 2460 nec
1785 2397 1898 2479 aliquis
1917 2416 1981 2460 coe·

431 2495 583 2577 quoniam
606 2495 788 2558 beatissima
809 2505 840 2559 et
860 2498 892 2559 in
913 2507 1063 2561 aeternum
1085 2519 1181 2562 vene·
1235 2497 1361 2561 lestium
1385 2497 1522 2575 orbium,
1548 2517 1608 2559 nec
1637 2496 1753 2559 coelum
1782 2515 1977 2577 empyreum,

431 2592 624 2654 candissimo
652 2594 741 2674 virgo
765 2593 858 2656 llario
883 2595 1060 2660 Creatorem
1086 2617 1179 2661 snum
1235 2615 1294 2659 nec
1314 2595 1420 2657 anima
1439 2594 1503 2657 ulla
1518 2595 1676 2676 justorum
1695 2601 1759 2655 tam
1780 2594 1979 2675 appropriate

432 2690 507 2752 totis
530 2690 650 2752 viribus
671 2691 852 2768 honoravit,
871 2692 939 2774 ipse
960 2713 1085 2777 quoque
1106 2697 1181 2760 ado-
1234 2713 1272 2757 ac
1297 2712 1370 2756 vere
1394 2693 1517 2755 dicatur
1541 2694 1673 2756 thronus
1698 2692 1753 2754 oei
1778 2699 1812 2753 ut
1836 2692 1981 2754 sacratis-

433 2788 550 2850 randus
575 2789 712 2868 Creator,
734 2789 816 2852 Deus
841 2790 1180 2876 incircumscriptibilis
1235 2793 1336 2854 simus
1365 2800 1473 2853 uterus
1503 2799 1586 2853 tuus.
1612 2790 1676 2853 Nec
1701 2791 1787 2853 enirn
1816 2790 1849 2851 in
1874 2790 1981 2871 aliquo

432 2885 621 2966 majestatis,
638 2886 739 2968 ipsam
756 2895 842 2950 tanto
862 2888 1044 2952 sublimavit
1058 2891 1180 2955 honore
1236 2891 1363 2952 illorum
1386 2897 1599 2953 commoratus
1621 2896 1671 2951 est
1692 2907 1833 2970 unquam
1855 2897 1910 2950 aut
1934 2907 1982 2950 re-

432 2982 528 3045 etiem
554 2983 586 3045 in
611 2983 670 3046 hac
696 2984 771 3065 vita,
792 2987 875 3067 quod
901 3005 1043 3068 personae
1067 2988 1216 3052 creataeC
1236 2987 1319 3051 sedit
1339 2987 1389 3050 vel
1409 2986 1566 3068 requievit
1585 2987 1668 3048 fleus
1690 2985 1865 3067 majestatis
1887 2985 1982 3048 incir-

435 3098 498 3144 nou
519 3081 622 3164 potuit
641 3081 745 3164 major
764 3083 865 3147 bonor
884 3104 920 3148 ac
940 3085 1078 3168 dignitas
1093 3088 1181 3151 exhi·
1236 3085 1447 3167 cumscriptae,
1469 3105 1526 3168 per
1549 3085 1890 3148 commensurationem
1915 3103 1982 3147 rea·

433 3180 512 3261 beri,
535 3179 681 3244 faciendo
707 3200 776 3243 eam
801 3182 849 3244 sni
873 3182 972 3265 ipsius
992 3186 1180 3265 genitricem
1235 3185 1311 3264 lem,
1327 3203 1385 3266 per
1399 3183 1671 3264 circumscriptam
1688 3182 1911 3259 inclusionem,
1926 3201 1981 3263 per

433 3277 643 3356 verissimam,
655 3287 742 3341 tanta
756 3298 883 3362 quoqne
898 3282 1097 3364 plenitudine
1112 3304 1182 3365 gra·
1235 3281 1465 3346 continentiam
1498 3281 1640 3361 filialem,
1670 3280 1725 3342 sed
1754 3280 1916 3341 dumtaxat
1948 3280 1980 3340 in

435 3377 484 3440 tiae
508 3395 545 3440 ac
573 3377 736 3457 virtutum,
762 3379 918 3442 donorum
947 3390 978 3442 et
1005 3380 1179 3462 fructuum,
1236 3389 1266 3444 te
1290 3390 1385 3461 atque
1409 3379 1442 3440 in
1468 3378 1573 3441 medio
1594 3378 1712 3441 ventris
1735 3378 1779 3439 tui
1802 3376 1980 3459 dignissimi

434 3474 666 3537 beatitudinum
686 3494 724 3537 ac
743 3476 927 3539 mentorum
947 3478 999 3540 hic
1015 3478 1117 3560 ipsam
1132 3498 1181 3543 or·
1236 3479 1278 3541 ita
1304 3485 1517 3540 commoratus
1541 3485 1600 3557 est,
1626 3478 1741 3538 resedit
1766 3485 1798 3539 et
1826 3475 1981 3558 requievit

434 3574 540 3635 nando
556 3592 593 3635 ac
609 3574 878 3656 superimplendo,
896 3576 982 3656 qnod
998 3596 1085 3659 purae
1099 3596 1182 3639 crea·
1236 3576 1290 3638 Dei
1317 3575 1424 3651 Filius,
1448 3574 1530 3635 fleus
1553 3594 1657 3651 verus,
1682 3594 1701 3637 o
1727 3594 1851 3637 summa
1875 3582 1907 3637 et
1929 3574 1981 3635 be

433 3678 511 3734 turre
525 3671 557 3732 in
578 3690 647 3734 esse
666 3680 772 3735 creato
792 3674 976 3736 subsistenti
997 3694 1059 3737 non
1076 3675 1183 3738 decuit
1236 3674 1364 3735 nedicte
1388 3672 1493 3751 llario,
1520 3671 1608 3753 virgo
1632 3671 1813 3754 purissima.
1840 3672 1980 3752 Denique

432 3770 504 3852 plus
520 3769 667 3833 conferri.
1236 3791 1274 3833 ex
1307 3771 1369 3833 hoc
1397 3770 1562 3852 privilegio
1596 3778 1649 3832 tuo
1678 3770 1909 3852 appellationes
1936 3770 1981 3831 di-

473 3867 626 3949 Denique,
649 3888 755 3932 nonne
779 3869 838 3931 ista
863 3877 912 3932 est
935 3870 1074 3952 dignitas
1099 3891 1183 3935 sere-
1236 3869 1398 3951 guissimae
1419 3878 1472 3932 tuo
1496 3887 1586 3930 sacro
1612 3868 1809 3931 conveniunt
1833 3867 1981 3946 ventri,o

434 3966 573 4029 nissimae
595 3967 734 4049 Virginis
753 3968 843 4049 quasi
866 3968 1033 4045 immense,
1050 3970 1135 4050 quod
1155 3969 1183 4031 is
1236 3967 1379 4031 omnium
1403 3967 1500 4029 decus
1523 3974 1555 4029 et
1579 3975 1801 4029 cmamentum
1826 3975 1981 4029 creatura-

433 4064 487 4145 qui
516 4073 563 4127 est
589 4065 726 4127 Verbum
752 4074 917 4143 eternum,
945 4068 1111 4147 naturalis,
1136 4067 1183 4129 in·
1237 4086 1320 4128 rum.
1343 4066 1422 4127 llinc
1446 4083 1584 4144 namque
1609 4071 1642 4125 tu
1669 4064 1739 4145 ipsa
1763 4072 1794 4126 et
1818 4064 1980 4146 virginalis

435 4163 694 4245 circumscriptus
728 4165 970 4245 adorandusque
999 4166 1099 4228 Filius
1127 4166 1275 4228 Deillac
1302 4164 1550 4226 fecundissimus
1580 4171 1686 4225 uterus
1716 4171 1789 4225 tuus
1817 4162 1980 4225 verissime

433 4260 543 4341 Patris,
570 4261 750 4343 appellatur
778 4270 810 4324 et
837 4271 884 4324 est
912 4262 1034 4325 fructus
1062 4265 1183 4326 ventris
1238 4262 1479 4325 commendatur
1498 4269 1528 4322 et
1546 4261 1725 4342 appellatur
1743 4260 1977 4338 thalamusllei,

433 4360 698 4439 prestantissimae
715 4360 851 4441 Virginis
867 4360 1013 4441 hujnsltl
1029 4360 1185 4442 gloriosis·
1237 4359 1419 4423 cubiculum
1436 4359 1543 4439 sponsi
1561 4359 1710 4435 coelestis,
1724 4359 1838 4421 domus
1852 4366 1884 4421 et
1899 4377 1981 4420 man·

433 4456 512 4519 sima
532 4457 675 4535 Domina,
693 4459 924 4541 superexaltata
943 4459 1048 4538 Maria,
1065 4467 1184 4542 quanta
1238 4458 1285 4521 sio
1320 4457 1487 4533 Crantoris,
1522 4457 1761 4519 tabernaculum
1798 4456 1978 4533 Salvatoris,

432 4556 682 4619 estexcellentie
703 4557 774 4636 ista,
791 4558 873 4638 quod
894 4555 1017 4618 fructus
1037 4564 1069 4619 et
1088 4558 1183 4620 unica
1238 4556 1411 4619 sacrarium
1440 4556 1574 4636 Spiritus
1602 4555 1720 4632 Sancti,
1751 4555 1905 4637 templum
1932 4554 1981 4616 dl-

433 4653 540 4716 Proles
562 4654 678 4716 mentis
700 4663 839 4736 paternae
860 4653 1014 4717 Genitalis
1034 4655 1182 4717 altissimi
1238 4655 1365 4733 tissimi,
1377 4655 1488 4717 hortus
1502 4653 1698 4731 deliciarum,
1711 4653 1874 4735 paradisus
1890 4654 1981 4716 coele-

433 4759 465 4813 et
486 4751 646 4831 immensi,
663 4752 766 4815 factus
787 4759 884 4814 estet
904 4752 1011 4814 vocari
1033 4753 1184 4833 dignetur
1238 4754 1333 4816 stium
1349 4753 1547 4834 gaudiorum,
1559 4752 1763 4831 mysticarum
1779 4750 1980 4814 secretarium

297 4870 380 4913 osane.
404 4848 556 4921 efructus
579 4851 659 4912 uteri
684 4850 729 4911 tui
744 4858 750 4912 l
768 4850 848 4912 Ecce
870 4850 1050 4931 unigenitus
1070 4852 1092 4912 F
1095 4850 1181 4928 ilius,
1238 4848 1432 4929 nuptiarum,
1451 4846 1566 4927 quibus
1589 4847 1677 4908 unita
1701 4854 1749 4907 est
1772 4846 1876 4909 Verbo
1896 4855 1982 4909 reter-

432 4948 488 5029 qui
522 4956 570 5010 est
600 4948 632 5010 in
666 4947 738 5011 sinn
767 4946 878 5025 Patris,
909 4948 962 5029 qui
992 4950 1184 5011 aeternaliter
1238 4966 1279 5011 no
1294 4955 1406 5009 natura
1421 4946 1551 5007 lamnana
1565 4953 1596 5007 et
1612 4944 1682 5027 ipsa
1696 4963 1819 5026 quoque
1833 4944 1980 5008 Ecclesia.

434 5054 542 5108 manet
556 5053 589 5109 et
602 5046 802 5127 conquiescit
816 5046 848 5107 in
866 5046 935 5109 luce
951 5056 1088 5128 patemae
1101 5066 1185 5109 men·
1277 5045 1301 5107 0
1321 5063 1416 5125 quam
1436 5044 1674 5120 convenienter,
1691 5062 1786 5124 quam
1807 5045 1920 5106 devote
1939 5043 1980 5106 lo

433 5144 486 5223 tis,
505 5144 681 5223 descendit,
698 5161 717 5206 o
737 5143 871 5206 Domine
891 5145 1073 5227 gratiosa,o
1095 5145 1185 5227 liegi-
1239 5152 1331 5206 cutus
1352 5151 1399 5205 est
1421 5142 1475 5205 tibi
1498 5141 1603 5204 fidelis
1624 5141 1822 5203 Bernardust
1838 5141 1905 5204 Jam
1927 5142 1980 5223 igi-

435 5260 476 5302 ne
500 5239 701 5322 dignissima,
728 5239 761 5302 in
785 5249 910 5304 uterum
935 5250 1025 5305 tuum
1048 5261 1108 5325 per
1133 5242 1184 5305 ln-
1240 5249 1291 5305 tur
1310 5248 1435 5305 uterum
1455 5250 1545 5304 tuum
1565 5248 1716 5322 tanquam
1738 5240 1978 5304 sacratissimum
