4309 6250
444 489 488 554 30
695 510 734 556 nu
756 509 918 558 excurrare
940 510 977 556 nr
997 510 1147 556 nanninus
1168 510 1195 555 ι.
1219 511 1248 554 v.
1270 510 1387 569 uanrn,
1410 509 1498 557 ιιιιιι
1518 513 1540 558 ι.
1563 531 1603 541 -
1624 513 1693 558 aar.
1716 514 1749 559 ιιι

446 697 534 759 ergo,
560 677 644 760 quod
669 676 811 741 Christus
835 697 899 741 non
922 677 1096 741 mediocria
1122 678 1231 759 gra-h

446 776 561 838 tiarum
581 796 618 839 ac
638 775 790 838 virtutum
814 777 1004 839 charismata
1024 775 1195 839 contulerit
1260 809 1264 816 ·
1451 739 1697 804 ARTICULUS
1720 740 1781 803 XI·

446 873 629 955 parentibus
645 893 710 937 suae
724 873 938 937 dilectissimae
952 873 1104 954 llatris,a
1124 873 1193 954 qui·
1247 886 1340 952 Quod
1367 888 1577 946 serenissima
1605 908 1643 946 ας
1675 889 1871 947 suavissima
1902 889 1994 964 „erpo

443 970 503 1034 bus
516 979 547 1034 et
561 971 629 1053 ipse
640 979 704 1034 tarn
719 972 890 1035 tenerrime
901 972 1077 1049 amabatur,
1085 971 1193 1034 etiam·
1285 976 1397 1034 Μανία
1411 976 1480 1051 fuit
1496 996 1515 1035 a
1531 979 1658 1036 succutis
1673 977 1995 1052 multipliciterproe-

443 1068 470 1130 si
496 1078 569 1132 ante
598 1068 699 1150 ipsius
728 1069 980 1133 incarnationem
1009 1070 1115 1132 obisse
1145 1069 1193 1131 di·
1285 1063 1415 1139 siynata
1429 1084 1467 1124 ac
1477 1066 1684 1140 prophetata.

442 1174 564 1229 cantur.
585 1166 665 1229 llinc
684 1168 768 1249 quod
790 1167 822 1228 in
846 1167 928 1230 lihro
949 1168 1130 1249 apocrypho
1151 1168 1192 1228 de

442 1263 517 1326 Ortu
531 1283 663 1326 summae
678 1269 709 1326 et
724 1264 898 1327 benedictae
913 1264 1016 1326 Mariae
1032 1272 1189 1343 narratur,
1316 1268 1455 1328 PERIA
1463 1269 1549 1329 TUR
1569 1277 1672 1338 terra,
1687 1277 1718 1327 et
1736 1269 1899 1345 permicat
1920 1272 1993 1331 Sal·
2008 1289 2041 1332 ιι.
2052 1302 2103 1340 ιιι,
2115 1292 2129 1330 ι

441 1380 552 1424 verum
575 1369 716 1444 apparet,
739 1379 838 1442 quum
860 1362 1007 1424 dicitur:
1031 1361 1102 1424 Vita
1123 1361 1192 1424 Joa-
1330 1373 1484 1426 vaterem.
1492 1363 1993 1446 TautuestexcellentiaChristi,

440 1459 526 1522 ohim
547 1466 578 1522 et
596 1460 695 1522 Annae
715 1460 863 1542 conjugis
883 1479 947 1522 snae
964 1467 1030 1522 erat
1045 1459 1189 1541 simplex,
1246 1467 1395 1541 tantaque
1419 1459 1556 1541 dignitas
1582 1462 1805 1543 mysteriorum
1830 1462 1940 1545 ipsius,
1960 1471 1995 1525 ut

442 1565 527 1620 recta
541 1566 573 1620 et
587 1558 657 1640 pia;
670 1576 862 1640 omnemque
877 1557 1030 1620 substant
1010 1566 1085 1619 tram
1101 1576 1192 1619 suam
1246 1577 1310 1620 non
1327 1558 1451 1620 solum
1443 1577 1511 1640 ipse
1533 1580 1570 1622 ac
1590 1560 1660 1641 eJ'us
1681 1561 1829 1671 szteria
1847 1562 1887 1624 ab
1908 1581 1996 1624 exor-

439 1656 563 1720 trilarie
588 1656 777 1734 diviserunt,
804 1676 899 1718 uuam
926 1661 1048 1738 partem
1072 1655 1192 1736 templo
1245 1657 1297 1720 dio
1319 1657 1430 1719 mundi
1452 1659 1608 1739 coeperint
1630 1659 1826 1740 praesignari,
1849 1678 1996 1741 praenun-

440 1773 477 1817 ιο
500 1754 611 1835 templi
635 1753 802 1833 ministris,
826 1753 922 1816 aliam
945 1753 1138 1836 pauperibus
1160 1761 1193 1815 et
1247 1754 1318 1816 tiari
1344 1763 1375 1817 et
1400 1755 1604 1818 collaudari'
1597 1777 1629 1818 ιιι
1655 1757 1724 1838 lege
1745 1765 1876 1835 naturae,
1900 1766 1995 1839 atque

441 1853 629 1934 peregrinis
657 1852 781 1915 tertiam
811 1851 871 1914 sihi
901 1871 938 1914 ae
968 1871 1031 1913 sum
1059 1850 1191 1914 familiae
1208 1847 1232 1910 B
1247 1853 1281 1915 in
1303 1852 1373 1934 lege
1394 1854 1512 1935 scripta
1536 1874 1573 1917 ac
1594 1854 1757 1937 Prophetis
1778 1856 1894 1918 clarius
1919 1874 1995 1936 prat-

397 1981 405 2037 J
439 1951 639 2032 deputantes.
669 1950 756 2024 Quod
793 1958 825 2013 et
859 1949 957 2031 aliqui
992 1951 1121 2012 demum
1157 1949 1191 2011 in
1246 1950 1376 2033 figurari
1398 1952 1621 2033 copiosiusque
1643 1953 1802 2032 describi3
1823 1954 1878 2016 sed
1899 1953 1995 2016 etiam

397 2040 406 2115 l'
441 2047 624 2130 evangelica
654 2048 723 2130 lege
752 2047 869 2111 iecisse
899 2047 1057 2130 leguntur.
1083 2047 1192 2129 ltaque
1246 2069 1390 2132 personas
1404 2049 1443 2112 ad
1463 2051 1568 2131 ipsum
1587 2050 1781 2113 eminentius
1796 2071 1834 2114 ac
1855 2052 1994 2114 vicinius

398 2118 404 2224 ιι,
441 2147 525 2229 quod
552 2147 591 2210 de
617 2147 803 2230 parentibus
828 2147 862 2208 B.
888 2145 1018 2209 Joaunis
1043 2145 1192 2227 Baptistae
1247 2148 1453 2229 pertinentes,
1481 2148 1692 2231 praefiguratae
1716 2169 1753 2212 ac
1777 2150 1994 2233 praenuntiatae

441 2245 542 2308 Lucas
565 2245 762 2326 evangelista
784 2243 882 2307 refert
884 2244 1093 2326 ,parentibus
1115 2262 1191 2325 quo
1247 2244 1404 2328 leguntur.
1423 2246 1510 2309 Unde
1524 2249 1564 2310 de
1586 2247 1769 2310 beatissimo
1785 2248 1899 2310 Christi
1916 2247 1994 2311 Prae·

442 2362 503 2425 que
526 2342 765 2425 gloriosissimae
785 2343 887 2404 llariae
909 2341 1101 2405 excellenter
1124 2361 1193 2404 cre·
1246 2362 1385 2420 cursore,
1394 2343 1491 2406 lsaias
1505 2352 1537 2406 et
1551 2344 1906 2421 Malachias,Psalmista
1920 2364 1994 2425 quo
2019 2376 2120 2424 [ιΜ

316 2457 387 2502 nucu
389 2441 528 2509 adrtur
542 2460 727 2521 convenire,
740 2460 838 2523 quum
853 2441 991 2502 dicitur:
1003 2441 1101 2502 Erant
1114 2440 1191 2520 justi
1246 2459 1319 2552 quc,
1339 2442 1547 2525 prophetasse
1568 2451 1755 2505 noscuntur.
1773 2443 1900 2524 Verum,
1917 2462 2013 2543 quo
2021 2440 2103 2482 ΜΗ
2015 2439 2127 2555 ξπζζ

443 2541 537 2603 ambo
559 2547 631 2602 ante
654 2540 765 2619 Deum,
783 2539 995 2602 incedentes'
988 2559 1021 2600 ιιι
1043 2538 1192 2602 omuibus
1246 2538 1332 2601 niam
1356 2539 1616 2622 prestantissima
1643 2559 1680 2602 ac
1710 2539 1909 2603 divinissima
1936 2515 2119 2615 (le-mnia

443 2638 601 2701 mandatis
621 2646 653 2700 et
670 2587 955 2719 justificationibus
974 2637 1099 2700 Domini
1121 2637 1191 2699 siue
1246 2637 1344 2699 nitrix
1377 2637 1492 2700 Christi
1532 2657 1597 2721 praa
1637 2639 1751 2701 ceteris
1785 2637 1994 2702 ineffabiliter

442 2736 585 2816 querela.
606 2735 658 2798 Sic
678 2735 808 2798 demum
831 2735 973 2798 loachim
995 2735 1111 2797 similis
1130 2734 1193 2798 luit
1246 2735 1451 2799 excellentius
1470 2744 1565 2818 atque
1584 2736 1795 2819 propinquius
1814 2745 1937 2819 spectat
1953 2739 1993 2801 ad

334 2849 426 2901 ιιιι.
442 2832 535 2895 beate
554 2832 623 2912 lob,
640 2832 679 2894 dc
699 2848 762 2911 quo
781 2831 826 2893 ait
844 2831 1007 2912 Scriptura
1023 2854 1030 2892 :
1047 2831 1121 2894 Erat
1134 2831 1192 2894 lob
1247 2835 1363 2917 ipsum,
1389 2834 1651 2897 decentissimum
1676 2833 1738 2897 luit
1761 2835 1800 2897 de
1824 2835 1904 2916 ipsa,
1928 2843 1992 2898 tam

442 2930 492 2992 vir
516 2929 650 3011 simplex
674 2937 706 2991 et
730 2935 846 3010 rectus,
874 2948 910 2991 ao
935 2929 1051 2992 timens
1079 2929 1190 3010 heum,
1246 2933 1280 2994 in
1295 2932 1365 3014 lege
1380 2940 1500 2996 natura
1520 2951 1616 3014 quam
1631 2932 1664 2994 in
1680 2933 1750 3014 lege
1770 2933 1899 3015 scripta,
1916 2953 1994 3017 pra·

442 3035 474 3091 et
496 3029 649 3091 recedens
670 3047 689 3090 ι
709 3027 805 3090 malo.
1206 3032 1359 3097 Ccedere
1383 3031 1471 3093 varia
1498 3051 1535 3093 ac
1558 3031 1710 3113 praeclara
1728 3031 1867 3111 oracula,
1888 3032 1991 3114 signa,

481 3128 562 3190 llinc
591 3128 636 3190 ait
662 3126 819 3191 Honorius
847 3127 1038 3190 anachoreta
1065 3127 1193 3189 :Beata
1248 3128 1398 3193 vaticinia
1416 3136 1447 3192 et
1467 3138 1556 3211 gesta
1573 3129 1724 3209 mirilico,
1741 3130 1994 3212 supernaturalia

440 3228 543 3305 Anna,
560 3244 618 3308 pro
642 3226 788 3308 gloriosa
812 3224 891 3288 lilia
913 3246 977 3289 suae
1001 3227 1190 3305 reverentia,
1246 3247 1372 3310 quoque
1393 3227 1556 3309 mysteria.

441 3324 526 3387 inter
549 3342 660 3387 omnes
685 3332 803 3386 matres
826 3324 977 3387 mulieres
1002 3342 1077 3386 vere
1102 3325 1193 3387 beata
1286 3326 1439 3408 lienique,
1456 3326 1617 3388 ceruimus
1638 3327 1722 3406 quod
1747 3344 1838 3408 reges
1857 3334 1890 3389 et
1908 3326 1995 3409 prin-

441 3428 473 3484 et
495 3422 662 3485 benedicta
684 3430 732 3484 est
753 3422 964 3503 appellanda;
987 3422 1021 3483 in
1042 3440 1116 3503 qua,
1137 3442 1194 3486 no·
1247 3424 1336 3505 cipes
1350 3424 1458 3505 magni
1472 3424 1638 3505 etprovidi
1652 3424 1809 3506 magnalia
1824 3425 1994 3506 peracturi,

441 3520 541 3583 minis
556 3520 604 3583 sui
621 3521 816 3583 redundante
830 3520 929 3601 gratia
943 3519 1116 3601 (siquidem
1130 3521 1194 3582 Αιι-
1247 3530 1279 3585 et
1293 3541 1382 3585 suam
1396 3522 1582 3605 potentiam,
1600 3521 1855 3585 munificentiam
1871 3531 1926 3585 aut
1944 3542 1997 3585 ex-

441 3640 484 3682 ιιι
506 3618 608 3702 gratia
639 3617 890 3699 interpretatur),
915 3617 1091 3681 accelerata
1119 3626 1193 3680 suut
1247 3617 1428 3682 cellantiam
1443 3619 1658 3699 monstraturi,
1674 3638 1738 3682 non
1759 3619 1829 3682 sine
1848 3638 1996 3701 prenun-

441 3717 544 3781 divini
565 3725 596 3779 et
619 3716 742 3798 antiqui
770 3714 896 3779 consilii
921 3734 1011 3778 sacra
1029 3717 1191 3797 mysteria,
1246 3716 1379 3779 tiatione
1394 3716 1426 3777 id
1437 3724 1543 3797 agant,
1551 3717 1605 3779 sed
1617 3735 1778 3798 praecones
1794 3717 1995 3799 promittant,

440 3816 589 3897 quoniam
612 3813 645 3875 in
666 3812 879 3876 sacratissima
897 3813 967 3894 ejus
986 3812 1057 3875 iilia
1075 3813 1192 3895 aperiri
1246 3815 1353 3878 locum
1380 3834 1417 3877 ac
1446 3823 1571 3897 tempus
1605 3815 1788 3896 pradicant,
1819 3834 1996 3898 congruen-

440 3920 607 3995 coeperuut
620 3911 768 3974 universa
783 3910 973 3973 sacramenti
990 3910 1128 3973 coelestis
1144 3932 1193 3974 sa-
1247 3912 1394 3995 tibusque
1409 3913 1610 3995 praeambulis
1626 3913 1783 3975 intentum
1798 3914 1995 3995 proveniant

440 4031 495 4075 cra
519 4009 692 4092 signacula,
719 4028 789 4091 quae
813 4028 831 4070 a
854 4008 980 4071 saeeulis
1009 4010 1115 4072 clausa
1143 4009 1193 4072 lu·
1245 4030 1325 4093 opus
1340 4012 1512 4090 excelsum,
1528 4020 1684 4094 quatenus
1704 4011 1830 4073 interim
1850 4012 1888 4074 ad
1908 4012 1994 4075 illius

440 4118 534 4174 erunt
547 4117 580 4172 et
594 4107 861 4190 signata.Eteuim
875 4107 1037 4170 beatitudo
1048 4108 1190 4171 omnium
1245 4110 1396 4171 intuitum
1425 4109 1479 4172 alii
1508 4118 1726 4192 praeparentur
1753 4129 1790 4172 ac
1815 4109 1990 4174 conlluant.

442 4207 674 4271 beatitudinum
700 4214 732 4268 et
756 4205 938 4268 benedictio
966 4206 1109 4269 omnium
1138 4204 1230 4269 be-l)
1246 4208 1297 4270 Sic
1321 4208 1472 4271 Dominus
1500 4207 1675 4289 majestatis
1703 4208 1878 4286 immense,
1904 4207 1994 4271 Pater

441 4306 673 4382 nedictionum,
691 4304 723 4365 in
743 4302 958 4366 beatissimam
973 4303 1137 4385 Virginem
1156 4304 1189 4368 in
1245 4306 1364 4387 glorio,
1381 4307 1421 4369 ah
1439 4315 1557 4369 aeterno
1577 4305 1745 4368 instituens
1764 4325 1801 4368 ac
1821 4306 1993 4387 disponens

440 4403 641 4488 plenitudine
666 4401 804 4464 caritatis
828 4400 945 4463 divinae
970 4400 1189 4483 copiosissime
1245 4402 1585 4488 superdilectissimum
1596 4404 1799 4485 Unigenitum
1812 4424 1904 4467 suum
1919 4404 1993 4468 lieri

442 4503 710 4580 redundaverunt,
732 4519 770 4563 ex
793 4518 856 4581 qua
881 4499 953 4563 lons
977 4499 1070 4562 vivus
1094 4501 1191 4564 hene-
1244 4503 1408 4567 hominem
1431 4501 1465 4563 in
1490 4502 1691 4584 plenitudiue
1712 4511 1891 4584 temporum
1914 4502 1993 4567 liue-

439 4600 591 4665 dictionis
613 4607 748 4676 aeterum,
773 4597 942 4660 stillicidiis
964 4598 1072 4678 gratim
1093 4598 1189 4661 alllu-
1244 4620 1306 4683 que
1328 4601 1528 4681 seculorum,
1544 4601 1604 4663 hoc
1626 4600 1730 4682 ipsum
1755 4621 1774 4663 a
1795 4602 1906 4664 mundi
1929 4603 1994 4683 pri-

440 4699 523 4762 entis
538 4698 677 4761 humano
692 4695 800 4778 generi
817 4696 994 4777 largissime
1009 4703 1103 4777 atque
1119 4697 1189 4759 dul·
1243 4699 1368 4763 mordio
1389 4718 1520 4762 exorsus
1545 4708 1594 4762 est
1612 4700 1764 4778 revelare,
1786 4700 1992 4782 praesignare,

440 4796 569 4860 cissime
585 4795 756 4859 emanavit.
766 4794 972 4857 Benedictum
988 4802 1037 4857 est
1052 4794 1085 4856 in
1099 4803 1189 4857 aeter-
1243 4798 1426 4880 prodicere,
1443 4806 1537 4878 atque
1557 4799 1595 4860 ad
1611 4798 1805 4861 credendum
1825 4806 1856 4861 et
1874 4800 1994 4882 ample·

439 4915 517 4959 num
533 4895 616 4958 beati
631 4893 773 4956 Joachim
794 4891 947 4973 genitoris
963 4892 1187 4956 sincerissime
1243 4896 1393 4959 ctendum
1407 4903 1529 4957 tantum
1544 4895 1730 4977 mysterium
1745 4916 1782 4959 ae
1797 4896 1992 4960 beneficium

439 4993 580 5075 Virginis
595 4992 781 5055 honorabile
797 4989 958 5070 meritum,
975 4991 1186 5071 omnipotenti
1242 5013 1335 5056 suum
1350 4994 1446 5056 corda
1460 4992 1627 5055 hominum
1645 5012 1834 5076 praeparare,
1850 4995 1989 5074 erudire,

437 5091 502 5155 lleo
517 5090 616 5154 multa
634 5089 817 5171 dignatione
836 5088 1071 5170 heneplacitum
1091 5097 1124 5151 et
1136 5109 1188 5152 ae
1241 5091 1426 5154 accendere.
1443 5090 1508 5153 lloc
1529 5099 1578 5153 est
1598 5092 1683 5172 quod
1700 5092 1805 5173 J'ustus
1824 5093 1990 5156 Zacharias

439 5198 568 5271 ceptum
595 5212 601 5250 :
628 5188 721 5269 cujus
744 5186 896 5269 praeoelsa
918 5186 1019 5267 gloria
1047 5196 1188 5251 meretur
1241 5190 1274 5251 in
1291 5207 1348 5252 suo
1363 5188 1466 5251 lassus
1480 5197 1528 5251 est
1542 5190 1677 5267 cantico.
1691 5190 1836 5271 Loquens
1851 5210 1989 5273 namque

439 5306 510 5355 esse
530 5287 563 5351 in
582 5294 700 5351 aterna
722 5283 881 5368 praeclarae
897 5284 999 5347 laudis
1020 5287 1183 5351 memoria.
1240 5289 1281 5351 de
1295 5288 1359 5350 Deo
1371 5310 1379 5349 :
1391 5286 1496 5349 Erexit
1509 5288 1640 5369 (inquit)
1654 5306 1754 5352 cornu
1768 5288 1879 5351 salutis
1894 5290 1987 5353 nobis
1999 5310 2119 5367 cuasam
