4309 6250
414 490 456 537 oa
475 490 640 537 oreurrarn
661 490 698 535 ar
718 491 867 539 muninus
887 492 915 535 a.
939 492 967 535 r.
990 490 1109 550 usura,
1130 490 1219 537 suaa
1239 491 1272 537 u.
1294 509 1334 519 -
1355 490 1426 537 aar.
1448 491 1522 536 xxvr
1692 470 1749 537 lot

199 658 303 742 gloria
318 660 473 743 inprime
492 679 550 725 suo
568 663 718 739 adventu,
734 662 774 733 ad
795 660 953 725 redimen·
967 661 993 723 A
1007 680 1047 724 ne
1068 679 1165 741 quam
1184 679 1223 723 er
1240 660 1371 744 publica
1391 661 1462 743 ejus
1486 659 1752 724 sermocinatione

199 758 279 821 dnm
293 758 419 823 ludaeos
440 759 481 822 de
501 760 685 843 captivitate
699 759 878 842 temporali,
894 760 952 822 bu·
1006 760 1167 841 cognovit.
1192 757 1256 822 Nec
1281 758 1441 841 ignoravit
1467 759 1551 839 quod
1580 758 1673 822 tertio
1700 757 1753 821 die

201 865 348 937 mana,et
361 858 400 919 ad
415 858 613 939 regnandum
629 866 773 940 potenter
787 856 820 919 in
835 856 952 919 seculo
1006 864 1196 937 resurgeret.

201 953 277 1035 isto,
292 963 387 1036 atque
411 956 451 1020 ad
475 955 712 1038 subjiciendum
736 953 872 1037 gentiles
897 956 952 1018 do-

202 1051 306 1115 minio
336 1053 527 1130 ludaeorum,
557 1063 592 1116 ut
620 1072 721 1135 usque
750 1054 783 1116 in
811 1072 951 1135 presens

201 1157 318 1231 putant
335 1151 490 1232 carnales,
511 1151 658 1215 excaecati
679 1159 709 1214 et
727 1150 878 1214 obstinati
899 1151 952 1213 lu·
1181 1128 1426 1193 ARTICULUS
1454 1128 1578 1192 XXVI.

202 1248 275 1311 dmi·
293 1248 353 1311 sed
371 1248 434 1311 snit
453 1248 687 1332 ”pientissima
705 1248 802 1330 Virss⁰
822 1248 862 1311 de
887 1248 951 1331 Ψ·
1003 1281 1052 1340 De
1070 1278 1340 1337 excellentissimo
1358 1278 1478 1339 Marioe
1494 1276 1685 1352 purissime
1704 1276 1756 1334 itt·

201 1340 367 1405 ritualium
405 1344 548 1425 ⁰³¹⁸¹⁰8⁰
585 1342 808 1421 imelifflfflffls
846 1342 950 1405 ⁸⁰i⁰¹¹⁵
1044 1375 1207 1426 cremento
1231 1368 1268 1425 itt
1286 1367 1382 1425 donis
1402 1366 1554 1441 Spiritus
1572 1364 1701 1433 Sancti,
1717 1365 1754 1423 itt

200 1438 373 1523 Prophetas
388 1460 459 1504 esse
477 1441 517 1504 oe
535 1440 656 1524 duplici
675 1440 791 1503 Christi
811 1441 949 1503 adventu
1044 1456 1197 1514 missione
1205 1463 1236 1513 et
1247 1455 1412 1530 infusione
1424 1455 1564 1531 ejusdem
1574 1453 1752 1515 paracleti.

201 1537 326 1601 locutos
336 1562 343 1600 ε
354 1540 393 1602 de
408 1538 523 1621 primo,
539 1538 573 1602 in
588 1538 951 1622 humilitate,pauperta-

200 1644 233 1699 te
253 1643 284 1698 et
297 1636 520 1717 occultatione,
528 1644 563 1699 ut
576 1638 773 1718 judicaretur
787 1647 818 1700 et
833 1646 951 1720 patere
1081 1642 1179 1702 UUM
1194 1642 1321 1700 venerit
1345 1642 1402 1700 itte
1420 1642 1571 1717 Spiritus
1589 1640 1900 1714 veritatis,1,..„,1„‚

200 1742 275 1811 tur,
291 1735 376 1797 etde
392 1736 544 1813 meando,
561 1735 595 1797 in
611 1735 775 1817 majestate
790 1744 821 1799 et
835 1736 946 1817 gloria,
1090 1740 1213 1797 docebit
1228 1757 1282 1797 eoa
1299 1758 1424 1798 omnem
1444 1740 1626 1797 veritatem.
1642 1736 1757 1810 Quem·
1769 1728 1803 1770 ¹⁸·

202 1840 237 1893 ut
250 1831 372 1913 judicet
386 1833 573 1911 universos;
590 1842 621 1896 et
643 1834 718 1895 item
740 1834 824 1915 quod
847 1832 949 1915 primo
967 1833 992 1897 B
1006 1836 1176 1899 admodum
1191 1834 1292 1897 Lucas
1307 1836 1502 1917 evangelista
1516 1836 1609 1897 docet
1623 1834 1657 1896 in
1672 1834 1757 1896 Aeti-

201 1929 327 1993 veniret
341 1930 380 1993 ad
395 1930 626 2009 redimendum,
636 1950 699 1995 non
715 1931 817 1995 solum
832 1931 951 1994 lsraeli-
1006 1935 1183 2016 bue,quum
1195 1933 1337 1997 Christus
1348 1953 1455 1997 coram
1467 1933 1634 2015 discipulis
1649 1952 1756 1995 ascen·
1770 1959 1901 2009 mque,

201 2028 299 2090 ticam
321 2028 459 2110 plebem,
477 2028 531 2091 sed
551 2036 582 2093 et
602 2037 702 2093 totum
721 2048 822 2111 genus
841 2028 953 2092 huma·
1005 2033 1104 2095 disset
1118 2052 1137 2095 a
1151 2039 1258 2095 monte
1280 2031 1394 2094 Oliveti
1417 2032 1451 2094 in
1473 2032 1602 2108 ooelum,
1619 2030 1755 2113 regressi

201 2145 281 2189 num
315 2146 335 2188 a
368 2126 527 2208 spirituali
556 2126 740 2209 captivitate
768 2126 885 2191 diaboli
915 2146 951 2190 ae
1007 2139 1081 2193 sunt
1109 2130 1184 2192 inde
1211 2129 1396 2208 Jerusalem,
1422 2138 1454 2192 et
1481 2130 1695 2191 ascenderunt
1722 2128 1756 2190 in

199 2224 281 2306 jugo
305 2224 440 2307 peccati.
461 2224 532 2287 Hae
556 2232 689 2289 noverat
717 2224 952 2308 speciosissima
1007 2227 1219 2306 coenaculum,
1229 2227 1283 2290 ubi
1299 2235 1374 2289 tunc
1389 2226 1436 2290 eis
1451 2226 1656 2289 novissimam
1673 2226 1757 2289 iece-

203 2341 242 2385 ac
256 2320 538 2403 morigeratissima
553 2321 667 2404 Virgo:
682 2322 801 2386 idcirco
816 2323 854 2385 ad
869 2322 954 2384 Chri·
1008 2334 1055 2389 rat
1069 2324 1212 2389 Christus
1234 2344 1369 2388 coenam.
1385 2324 1424 2387 Et
1445 2324 1489 2387 ibi
1511 2324 1758 2405 perseverabant

204 2420 247 2482 sti
265 2420 438 2483 adventum
461 2420 629 2485 devotione
652 2420 876 2485 ardentissima
900 2422 954 2483 ad·
1008 2423 1204 2487 unanimiter
1231 2422 1265 2485 in
1299 2424 1443 2487 oratione
1471 2442 1544 2485 eum
1571 2421 1758 2484 beatissima

204 2518 356 2601 spirabat.
1008 2522 1103 2585 llatre
1119 2529 1151 2585 et
1165 2522 1308 2603 Virgine,
1324 2520 1459 2602 aliisque
1474 2519 1604 2583 leminis
1626 2519 1755 2597 sanctis,

244 2616 387 2697 Denique
422 2635 487 2680 non
522 2616 614 2680 latuit
648 2616 951 2680 illuminatissimam
1009 2618 1180 2701 implentes
1193 2620 1279 2699 quod
1293 2619 1376 2700 apud
1391 2617 1509 2681 Lucam
1524 2617 1666 2681 Christus
1680 2617 1759 2698 legi·

202 2714 371 2777 Dominam
392 2714 477 2795 quod
500 2714 664 2798 Prophetis
689 2716 791 2797 patuit
816 2716 951 2795 cunctis,
1009 2724 1061 2778 tur
1081 2716 1128 2778 eis
1151 2715 1286 2797 jussisse
1312 2739 1319 2778 ε
1345 2715 1422 2798 Ego,
1448 2715 1608 2797 inquiens,
1633 2715 1758 2777 mittam
1777 2732 1904 2785 amem,

203 2813 473 2894 quemadmodum
498 2812 531 2875 in
551 2812 682 2875 Actibus
707 2813 856 2896 princeps
879 2832 954 2894 apo
1008 2815 1202 2897 promissum
1217 2812 1317 2876 Patris
1339 2814 1401 2877 mei
1422 2814 1456 2876 in
1476 2832 1532 2877 vos
1545 2836 1554 2891 3
1569 2832 1626 2877 vos
1651 2821 1758 2875 auteur
1771 2798 1806 2839 ‘⁰'

34 2936 137 2983 actua,
149 2936 187 2977 rs.
203 2910 309 2973 stolici
325 2910 447 2973 ordinis
466 2910 510 2973 ait
527 2934 535 2973 ε
551 2911 633 2973 Deus
652 2910 707 2992 qui
729 2910 954 2993 praenuntiavit
1009 2913 1116 2975 sedete
1136 2912 1169 2974 in
1192 2912 1332 2989 civitate,
1348 2912 1553 2993 quoadusque
1578 2910 1757 2973 induamini

203 3028 261 3090 per
275 3027 311 3071 os
325 3008 470 3071 omnium
489 3009 714 3091 Prophetarum
738 3028 866 3071 suorum
889 3008 952 3091 pati
970 3009 992 3073 C
1009 3011 1125 3073 virtute
1150 3030 1188 3073 ex
1212 3010 1286 3073 alto.
1302 3010 1422 3091 ltaque,
1442 3030 1460 3071 a
1484 3009 1536 3071 die
1560 3009 1757 3073 ascensionis

204 3105 364 3168 Christum
380 3126 485 3187 suum,
498 3106 644 3188 implevit
657 3105 863 3170 sic.N0vcrat
877 3126 955 3188 quo-
1008 3130 1109 3192 usque
1131 3108 1164 3170 in
1189 3108 1298 3172 boram
1323 3107 1387 3170 diei
1413 3107 1612 3171 Pentecostes
1637 3106 1670 3168 in
1694 3127 1757 3189 qua
1771 3127 1904 3176 octaua

205 3223 268 3286 que
290 3205 337 3286 (ni
357 3204 466 3283 fallor)
485 3204 617 3268 Domina
641 3203 880 3286 Prophetarum,
897 3225 954 3266 un·
1008 3208 1161 3290 Spiritum
1184 3207 1334 3270 Sanctum
1356 3206 1488 3287 recepit,
1505 3206 1755 3268 sacratissimum
1769 3205 1816 3248 ἠ’

204 3303 350 3367 ctissime
379 3303 470 3384 virgo
497 3302 603 3380 llario,
629 3303 714 3384 quod
743 3304 782 3365 de
812 3311 954 3386 tempore
1008 3306 1087 3368 illud
1122 3305 1293 3386 collegium
1326 3303 1524 3366 orationibus
1557 3302 1755 3385 jejuniisque

37 3422 191 3469 annexes·
203 3403 362 3464 adventus
384 3399 498 3464 Christi
520 3401 709 3482 predixerat
723 3400 844 3479 Daniel,
861 3410 892 3462 et
905 3401 955 3463 Ja-
1007 3402 1213 3467 devotissime
1228 3401 1405 3481 insistebat,
1413 3421 1470 3484 per
1484 3403 1551 3465 baec
1566 3410 1597 3464 et
1612 3402 1756 3464 consimi-

38 3488 188 3594 sffim'
204 3499 265 3562 cob
290 3498 471 3580 patriarcha
495 3497 528 3560 in
553 3497 678 3575 Genesi,
699 3497 768 3562 Non
793 3499 954 3561 auferetur
1008 3500 1050 3562 lia
1071 3501 1222 3564 exercitia
1241 3508 1351 3562 sancta
1369 3500 1505 3579 interna,
1521 3501 1560 3562 ad
1580 3500 1754 3581 susceptio-

40 3613 76 3651 ιο.
203 3597 381 3679 (inquiens)
397 3603 556 3679 sceptrum
571 3597 610 3658 de
625 3596 714 3676 luda,
730 3598 831 3660 donec
847 3598 954 3660 veniat
1007 3619 1080 3662 nem
1102 3599 1235 3681 Spiritus
1255 3598 1362 3660 Sancti
1387 3617 1421 3660 se
1446 3617 1637 3680 praeparans.
1660 3598 1755 3660 Porro

203 3695 260 3776 qui
291 3694 465 3756 mittendus
493 3701 540 3756 est
566 3716 573 3754 :
600 3694 684 3774 quod
713 3694 833 3776 optima
858 3694 954 3776 Virgo
1007 3698 1181 3760 adveniens
1209 3695 1346 3778 Spiritus
1374 3696 1518 3774 Sanctus,
1545 3714 1755 3776 unumquem-

204 3793 285 3855 vidit
299 3792 452 3854 ablatum.
468 3791 593 3854 Etenim
607 3793 721 3854 horum
741 3793 952 3874 ignorantiam
1005 3815 1068 3876 que
1094 3794 1221 3857 illorum
1250 3801 1338 3858 tanto
1367 3794 1525 3876 copiosius
1553 3793 1752 3875 adimplevit,

205 3890 369 3972 redarguit
392 3888 533 3951 Christus
559 3889 591 3951 in
615 3889 791 3968 Pharisaeis,
808 3890 920 3953 dicens
944 3914 951 3952 :
1006 3901 1125 3975 quanto
1139 3892 1287 3974 capacior
1306 3891 1369 3954 init
1383 3911 1419 3954 ac
1439 3891 1566 3972 dignior
1586 3911 1683 3973 seque
1701 3893 1755 3954 de·

204 3991 301 4052 Facto
320 4007 465 4072 vespere,
481 3987 587 4050 dicitis
609 4013 615 4050 :
636 3988 791 4050 Serenum
814 3989 886 4067 erit,
904 4008 955 4051 ru·
1008 3991 1111 4054 votius
1139 3990 1339 4073 preparavit.
1363 3990 1447 4067 ldeo,
1470 3989 1555 4052 sicut
1578 3990 1646 4053 sola
1671 4009 1755 4052 sere-

56 4093 65 4101 '
87 4101 94 4110 '
205 4088 382 4151 bicundum
398 4094 446 4150 est
461 4086 544 4149 enim
561 4087 676 4149 ooelum
691 4107 698 4168 ;
715 4095 746 4150 et
760 4106 853 4150 mane
870 4111 877 4149 :
894 4088 954 4150 llo
1007 4090 1141 4151 nissima
1165 4089 1253 4170 virgo
1278 4088 1371 4149 illaria
1395 4087 1509 4149 ceteris
1538 4087 1601 4149 illis
1629 4089 1754 4150 cunctis

204 4187 257 4249 die
281 4193 464 4267 tempestas,
481 4185 588 4246 rutilat
606 4185 692 4246 enim
711 4185 801 4248 triste
823 4185 950 4249 coelum.
967 4178 992 4239 D
1008 4187 1069 4250 iuit
1084 4186 1293 4269 praestantior,
1310 4185 1466 4266 capacior,
1483 4184 1754 4266 excellentiusque

205 4285 330 4348 Faciem
347 4302 423 4364 ergo
437 4283 510 4346 coeli
525 4283 702 4363 dijudicare
720 4284 820 4346 nostis
837 4307 845 4346 ι
863 4284 953 4366 signa
1006 4285 1182 4365 disposita;
1199 4284 1245 4346 sic
1266 4282 1334 4345 sola
1354 4282 1426 4362 plus
1445 4282 1484 4344 de
1510 4282 1655 4364 supernis
1681 4284 1754 4345 cha-

204 4393 309 4446 autem
324 4391 505 4463 temporum
525 4400 589 4445 non
607 4381 740 4463 potestis
763 4382 865 4444 sciret
880 4383 952 4446 ttee
1007 4383 1191 4446 rismatibus
1214 4390 1291 4444 tunc
1315 4380 1439 4443 collatis
1458 4401 1476 4442 a
1497 4381 1613 4462 Spiritu
1638 4381 1753 4445 Sancto

205 4482 310 4562 itaque
340 4479 519 4562 ignorantia
546 4479 639 4560 longe
668 4478 767 4543 luisse
795 4481 953 4543 credenda
1007 4482 1141 4561 aceepit,
1158 4488 1251 4561 atque
1267 4499 1330 4560 prae
1345 4478 1493 4542 omnibus
1508 4478 1572 4540 illis
1587 4478 1621 4540 in
1641 4479 1754 4541 carita-

204 4590 251 4644 est
277 4601 296 4642 a
325 4578 560 4661 sapientissima
589 4587 695 4640 urente
723 4579 836 4641 llariae.
866 4579 950 4657 ldeo,
1007 4578 1047 4640 tis
1064 4579 1186 4654 ardore,
1203 4576 1366 4658 sapientire
1386 4576 1468 4650 luce,
1484 4575 1598 4638 notitia
1614 4577 1754 4658 Scriptu-

53 4695 90 4737 12.
102 4707 141 4742 m,
156 4695 189 4735 ra
205 4680 286 4742 sieut
300 4683 396 4760 (teste
410 4676 590 4756 Ambrosio)
605 4677 682 4758 legit
697 4677 729 4738 in
751 4678 830 4740 lsaia
847 4701 854 4740 :
871 4677 951 4740 Ecce
1007 4696 1113 4739 rarum
1137 4675 1288 4755 omnique
1308 4674 1425 4736 virtute
1446 4673 1654 4737 ineffabiliter
1677 4683 1752 4738 tuno

205 4778 294 4860 virgo
324 4775 487 4857 concipiet
509 4783 540 4836 et
567 4775 668 4856 pariet
691 4774 817 4852 filium,
844 4776 889 4838 sio
919 4777 951 4838 in
1006 4775 1153 4857 proiecit.
1183 4773 1218 4836 ln
1249 4774 1333 4837 dono
1361 4791 1486 4854 quoque
1514 4772 1693 4854 linguarum
1722 4781 1754 4836 et

63 4891 126 4933 1ttt.
146 4903 190 4940 uu.
204 4877 315 4940 eodem
333 4873 411 4956 legit
425 4872 579 4954 Propheta
593 4895 600 4932 :
614 4872 755 4934 Tradidit
769 4873 802 4935 in
817 4881 950 4936 mortem
1006 4872 1191 4956 prophetica
1203 4871 1314 4952 gratia,
1323 4871 1355 4932 in
1368 4871 1559 4934 discretione
1572 4871 1751 4952 spirituum,

49 4959 85 5002 ¹²¹
103 4957 124 4996 ⁵·
203 4977 342 5039 animam
359 4990 462 5050 suam,
478 4978 596 5033 etcum
612 4971 774 5034 sceleratis
789 4979 952 5054 reputatus
1007 4980 1038 5034 et
1053 4969 1313 5052 interpretatione
1335 4988 1528 5046 sermonum,
1546 4969 1577 5030 id
1592 4976 1640 5030 est
1655 4968 1755 5032 iacul-

202 5083 269 5151 est3
286 5072 476 5137 vulneratus
489 5077 537 5131 est
551 5075 679 5149 propter
694 5067 877 5149 iniquitates
898 5088 953 5131 no·
1008 5078 1069 5131 tate
1086 5068 1262 5149 exponendi
1285 5068 1367 5129 sacri
1391 5066 1485 5129 verba
1500 5065 1635 5146 Eloquii,
1652 5068 1685 5128 in
1704 5086 1755 5129 oe-

201 5183 298 5253 stras;
311 5171 409 5252 cujus
424 5168 525 5230 livore
540 5167 640 5228 sanati
657 5186 776 5230 sumus.
790 5168 861 5230 llaec
876 5186 954 5248 quo·
1008 5166 1085 5229 teris
1105 5185 1232 5247 quoque
1253 5165 1409 5245 praetactis
1430 5164 1538 5245 gratita
1559 5164 1655 5245 gratis
1675 5165 1754 5228 datto
1767 5177 1898 5222 went·

201 5293 261 5358 que
275 5281 343 5338 taur
357 5288 398 5334 er
412 5265 537 5352 privata
558 5265 606 5328 sui
627 5263 734 5329 dilecti
755 5265 953 5350 protestatio-
1008 5264 1195 5328 muneribus
1211 5272 1285 5325 tunc
1300 5283 1364 5346 praa
1378 5262 1525 5327 omnibus
1539 5262 1651 5326 erevit.
