4309 6250
486 505 605 554 corma
626 505 793 552 rmnnrsrr
813 505 984 564 unacum,
1005 506 1095 552 arara
1115 507 1159 553 ιιι.
1182 524 1224 536 -
1243 506 1312 553 aar.
1335 505 1391 552 vm
1654 483 1715 551 379

172 676 316 752 ctionem,
332 676 409 738 dum
424 675 566 758 contigit.
580 677 627 740 Ad
641 675 913 757 sapientissimum
930 677 955 740 Α
971 695 1047 740 casu
1068 695 1132 740 non
1154 684 1257 740 exstat
1277 675 1476 760 perionlnml
1492 675 1578 751 Quod
1604 674 1629 738 si
1655 683 1713 753 ast,

172 783 272 838 autem
287 774 440 857 opificem
462 775 600 857 pertinet
620 774 738 838 malum
758 795 816 858 per
834 776 915 838 anti·
968 793 1045 857 ergo
1065 784 1097 838 et
1116 775 1262 858 planete,
1279 775 1333 857 qui
1356 773 1423 838 suis
1445 775 1477 836 in
1499 775 1633 839 orbibus
1650 793 1715 839 non

171 873 358 954 eipationem
382 873 496 950 vitare,
512 882 666 955 quantum
691 883 741 936 est
762 894 800 938 ex
826 883 914 956 parte
968 882 1044 936 snnt
1057 872 1126 954 lixi,
1142 881 1325 937 catenarum
1340 873 1520 955 indigerent
1539 874 1716 936 retentione

172 971 290 1052 ipsius:
312 971 358 1033 sic
383 989 459 1052 ergo
482 971 564 1034 Deus
590 971 730 1033 institnit
752 971 851 1034 solem
876 991 914 1034 ae
968 993 1010 1034 ne
1024 973 1184 1036 caderent.
1197 973 1340 1055 Insuper,
1354 990 1465 1036 omnes
1479 981 1635 1035 testantur
1651 973 1717 1054 phi-

172 1069 276 1132 lunam
301 1070 334 1132 in
363 1070 518 1149 claritate,
543 1071 718 1132 secundum
747 1070 832 1151 quod
859 1069 915 1132 bo-
969 1070 1105 1153 losoplri,
1123 1071 1297 1153 presertim
1324 1071 1508 1148 astronomi,
1524 1072 1609 1152 quod
1632 1089 1717 1134 nona

171 1187 245 1230 num
258 1177 290 1230 et
304 1169 380 1231 utile
395 1168 468 1230 luit.
476 1169 508 1230 Si
523 1187 600 1249 ergo
613 1168 646 1231 in
661 1168 804 1232 claritate
815 1187 916 1250 aequa·
969 1171 1092 1250 sphera
1107 1178 1155 1232 est
1174 1170 1354 1247 uniformia,
1371 1170 1478 1233 stelles
1498 1187 1562 1232 non
1582 1169 1714 1232 habens.

172 1267 194 1329 li
215 1287 268 1330 eos
298 1267 429 1347 creavit,
456 1268 574 1331 bonum
604 1275 636 1329 et
662 1267 740 1330 utile
769 1267 831 1330 luit
859 1286 914 1331 eos
969 1267 1114 1331 Thronus
1144 1267 1241 1349 igitur
1268 1267 1323 1330 [lei
1353 1265 1518 1349 potissime
1547 1265 1717 1330 uniformis

172 1366 216 1428 sic
238 1385 399 1429 remanere
419 1391 427 1428 ε
447 1366 540 1448 cujus
561 1366 744 1449 oppositum
770 1375 818 1429 est
843 1385 914 1450 pro
969 1367 1147 1429 credendus
1167 1375 1236 1442 est3
1253 1385 1311 1428 nec
1327 1366 1443 1428 talibus
1464 1365 1574 1443 stellis,
1592 1365 1646 1428 sed
1662 1385 1718 1427 an·

172 1465 286 1527 hatum.
969 1463 1050 1544 gelis
1074 1465 1193 1526 sanctis
1219 1463 1397 1544 ceterisque
1415 1463 1529 1541 ¹Beatis
1555 1463 1718 1546 incompa-

210 1563 349 1644 lnsuper,
365 1563 511 1626 Deusest
529 1582 625 1625 cansa
643 1563 766 1626 ordinis
786 1564 915 1626 nniver-
970 1561 1113 1624 rabiliter
1145 1561 1311 1644 pulchrius
1344 1562 1522 1624 decoretur.
1553 1561 1715 1642 Praeterea,

171 1660 218 1736 si;
242 1661 381 1742 ordoque
409 1680 516 1723 rernm
548 1661 703 1724 naturalis
731 1670 791 1740 est,
816 1669 849 1724 et
875 1681 913 1724 ex
968 1658 1079 1740 quales
1107 1668 1181 1722 sunt
1210 1659 1272 1722 ille
1301 1661 1439 1722 catcnael
1469 1679 1509 1722 an
1537 1661 1576 1722 de
1605 1669 1717 1723 natura

171 1758 341 1823 intentione
355 1758 498 1841 opificis,
513 1778 578 1823 non
593 1780 611 1822 a
626 1779 703 1825 casu
720 1761 823 1822 :lteus
837 1778 913 1841 ergo
968 1758 1211 1836 elementorum,
1227 1777 1267 1820 an
1283 1769 1368 1821 certo
1384 1759 1575 1822 mixtoruml
1590 1759 1627 1820 Et
1641 1777 1718 1840 qua·

171 1857 267 1920 solem
290 1865 322 1919 et
346 1857 455 1919 lunam
480 1857 620 1921 instituit
643 1867 679 1920 nt
700 1859 778 1922 ordo
807 1877 911 1921 rerum
932 1853 1042 1920 Bliter
1055 1857 1171 1920 throno
1185 1857 1239 1919 Dei
1260 1865 1354 1938 atque
1374 1857 1531 1920 sideribus
1550 1857 1718 1919 innectun-

56 1971 156 2019 raunn.
170 1956 320 2037 deposcit.
345 1991 387 2002 —
410 1955 568 2039 Amplius,
594 1966 756 2020 ostensum
785 1964 834 2020 est
861 1977 915 2019 su·
969 1955 1129 2030 turlQnod
1147 1974 1221 2019 vero
1236 1955 1287 2018 hic
1302 1955 1420 2018 dicitur
1433 1957 1473 2018 de
1487 1955 1717 2019 auscultatione

47 2047 104 2076 ¹¹¹¹¹
171 2074 238 2135 pra,
252 2055 381 2135 angelos
395 2054 600 2137 incorporeos
614 2075 651 2118 ec
672 2055 836 2138 simplices
851 2055 914 2135 spi·
968 2054 1161 2134 demonum,
1192 2054 1381 2136 precedenti
1416 2053 1498 2117 libro
1534 2061 1582 2117 est
1611 2073 1717 2136 repro·
1730 2088 1851 2128 annun

170 2153 247 2214 ritus
270 2172 340 2216 esse
368 2176 376 2214 z
402 2153 524 2217 idcirco
547 2153 727 2216 materiales
754 2153 821 2217 alas
848 2172 913 2216 non
970 2153 1090 2216 batum.

170 2251 295 2329 habent,
320 2271 379 2314 nec
409 2252 514 2314 taliter
541 2252 687 2316 volitant.
712 2287 753 2299 —
780 2253 911 2333 Rursus,
1010 2251 1182 2332 Sequitur:
1201 2254 1365 2332 Dic,qnct
1386 2254 1475 2312 nenti
1499 2255 1718 2314 internecet

168 2351 297 2432 questio
321 2349 393 2413 lieri
417 2358 526 2433 posset
548 2351 588 2414 de
612 2351 727 2414 ceteris
754 2351 913 2415 sideribus
968 2351 1106 2410 cretum?
1119 2353 1297 2426 Respondit
1313 2369 1325 2409 :
1342 2354 1428 2412 Tres.
1445 2353 1583 2413 Primus
1605 2361 1719 2412 centres

168 2469 205 2512 ac
229 2449 361 2531 planetis
378 2474 386 2512 z
401 2469 473 2531 quat
496 2450 606 2531 utique
629 2451 670 2513 ab
690 2450 821 2514 exordio
841 2451 915 2514 obe-
969 2450 1103 2508 sterilis.
1117 2451 1288 2510 Secundus
1303 2449 1410 2525 πίθον,
1421 2451 1550 2508 elevans
1565 2469 1674 2518 mare·
1688 2459 1718 2510 et

168 2548 284 2611 dienlia
298 2546 428 2611 luerunt
442 2548 517 2624 Deo,
532 2548 802 2631 quemadmodum
820 2549 868 2612 sol
883 2558 914 2612 ct
968 2545 1022 2604 tn'c
1035 2547 1242 2622 exasperabit
1258 2543 1416 2623 ignem‘in
1433 2546 1631 2623 diejndicii.
1647 2550 1720 2609 Ter-

169 2645 253 2709 luna.
278 2646 340 2708 Cur
363 2665 439 2727 ergo
467 2654 499 2708 et
528 2646 597 2728 ipsa
626 2665 690 2708 non
719 2655 793 2709 sunt
820 2655 915 2710 tantm
970 2645 1049 2713 tina,
1079 2645 1139 2723 qui
1167 2645 1269 2703 terris
1295 2646 1505 2723 maribusque
1534 2647 1716 2708 ministrat.

169 2743 320 2806 claritatis
334 2754 369 2807 nt
383 2745 453 2808 soll
467 2779 508 2791 —
521 2745 560 2806 At
582 2763 669 2823 vero,
686 2744 712 2806 si
731 2745 778 2808 sol
793 2755 825 2808 et
838 2745 915 2808 lnna
969 2739 1041 2802 linc
1063 2747 1231 2802 ventorum
1253 2738 1414 2803 distinctio
1440 2739 1645 2804 insuliiciens
1666 2741 1720 2804 de-

168 2840 311 2922 ejusdem
339 2859 466 2922 quoqne
494 2841 625 2904 virtutis
653 2851 685 2904 et
717 2841 913 2905 causalitatis
970 2847 1174 2916 monstratur,
1190 2857 1288 2920 quum
1304 2846 1440 2920 quatuor
1456 2839 1541 2902 renti
1557 2840 1620 2902 sint
1635 2840 1722 2922 prin·

168 2940 456 3017 consisterent‚lroc
470 2938 576 3002 ordini
593 2959 698 3002 rerum
712 2959 913 3022 nequaquam
970 2936 1101 3018 cipales,
1129 2937 1284 3019 multique
1308 2937 1360 2999 alii
1392 2937 1601 3018 collaterales,
1628 2947 1663 3002 nt
1688 2939 1719 3002 in

168 3046 367 3119 congrueret.
384 3037 475 3116 Nam,
491 3046 526 3100 ut
550 3047 656 3102 cetera
679 3047 844 3102 taceantur
867 3036 952 3101 in·C
970 3034 1052 3098 libro
1076 3034 1283 3098 Meteororum
1310 3035 1470 3117 probatur,
1488 3037 1552 3099 imo
1576 3045 1607 3099 et
1628 3057 1722 3120 eape-

168 3138 344 3215 commoda,
379 3139 452 3221 quis
483 3158 594 3201 eorum
630 3137 729 3201 lerrct
761 3138 912 3217 calorem,
971 3134 1087 3197 rientia
1107 3134 1211 3198 docet.

167 3255 265 3317 quum
293 3236 393 3299 solius
422 3236 510 3301 calor
533 3237 610 3300 solis
637 3237 679 3300 sit
708 3238 817 3300 multis
846 3246 911 3301 tam
1011 3236 1083 3303 Die,
1104 3242 1180 3311 quot
1210 3236 1386 3295 intervalla
1414 3236 1638 3297 internecet
1663 3257 1721 3297 cnr·

168 3334 397 3397 intolerabilisl
421 3334 490 3398 Non
519 3354 596 3416 ergo
621 3335 653 3397 in
682 3337 793 3399 eadem
817 3336 914 3399 creati
971 3333 1248 3408 lumiRespondit
1266 3352 1277 3391 .·
1296 3336 1424 3401 Unnm;
1438 3336 1525 3413 qnod
1540 3336 1607 3395 nisi
1622 3337 1721 3395 ineer-

169 3440 242 3496 sunt
262 3434 388 3495 virtute.
969 3434 1110 3507 positum
1130 3440 1219 3498 esset,
1233 3432 1343 3490 omnin
1366 3438 1497 3491 terrene
1514 3434 1649 3493 coelestis
1672 3454 1723 3493 ur·

207 3532 368 3595 Postremo
388 3530 543 3595 ficticium
565 3531 649 3595 istud
670 3553 767 3596 sacras
791 3544 916 3598 contra-
972 3528 1331 3591 dorconsnmeret.Sed
1346 3528 1623 3611 dicendum,qnod
1640 3530 1723 3593 inter

169 3630 266 3692 riatur
280 3629 462 3712 Scripturas.
478 3630 580 3705 Quum
599 3630 685 3694 enim
704 3631 825 3713 Moyses
844 3652 916 3714 pro-
973 3626 1090 3688 aoelum
1121 3634 1152 3688 ct
1176 3634 1291 3689 terram
1316 3626 1408 3709 plura
1437 3636 1511 3690 sunt
1543 3628 1719 3707 intervalla,

49 3746 152 3796 omnir.
169 3727 303 3805 tulisset,
336 3727 425 3791 Fecit
458 3727 541 3791 Dens
573 3729 637 3791 dno
672 3748 786 3810 magna
821 3730 915 3793 lumi·
973 3743 1106 3805 qunma
1126 3724 1325 3807 philosophis
1340 3726 1543 3807 assignentur
1556 3726 1723 3791 interstitia

169 3826 268 3903 naria,
284 3846 325 3888 ne
352 3826 535 3890 crederetur
558 3844 596 3888 ea
624 3824 739 3889 iecisse
768 3826 913 3908 aequalia,
973 3822 1056 3885 aeris
1072 3823 1247 3905 tria,supra
1262 3842 1332 3903 que
1346 3832 1395 3886 est
1409 3824 1492 3906 ignis
1507 3824 1722 3905 elementaris,

167 3944 238 3987 mor
266 3925 385 4006 adjecit
408 3948 416 3985 :
439 3924 609 3987 Luminarc
638 3925 753 4006 majus,
776 3934 811 3988 ut
839 3944 917 4007 pras-
974 3941 1047 3983 aere
1077 3920 1168 3983 valde
1202 3920 1313 4002 major.
1340 3922 1478 4004 Corpora
1506 3942 1633 4005 quoque
1662 3944 1725 3988 cce

166 4033 249 4086 esset
262 4022 349 4101 diei3
368 4030 400 4085 et
415 4022 571 4086 luminare
585 4022 702 4103 minus,
719 4032 754 4085 ut
768 4032 917 4105 preesset
976 4020 1079 4100 lestis,
1107 4020 1210 4083 calida
1235 4021 1435 4103 appellantur
1457 4023 1637 4101 causaliter,
1660 4043 1724 4088 non

167 4123 264 4186 nocti.
974 4117 1162 4197 formaliter,
1176 4120 1351 4182 secundum
1369 4119 1650 4203 Peripateticorum
1670 4124 1725 4187 do

205 4220 354 4302 Sequitur
380 4243 387 4281 :
409 4222 561 4281 Edissere
583 4229 660 4299 quot
684 4229 762 4280 sunt
784 4222 917 4281 ordines
934 4221 960 4283 1)
975 4219 1122 4282 ctrinam.

164 4324 345 4381 stellarum.
375 4320 554 4395 Respondit
582 4340 594 4379 :
618 4320 770 4388 Primus,
799 4323 915 4396 depen·
1014 4319 1187 4395 Subjunpe
1206 4320 1264 4378 nbi
1281 4322 1337 4379 sol.
1353 4322 1559 4396 Respondit:
1575 4324 1616 4383 In
1634 4324 1724 4399 sonte

163 4420 310 4479 dentium
332 4437 396 4493 per
418 4426 549 4477 catenas
571 4437 591 4476 a
614 4420 693 4477 solio
723 4420 919 4488 Dei,lucen-
974 4419 1093 4486 calido,
1107 4418 1182 4491 sons
1201 4418 1236 4476 in
1257 4418 1399 4488 colubro,
1414 4420 1544 4478 coluber
1564 4423 1598 4479 in
1624 4422 1723 4483 inter·

165 4518 250 4575 tium
274 4537 375 4595 nsque
403 4518 438 4575 in
463 4517 635 4591 septimum
667 4517 831 4577 tirrenum.
858 4520 913 4577 Sc·
975 4518 1298 4584 callo,interoallum
1314 4519 1349 4576 in
1366 4521 1723 4598 monteKaffiKoffan-

163 4617 304 4683 cundrcs,
323 4618 496 4675 stellarem
514 4618 629 4674 coelnm
652 4617 844 4675 ornantium
856 4637 869 4684 ,¹
883 4625 912 4675 et
974 4623 1035 4673 tem
1049 4616 1084 4672 in
1101 4634 1201 4674 manu
1215 4616 1327 4689 angeli
1341 4616 1480 4676 tenentis
1494 4620 1656 4678 mnndum
1671 4640 1722 4679 ns-

163 4716 295 4792 qnando
308 4713 723 4773 diaboliadinsidiandnm
735 4715 914 4773 crelestibns
972 4733 1035 4791 que
1050 4715 1086 4771 in
1104 4714 1190 4772 diem
1198 4712 1338 4789 judicii.
1355 4712 1436 4775 Ecce
1455 4714 1558 4795 qualis
1580 4716 1719 4779 insaniat

163 4812 311 4871 consiliis
336 4812 527 4870 subintrare
551 4820 687 4886 parant,
708 4822 914 4871 occurrentes
973 4810 1084 4873 Nonne
1109 4808 1156 4872 sol
1182 4809 1214 4871 in
1240 4830 1298 4873 sno
1326 4819 1374 4873 ost
1401 4812 1488 4889 orbe,
1514 4813 1597 4875 sicut
1624 4816 1720 4877 ceteri

161 4914 292 4985 sapam.
312 4910 443 4969 Tertius
461 4909 558 4969 estin
579 4919 723 4985 respectu
743 4911 913 4985 sipnorem
973 4927 1100 4989 quoque
1127 4908 1281 4989 planetael
1303 4909 1451 4990 Sequitur
1475 4910 1603 4973 demum
1629 4922 1660 4974 et
1685 4933 1723 4976 or

110 5042 149 5070 ‚n
163 5010 334 5066 stellarum
349 5016 380 5066 et
392 5010 614 5083 planetarum.
632 5006 701 5069 Jam
722 5014 841 5069 tectum
864 5014 913 5070 est
973 5007 1034 5078 his,
1051 5006 1151 5069 solem
1173 5026 1243 5069 esse
1265 5006 1298 5069 in
1321 5016 1428 5070 monte
1452 5008 1525 5071 Kall
1541 5034 1548 5070 :
1566 5010 1721 5091 siquidem

163 5104 250 5186 quod
269 5122 403 5186 corpora
420 5104 565 5167 coelestia
588 5123 652 5168 non
675 5114 750 5167 sunt
774 5105 913 5168 elemen—
973 5106 1006 5167 in
1035 5123 1100 5185 quo
1127 5106 1307 5182 continens,
1336 5106 1368 5167 in
1398 5126 1435 5169 eo
1464 5115 1496 5169 et
1524 5117 1718 5173 contentum.
1747 5134 1750 5139 ·

162 5204 243 5266 taris
257 5210 387 5265 nature.
403 5204 465 5265 Cur
478 5222 554 5285 ergo
573 5204 673 5267 stellae
688 5204 751 5266 illas
770 5205 912 5286 prescri-
972 5203 1047 5266 llall
1065 5210 1171 5265 autem
1192 5210 1240 5265 est
1256 5203 1287 5265 in
1303 5212 1393 5265 terre
1412 5205 1619 5282 extremitate,
1637 5226 1722 5269 eam-

161 5311 223 5385 pte
255 5320 312 5384 per
339 5310 466 5365 catenen
494 5302 686 5386 dependent,
712 5303 752 5365 de
775 5322 909 5385 quarum
973 5321 1035 5383 qne
1054 5300 1165 5383 cingit,
1182 5309 1216 5363 ut
1236 5320 1331 5383 supra
1349 5300 1414 5382 jam
1436 5301 1535 5382 dirit3
1552 5312 1583 5366 et
1598 5314 1720 5371 certum
1734 5332 1816 5375 usn.
