4309 6250
805 504 898 551 runcx
920 506 1109 553 ,6666666666
1674 492 1734 555 739

218 675 320 732 4666466
342 674 396 731 sibi
417 674 541 732 invicem
564 691 720 749 corporum
742 676 863 731 tradunt
881 690 930 746 po·
984 674 1204 734 0444044008
1231 678 1294 749 (8.),
1319 695 1395 735 6666
1422 696 1458 735 66
1486 682 1597 752 septem
1624 678 1734 735 sanctis

217 766 352 820 testatem
381 764 553 836 simpliciter
582 781 673 837 usquc
700 766 737 820 66
770 763 928 820 terminum

1021 764 1248 827 Dormientibus,
1264 768 1361 824 3420.
1462 786 1466 790 ·

217 853 284 909 6446
311 870 381 917 666,
410 854 514 918 4620,
544 854 638 909 4640.
669 852 847 909 indivisibile
876 855 928 915 cst,
983 851 1141 909 MAXIMUS
1160 856 1223 926 (S.),
1234 857 1432 913 'tauriniensis
1450 857 1612 929 episcopus,
1628 856 1734 914 citatur

216 941 359 997 6464466
386 942 532 1013 sapientes
553 940 706 1015 gentilium
731 943 800 997 sunt
823 940 928 1003 testati,

215 1032 315 1095 2980,
326 1032 413 1096 4630,
430 1034 458 1088 64
473 1028 674 1088 indissolubile
688 1048 722 1087 66
739 1031 800 1103 lege
815 1030 929 1093 Christi,

1020 942 1055 997 66
1070 942 1248 1000 miraculosa
1258 946 1407 1001 nativitate
1417 947 1444 1001 S.
1456 946 1576 1004 loannis
1586 947 1731 1018 Baptista,

1019 1031 1102 1085 270.
1115 1032 1222 1105 (lligne
1236 1035 1352 1091 Patrot.
1369 1035 1423 1091 464.
1440 1039 1511 1091 tom.
1526 1037 1571 1099 57,
1587 1035 1642 1092 col.
1657 1037 1734 1108 655.)

216 1121 312 1175 2994.
328 1122 351 1175 4
371 1122 428 1177 066
448 1120 603 1176 ordinatur
620 1122 658 1175 66
677 1119 928 1191 66644066446666,
983 1118 1111 1185 46Εο444,
1128 1122 1197 1177 urbs
1212 1123 1335 1187 Arabiae,
1351 1125 1387 1179 ab
1404 1123 1564 1179 idololatris
1583 1127 1612 1180 et
1625 1124 1733 1180 466646

213 1208 303 1273 30044,
320 1211 370 1265 666
392 1208 487 1281 potius
502 1210 539 1265 ad
555 1209 645 1281 prolis
667 1208 827 1264 bonitatem
840 1224 928 1279 quam

213 1298 422 1370 pluralitatem,
448 1299 499 1355 304
509 1299 551 1367 4“,
577 1314 610 1355 66
634 1297 755 1371 proinde
779 1299 817 1354 66
840 1296 930 1369 prolis

212 1387 427 1453 educationem,
456 1388 546 1455 3000,
576 1392 604 1443 64
631 1386 869 1443 informationem
899 1385 928 1441 46

214 1476 356 1542 moribus,
380 1477 481 1543 4620’;
506 1494 563 1533 666
593 1479 630 1533 66
659 1477 872 1534 mollimentum
901 1479 930 1532 et

214 1564 416 1623 dilatationem
441 1566 693 1639 coucupiscentia,
713 1566 814 1631 4644’,
830 1566 928 1621 66666

212 1657 344 1729 ejusdem
365 1654 590 1713 refrenationem
610 1656 640 1712 46
660 1655 729 1711 viris
749 1654 824 1711 sicut
844 1653 902 1709 464
918 1686 928 1695 -

213 1744 312 1809 64646,
327 1744 381 1800 300
388 1746 437 1811 4’;
454 1747 490 1801 66
506 1744 755 1801 conversationem
775 1742 927 1815 pacificam

212 1834 288 1890 inter
311 1834 491 1907 conjugatos,
508 1833 609 1900 306d',
624 1838 654 1891 et
676 1834 713 1889 ad
737 1832 928 1889 cohabitatio-

211 1941 280 1981 666
291 1924 745 1989 amicabilem,l6lB’.-Qnum
757 1922 929 1979 instituatur

210 2016 247 2071 66
268 2013 431 2070 amicitiam
451 2013 529 2070 inter
550 2013 685 2069 46664666
709 2014 875 2085 aagendam
899 2015 928 2069 et

209 2105 447 2165 conservandam,
471 2102 570 2167 300ll',
596 2118 775 2174 pernoram
804 2118 927 2158 consan-

210 2192 385 2267 guinitatem
413 2193 441 2249 et
469 2192 652 2257 affinitatem,
681 2191 775 2257 3090,
800 2191 927 2248 Ecclesia

209 2281 423 2339 rationabiliter
445 2284 473 2338 64
492 2282 580 2354 juste,
600 2280 697 2345 309C’,
724 2280 820 2354 posuit
843 2281 926 2353 plura

209 2370 420 2443 impedimenta
430 2370 654 2427 matrimonium
665 2369 926 2435 6464666446,3090

209 2464 239 2518 64
252 2478 276 2515 s.
293 2492 325 2502 -
340 2459 430 2515 bfnlta
451 2459 537 2516 habet
558 2476 674 2516 annexa
692 2460 771 2515 mula
790 2459 925 2531 poenalia,

210 2550 313 2615 4630,
334 2566 400 2623 quar
414 2552 513 2606 tamen
530 2567 582 2621 per
595 2548 705 2605 auxilia
719 2549 820 2622 gratiae
835 2548 927 2605 facili-

209 2644 255 2696 ter
278 2640 447 2704 tolerantur,
463 2640 556 2696 4644.
574 2672 607 2682 -
631 2643 676 2695 46
700 2639 924 2696 matrimonium

211 2746 279 2786 cum
295 2728 413 2785 licentia
434 2730 517 2803 Papae
536 2729 668 2785 contrahi
688 2728 779 2802 possit
792 2746 810 2783 a
825 2744 926 2785 mona·

209 2818 272 2874 chis
290 2820 319 2874 64
337 2834 354 2874 6
374 2817 655 2882 sanctimonialibus,
667 2820 754 2881 5840,
770 2835 787 2874 6
803 2817 923 2881 clericis,

208 2910 300 2973 5840,
322 2911 350 2965 64
374 2924 441 2964 cnm
466 2908 700 2980 consanguineis,
723 2908 811 2972 5840,
836 2908 875 2963 0.
890 2938 926 2949 -

209 2998 316 3053 Verum
336 3013 370 3052 66
389 2995 540 3068 spirituale
562 2996 785 3054 matrimonium
811 3001 925 3054 contra·

209 3086 292 3144 hitur
313 3086 390 3143 iuter
410 3085 579 3159 episcopum
600 3089 628 3143 64
651 3102 733 3144 6666
753 3087 923 3152 4466466466,

208 3177 290 3232 6440
303 3194 309 3242 ;
331 3176 411 3240 4466,
434 3176 484 3232 666
511 3174 661 3231 664666466
684 3180 712 3233 64
733 3176 924 3242 immobilius,

210 3266 287 3322 inter
301 3266 410 3336 Papam
431 3267 459 3320 64
477 3263 646 3329 Ecclesiam,
662 3265 750 3329 6440,
767 3267 845 3337 quod
864 3265 925 3321 solo

211 3354 260 3411 Dei
275 3353 389 3427 judicio
409 3357 437 3409 64
459 3353 541 3410 66446
560 3354 690 3410 humane
710 3357 849 3427 potestate
868 3354 925 3410 aol-

208 3443 236 3499 ri
258 3446 361 3516 potest,
377 3443 470 3505 6440,
490 3442 546 3498 6464
568 3460 704 3500 666666
722 3443 853 3502 Pontifex
874 3462 926 3516 per

209 3537 336 3590 mortem
351 3531 395 3589 rel
410 3549 461 3603 per
476 3531 609 3589 bareshn
629 3533 665 3588 ab
681 3533 808 3590 Ecclesia
826 3533 926 3606 66664-

209 3623 305 3686 66466,
321 3622 373 3676 647
385 3621 435 3686 0’;
450 3622 500 3677 666
524 3621 579 3676 4666
601 3621 752 3694 spirituale
773 3622 925 3680 matrimo-

209 3711 293 3768 nium
306 3713 417 3766 666664
429 3714 692 3767 6666666646666
704 3728 760 3782 quo
775 3713 925 3786 consurgit

208 3799 452 3857 indissolubililas
472 3815 564 3856 nexus
580 3800 816 3866 matrimonialis,
832 3802 922 3857 6480.

207 3919 244 3932 —·
259 3889 305 3958 Cf.
322 3889 498 3960 Repudium.

173 3979 367 4035 llhl'l'llAEUS
381 3979 444 4050 (S.),
460 3977 636 4050 evangelista
654 3981 682 4034 64
696 3979 852 4050 666646466,
868 3979 923 4034 mi-

208 4067 317 4125 raculis
342 4067 484 4124 convertit
510 4067 662 4139 AEthiopioe
690 4084 787 4140 regem
816 4073 845 4126 et
873 4087 922 4142 po·

207 4157 321 4229 pulum,
342 4156 430 4212 4270.
450 4156 513 4212 066
536 4155 668 4228 permisit
689 4159 798 4213 sanctas
816 4158 922 4230 virgini

207 4244 366 4319 iphigenia
386 4246 494 4302 nubere
513 4244 574 4317 regi
594 4245 774 4317 promittenti
799 4263 829 4304 66
854 4264 921 4304 666

206 4350 298 4408 regno
313 4351 365 4392 suo
379 4336 417 4390 ad
433 4334 520 4391 fldem
532 4336 922 4402 6666466666,5820.-

206 4425 295 4482 Docet
309 4423 455 4481 Christum
471 4439 505 4479 66
522 4423 602 4496 regia
620 4423 709 4496 stirpe
724 4425 920 4498 progenitum,

205 4515 272 4570 340
288 4517 348 4571 646.
364 4514 447 4586 (4646
467 4514 514 4570 88.
532 4513 578 4570 646
598 4523 654 4568 664*
668 4515 869 4588 Septembris.)
887 4548 922 4560 -

208 4605 255 4678 Cf.
271 4602 471 4675 Evangeltstae.

169 4692 359 4750 MAUltlflUS
378 4692 413 4748 de
432 4692 533 4763 Praga,
549 4690 703 4763 theologias
722 4692 874 4764 professor,
895 4697 923 4752 et

206 4781 342 4856 egregius
365 4796 455 4837 sacrae
474 4779 631 4853 Scriptura
655 4782 765 4849 doctor,
781 4783 923 4856 allegatur

207 4873 243 4929 de
259 4870 383 4928 concilio
398 4869 536 4942 generali,
552 4870 653 4924 628A'.

171 4961 315 5018 44404408
328 4960 383 5031 (S.)
396 4958 509 5016 meritis
523 4959 551 5014 S.
568 4959 715 5015 Benedicti
730 4977 817 5033 super
831 4979 922 5035 aquas

207 5050 271 5106 sine
285 5048 486 5105 submersione
502 5047 639 5112 cucurrit,
655 5049 708 5104 430
717 5049 755 5104 B‘.

171 5137 370 5198 0474004408
383 5137 507 5209 (4466666
521 5137 656 5194 Aurelius
671 5138 813 5212 Valerius)
831 5141 922 5214 impe-

207 5229 296 5293 rator,
312 5224 513 5282 atrocissimus
526 5224 581 5282 fuit
594 5231 762 5298 persecutor
776 5230 804 5284 S.
820 5231 921 5286 Catha-

207 5316 291 5382 6466,
301 5313 392 5371 4380
406 5317 435 5370 64
449 5331 471 5370 s.

1019 1207 1190 1275 inhabitata,
1206 1212 1260 1268 274
1268 1212 1309 1276 4’,
1325 1213 1355 1267 46
1371 1230 1429 1286 qua
1442 1214 1623 1269 llabomctns
1637 1213 1732 1285 primo

1019 1296 1098 1353 idola
1125 1300 1223 1365 coluit,
1248 1303 1348 1366 2720,
1372 1305 1402 1358 64
1424 1318 1514 1374 quam
1538 1301 1643 1359 deinde
1671 1302 1732 1375 ipse

1020 1406 1034 1439 r
1051 1388 1208 1445 moechus»
1225 1390 1320 1464 elegit,
1336 1391 1434 1457 2930,
1449 1391 1480 1447 46
1496 1391 1642 1448 civitatem
1664 1408 1731 1449 666·

1018 1479 1106 1543 6466,
1121 1479 1223 1535 3930.
1236 1511 1270 1521 -
1285 1482 1357 1537 4646
1373 1480 1516 1537 dilurium
1532 1498 1591 1537 666
1607 1481 1662 1537 4644
1676 1481 1731 1538 4646

1021 1565 1130 1631 6464466,
1146 1568 1237 1635 3854,
1254 1586 1309 1626 666
1328 1571 1416 1626 6066
1430 1574 1561 1643 tempore
1576 1570 1678 1627 6446644
1693 1572 1730 1627 66

1019 1655 1125 1712 coelum
1136 1660 1179 1713 cst
1189 1658 1312 1724 sublata,
1319 1660 1417 1726 3880,
1425 1676 1479 1716 666
1489 1677 1553 1717 eam
1563 1660 1669 1733 septies
1679 1661 1732 1717 cir·

1017 1744 1106 1801 cuirit
1120 1746 1189 1812 Noe,
1198 1747 1299 1814 3840,
1314 1751 1415 1804 64666
1435 1754 1478 1805 cst
1496 1750 1577 1806 locus
1591 1750 1732 1807 orationis

1016 1850 1173 1907 congruus,
1189 1852 1283 1909 neque
1298 1838 1519 1906 immolationis,
1531 1839 1620 1903 3494,
1637 1856 1731 1912 neque

1016 1923 1181 1990 oblationis,
1197 1926 1298 1993 3480,
1313 1928 1382 2000 qnia
1397 1928 1438 1984 ibi
1453 1945 1511 1985 non
1531 1928 1637 1985 colitur
1650 1929 1730 1986 Chri·

1016 2016 1088 2078 stus,
1116 2015 1217 2070 2930.
1247 2048 1281 2057 -
1310 2016 1356 2087 Cf.
1381 2018 1514 2084 Alcoran,
1538 2018 1728 2085 llabomctns,

1016 2104 1177 2161 Sarraceni.

979 2192 1097 2247 lllElllCl
1112 2198 1246 2250 asserunt
1260 2194 1472 2252 intendendum
1487 2213 1549 2252 esse
1559 2196 1683 2253 somniis
1692 2199 1729 2253 66

1016 2284 1249 2353 cognoscendum
1262 2282 1411 2340 interiores
1421 2284 1692 2357 6466664446666,223
1698 2287 1728 2341 0.

1016 2402 1049 2412 -
1071 2371 1154 2427 Eatni
1176 2372 1331 2430 66646466
1354 2373 1432 2447 ipsos
1450 2372 1563 2431 faciunt
1585 2376 1729 2448 regulam,

1016 2460 1109 2516 2954.

979 2548 1132 2605 MELITON
1144 2551 1208 2623 (S.),
1224 2552 1376 2609 Sardensis
1390 2543 1552 2626 episcopus,
1568 2553 1730 2627 discipulus

1015 2639 1043 2693 S.
1063 2639 1190 2705 loannis,
1207 2640 1257 2713 qui
1278 2641 1354 2698 inter
1374 2642 1451 2697 viros
1470 2641 1598 2699 illustres
1619 2659 1730 2699 connu-

1016 2732 1154 2793 meratur,
1171 2730 1273 2793 6560,
1291 2732 1320 2786 64
1333 2730 1428 2786 multa
1447 2730 1564 2802 scripsit
1579 2732 1728 2804 opuscula,

1014 2816 1105 2880 6574,
1122 2817 1274 2889 allegatur,
1294 2819 1394 2875 6560.
1409 2819 1672 2890 (Pseudo-Meliton,
1693 2821 1729 2875 de

1013 2906 1147 2961 Transitu
1172 2906 1306 2977 Virginis,
1332 2923 1396 2978 cap.
1418 2909 1436 2962 5
1460 2911 1488 2963 64
1513 2909 1555 2961 44.
1578 2938 1610 2947 -
1633 2908 1728 2980 lligne

1013 2994 1131 3051 Patrol.
1146 3011 1193 3067 pr.
1209 2997 1282 3051 tom.
1298 2997 1325 3059 5,
1342 2995 1395 3051 664.
1414 2996 1483 3051 4234
1496 2998 1526 3051 64
1541 2996 1634 3067 4236.)

979 3082 1150 3140 4400044044
1164 3086 1396 3157 unumquodque
1411 3083 1530 3142 inferius
1541 3100 1595 3142 sua
1606 3084 1729 3141 vocatio·

1014 3189 1051 3229 ne
1063 3173 1101 3228 sit
1114 3177 1294 3239 contentum,
1309 3173 1385 3229 6446
1400 3176 1437 3231 66
1457 3176 1536 3246 quod
1556 3175 1728 3245 deputatum

1014 3264 1057 3318 est
1081 3261 1219 3326 officium,
1235 3261 1359 3319 fideliter
1377 3265 1562 3336 exsequatur,
1578 3263 1678 3318 6204’.
1694 3294 1729 3303 -

1014 3351 1120 3407 06646
1144 3352 1277 3408 membra
1300 3353 1331 3407 Β.
1347 3351 1444 3408 Mariae
1468 3351 1631 3409 beatificata
1648 3356 1727 3418 snut,

1013 3441 1095 3506 38C’,
1119 3439 1208 3496 ctiam
1232 3456 1298 3512 quac
1322 3440 1421 3498 minus
1443 3441 1566 3497 honesta
1588 3456 1728 3513 apparere

1013 3534 1139 3602 possent,
1155 3530 1228 3585 390.
1244 3561 1278 3572 -
1293 3534 1502 3586 4666666666
1517 3531 1652 3587 membra
1665 3546 1728 3586 arc·

1014 3618 1097 3683 flunt,
1112 3618 1200 3684 4350,
1216 3618 1286 3690 quio
1299 3634 1335 3674 66
1348 3618 1513 3675 vehementi
1528 3618 1624 3675 cordis
1638 3619 1729 3691 appli-

1013 3707 1126 3764 catione
1147 3707 1225 3763 circa
1243 3724 1305 3764 rem
1330 3707 1476 3770 dilectam,
1493 3707 1728 3780 multiplicantur

1012 3795 1141 3868 spiritus,
1156 3797 1248 3852 4350.
1263 3827 1299 3838 -
1313 3796 1394 3852 Sicut
1407 3798 1476 3852 suut
1489 3795 1582 3852 multa
1594 3797 1728 3853 membra

1011 3885 1042 3940 in
1057 3901 1177 3957 corpore
1191 3885 1327 3949 naturali,
1342 3884 1385 3940 sic
1400 3885 1430 3940 in
1444 3884 1580 3950 Ecclesia,
1596 3887 1680 3941 5620
1699 3890 1729 3943 64

1012 3993 1034 4030 6.
1047 3993 1054 4040 ;
1070 3977 1120 4031 sed
1135 3976 1269 4031 membra
1281 3975 1410 4046 corporis
1424 3975 1566 4032 naturalis
1584 3979 1654 4033 sunt
1667 3993 1728 4032 om·

1013 4065 1062 4120 nia
1075 4064 1174 4129 simul,
1184 4081 1243 4120 non
1257 4067 1356 4120 autem
1372 4065 1506 4120 membra
1519 4064 1648 4138 corporis
1663 4081 1725 4138 my-

1012 4154 1086 4219 stici,
1101 4155 1194 4209 5634.
1210 4155 1284 4209 Nam
1306 4155 1439 4210 membra
1456 4155 1587 4227 corporis
1610 4155 1725 4227 mystici

1013 4259 1071 4300 666
1086 4243 1182 4298 66466
1198 4241 1382 4314 accipiuntur
1395 4245 1557 4300 secundnm
1569 4245 1648 4315 quod
1658 4246 1726 4300 sunt

1012 4333 1042 4389 in
1058 4335 1133 4396 actu,
1150 4332 1201 4388 sed
1220 4331 1309 4388 etiam
1329 4331 1492 4388 secundum
1513 4333 1592 4403 qnod
1610 4333 1724 4389 suntin

1011 4421 1150 4495 66466446,
1166 4421 1245 4476 5630
1260 4437 1267 4475 :
1283 4421 1361 4477 uude
1380 4424 1450 4477 sunt
1468 4421 1603 4478 membra
1620 4421 1726 4479 Christi

1012 4529 1070 4569 666
1085 4515 1201 4567 466466
1212 4509 1321 4576 fideles,
1329 4510 1380 4582 qni
1390 4527 1441 4582 per
1451 4511 1539 4567 fldem
1551 4511 1726 4592 catholicam

1011 4606 1040 4660 et
1053 4618 1105 4675 per
1118 4599 1279 4664 caritatem,
1299 4600 1403 4664 4900,
1423 4581 1536 4656 Ch⁰risto
1552 4600 1667 4674 proprie
1682 4600 1727 4657 in·

1012 4694 1211 4765 corporantur,
1229 4693 1257 4746 et
1278 4693 1421 4762 tanquam
1446 4691 1580 4747 membra
1603 4708 1657 4747 suo
1680 4707 1726 4748 ca-

1011 4782 1071 4855 piti
1085 4781 1241 4837 salubriter
1263 4783 1482 4845 connectuntur,
1503 4781 1599 4844 4900,
1623 4783 1674 4837 666
1697 4785 1727 4838 64

1013 4871 1083 4928 6644
1092 4870 1142 4943 qui
1152 4871 1189 4926 ad
1204 4868 1380 4926 militantem
1397 4869 1542 4941 pertinent
1555 4870 1723 4939 Ecclesiam,

1011 4962 1110 5018 5630.
1130 4991 1166 5003 -
1184 4960 1441 5024 Quemadmodum
1458 4957 1541 5016 unita
1560 4963 1630 5016 sunt
1648 4959 1725 5018 inter

1011 5067 1041 5108 se
1055 5049 1185 5123 corporis
1199 5047 1321 5104 humani
1337 5048 1479 5113 membra,
1491 5049 1527 5104 ob
1542 5053 1668 5120 quatuor
1681 5067 1725 5107 ra·

1011 5142 1113 5203 tiones,
1131 5139 1227 5203 5970,
1243 5137 1284 5193 446
1303 5138 1438 5194 membra
1455 5137 1570 5210 mystici
1585 5139 1722 5210 corporis,

1011 5230 1064 5285 597
1072 5229 1121 5294 0;
1137 5230 1166 5284 64
1178 5228 1254 5284 sicut
1268 5227 1298 5283 46
1313 5243 1433 5298 corpore
1448 5227 1575 5284 naturali
1589 5229 1725 5285 membra

1013 5337 1064 5392 pro
1083 5335 1114 5376 se
1135 5317 1259 5374 invicem
1281 5317 1406 5382 sollicita
1424 5320 1500 5384 sunt,
1516 5318 1617 5385 5950,
1632 5317 1674 5374 646
1691 5317 1723 5374 46
