4309 6250
496 505 641 553 srrsrom
660 503 704 551 an
724 501 880 549 ramanus
900 500 1095 549 cambucas.
1119 520 1160 533 -
1180 503 1250 551 aar.
1274 507 1403 554 narinus
1663 491 1720 557 521

176 682 296 757 posset,
313 675 339 737 si
361 675 503 739 Pontifex
525 695 669 739 summus
690 675 722 738 id
744 694 837 756 agere
859 691 922 735 non
937 670 964 733 ll
978 673 1194 755 castigationis
1210 695 1264 739 sen
1281 676 1394 740 futuras
1413 676 1608 742 afflictionis.
1626 680 1724 744 Reve-

174 773 375 854 acquieverit
386 782 441 836 ant
454 774 551 836 nimis
564 773 734 852 distulerit,
750 770 923 855 presertim
979 772 1130 835 lationem
1144 781 1220 837 tune
1240 775 1297 838 tibi
1316 775 1432 839 laatmn
1453 778 1592 859 undique
1613 798 1725 861 propa-

176 870 211 933 in
240 871 346 935 causis
373 873 417 935 ita
445 873 645 956 urgentibus,
674 870 922 955 praegnantibus,
979 870 1064 949 lasti,
1086 880 1117 933 et
1139 891 1240 953 usque
1264 874 1303 936 ad
1327 874 1460 938 Romam
1484 876 1652 940 insinuasti
1670 902 1677 939 :
1694 886 1726 941 et

175 971 286 1033 arduis
310 990 347 1033 ac
371 971 571 1051 necessariis,
597 970 680 1034 sicut
703 970 847 1052 jamdiu
872 968 923 1031 lu·
979 987 1049 1050 quae
1065 970 1192 1033 interim
1212 974 1392 1036 emendatio
1407 983 1455 1037 est
1470 978 1598 1039 secutal
1614 976 1725 1040 Nonne

176 1079 272 1132 erunt
291 1078 324 1132 et
343 1089 429 1133 nunc
451 1078 535 1132 sunt.
551 1072 631 1152 Agat
644 1088 720 1150 ergo
741 1077 773 1131 et
794 1068 924 1151 impleat
980 1076 1012 1130 tu
1039 1068 1107 1151 ipse
1130 1071 1229 1133 sentis
1254 1090 1290 1134 ac
1315 1070 1421 1137 dicere
1447 1074 1541 1155 soles,
1567 1074 1652 1157 qnod
1677 1076 1725 1138 in-

176 1168 335 1231 Sanctitas
352 1178 406 1231 tua
427 1170 512 1251 quod
530 1169 580 1231 sui
601 1176 650 1231 est
669 1167 785 1244 ollicii,
801 1186 923 1249 nosque
979 1168 1237 1249 comparabiliter
1255 1170 1355 1253 magis
1380 1174 1526 1255 expediat
1544 1174 1631 1255 genti
1653 1194 1726 1256 pec-

174 1266 316 1329 adilieet
344 1267 376 1328 in
404 1267 465 1330 boc
494 1268 573 1350 ipso,
600 1275 632 1329 et
656 1285 715 1329 nos
738 1266 924 1329 obedienter
979 1268 1088 1331 catrici
1112 1287 1149 1331 ac
1173 1268 1447 1335 deformatissimae
1468 1273 1553 1355 plebi
1574 1273 1724 1337 Ecclesia

174 1366 261 1446 qnod
283 1374 427 1428 nostmm
448 1374 497 1428 est
519 1365 735 1447 implebimus.
979 1367 1196 1449 temporaliter
1209 1369 1368 1451 castigari,
1385 1372 1591 1454 suppeditari,
1608 1375 1726 1455 depan-

978 1465 1095 1547 perari,
1121 1485 1216 1547 quam
1241 1468 1273 1529 in
1299 1468 1358 1531 bae
1387 1470 1525 1550 pessima
1553 1471 1629 1549 vita,
1655 1491 1725 1554 quaa

215 1561 386 1625 Revelatio.
409 1598 450 1608 -
476 1563 567 1625 duno
595 1562 721 1625 Domini
750 1562 922 1625 millesimo
978 1582 1041 1626 non
1065 1572 1113 1626 est
1137 1564 1212 1641 vita,
1236 1566 1290 1627 sed
1316 1584 1412 1645 mors,
1436 1567 1629 1631 saeculariter
1654 1588 1725 1651 pro-

172 1659 487 1741 quadringentesimo
508 1660 703 1742 sexagesimo
727 1660 843 1743 primo,
868 1662 923 1725 do
978 1662 1153 1742 sperari,ac
1168 1662 1434 1726 damnabilissime
1449 1668 1619 1746 perdurare
1631 1675 1725 1748 atque

174 1760 296 1822 minica
310 1759 343 1821 in
361 1758 521 1839 Passione,
538 1760 570 1821 in
593 1760 663 1840 ipso
676 1759 777 1822 ldissae
797 1759 920 1840 officio,
978 1758 1109 1841 impune
1133 1779 1266 1841 peecare
1292 1764 1331 1823 nt
1356 1762 1403 1823 Ad
1428 1762 1487 1825 boc
1512 1763 1619 1825 Frater
1647 1784 1725 1846 prae-

174 1856 343 1937 religiosus
370 1855 531 1938 prelatus,
560 1858 704 1920 adstante
732 1866 764 1920 et
796 1857 923 1938 conspi·
940 1857 962 1918 B
977 1857 1082 1919 dictus
1098 1860 1261 1939 respondit
1277 1884 1284 1921 :
1302 1882 1318 1919 a
1334 1860 1384 1923 Nil
1400 1862 1506 1923 verius
1529 1862 1592 1924 dici
1609 1870 1722 1943 potest.

174 1956 281 2018 ciente
294 1964 467 2034 conventu,
483 1955 523 2017 ab
544 1955 753 2018 exterioribus
774 1956 922 2019 sensibus
977 1956 1037 2017 Sed
1054 1956 1173 2018 utinam
1195 1957 1377 2022 relormatio
1396 1959 1604 2023 ecelesiastici
1626 1970 1725 2023 status

172 2054 341 2130 alienatus,
371 2073 428 2136 pro
463 2054 624 2116 communi
662 2054 744 2117 bono
772 2054 922 2117 Ecclesia
977 2053 1071 2116 lieret
1094 2054 1250 2133 ordinate,
1267 2065 1298 2119 et
1321 2057 1440 2137 absque
1465 2066 1519 2120 tna
1539 2058 1665 2122 oflensa
1686 2066 1723 2121 nt

173 2153 344 2216 Dominum
380 2152 522 2215 exoravit
553 2153 586 2213 in
615 2152 740 2235 spiritu,
770 2153 881 2216 dicens
912 2177 919 2215 :
976 2153 1022 2213 Ad
1042 2154 1126 2234 quod
1148 2172 1335 2235 responsum
1361 2163 1409 2218 est
1433 2156 1530 2217 Fratri
1549 2180 1554 2217 :
1573 2156 1671 2219 «Etsi
1693 2156 1725 2219 bi

173 2275 190 2311 a
221 2251 401 2333 Usquequo,
426 2269 446 2313 o
474 2250 865 2332 supermisericordissime
890 2260 922 2315 et
977 2251 1016 2313 ad
1031 2270 1111 2331 quos
1126 2271 1164 2314 er
1176 2251 1247 2332 jure
1262 2261 1293 2315 et
1307 2253 1418 2316 ollieio
1434 2262 1566 2337 spectat,
1575 2256 1726 2319 Ecclesia

173 2348 456 2430 superdignissime
484 2347 578 2426 Deus,
607 2367 672 2411 non
701 2357 749 2411 est
777 2349 922 2412 invenire
977 2348 1172 2430 diligentiam
1189 2350 1327 2412 debitam
1340 2370 1403 2413 non
1419 2351 1603 2433 impendant
1613 2372 1671 2434 pro
1683 2372 1727 2416 re-

173 2448 227 2510 diu
243 2447 454 2510 desideratam
476 2467 514 2509 ac
533 2446 717 2528 frequentor
730 2448 921 2529 postulatam
978 2445 1168 2509 formatione
1183 2448 1305 2527 eadem,
1322 2457 1352 2511 et
1368 2449 1400 2511 in
1421 2450 1532 2532 primis
1547 2470 1604 2532 pro
1619 2471 1727 2514 emen-

173 2544 427 2608 misericordiam
441 2564 547 2608 coram
562 2548 614 2607 tel
629 2545 784 2620 Quamdiu
799 2546 922 2609 claudis
977 2544 1104 2607 datione
1124 2546 1252 2627 propria
1273 2556 1304 2609 et
1326 2548 1496 2629 condigna,
1514 2568 1618 2613 nonne
1640 2551 1726 2631 justo

172 2644 285 2724 ocqlos
312 2643 517 2724 benignitatis
530 2633 605 2706 'tuae
634 2644 797 2706 immensae
825 2664 843 2705 a
871 2664 922 2707 ca·
978 2642 1010 2704 id
1024 2651 1116 2723 putas
1131 2644 1270 2725 permitti
1285 2646 1407 2726 judicio
1422 2646 1492 2727 ejus
1507 2647 1561 2728 qui
1579 2648 1726 2711 universa

171 2742 380 2820 lamitatibus,
397 2741 659 2825 oppressionibus
680 2761 716 2805 ac
738 2742 839 2805 ruinis
861 2751 921 2805 tuae
977 2742 1159 2803 moderatur
1172 2761 1209 2803 ac
1231 2750 1397 2824 temperat,
1415 2753 1450 2806 ut
1464 2745 1651 2826 dispositive
1669 2746 1727 2809 liat

171 2840 336 2920 ecclesie,
363 2860 422 2903 nec
447 2860 557 2922 preces
582 2859 757 2922 pauperum
782 2842 922 2904 servulo
977 2857 1034 2920 per
1048 2857 1103 2900 eos
1117 2840 1171 2919 qui
1195 2841 1233 2902 ad
1257 2841 1316 2903 hoc
1339 2842 1556 2905 auctoritatem
1579 2863 1646 2906 non
1660 2864 1725 2907 sor-

172 2959 245 3001 rum
270 2946 395 3002 tuorum
421 2938 669 3001 exaudislllcce
694 2939 827 3002 adversa
851 2960 922 3022 pes-
978 2937 1099 2999 liuntur
1127 2940 1166 2998 »l
1195 2937 1369 3020 Respondit
1397 2940 1504 3003 Frater
1530 2966 1537 3004 ε
1564 2963 1580 3000 «
1610 2942 1724 3021 Etiam,

171 3037 255 3099 sima
280 3038 364 3099 mala
386 3045 585 3113 excrescunt,
602 3043 757 3117 augentur
781 3045 812 3099 et
833 3038 922 3099 inva-
940 3036 1109 3102 CDomine
1121 3036 1203 3099 Deus
1219 3038 1473 3120 omnipotens,in
1489 3040 1582 3121 cujus
1596 3041 1726 3124 disposi·
1741 3066 1874 3116 eatena,

171 3138 301 3198 lescunt
313 3135 466 3217 qnotidie.
482 3134 565 3198 Ordo
578 3135 658 3216 juris
673 3136 877 3214 subvertitur,
890 3146 921 3199 et
976 3135 1062 3198 tione
1077 3143 1109 3197 et
1131 3136 1360 3216 gubernatione
1381 3148 1496 3201 cuneta
1517 3149 1590 3201 sunt
1610 3142 1723 3222 posita.
1741 3133 1761 3172 ⁹·

170 3236 243 3297 dies
258 3233 426 3296 imminere
447 3233 595 3296 videntur
615 3235 654 3295 de
672 3234 789 3314 quibus
803 3235 859 3298 din
874 3237 921 3298 in·
976 3234 1040 3296 lloc
1056 3233 1232 3297 certissime
1247 3243 1381 3314 constat,
1399 3237 1483 3318 qnod
1504 3257 1639 3318 summa,
1657 3258 1726 3320 per-

171 3330 283 3395 sonuit
310 3349 418 3393 rumor
440 3353 468 3390 a.
489 3331 536 3392 Ad
560 3329 626 3392 brec
651 3331 748 3392 verba
771 3333 921 3394 mentalia
977 3332 1152 3395 lectissima
1169 3342 1201 3395 et
1215 3335 1539 3416 supergloriosissima
1558 3339 1726 3419 providen-

171 3449 247 3494 mox
260 3428 405 3491 divinum
421 3447 610 3511 responsum
626 3428 743 3490 factum
760 3438 809 3491 est
822 3430 920 3492 Fratri
976 3432 1019 3492 tia
1041 3441 1105 3509 tua,
1123 3431 1191 3494 sine
1212 3432 1298 3513 justa
1319 3441 1351 3496 et
1365 3435 1545 3498 rationabili
1567 3455 1661 3499 cansa
1681 3438 1725 3500 nil

170 3531 203 3592 in
234 3529 361 3612 spiritu,
390 3529 499 3592 dicens
530 3551 537 3590 ε
564 3551 580 3587 <r
610 3528 766 3610 Quidquid
793 3530 833 3592 de
863 3531 921 3592 bae
978 3529 1049 3591 mali
1066 3529 1150 3590 sinat
1165 3529 1234 3592 lieri
1253 3553 1260 3591 :
1278 3531 1342 3594 imo
1363 3531 1522 3595 interdum
1537 3535 1726 3615 gravissima

170 3647 207 3690 re
230 3627 347 3690 audisti
370 3634 402 3688 et
421 3626 579 3708 cogitasti,
596 3625 638 3688 ita
659 3626 692 3688 in
712 3627 846 3690 veritate
868 3629 922 3689 ba·
976 3636 1006 3689 et
1021 3627 1182 3708 generalia
1197 3627 1269 3690 lieri
1287 3629 1368 3690 mala
1383 3631 1552 3712 permittis,
1569 3641 1725 3714 quatenus

171 3727 228 3789 bet
252 3749 282 3788 a.
308 3725 458 3788 Audierat
483 3733 588 3787 autem
612 3725 720 3788 Frater
742 3726 802 3788 iste
826 3728 921 3808 paulo
976 3744 1014 3787 ex
1029 3725 1149 3787 eisdem
1171 3726 1413 3806 preclarissima
1428 3735 1522 3809 atque
1544 3731 1726 3793 communia

171 3833 248 3888 ante
268 3823 375 3887 tristes
395 3843 538 3886 rumores
556 3825 596 3886 de
615 3824 803 3905 quibusdam
824 3825 922 3887 tribu·
977 3823 1060 3885 bona
1073 3822 1195 3885 elicias.
1211 3823 1338 3901 Verum,
1352 3843 1371 3887 o
1386 3827 1615 3907 gratiosissime
1630 3829 1724 3908 Deus,

172 3923 348 3985 lotionibus
363 3921 499 4003 magnis,
516 3921 548 3982 in
564 3921 724 4002 aliquibus
739 3921 831 3983 terris
846 3941 921 4003 pau·
975 3922 1015 3983 de
1038 3921 1099 3983 hoc
1123 3941 1208 3984 nunc
1234 3923 1334 4003 cupio
1349 3923 1476 4005 plenius
1495 3926 1633 4006 edoceri,
1648 3927 1725 4008 quid

170 4021 264 4085 latim
278 4020 503 4094 nascentibus3
520 4019 679 4101 coepitque
701 4019 838 4100 cogitare
854 4021 920 4083 heac
976 4027 1023 4080 tot
1050 4019 1209 4099 tantisque
1236 4021 1329 4082 malis
1359 4021 1600 4086 imminentibus
1629 4034 1727 4088 restet

169 4139 243 4182 esse
258 4118 451 4200 praeambula
465 4118 703 4180 tribulationum
716 4117 871 4199 majorum
888 4119 920 4180 in
976 4117 1094 4198 populo
1117 4118 1302 4197 christiano,
1324 4120 1488 4201 potissime
1514 4123 1610 4202 clero,
1632 4143 1727 4204 agen-

168 4217 315 4281 Ecclesia
333 4217 429 4299 paulo
448 4224 520 4297 post
541 4215 730 4293 futurarum,
747 4216 786 4279 de
804 4216 921 4298 quibus
937 4216 1051 4278 lidum
1068 4239 1097 4279 a.
1114 4215 1286 4298 Respondit
1308 4218 1461 4281 Dominus
1483 4221 1698 4285 universitatis
1716 4247 1723 4284 :

168 4317 303 4398 quidam
324 4315 379 4377 diu
401 4313 584 4396 praedixisse
606 4313 765 4393 leguntur.
977 4336 993 4372 ι(
1016 4314 1096 4387 Quid
1124 4315 1239 4395 qnaeris
1264 4317 1347 4396 quod
1373 4335 1411 4379 ex
1437 4317 1608 4398 Scripturis
1630 4339 1727 4401 agno·

212 4415 322 4495 ltaque
343 4430 496 4493 responso
517 4411 573 4474 illo
594 4411 712 4488 audito,
730 4413 855 4475 loeutus
874 4422 923 4475 est
977 4412 1063 4473 scisl
1080 4411 1189 4474 Nonne
1204 4413 1266 4474 seis
1282 4413 1449 4495 scriptum,
1467 4415 1570 4479 Semel
1586 4416 1726 4498 loquitur
1749 4447 1872 4496 rorum.

169 4513 281 4574 Frater
298 4534 338 4572 :a
364 4509 507 4588 Confido,
527 4528 547 4572 o
571 4509 713 4584 Domine,
735 4511 820 4591 quod
844 4531 922 4592 prm-
977 4511 1070 4588 Dens,
1088 4519 1117 4572 et
1141 4512 1280 4574 secundo
1302 4513 1332 4574 id
1350 4513 1453 4594 ipsum
1478 4533 1540 4576 non
1558 4517 1670 4598 repetit
1686 4523 1724 4581 »t
1742 4503 1774 4543 ¹⁵·

169 4610 333 4672 nuntiatio
354 4609 410 4671 illa
430 4608 469 4671 de
489 4607 731 4671 imminentibus
745 4609 808 4670 illis
828 4610 921 4672 malis
1016 4609 1079 4670 llac
1106 4609 1310 4689 responsione
1336 4621 1492 4692 suscepta,
1520 4613 1627 4678 Frater
1651 4635 1725 4678 con·

168 4711 211 4772 ad
241 4707 499 4771 comminationis
527 4708 684 4789 pertineat
708 4704 918 4789 prophetiam,
977 4726 1087 4769 versus
1103 4706 1287 4788 introrsum,
1300 4717 1330 4770 et
1345 4709 1435 4790 quasi
1451 4710 1483 4771 in
1500 4713 1628 4793 regione
1644 4714 1725 4777 lueis

166 4825 243 4887 quaa
272 4823 336 4867 non
365 4823 493 4887 semper
520 4803 672 4885 impletur
695 4828 723 4865 a.
749 4802 922 4885 Respondit
977 4805 1141 4868 immensae
1161 4825 1194 4868 se
1217 4808 1354 4888 positum
1375 4827 1519 4887 cernens,
1538 4812 1725 4876 suavissime

166 4903 328 4967 Dominus
345 4925 386 4964 :u
408 4902 498 4963 Viam
520 4901 746 4964 misericordie
768 4903 923 4984 poeniten·
977 4923 1050 4967 cum
1066 4905 1187 4985 ingenti
1211 4906 1439 4986 tranquillitate
1459 4907 1609 4971 clamavit
1624 4931 1726 4973 secre-

167 5003 259 5064 tibus
274 5019 339 5063 non
354 4999 531 5082 preclud03
548 5007 654 5079 atque,
667 5008 702 5060 ut
715 5009 787 5062 ante
804 5001 923 5082 aliquot
976 5007 1099 5080 to,‘non
1124 5012 1339 5085 perstrepente
1355 5013 1409 5066 aut
1424 5005 1501 5067 loris
1516 5016 1647 5070 sonante
1663 5010 1725 5071 ola-

166 5119 274 5163 annos
299 5105 494 5161 contestatus
518 5117 588 5159 sum
613 5097 670 5159 tibi
694 5097 727 5160 in
755 5099 851 5161 simili
878 5099 922 5162 vi·
977 5120 1077 5178 more,
1101 5103 1139 5164 ad
1165 5101 1413 5165 secretissimum
1440 5113 1471 5166 et
1495 5124 1568 5166 vere
1593 5106 1726 5170 abscon-

168 5200 276 5277 sione,
293 5197 469 5260 secundum
491 5215 672 5258 mensuram
689 5204 800 5260 vestrae
815 5217 922 5260 emen·
976 5201 1079 5261 ditum
1107 5199 1465 5282 incomprehensibilem
1495 5203 1592 5265 Deum
1620 5228 1627 5266 ε
1657 5227 1672 5264 «
1702 5205 1725 5268 0

167 5295 311 5361 dationis
339 5295 399 5357 erit
427 5313 576 5357 mensura
603 5294 813 5376 mitigationis
841 5315 920 5361 meae
977 5297 1302 5379 superamabilissime
1330 5299 1423 5377 Deus,
1450 5308 1484 5362 tn
1514 5301 1581 5384 ipse
1610 5303 1662 5365 lux
1690 5323 1725 5367 es
