4309 6250
438 676 566 741 quoquo
589 665 712 740 septem
735 662 847 718 tenues
871 652 1066 732 oriebantur,
1092 650 1226 714 deved
1281 647 1485 731 Consumptis
1500 655 1605 712 autem
1622 646 1703 712 cibis
1717 669 1756 712 ex
1770 650 1904 733 AEgypto
1918 668 1993 733 por·
2019 670 2118 721 ceam,

436 765 543 821 rantes
572 773 702 821 omnem
730 752 873 835 priorum
902 747 1184 834 pulchritudinem.
1241 745 1324 825 tatis,
1341 746 1419 810 dixit
1432 747 1478 809 eis
1494 747 1591 810 Jacob
1607 770 1614 808 t
1632 748 1841 812 Revertimiui
1854 749 1889 811 in
1902 749 1994 832 AEgy·
2006 736 2056 781 Ἀ

435 855 524 918 Daue
539 854 636 933 lacto,
644 869 762 936 pavore
776 848 961 932 perterritus
976 847 1107 926 Pharao,
1115 865 1187 910 cou-
1241 852 1342 925 ptum,
1359 852 1391 907 et
1404 845 1502 908 emite
1522 844 1614 909 nobis
1636 844 1813 929 pauxillum
1828 865 1989 910 escarum.
2132 845 2133 856 ¹

434 951 611 1035 jectoribus
628 959 661 1014 et
674 947 872 1031 sapientibus
886 944 1010 1028 AEgypti
1025 943 1186 1007 somnium
1240 942 1413 1025 Respondit
1433 943 1527 1006 Judas
1545 967 1552 1004 :
1569 943 1690 1006 luravit
1710 943 1803 1008 nobis
1825 945 1876 1008 vir
1897 944 1991 1008 :Nisi

434 1049 614 1128 enarravit3
643 1067 703 1110 nec
731 1053 798 1110 erat
827 1043 882 1126 qui
911 1043 1182 1124 interpretaretur.
1240 1039 1432 1104 adduxeritis
1447 1041 1579 1105 fratrem
1594 1049 1733 1106 vestrum
1747 1042 1921 1106 minimum
1937 1063 1993 1108 vo-

434 1149 524 1212 'lunc
544 1146 752 1210 reminiscens
771 1143 997 1226 pincernarum
1020 1139 1183 1220 magister,
1241 1138 1376 1219 hiscum,
1393 1158 1457 1202 non
1472 1139 1622 1203 videbitis
1637 1138 1754 1204 faciem
1770 1161 1885 1204 meam.
1903 1142 1992 1204 ttittc
2006 1167 2114 1216 rnatu.

433 1247 479 1311 ait
508 1270 516 1309 ι
546 1242 708 1309 Confiteor
734 1249 901 1324 peccatum
936 1257 1054 1302 meum.
1084 1238 1184 1301 lratus
1238 1253 1374 1318 pnemm
1403 1257 1550 1316 mecum;
1580 1237 1607 1300 si
1637 1255 1702 1301 nou
1731 1239 1887 1304 reduxero
1915 1259 1991 1304 eum
2132 1248 2133 1318 t

433 1364 499 1422 rex,
516 1363 568 1406 me
591 1350 623 1406 et
647 1341 834 1422 magistrum
857 1337 1014 1421 pistorum
1037 1335 1126 1427 misit
1149 1335 1182 1398 in
1239 1335 1308 1415 tihi,
1325 1354 1379 1399 cro
1393 1335 1517 1418 peccati
1536 1355 1609 1398 reus
1630 1336 1663 1398 in
1683 1343 1714 1399 te
1727 1337 1816 1401 omui
1831 1345 1989 1420 tempore.
2132 1320 2133 1341 ¹

433 1441 669 1522 carcerem‚ubi
686 1459 750 1503 una
764 1447 858 1502 nocte
872 1437 1012 1499 vidimus
1023 1437 1184 1499 somnium
1240 1434 1384 1515 Dixitque
1402 1435 1523 1498 Jacob:
1541 1433 1573 1496 Si
1596 1434 1642 1497 sic
1663 1453 1795 1498 necesse
1815 1445 1876 1517 est,
1894 1435 1992 1501 tacite
2005 1456 2091 1501 ranst.

432 1561 610 1627 presagum
633 1539 826 1602 futurorum.
853 1535 926 1599 Erat
950 1534 994 1597 ibi
1023 1553 1103 1616 puer
1126 1534 1185 1598 lle-
1238 1533 1322 1613 quod
1338 1532 1446 1596 vultis.
1463 1532 1700 1596 Descenderunt
1721 1533 1828 1616 itaque
1848 1535 1882 1597 in
1898 1535 1993 1617 AEgy-
2005 1555 2100 1598 ruta,

433 1644 547 1720 braeus,
563 1659 583 1702 a
597 1657 660 1722 quo
676 1634 970 1719 interpretationem
987 1633 1115 1714 plenam
1130 1652 1184 1694 an·
1239 1639 1340 1712 ptum,
1357 1639 1388 1694 ct
1403 1639 1557 1695 steterunt
1572 1650 1679 1695 coram
1693 1634 1820 1716 Joseph.
1837 1634 1898 1709 Qui
1912 1637 1993 1698 dixit
2017 1656 2069 1698 nat
2087 1659 2116 1700 r.-

433 1739 585 1804 divimus.
602 1737 750 1801 Protinus
764 1734 803 1797 ad
818 1732 990 1814 imperium
1005 1730 1089 1812 regis
1109 1732 1186 1794 edu·
1239 1729 1279 1792 ad
1300 1746 1355 1792 eos
1372 1753 1379 1791 :
1396 1730 1540 1794 Sanusne
1562 1739 1611 1794 est
1631 1740 1722 1815 pater
1741 1741 1847 1796 vester
1867 1737 1991 1797 scuexl
2006 1722 2037 1762 ²⁰·

433 1848 520 1902 ctum
545 1835 662 1918 Joseph
683 1835 723 1896 de
746 1850 873 1896 carcere
895 1829 1079 1893 obtulcmnt
1103 1827 1181 1910 regi.
1201 1826 1491 1909 Bllespouderunt,
1514 1829 1601 1908 1m03
1625 1837 1657 1894 et
1684 1829 1856 1910 incurvati,
1878 1833 1993 1896 adora-

433 1938 490 2002 Gui
511 1954 611 2020 quum
633 1953 688 1997 rex
711 1931 834 1995 somnia
858 1949 916 1992 sua
939 1935 1109 2006 narrasset,
1130 1927 1184 1990 ille
1239 1933 1353 1990 verunt
1367 1944 1451 1989 eum.
1469 1926 1587 1990 Videas
1606 1936 1711 1991 autem
1726 1928 1842 2012 Joseph
1858 1931 1993 1994 lratrem

434 2036 600 2119 respondit
616 2057 623 2096 :
641 2033 769 2115 Septem
790 2030 888 2092 hoves
907 2028 1050 2111 pulchra)
1068 2034 1101 2089 et
1115 2045 1185 2108 sep
1240 2043 1332 2087 suum
1347 2024 1526 2107 Benjamin,
1542 2026 1586 2089 ait
1603 2051 1611 2090 ι
1627 2027 1688 2089 lste
1703 2035 1752 2090 est
1767 2025 1866 2091 irater
1884 2037 1995 2092 vester

435 2145 500 2200 tem
526 2134 622 2217 spicae
646 2132 760 2214 plene,
785 2137 906 2211 septem
933 2126 1088 2190 ubertatis
1111 2133 1186 2187 sunt
1239 2122 1392 2187 minimus
1404 2125 1443 2187 de
1457 2143 1521 2205 quo
1537 2125 1687 2188 dixeratis
1701 2126 1847 2189 mihitttt
1861 2147 1991 2190 rursus:

436 2234 538 2311 anni}
555 2239 677 2315 septem
697 2230 796 2292 bovas
815 2225 994 2289 macilente
1011 2233 1044 2287 et
1062 2233 1184 2306 septem
1240 2222 1332 2300 Deus,
1345 2222 1457 2304 inquit,
1469 2223 1657 2287 misereatur
1670 2224 1727 2302 tui,
1739 2223 1789 2287 lili
1805 2226 1861 2288 mi.
1872 2225 1994 2300 Quum-

436 2333 532 2414 spicaa
561 2340 686 2407 tenues,
713 2334 836 2410 septem
863 2323 940 2387 anni
968 2331 1043 2385 sunt
1068 2322 1184 2385 futurae
1239 2340 1301 2402 que
1316 2322 1541 2403 comedissent,
1557 2323 1708 2406 precepit
1725 2324 1842 2406 Joseph
1860 2325 1994 2407 dispen·
2015 2347 2112 2392 raum,

302 2452 358 2496 eea.
379 2464 420 2504 m.
435 2428 531 2493 lamis
550 2435 622 2512 post
643 2443 743 2489 annos
767 2423 931 2487 ubertatis.
948 2421 1029 2483 Dixit
1049 2421 1088 2482 ad
1111 2439 1184 2482 eum
1240 2419 1336 2484 satori
1351 2439 1409 2484 suo
1426 2443 1433 2482 :
1450 2420 1548 2503 lmple
1564 2440 1673 2485 saccos
1688 2440 1798 2486 eorum
1812 2421 1990 2502 frumento,
2007 2413 2052 2458 Η·

287 2515 365 2565 Μ·
436 2549 491 2592 rex
514 2553 522 2592 ε
545 2527 624 2602 Quia
644 2523 785 2588 ostendit
802 2522 861 2584 tibi
882 2520 965 2583 Deus
986 2519 1093 2582 omnia
1114 2537 1199 2601 quae,
1241 2518 1395 2600 scyphum
1410 2525 1516 2581 autem
1532 2538 1639 2582 meum
1654 2528 1840 2602 argenteum
1854 2539 1944 2604 ponc
1959 2523 1991 2586 in

435 2629 561 2692 locutus
584 2644 631 2704 os,
647 2633 682 2686 tu
707 2623 771 2686 eris
796 2640 892 2704 super
913 2619 1045 2683 domum
1066 2638 1183 2698 meam,
1239 2635 1299 2686 ore,
1316 2616 1400 2678 sacci
1421 2615 1571 2698 junioris.
1587 2615 1753 2699 Quumque
1775 2619 1885 2683 urbem
1909 2621 1993 2684 exis·
2007 2644 2110 2690 aaut

435 2735 468 2790 et
494 2727 535 2789 ad
564 2722 735 2806 imperium
761 2729 851 2784 tuum
879 2727 1014 2782 cunctus
1046 2717 1184 2801 populus
1239 2722 1320 2792 sent,
1336 2713 1415 2776 dixit
1426 2713 1545 2796 Joseph
1559 2714 1771 2796 dispensatori
1787 2736 1846 2780 suo
1862 2741 1869 2780 ε
1885 2717 1994 2782 Perse·

286 2845 420 2898 tuaest
435 2824 574 2890 obediet.
604 2821 704 2904 lgitur
739 2818 907 2882 transactis
935 2824 1057 2899 septem
1092 2815 1185 2878 aunis
1239 2831 1336 2895 quere
1357 2812 1453 2890 viros,
1470 2820 1502 2874 et
1522 2812 1730 2895 apprehensis
1749 2814 1848 2879 dicito
1864 2839 1872 2878 ε
1887 2816 1993 2890 erare

434 2922 600 3001 ubertatis,
624 2919 735 2984 venire
763 2925 931 3002 coeperunt
958 2923 1080 2997 septem
1107 2914 1184 2976 anui
1239 2910 1422 2974 reddidistis
1455 2910 1576 2974 malum
1611 2930 1669 2994 pro
1703 2912 1810 2977 honol
1843 2915 1993 2999 Scyphos

435 3021 563 3105 iuopiae.
1200 3016 1334 3092 cquem
1357 3008 1454 3073 iurati
1479 3009 1567 3090 estis,
1592 3018 1642 3073 est
1670 3011 1703 3074 iu
1731 3030 1795 3094 quo
1823 3012 1908 3077 bibit
1938 3014 1993 3078 do-

2132 23 2133 52 t

401 476 405 484 ⁹
438 473 500 538 336
753 485 872 533 comat
893 481 1062 530 thurmttx
1075 477 1249 536 ttttton'rt,
1271 478 1360 526 ttetttt
1381 479 1412 525 ll.
1436 495 1477 509 ··
1497 477 1567 526 aar.
1589 478 1678 528 xxxtt

2132 589 2133 628 l

293 3144 353 3189 rota.
370 3157 419 3196 mr.
474 3121 615 3185 Audiens
646 3127 754 3182 autem
782 3113 877 3179 Jacob
912 3113 997 3196 quod
1031 3111 1184 3175 alimenta
1239 3108 1345 3172 minus
1367 3129 1466 3173 meus.
1484 3108 1750 3192 Responderunt:
1767 3110 1860 3195 Apud
1878 3132 1993 3195 quem·
2006 3135 2075 3179 aas.

288 3210 345 3251 ¹⁴⁰·
435 3221 650 3285 venderentur
670 3217 705 3279 in
727 3216 871 3297 AEgypto,
887 3211 968 3275 dixit
987 3211 1067 3274 liliis
1089 3211 1180 3273 suis:
1239 3227 1376 3291 cumque
1397 3208 1563 3272 inventum
1584 3207 1683 3272 luerit
1695 3210 1780 3292 quod
1794 3213 1927 3293 queris,
1946 3214 1993 3275 in-

434 3317 634 3395 Desceudito‚
650 3323 683 3379 et
703 3313 798 3377 emite
812 3311 904 3375 nobis
918 3309 1110 3374 necessaria.
1126 3309 1185 3372 De-
1238 3306 1427 3384 terliciatur,
1457 3314 1488 3369 et
1516 3323 1575 3369 nos
1604 3308 1689 3370 servi
1718 3308 1837 3371 erimus
1865 3310 1991 3373 domini

434 3418 624 3482 scandentes
638 3408 1185 3496 ergodecemlratresloseph,Den-
1238 3405 1350 3468 nostri.
1375 3404 1483 3486 ltaque
1507 3404 1710 3487 dispeusator
1736 3414 1895 3471 scmtatus
1922 3428 1990 3490 eos,
2004 3432 2108 3476 Μαι-ιι

433 3516 536 3599 jamin
560 3512 648 3577 domi
673 3518 808 3590 retento,
831 3507 967 3589 ingressi
996 3514 1070 3569 sunt
1093 3508 1185 3588 AEgy-
1239 3502 1363 3567 invenit
1377 3503 1532 3585 scyphum
1547 3502 1581 3566 in
1600 3521 1693 3567 sacco
1708 3504 1890 3586 benjamin.
1906 3506 1992 3571 Scis-

434 3624 535 3699 ptum.
549 3613 716 3693 Quumque
730 3609 916 3672 adorassent
929 3606 1056 3688 Joseph,
1068 3614 1100 3668 ct
1114 3606 1183 3688 ipse
1240 3601 1284 3664 sis
1299 3620 1374 3683 ergo
1395 3601 1551 3680 vestibus,
1568 3602 1732 3665 redierunt
1752 3603 1791 3665 ad
1811 3602 1945 3689 Joseph,
1961 3613 1992 3669 et

434 3712 617 3796 agnovisset
644 3727 710 3789 eos,
740 3706 832 3790 quasi
857 3706 897 3768 ad
925 3704 1047 3767 alienos
1072 3705 1183 3767 dumus
1239 3701 1451 3764 adoraverunt
1465 3718 1538 3763 eum
1549 3699 1642 3782 proni
1658 3700 1692 3761 in
1706 3700 1992 3785 terramDixitquc
2004 3730 2107 3777 cursat

433 3810 647 3893 loquebatur:
665 3815 697 3869 et
715 3814 821 3868 umen
840 3802 955 3866 iratres
977 3802 1046 3885 ipse
1067 3820 1185 3883 cogno-
1239 3798 1334 3862 Judas
1349 3799 1388 3861 ad
1402 3798 1518 3881 Joseph
1535 3796 1635 3861 :Deus
1650 3797 1775 3861 invenit
1788 3800 1992 3881 iniquitatem
2005 3797 2035 3845 ³²
2047 3796 2074 3842 ³⁰·
2085 3794 2108 3836 ³¹·

433 3928 538 3990 scens,
554 3926 620 3972 non
644 3914 693 3969 est
717 3903 863 3985 cognitus
883 3902 924 3965 ab
946 3900 1002 3964 eis.
1020 3900 1058 3962 Et
1079 3900 1123 3963 ait
1144 3901 1184 3963 ad
1240 3917 1405 3961 servorum
1419 3915 1570 3976 suorum3
1587 3897 1643 3960 sed
1657 3914 1717 3979 ogo
1732 3916 1791 3981 pro
1804 3895 1905 3963 lratre
1921 3918 1992 3964 meo
2006 3861 2035 3899 π’
2081 3924 2085 3935 ·

433 4029 488 4074 eos
500 4032 507 4071 ε
521 4006 741 4089 Exploratores
755 4001 843 4065 estis.
859 3999 917 4074 Qui
932 3999 1081 4062 dixerunt
1095 4024 1102 4061 z
1115 3998 1185 4064 Non
1239 3997 1292 4061 hic
1308 3996 1454 4077 mancho,
1470 4004 1502 4058 et
1523 4015 1635 4059 servus
1655 4004 1729 4059 tuus
1743 4014 1809 4077 ero,
1825 3999 1904 4080 quia
1918 4018 1992 4063 eum

312 4132 372 4177 rata.
384 4134 418 4177 ra.
433 4116 482 4172 est
503 4106 556 4185 ita,
578 4103 717 4169 domine.
734 4098 906 4164 Duodecim
927 4096 1041 4160 iratres
1060 4118 1183 4177 sumus,
1241 4096 1275 4159 in
1289 4095 1388 4159 lidem
1402 4114 1506 4158 meam
1520 4094 1639 4179 recepi.
1657 4094 1689 4158 Si
1705 4095 1793 4159 enim
1807 4096 1847 4159 ad
1866 4106 1992 4179 patrem

434 4204 588 4267 minimus
608 4220 683 4264 cum
698 4205 787 4280 patre
801 4204 909 4260 nostro
924 4203 983 4273 est,
999 4193 1082 4257 alius
1102 4214 1186 4259 mor·
1201 4198 1226 4261 D
1241 4204 1384 4259 nostrum
1399 4194 1534 4273 rediero,
1550 4203 1582 4257 et
1596 4193 1712 4257 viderit
1723 4194 1820 4257 istum
1836 4214 1901 4259 non
1920 4215 1992 4260 esse

299 4328 360 4374 nra.
386 4331 418 4381 u,
434 4311 508 4366 tuus
523 4309 582 4365 cst.
595 4298 741 4379 Dixitque
757 4294 873 4378 Joseph
883 4317 891 4356 ε
902 4293 933 4356 Si
948 4291 1080 4375 pacifici
1095 4294 1184 4374 estis,
1242 4293 1419 4370 nobiscum,
1432 4311 1496 4375 prta
1511 4289 1640 4355 tristitia
1654 4292 1819 4356 morietur.
1829 4292 1901 4357 Noa
1915 4312 1991 4377 crgo

225 4451 229 4458 .
285 4395 321 4438 2⁰·
434 4421 518 4465 unus
539 4407 682 4464 vestrum
703 4395 820 4477 ligetur
838 4393 872 4456 in
892 4410 1039 4470 carcere3
1055 4410 1112 4455 vos
1131 4412 1187 4455 au·
1242 4410 1372 4475 possum
1392 4390 1494 4453 redire
1514 4390 1554 4453 ad
1577 4399 1701 4473 patrem
1722 4410 1841 4473 meum,
1856 4392 1991 4457 macuto

434 4510 500 4564 tem
514 4499 611 4579 obite,
628 4504 660 4560 et
680 4495 761 4559 ferte
782 4512 853 4575 quat
873 4490 997 4575 emistis
1018 4491 1051 4553 iu
1073 4492 1185 4555 domos
1241 4509 1350 4574 puero,
1368 4508 1408 4553 ue
1426 4488 1616 4553 calamitatis
1635 4507 1706 4571 que
1724 4507 1919 4574 oppressura
1942 4501 1991 4556 est

435 4608 568 4679 vestras,
584 4605 616 4661 et
633 4596 766 4659 fratrem
785 4599 927 4655 vestrum
947 4590 1116 4653 minimum
1131 4591 1186 4653 ad·
1241 4599 1363 4673 patrem
1385 4607 1491 4651 meum
1510 4588 1601 4651 testis
1622 4587 1785 4652 adsistam.

312 4714 418 4762 rotata.
435 4697 543 4761 ducite
557 4696 597 4760 ad
612 4713 675 4773 me,
688 4699 723 4756 ut
737 4710 802 4755 non
817 4687 1010 4753 moriamini.
1023 4688 1186 4752 Venerunt
1279 4687 1348 4751 Non
1371 4694 1495 4770 poterat
1517 4705 1551 4749 se
1575 4686 1658 4749 ultra
1686 4687 1836 4751 cohibere
1858 4690 1989 4774 Joseph,
2014 4718 2063 4761 raa.
2075 4728 2109 4760 m,

435 4815 510 4879 ergo
532 4796 571 4859 ad
595 4802 718 4877 patrem
743 4809 837 4853 suum
860 4787 1017 4867 tacebat
1037 4807 1185 4851 narrave-
1240 4784 1440 4866 elevavitque
1454 4802 1568 4848 vocem
1583 4802 1657 4847 cum
1678 4783 1770 4865 lietu,
1787 4794 1818 4849 ct
1832 4786 1912 4850 dixit
1926 4788 1991 4852 ira·
2004 4776 2054 4816 ¹⁴⁰·

313 4912 419 4962 erosa.
434 4906 509 4960 runt
532 4895 561 4959 ei
586 4892 694 4957 omnia
716 4908 787 4972 quae
811 4888 858 4952 eis
883 4887 1076 4950 acciderant.
1102 4886 1185 4949 Dixit
1240 4884 1341 4948 tribus
1356 4881 1422 4944 suis
1439 4904 1446 4943 ι
1463 4881 1529 4963 Ego
1544 4901 1615 4945 sum
1629 4881 1764 4964 Joseph;
1780 4884 1885 4947 adhuc
1900 4894 1992 4967 pater

434 4997 481 5061 eis
506 5001 595 5077 pater
618 4989 715 5055 Jacob
732 5012 739 5052 ε
756 4987 883 5069 Absque
907 4985 1018 5049 liberis
1038 5005 1089 5049 me
1114 5004 1183 5049 csse
1240 5002 1331 5046 meus
1345 4981 1448 5043 vivitt
1460 4978 1695 5062 Non-poterant
1714 4983 1909 5063 respondere
1928 4984 1991 5048 lra-

433 5094 578 5172 lecistis3
608 5089 724 5173 loseph
752 5106 816 5152 nou
844 5094 892 5149 est
919 5104 1026 5167 super,
1056 5086 1183 5148 Simeon
1238 5090 1303 5144 tres
1317 5078 1418 5142 nimio
1439 5078 1553 5143 timore
1574 5077 1744 5161 perterriti.
1761 5080 1844 5155 Quos
1866 5081 1923 5147 ille
1937 5083 1991 5147 be·

431 5201 560 5259 tenetur
587 5191 622 5254 in
649 5186 809 5263 vinculis;
839 5192 871 5247 et
896 5184 1064 5265 Bonjamiu
1097 5183 1185 5248 aule-
1239 5181 1336 5262 uigne
1350 5176 1532 5242 consolatus
1546 5186 1606 5258 est,
1622 5185 1654 5240 et
1667 5176 1712 5240 ait
1727 5200 1735 5241 ι
1751 5177 1796 5241 lte
1809 5180 1852 5243 ad
1865 5190 1990 5262 patrem

434 5294 522 5361 rcus.
1240 5298 1360 5361 meum,
1385 5285 1417 5341 et
1438 5276 1537 5341 dicite
1560 5276 1591 5340 ei
1618 5299 1625 5340 ε
1652 5276 1723 5341 llaec
1747 5278 1878 5343 mandat
1900 5280 1990 5345 salius
