4309 6250
451 483 512 550 598
552 503 592 548 ne
614 503 822 551 aucromrarn
844 504 939 551 scurra
959 502 1127 550 consumis
1148 502 1375 550 andnumans
1396 501 1537 567 concurr,
1558 502 1649 549 crasa
1669 504 1702 548 n.
1724 521 1766 532 -
1785 500 1855 546 aaa.
1877 500 1937 552 vm,
1955 498 1982 544 11

452 673 511 736 soli
535 673 649 736 fideles
672 675 726 757 qni
751 683 824 738 sunt
842 677 882 738 de
902 675 1044 738 Ecclesia
1066 693 1200 739 numero
1215 675 1240 736 Α
1255 673 1337 757 cipis
1351 673 1570 756 gubernationi
1584 693 1650 737 non
1665 673 1810 736 subsunt.
1821 671 1907 752 rapa
1919 688 1983 750 ergo

451 780 484 835 et
503 771 638 848 merit03
655 773 688 834 in
714 775 804 836 tertia
823 783 855 836 et
876 781 998 855 quarta,
1016 774 1074 837 soli
1093 773 1197 854 justi:
1255 792 1320 836 non
1344 772 1495 835 convenit
1514 791 1585 835 esse
1610 781 1766 837 rectorem
1791 770 1878 852 regni
1900 769 1983 849 hujus

452 870 524 933 ideo
543 870 731 952 simpliciter
754 871 896 934 Cbristus
915 880 963 934 est
983 872 1086 934 solum
1106 879 1201 954 caput
1255 871 1421 934 militantis
1444 871 1606 950 Ecclesiae,
1632 870 1694 932 nisi
1719 871 1754 932 in
1777 877 1923 952 qnantum
1945 887 1984 929 re

452 987 582 1046 eornm;
604 969 737 1032 eliorum
764 989 838 1033 vero
860 971 1035 1032 secundum
1059 970 1148 1051 quid,
1169 978 1201 1032 et
1255 989 1354 1051 gnum
1373 969 1456 1032 istud
1475 989 1533 1032 seu
1552 969 1688 1053 populus
1708 977 1792 1033 totns
1811 967 1982 1032 christianus

451 1066 513 1129 hoc
529 1067 629 1149 magis
645 1067 693 1130 vel
710 1067 826 1144 minus,
845 1068 1019 1131 secundum
1035 1069 1119 1150 quod
1135 1087 1201 1130 ma·
1256 1067 1424 1132 collective
1445 1067 1611 1149 accipitur.

451 1164 499 1246 gis
515 1166 563 1228 vel
579 1166 686 1228 minus
700 1167 855 1229 accedunt
878 1168 919 1229 ad
938 1167 1112 1248 perlectam
1133 1186 1201 1249 my·
1294 1165 1437 1247 insuper,
1458 1185 1554 1248 snper
1581 1173 1730 1247 quartum
1757 1164 1983 1237 Sententiarum,

451 1263 523 1326 stici
550 1264 692 1346 corporis
717 1265 883 1327 unitatem.
1255 1264 1458 1326 distinctione
1471 1263 1633 1341 vicesima,
1642 1264 1755 1326 asserit
1764 1261 1984 1342 'lbomasfflspr

1255 1362 1351 1425 babet
1365 1362 1596 1445 plenitudinem
1616 1361 1814 1444 pontificalis
1838 1360 1983 1442 potestatis

1255 1461 1345 1543 quasi
1360 1479 1415 1522 rex
1428 1460 1461 1521 in
1478 1478 1587 1541 regno,
1604 1461 1658 1522 sed
1674 1459 1818 1541 episcopi
1834 1477 1981 1521 manarun-

625 1545 888 1610 ARTICULUS
923 1546 1023 1608 VIII·
1255 1559 1359 1622 turin
1375 1568 1496 1641 partem
1515 1558 1742 1622 sollicitudinis
1765 1558 1855 1639 quasi
1872 1558 1980 1639 judices

449 1687 542 1754 Quod
554 1689 821 1760 complementum
838 1686 934 1761 reperi
947 1686 1126 1744 militantis
1140 1687 1201 1744 Ec·
1255 1659 1389 1740 ⁵l⁰il¹¹ll⁸
1410 1658 1594 1720 ⁰¹Vll⁸l¹h¹¹⁵
1609 1667 1783 1768 llffflllffistb
1807 1656 1926 1720 Certum
1941 1663 1981 1717 ‘⁵¹

487 1776 592 1834 clesice
607 1775 711 1849 cecicit
726 1775 763 1833 in
778 1795 815 1834 ea
825 1794 890 1833 esse
906 1794 1018 1833 oerum
1031 1783 1199 1842 rectorem,
1255 1766 1362 1820 &ultim
1377 1757 1460 1838 qu⁰d
1477 1776 1531 1819 ‘⁰¹
1552 1774 1609 1837 Ρθΐ
1629 1775 1718 1838 prrus
1740 1763 1933 1836 comparatur
1950 1753 1982 1814 'id

489 1865 549 1943 qui
558 1865 618 1923 toti
625 1865 739 1938 praesit
752 1865 902 1924 Ecclesioe
909 1863 1040 1938 pariter
1050 1871 1196 1938 sumpte,
1219 1853 1242 1914 B
1257 1864 1357 1918 totum
1380 1873 1523 1935 regnum,
1540 1874 1635 1934 quam
1650 1854 1689 1916 ad
1703 1853 1839 1935 aliquam
1849 1852 1913 1933 ejus
1926 1870 1985 1933 par·

1257 1963 1321 2016 tem
1341 1973 1397 2016 seu
1418 1954 1546 2031 urbem3
1564 1961 1729 2033 totumque
1756 1971 1885 2033 regnum
1902 1949 1983 2012 colle

522 2050 662 2113 UAMVlS
691 2049 722 2110 in
754 2049 924 2129 Scripturis
954 2049 1117 2112 canonicis
1142 2068 1200 2130 per
1256 2053 1338 2114 ctive
1360 2059 1555 2133 susceptum,
1573 2050 1743 2132 subjicitur
1765 2049 1831 2132 regi
1852 2051 1881 2112 vi
1902 2049 1985 2130 juris·

453 2047 668 2248 Oregnum
695 2147 848 2210 coelorum
876 2147 1090 2210 communiter
1117 2147 1200 2209 desi·
1255 2149 1458 2230 dictioneque
1481 2150 1659 2231 ejus.Ergo
1684 2157 1715 2211 et
1739 2148 1822 2230 Papa
1841 2147 1984 2230 perprius

449 2255 564 2328 gnetur
588 2246 690 2327 patria
714 2245 892 2324 beatorum,
909 2245 1010 2308 nihilo
1037 2246 1142 2307 minus
1166 2245 1199 2306 in
1257 2256 1458 2330 comparatur
1482 2249 1521 2310 ad
1543 2256 1644 2312 totum
1665 2246 1832 2309 militantis
1852 2246 1984 2308 Ecclesia

449 2345 570 2407 eisdem
595 2363 651 2425 per
676 2363 809 2424 regnum
835 2343 988 2406 coelorum
1016 2343 1200 2424 frequenter
1256 2366 1390 2427 regnum
1406 2346 1500 2408 simul
1521 2354 1700 2426 acceptum,
1716 2365 1812 2427 quarn
1831 2346 1870 2407 ad
1889 2363 1984 2425 quam-

449 2441 639 2522 intelligitnr
664 2460 803 2524 praesens
825 2442 892 2503 haec
916 2441 1121 2522 militansque
1142 2441 1199 2503 Ec·
1256 2463 1392 2525 cumque
1407 2453 1528 2525 partem
1545 2444 1657 2525 ipsius,
1670 2451 1702 2506 et
1716 2463 1814 2525 super
1828 2451 1920 2505 totum
1932 2443 1982 2504 boc

450 2539 559 2616 closis,
577 2539 669 2620 cujus
689 2539 889 2602 conversatio
907 2539 1001 2601 debet
1021 2558 1090 2601 esse
1106 2538 1200 2601 coele-
1256 2561 1390 2622 regnum
1412 2542 1480 2624 ipse
1504 2541 1758 2623 jurisdictionem
1784 2541 1916 2604 sortitur.
1937 2541 1984 2602 lle·

451 2637 518 2716 stiS,
540 2657 603 2700 non
627 2646 751 2700 terrena
777 2637 843 2699 sive
866 2637 1000 2699 carnalis
1018 2660 1024 2698 :
1043 2645 1077 2698 ut
1099 2656 1198 2716 quum
1256 2659 1354 2720 gnum
1369 2648 1474 2702 autem
1490 2659 1575 2702 nnnc
1591 2647 1754 2721 sumptum
1768 2647 1816 2701 est
1834 2657 1887 2718 pro
1904 2637 1984 2720 plebe

336 2761 423 2805 naara.
450 2736 483 2799 in
499 2735 670 2816 Evangelio
685 2736 730 2798 nit
744 2735 898 2814 Salvator,
914 2735 1013 2798 blittet
1026 2733 1125 2798 Filius
1144 2736 1201 2798 be
1256 2758 1311 2800 sen
1322 2737 1525 2800 multitudine
1539 2737 1711 2818 gubernata
1725 2745 1779 2799 aut
1789 2737 1983 2818 gubernanda,

303 2836 347 2874 ¹¹¹¹*
361 2827 395 2867 ⁴¹·
451 2834 547 2896 minis
567 2834 697 2914 angelos
717 2853 802 2912 suos,
820 2843 851 2896 et
873 2833 1023 2914 colligent
1042 2834 1082 2895 de
1102 2852 1199 2914 regno
1256 2836 1523 2916 quemadmodum
1539 2844 1571 2896 et
1589 2834 1780 2898 duodecimo
1803 2834 1933 2917 capitulo
1950 2833 1983 2894 de

331 2948 388 2992 nu.
402 2952 436 2993 u.
451 2933 521 3013 ejus
540 2931 647 2995 omnia
667 2932 836 3008 scandala3
853 2932 1004 3012 itemque,
1021 2931 1131 2994 Simile
1152 2941 1201 2994 est
1256 2933 1378 2996 Divinis
1402 2933 1586 2996 nominibus
1611 2932 1813 2996 beatissimus
1834 2931 1983 3014 llionpsius

452 3051 584 3113 regnum
607 3031 760 3093 coelorum
785 3049 909 3111 sagenae
931 3029 1035 3091 missas
1057 3029 1091 3090 in
1113 3049 1199 3092 mare
1215 3030 1236 3092 C
1255 3031 1377 3112 accepit
1399 3031 1489 3094 illud.

450 3137 535 3192 etex
549 3129 635 3192 omni
652 3147 767 3209 genere
783 3128 918 3210 piscium
935 3128 1152 3209 congreganti.
1163 3128 1201 3191 Et

451 3228 565 3290 Paulus
579 3228 618 3289 de
639 3227 829 3307 quibusdam
848 3226 1017 3306 discipulis
1039 3228 1197 3307 loquens:

338 3356 350 3385 ο
374 3324 709 3406 u.1v.llisoli(inquit)
732 3333 805 3387 sunt
827 3325 987 3405 adjutores
1009 3326 1071 3387 mei
1096 3326 1128 3386 in
1151 3344 1199 3387 re
1464 3311 1709 3376 ARTICULUS
1730 3312 1791 3375 IX·

333 3435 338 3445 ·
451 3441 514 3504 gno
529 3422 594 3484 Dei.
611 3423 754 3503 Regnum
769 3430 874 3484 autem
891 3421 1026 3485 refertur
1044 3424 1082 3485 ad
1100 3432 1200 3485 recto·
1255 3454 1347 3521 Quod
1364 3452 1523 3528 perfectio
1542 3452 1705 3519 pectenem,
1720 3470 1755 3509 ρο
1773 3453 1859 3528 Μ
1874 3451 1985 3509 M„

452 3540 518 3582 rem
534 3540 590 3582 seu
606 3539 724 3600 regem,
741 3520 1009 3601 quemadmodum
1033 3540 1144 3583 servus
1159 3522 1199 3583 ad
1293 3542 1531 3616 ,pommgyp
1543 3559 1705 3599 summum
1717 3541 1984 3616 Pongfioemprff.

451 3618 627 3682 dominum.
644 3618 744 3692 Quum
767 3637 842 3698 ergo
865 3626 928 3680 tota
950 3617 1092 3681 Ecclesia
1116 3619 1200 3681 mili·
1294 3650 1358 3689 esse
1374 3631 1435 3689 toti
1449 3630 1601 3691 Ecclesiae
1615 3630 1716 3688 mmet
1729 3638 1872 3705 accepta,

451 3724 522 3777 tans
538 3716 578 3777 sit
593 3734 690 3777 unum
707 3715 802 3778 totale
817 3714 929 3779 Christi
946 3715 1099 3796 regimen,
1118 3716 1200 3777 indi-

451 3823 504 3895 get
535 3832 599 3878 uno
627 3832 751 3877 summo
780 3833 816 3875 ac
845 3813 985 3895 generali
1016 3824 1136 3877 rectore
1167 3814 1199 3876 in
1344 3814 1454 3877 lPLEX
1467 3814 1594 3896 ponitur
1608 3813 1724 3876 Christi
1739 3822 1983 3896 sponsa‚utputa:

452 3898 546 3991 terra,
563 3911 646 3974 sicut
660 3919 691 3974 et
710 3910 875 3992 quodlibet
895 3911 1036 3992 regimen
1059 3912 1199 3993 speciale
1332 3912 1515 3993 singularis,
1531 3930 1601 3993 quae
1621 3920 1670 3973 est
1684 3912 1780 3993 Virgo
1795 3912 1984 3986 Christilem3
2105 3937 2106 4010 q

452 4010 574 4091 indiget
595 4009 724 4091 proprio
747 4028 804 4071 suo
827 4016 958 4071 rectore.
1254 4008 1499 4092 specialisque
1520 4018 1568 4072 est
1589 4008 1762 4091 cujuslibet
1781 4010 1857 4091 justi
1871 4009 1983 4083 anima3
2105 4041 2107 4144 p

490 4109 654 4185 Praeterea,
671 4108 741 4189 ipsa
766 4106 909 4169 Ecclesia
933 4126 1002 4169 esse
1027 4126 1091 4170 non
1116 4109 1200 4171 valet
1253 4108 1411 4189 generalis
1436 4127 1493 4171 seu
1511 4106 1717 4187 universalis,
1744 4116 1821 4189 puta
1846 4108 1983 4171 Ecclesia.

450 4227 549 4270 unum
566 4225 698 4287 regnum
714 4205 776 4267 nisi
799 4205 1007 4286 inquantum
1030 4207 1198 4269 universus
1213 4202 1238 4264 ll
1254 4207 1315 4269 Sed
1331 4207 1397 4269 haec
1412 4205 1571 4287 generalis
1592 4224 1708 4285 sponsa
1726 4206 1894 4287 dupliciter
1905 4205 1985 4268 intel·
2104 4229 2105 4286 3

450 4305 586 4388 populus
602 4304 691 4385 regni
711 4304 805 4384 hujus
825 4304 991 4366 collective
1013 4305 1195 4386 suscipitur.
1253 4304 1307 4386 ligi
1332 4313 1436 4386 potest
1458 4303 1628 4385 generalis,
1644 4304 1768 4367 scilicet
1789 4304 1985 4388 comparative
2104 4295 2105 4344 l

449 4404 579 4465 Diversa
594 4402 689 4463 etiam
706 4422 802 4482 regna
818 4421 874 4463 seu
892 4401 1036 4483 plurimae
1051 4403 1197 4465 nationes
1252 4411 1284 4466 et
1306 4403 1461 4465 absolute.
1486 4402 1590 4464 Primo
1617 4403 1711 4466 modo
1734 4404 1881 4485 quaelibet
1901 4402 1985 4485 parti-
2104 4415 2105 4426 ³

450 4502 483 4563 in
505 4520 604 4563 unum
627 4519 759 4580 regnum
783 4519 846 4562 non
869 4509 995 4577 coeunt,
1012 4520 1070 4562 nco
1098 4521 1196 4563 unum
1253 4500 1369 4564 cularis
1388 4500 1530 4563 Ecclesia
1551 4500 1670 4563 dicitur
1691 4520 1809 4582 sponsa
1828 4500 1983 4583 generalis,

450 4617 583 4680 regnum
598 4598 683 4659 liunt
697 4597 764 4660 sive
780 4598 988 4675 constituunt,
1006 4598 1066 4659 nisi
1086 4598 1119 4660 in
1134 4619 1197 4661 una
1253 4599 1376 4662 scilicet
1403 4599 1639 4680 comparatione
1667 4599 1783 4662 animas
1811 4600 1897 4680 justi,
1923 4616 1983 4680 qua

450 4698 519 4779 lege
542 4715 669 4777 unoque
690 4714 763 4776 rege
785 4696 852 4757 sive
875 4704 995 4759 rectore
1017 4688 1196 4759 communi·
1252 4698 1369 4759 dicitur
1383 4716 1500 4779 sponsa
1521 4696 1679 4779 specialis.
1697 4698 1842 4762 &cundo
1862 4696 1983 4761 totaEc-

450 4795 564 4873 cendo,
587 4802 681 4876 prout
703 4792 845 4874 AEgidius
870 4793 909 4855 de
935 4794 1032 4856 Roma
1058 4794 1091 4855 in
1116 4794 1197 4858 libro
1252 4796 1347 4858 clesin
1362 4795 1503 4857 militans
1518 4794 1612 4857 simul
1628 4804 1755 4878 sumpta
1769 4797 1884 4861 dicitur
1897 4814 1983 4878 spon

450 4895 488 4957 de
508 4890 673 4974 Regimine
693 4891 874 4972 principum
895 4891 1005 4971 tangit.
1022 4891 1060 4953 Et
1077 4893 1197 4955 Dnran-
1251 4914 1285 4955 sa
1310 4893 1468 4975 generalis
1491 4913 1547 4957 seu
1572 4893 1773 4957 universalis.
1790 4896 1982 4970 Quemadmo

343 5004 393 5047 aaa
404 5020 433 5050 a.
448 4992 508 5053 dus
524 5008 619 5071 super
634 4989 808 5051 secundum
824 4988 1057 5051 Sententiarum
1070 4990 1117 5051 sic
1132 4990 1192 5052 ait:
1249 4992 1325 5053 dum
1340 5000 1445 5054 antem
1467 4991 1617 5071 qualibet
1638 4992 1836 5073 particularis
1852 4992 1982 5057 Ecclesia

445 5090 510 5152 lllae
538 5088 682 5151 civitates
711 5104 773 5149 non
799 5086 959 5167 pertinent
981 5087 1020 5148 ad
1046 5090 1194 5150 eumdem
1249 5091 1287 5152 ad
1316 5090 1364 5152 sni
1389 5090 1657 5171 complementum
1682 5091 1816 5171 requirit
1843 5108 1981 5172 sponsum

446 5187 671 5269 principatum,
688 5204 758 5265 quae
773 5186 883 5247 eodem
900 5184 992 5247 modo
1009 5204 1064 5247 sen
1080 5205 1194 5248 secun·
1249 5188 1432 5268 specialem,
1458 5186 1511 5268 qui
1527 5206 1654 5269 semper
1681 5188 1821 5269 speciale
1847 5198 1878 5253 et
1900 5186 1982 5270 spiri·

445 5287 520 5350 dum
536 5286 662 5349 easdem
683 5283 769 5365 leges
789 5290 819 5345 et
839 5283 1085 5347 consuetudines
1106 5285 1192 5365 prin·
1247 5286 1332 5349 tuale
1360 5285 1597 5357 matrimonium
1621 5286 1787 5349 contrahat
1812 5306 1927 5364 secum,
1950 5292 1978 5346 ut
