4309 6250
515 511 635 560 mma
655 511 824 558 remmus
842 509 1016 567 nannum,
1037 511 1127 558 aram
1148 511 1180 560 n.
1202 531 1244 544 -
1263 513 1333 562 aar.
1357 515 1388 561 vr
1664 495 1722 564 28l

173 683 371 742 multimoda
392 683 588 762 fructusque
613 683 733 752 varios,
757 689 788 742 et
815 684 925 742 decen-
939 680 965 744 Α
979 680 1100 764 quippe
1118 690 1167 746 est
1185 703 1344 747 summurn
1367 684 1504 748 bominis
1523 684 1643 748 bonum
1663 683 1727 748 lor·

175 782 321 841 tissimus
337 801 377 841 ec
394 782 628 842 mundissimas
647 783 802 840 mutieres
817 799 925 840 omne·
979 779 1084 858 male3
1100 781 1183 844 Deus
1198 801 1273 846 veru
1291 781 1495 866 omnipotens
1516 791 1548 846 et
1567 781 1725 862 sublimia,
1795 775 1798 786 ⁸

173 898 237 958 qne
260 880 379 938 bonum
403 881 440 938 in
463 887 624 940 eternum
643 879 865 954 possidebunt.
880 877 924 940 lle
978 886 1026 940 est
1050 897 1210 942 summum
1240 880 1379 944 bominis
1408 881 1528 945 honum
1556 880 1724 962 objectale.

174 977 236 1039 bae
264 977 396 1040 materia
427 976 460 1038 in
493 974 631 1038 dirersis
663 975 812 1038 dlcorani
845 974 925 1038 locis
979 977 1108 1040 Summa
1124 997 1199 1040 vero
1219 998 1274 1041 seu
1294 979 1414 1062 optima
1434 999 1471 1042 ac
1494 978 1728 1062 perfectissima

175 1076 278 1138 multa
304 1075 497 1153 scribuntur,
526 1075 612 1156 quod
640 1074 762 1137 scilieet
790 1073 866 1137 boni
894 1082 925 1136 et
979 1075 1122 1156 operatio
1137 1075 1286 1154 hominis,
1302 1087 1351 1140 est
1365 1087 1455 1141 aetus
1475 1097 1607 1140 summae
1626 1079 1728 1142 excel·
1809 1093 1818 1110 ·

176 1174 300 1237 creduli
328 1182 422 1236 erunt
449 1174 482 1236 in
514 1173 662 1256 paradiso
696 1172 847 1252 terrestri,
878 1173 926 1234 in·
979 1172 1225 1254 lentissimeque
1254 1175 1392 1255 virtutis,
1423 1185 1533 1259 utputa
1566 1177 1729 1258 sapientie

175 1273 379 1353 duenturque
402 1271 513 1334 sericis
531 1271 686 1350 vestibus,
706 1280 737 1334 et
762 1270 925 1352 torquibus
979 1281 1034 1334 aut
1056 1271 1157 1334 divini
1182 1273 1310 1336 amoris.
1331 1273 1469 1337 Praelata
1493 1295 1568 1338 vero
1591 1273 1727 1338 delecta-

175 1371 284 1433 aureis
302 1371 511 1450 omabnntur,
526 1379 622 1451 atque
637 1369 670 1432 ln
689 1369 780 1432 lectis
800 1369 873 1432 altis
887 1388 924 1432 ac
980 1371 1083 1432 tiones
1098 1379 1129 1433 et
1143 1371 1342 1452 operationes
1361 1373 1477 1454 quibus
1496 1392 1626 1436 enuere
1641 1383 1725 1453 sunt,

175 1469 338 1532 deauratis
352 1469 520 1549 jacebunt;
532 1488 570 1531 ex
583 1467 838 1531 deliciosissimis
852 1487 927 1550 quo
980 1469 1076 1531 etiam
1092 1488 1190 1550 quum
1209 1469 1298 1534 bonae
1313 1479 1343 1532 et
1363 1471 1517 1535 ordinatae
1535 1472 1725 1550 consistunt,

174 1585 239 1648 que
263 1566 357 1630 lectis
379 1585 417 1629 er
438 1567 573 1630 adverso
596 1566 739 1629 ordinate
761 1565 926 1648 dispositis
980 1567 1020 1630 ad
1053 1569 1297 1649 temperantiam
1333 1569 1598 1652 sobrietatemque
1632 1571 1729 1652 perti-

174 1684 210 1726 se
225 1664 365 1727 invicem
380 1664 599 1742 intuebuntur,
616 1663 745 1726 leminea
760 1683 835 1727 vero
855 1683 926 1726 nus
981 1674 1058 1728 nent
1080 1689 1086 1726 :
1107 1684 1178 1746 que
1206 1665 1338 1729 virtutes
1364 1667 1520 1749 sapientia
1544 1676 1576 1730 et
1599 1667 1728 1731 caritate

174 1781 272 1842 quam
297 1761 435 1844 dirigent
456 1760 568 1825 oculos
591 1780 665 1824 suos
688 1761 750 1824 nisi
781 1761 927 1844 proprios
980 1763 1073 1826 valde
1093 1773 1166 1826 sunt
1185 1764 1364 1828 interiores.
1382 1765 1449 1828 Non
1470 1785 1545 1848 ergo
1566 1765 1727 1829 lucarum

175 1861 215 1922 ad
245 1858 397 1938 maritos,
427 1860 607 1942 puellarum
635 1869 742 1922 autem
772 1879 837 1922 non
865 1857 1103 1925 eritBaetibus
1125 1871 1157 1925 et
1174 1862 1440 1926 delectationibus
1462 1865 1600 1928 bumana
1625 1865 1730 1928 consi-

175 1977 352 2035 nnmerns3
367 1957 506 2038 denique
525 1959 610 2038 quod
635 1957 668 2019 in
693 1957 840 2039 paradise
866 1956 928 2020 llu·
981 1962 1037 2024 stit
1052 1961 1199 2024 lelieitas.

175 2064 232 2118 ent
246 2055 307 2118 rivi
322 2054 403 2132 vini,
420 2054 513 2118 lactis
527 2063 559 2118 et
577 2055 695 2133 mellis,
711 2075 771 2118 nse
785 2074 927 2136 unquam
1021 2059 1180 2143 Amplius,
1197 2059 1278 2124 sicut
1292 2080 1407 2143 corpus
1430 2062 1595 2125 ordinatur
1609 2063 1647 2124 ad
1663 2063 1730 2126 ani-

175 2155 275 2235 bujus
299 2153 506 2216 beatitudinis
531 2153 593 2217 erit
617 2153 704 2218 linis.
730 2154 812 2217 Ecce
840 2155 926 2218 bunc
982 2177 1067 2220 mam
1089 2166 1238 2240 tanquam
1254 2160 1293 2221 ad
1313 2159 1423 2238 linem,
1441 2159 1486 2222 sie
1507 2160 1648 2223 actiones
1668 2161 1732 2223 vir·

176 2252 372 2335 paradisum,
398 2271 462 2316 non
491 2251 653 2316 societatis
677 2252 841 2334 angelice,
867 2273 927 2316 nec
981 2265 1085 2320 tutum
1122 2257 1207 2319 circa
1242 2258 1418 2339 corporalia
1452 2259 1659 2339 versantium,
1691 2260 1730 2322 ad

176 2351 313 2416 visionis
339 2353 469 2429 divine,
495 2371 554 2414 nec
585 2351 702 2414 summi
732 2352 808 2416 boni
841 2353 928 2415 illius
981 2354 1119 2418 actiones
1131 2355 1279 2418 virtutum
1295 2357 1380 2420 circa
1395 2356 1567 2438 spiritualia
1582 2367 1613 2420 et
1627 2357 1731 2420 divina

176 2450 263 2532 quod
278 2449 482 2529 (testantibus
498 2449 579 2512 isaia
597 2450 750 2532 propheta
774 2469 812 2512 ac
833 2449 928 2513 Paulo
982 2453 1175 2516 versantium
1201 2453 1342 2516 finaliter
1365 2454 1562 2518 ordinantur.
1583 2455 1651 2518 lam
1676 2475 1731 2518 au-

40 2577 60 2606 e.
103 2576 125 2609 v.
155 2579 162 2614 ;
177 2547 337 2630 apostolo)
350 2549 463 2612 oculus
477 2567 541 2610 non
557 2547 645 2627 vidit,
662 2567 722 2610 nec
736 2549 822 2610 auris
839 2549 928 2611 andi·
982 2559 1045 2612 tem
1062 2551 1270 2632 prohibitum
1286 2561 1345 2630 cst,
1362 2553 1446 2635 quod
1466 2553 1607 2617 actiones
1627 2562 1659 2616 et
1678 2555 1732 2617 de-

58 2640 126 2671 m·
154 2648 236 2724 ’vit‚
253 2645 363 2708 necin
378 2665 434 2708 cor
447 2645 586 2709 hominis
604 2645 759 2722 ascendit,
777 2647 833 2708 sed
853 2666 927 2708 vere
982 2650 1167 2714 lectationes
1183 2650 1245 2714 illae
1267 2652 1421 2730 carnales,
1438 2652 1534 2716 etiam
1553 2653 1629 2716 dum
1648 2652 1732 2716 ordi-

175 2745 274 2806 talem
295 2743 422 2824 qualem
452 2763 526 2807 caro
553 2752 586 2806 et
609 2743 751 2825 sanguis,
779 2742 844 2806 imo
867 2743 927 2806 lex
982 2755 1063 2810 natas
1092 2756 1176 2824 sunt,
1208 2749 1246 2810 ad
1275 2749 1408 2812 virtutes
1437 2750 1521 2813 cirea
1555 2751 1732 2832 corporalia

174 2843 282 2905 carnis
297 2850 330 2904 et
343 2841 508 2924 sanguinis
522 2841 928 2924 concupiscebat,qualem·
982 2853 1157 2926 versantes,
1179 2854 1289 2928 utputa
1315 2849 1557 2929 temperantiam
1583 2848 1733 2912 sobrieta-

173 2959 237 3022 que
265 2940 329 3002 sibi
358 2940 528 3023 preparari
557 2940 696 3022 optabat,
721 2939 832 3003 lishon
866 2941 926 3002 iste
983 2952 1122 3026 temque,
1139 2945 1311 3026 pertinent.
1322 2945 1438 3008 Rectus
1453 2964 1528 3027 ergo
1544 2947 1622 3010 ordo
1636 2947 1733 3028 exigit

173 3038 347 3116 confinxit,
370 3036 526 3121 depinxit,
548 3038 708 3120 promisit.
944 3045 966 3108 (l
983 3043 1065 3104 utin
1086 3043 1133 3104 eis
1154 3041 1231 3104 linis
1252 3061 1307 3104 seu
1328 3043 1488 3106 beatitudo
1508 3045 1647 3107 hominis
1666 3065 1731 3109 non

214 3138 285 3200 Jam
300 3156 488 3219 remquam
503 3136 732 3213 irrationabile,
751 3135 924 3218 impurum,
982 3149 1129 3222 ponatur,
1156 3159 1214 3205 nec
1240 3150 1370 3222 propter
1395 3160 1428 3203 se
1457 3160 1561 3223 neque
1590 3141 1732 3206 finaliter

173 3236 386 3299 libidinosum
420 3243 452 3298 et
485 3236 636 3299 stolidum
671 3234 750 3297 illud
779 3236 832 3315 sit,
862 3255 925 3299 non
982 3239 1198 3317 intendantur,
1216 3240 1271 3301 sed
1292 3240 1330 3301 ad
1353 3240 1655 3321 contemplationem
1681 3260 1732 3303 ac·

174 3335 281 3399 solum
297 3334 399 3397 sancti
415 3334 597 3397 christianae
611 3333 692 3416 legis
705 3334 925 3413 doctores,sed
983 3336 1164 3418 tnalemque
1176 3336 1230 3399 Dei
1246 3336 1538 3419 dilectionemque
1554 3347 1626 3401 sunt
1640 3340 1733 3403 aetio

174 3433 296 3495 summi
314 3450 441 3514 quoque
460 3430 724 3513 subtilissimique
743 3432 925 3514 philosophi
983 3454 1040 3496 nes
1055 3434 1220 3517 sapientiae
1235 3443 1266 3497 et
1281 3435 1422 3497 caritatis
1442 3434 1528 3499 circa
1548 3436 1646 3499 Deum
1662 3458 1733 3500 ver-

174 3531 400 3613 copiosissime
436 3532 745 3593 demonstraverunt.
781 3530 860 3593 Nam
895 3539 927 3593 et
983 3533 1134 3611 santium,
1151 3532 1291 3595 linaliter
1310 3534 1498 3597 reserantur.
1515 3535 1583 3599 Non
1603 3554 1679 3617 crgo
1698 3536 1731 3598 in

173 3629 308 3711 qnidam
327 3627 429 3709 grossi
450 3627 643 3709 philosophi,
661 3636 695 3689 ut
715 3627 876 3709 Epicurei,
893 3628 925 3689 in
982 3632 1031 3693 eis
1044 3630 1192 3693 consistit
1207 3631 1343 3694 lelieitas
1359 3632 1509 3696 hominis.

173 3726 442 3791 delectationibus
461 3725 577 3789 talibus
601 3744 762 3789 summum
786 3724 927 3789 hominis
1022 3731 1062 3791 ht
1085 3748 1171 3805 vero,
1199 3729 1264 3791 line
1292 3729 1433 3811 perlecta
1459 3732 1585 3813 adepto,
1607 3752 1732 3797 cessare

175 3827 311 3902 bonum,
327 3825 359 3887 id
391 3832 440 3887 est
462 3824 704 3904 beatitudinem,
721 3832 899 3887 statuerunt
916 3848 923 3885 :
982 3826 1101 3889 debent
1115 3827 1220 3888 media
1233 3828 1378 3891 ordinata
1397 3830 1436 3891 ad
1452 3829 1562 3893 finem.
1579 3830 1733 3894 lnleriora

174 3942 314 4007 quonam
334 3923 497 3986 stultitiam
516 3922 603 3986 Plato
625 3930 657 3985 et
673 3922 857 3985 Aristoteles
881 3931 927 3985 at·
982 3944 1059 3988 vero
1087 3926 1126 3987 ad
1156 3926 1318 4007 superiora
1347 3926 1488 3989 ordinari
1516 3928 1731 3991 certissimum

175 4042 240 4104 qne
272 4040 383 4083 eornm
416 4038 568 4103 sequaces
604 4019 784 4083 ellicaciter
818 4039 926 4102 repro·
982 4032 1040 4086 est.
1057 4024 1158 4097 Quum
1180 4042 1254 4105 ergo
1281 4033 1437 4106 praetacte
1452 4026 1680 4090 delectationes
1699 4036 1731 4089 et

174 4122 344 4185 beverunt.
369 4119 534 4182 Beatitudo
560 4118 679 4181 etenim
707 4118 849 4181 bominis
878 4127 925 4181 est
982 4122 1123 4184 actiones
1151 4122 1216 4184 sint
1245 4122 1434 4187 interiorum
1463 4122 1617 4210 virtutum
1650 4125 1731 4189 eile-
1847 4166 1849 4173 ,

173 4238 339 4283 summum
362 4218 482 4280 bonnm
505 4216 617 4298 ipsius.
642 4216 737 4279 Porro
765 4235 924 4279 summum
941 4222 966 4285 D
982 4230 1063 4297 ctus,
1080 4221 1118 4283 ad
1138 4228 1227 4282 actus
1253 4222 1414 4302 sapientiae
1434 4223 1591 4305 acldivini
1612 4224 1729 4287 amoris

173 4319 317 4381 bominis
332 4317 451 4380 bonum
466 4336 531 4379 non
546 4316 642 4379 estin
662 4316 925 4381 delectationibus
982 4328 1056 4380 sunt
1075 4318 1202 4401 penitus
1227 4320 1421 4383 ordinandae.
1438 4320 1539 4393 Quum
1560 4322 1657 4403 igitur
1681 4342 1729 4385 ra-

173 4417 296 4493 carnis,
329 4416 385 4478 sed
419 4415 453 4477 in
488 4414 758 4495 contemplatione
792 4434 925 4477 summae
981 4417 1321 4480 tionaliscreaturaad
1339 4420 1512 4500 perlectam
1523 4420 1730 4485 Deicontem·

173 4524 365 4596 aeterneque
384 4510 539 4593 ueritatis,
554 4521 649 4593 atque
668 4514 699 4576 in
727 4513 862 4575 ferventi
887 4534 924 4576 ac
981 4517 1154 4597 plationem
1179 4536 1216 4579 ac
1242 4517 1443 4580 dilectionem
1471 4520 1662 4600 pervenerit,
1689 4522 1729 4583 ab

173 4613 309 4677 truitivo
334 4631 444 4675 amore
467 4631 600 4679 summe
627 4620 659 4674 et
687 4612 924 4674 incircumscri-
981 4614 1045 4677 illis
1058 4615 1167 4695 ntique
1182 4614 1305 4677 actibus
1320 4615 1647 4699 delectationibusque
1662 4638 1730 4681 oes-

172 4711 300 4795 ptibilis
321 4710 484 4774 honitatis.
501 4710 664 4791 Siquidem
685 4710 824 4791 praelate
838 4711 924 4774 oble-
980 4730 1050 4774 sare
1066 4712 1171 4774 debet.

172 4810 332 4874 ctationes
359 4808 542 4872 hominibus
570 4808 746 4889 bestiisque
780 4827 923 4871 commu·
1019 4811 1162 4891 Insuper,
1180 4811 1310 4873 omnino
1331 4832 1517 4894 perversum
1541 4822 1635 4894 atque
1651 4833 1728 4896 prae-

172 4929 234 4972 nes
250 4917 335 4971 sunt.
979 4916 1141 4990 posterum
1158 4917 1217 4987 est,
1233 4918 1323 4972 aetus
1343 4918 1374 4973 et
1393 4910 1621 4975 delectationes
1642 4912 1729 4975 altis·

214 5008 378 5082 Praeterea,
407 5005 498 5086 juxta
530 5004 709 5068 doctrinam
730 5012 922 5069 'sanctorum
979 5008 1130 5069 simarum
1166 5006 1330 5085 virtutum,
1371 5018 1482 5091 utputa
1519 5011 1609 5088 fidei,
1648 5012 1726 5094 spei,

171 5104 395 5186 theologorum
429 5120 691 5184 summorumque
725 5104 925 5166 concorditer
979 5104 1131 5182 caritatis,
1149 5106 1311 5187 sapientiae
1330 5127 1366 5170 ac
1393 5108 1502 5185 latriae,
1520 5110 1559 5171 ad
1585 5110 1727 5173 actiones

172 5202 451 5288 philosophorum,
467 5200 629 5264 beatitudo
648 5200 788 5263 bominis
806 5210 924 5282 estop
978 5211 1010 5266 et
1033 5205 1260 5267 delectationes
1286 5205 1471 5269 inlimarnm
1496 5208 1643 5271 ordinare
1668 5210 1729 5272 vir-

172 5303 254 5365 tima
277 5310 310 5365 et
331 5297 567 5384 perfectissima
589 5299 733 5383 operatio
753 5298 835 5380 ejus.
851 5300 922 5365 llas
979 5311 1093 5367 tutum.
1112 5303 1199 5366 Finis
1223 5324 1360 5387 namque
1386 5308 1585 5389 prestantior
1609 5317 1657 5371 est
1678 5309 1728 5371 his
