4309 6250
472 476 532 540 {58
698 497 739 544 na
760 496 925 545 ovouvrars
946 498 984 545 av
1004 499 1155 547 navamus
1176 499 1203 545 a.
1227 499 1258 544 v.
1281 499 1397 559 unave,
1419 502 1508 548 cmm
1528 503 1569 549 vv.
1592 521 1633 533 -
1652 503 1722 550 aar.
1744 503 1800 550 vvu

469 664 517 727 dit
540 664 573 727 in
600 665 730 743 amium,
756 665 820 728 vixi
850 665 882 728 iu
905 668 1024 732 mundo
1050 687 1108 751 per
1128 666 1259 749 quin-A

469 761 575 824 decim
604 781 719 841 annos,
742 772 774 825 ct
803 770 890 826 tanto
919 764 1041 827 diutius
1065 772 1221 846 quantum
1467 729 1712 796 ARTICULUS
1736 732 1828 795 Vffl·

470 868 550 921 ⁰⁸18
569 858 651 923 f08l0
666 860 870 923 ASGOBSlOUlS
889 861 960 924 Fllll
976 862 1039 924 mel
1059 881 1161 944 usquo
1180 863 1220 925 fid
1274 876 1483 936 Introductio
1504 879 1684 936 testimonii
1700 879 1837 938 loannis
1854 881 2004 939 Damasco-

469 957 555 1021 diem
570 958 676 1021 obitus
696 959 781 1037 mei3
798 967 830 1021 et
853 968 928 1022 tunc
944 968 1067 1023 mortua
1086 960 1173 1042 jacui
1187 961 1219 1021 in
1315 964 1353 1023 ni
1366 967 1406 1023 de
1420 968 1640 1040 assumptione
1652 968 1806 1040 plenaria
1816 966 1929 1026 Mario
1937 965 2005 1039 piis·

470 1054 531 1119 isto
560 1055 707 1138 sepulcro
732 1076 790 1138 per
813 1056 997 1138 quindecim
1021 1058 1101 1121 dies.
1128 1058 1221 1120 bein
1315 1054 1416 1114 simae.

469 1153 509 1216 de
528 1154 576 1217 tui
596 1174 670 1218 cum
691 1174 825 1237 corpore
849 1164 1011 1236 assumpta
1035 1156 1068 1217 in
1089 1156 1218 1236 coelum,

470 1271 543 1315 cum
560 1253 688 1317 infinito
707 1252 823 1335 gaudio
839 1255 1016 1317 ethonore.
1034 1254 1124 1317 Scias
1142 1273 1220 1336 quo·
1341 1256 1398 1316 ST
1415 1256 1482 1315 brec
1500 1258 1672 1331 speciosior
1693 1260 1770 1327 sole,
1785 1266 1816 1317 ct
1839 1276 1930 1334 super
1949 1275 2093 1331 otu-aqua

470 1368 533 1432 que
563 1352 649 1432 quod
677 1351 802 1413 nullum
837 1369 952 1432 eorpus
980 1353 1156 1415 humanum
1186 1351 1219 1413 in
1355 1372 1428 1411 nem
1462 1354 1708 1428 dispositionem
1745 1358 1912 1415 stellarum
1947 1354 2004 1413 tuci

470 1447 554 1513 coelo
585 1456 643 1527 est,
670 1446 731 1509 nisi
764 1448 969 1511 benedictum
1003 1469 1118 1532 corpus
1149 1450 1217 1513 Filii
1274 1460 1475 1526 comparata,
1490 1451 1663 1511 invenitur
1679 1454 1789 1527 prior.
1812 1452 1939 1515 loannes
1956 1451 2004 1511 lla-

470 1547 533 1611 mei
557 1556 590 1610 et
610 1565 726 1629 corpus
748 1566 866 1610 meum.
893 1548 964 1611 Haec
982 1548 1057 1613 loco
1079 1549 1221 1631 praeallc-
1276 1565 1455 1623 mascenus,
1473 1546 1563 1628 virgo
1587 1556 1619 1609 et
1642 1547 1754 1611 doctor
1778 1549 1919 1628 eximius,
1938 1566 2005 1629 pre

470 1654 553 1729 gato.
1275 1644 1380 1706 clarus
1407 1645 1618 1727 philosophus
1642 1664 1680 1708 ae
1704 1644 1878 1727 pmlundus
1899 1646 2004 1708 tboolo·

510 1745 549 1808 At
567 1763 644 1809 vero
664 1745 749 1807 circa
768 1744 917 1807 ultimum
939 1746 1072 1809 verbum
1097 1746 1150 1808 bic
1174 1746 1221 1808 di·
1276 1762 1346 1824 gns,
1363 1743 1415 1805 eui
1436 1742 1595 1805 abscisam
1619 1763 1750 1806 manum
1776 1744 1890 1827 legitur
1910 1752 2003 1826 poten-

471 1852 569 1924 ctum,
586 1845 670 1926 quod
686 1844 948 1907 scilicetnullum
972 1864 1089 1926 corpus
1110 1841 1398 1910 huma-elissima
1431 1842 1521 1923 virgo
1554 1842 1650 1904 bieria
1684 1844 1872 1923 restituisse,
1904 1844 1953 1925 qui
1977 1852 2004 1905 et

470 1962 548 2005 num
568 1942 668 2005 estin
687 1942 768 2005 coelo
789 1960 952 2025 empyreo,
969 1952 1083 2025 praeter
1106 1962 1221 2025 corpus
1276 1938 1380 2001 eidem
1400 1939 1674 2003 excellentissima
1699 1941 1816 2023 virgini
1840 1942 1934 2004 llaria
1955 1940 2004 2002 luit

470 2040 585 2103 Christi
604 2060 642 2103 ac
657 2040 797 2121 Virginis
818 2040 1003 2119 benedictae,
1021 2043 1220 2122 pensandum
1277 2036 1411 2099 multum
1427 2039 1572 2117 devotus,
1589 2040 1628 2101 de
1642 2039 1713 2120 ejus
1732 2039 1955 2121 gloriosissima
1971 2057 2001 2100 ac

470 2139 555 2221 quod
571 2138 655 2201 sicut
667 2138 877 2220 Hieronymus
896 2139 998 2221 tangit
1012 2139 1045 2200 in
1061 2158 1219 2220 sermone,
1277 2135 1401 2217 integra
1424 2137 1557 2217 loquens
1581 2137 1799 2219 assumptione
1821 2137 1947 2215 :Hodic,
1965 2136 2004 2197 in-

471 2236 564 2299 multi
588 2235 711 2316 antiqui
735 2236 881 2298 doctores
905 2245 978 2298 ante
1004 2236 1110 2316 ipsum
1137 2235 1222 2298 dixe-
1278 2232 1358 2313 quit,
1372 2233 1583 2297 sacratissima
1597 2235 1689 2316 virgo
1702 2235 1799 2298 Maria
1813 2236 2003 2299 coelestitem

472 2342 557 2412 runt,
574 2352 629 2397 eos
653 2333 706 2415 qui
727 2342 967 2395 resurrexerunt
985 2352 1057 2396 cum
1083 2333 1219 2411 Christo,
1278 2329 1331 2409 plo
1345 2329 1501 2407 offertur3
1518 2332 1613 2395 hodio
1632 2351 1722 2395 sacra
1742 2340 1774 2395 ot
1793 2333 1926 2395 animata
1944 2350 2004 2394 arca

471 2440 582 2516 postea
596 2450 660 2495 nou
675 2431 791 2511 obisse,
808 2433 863 2495 sed
879 2431 1076 2514 glorificatos
1096 2451 1166 2494 esse
1187 2431 1220 2493 in
1277 2447 1347 2509 quaa
1362 2447 1454 2490 suum
1471 2428 1554 2492 intra
1568 2449 1603 2491 se
1617 2430 1691 2493 tulit
1704 2431 1875 2511 artificem,
1890 2432 1921 2493 in
1939 2439 2003 2492 tem·

472 2548 605 2612 corpore
620 2538 651 2592 et
666 2529 772 2592 anima
792 2549 865 2592 cum
880 2530 1013 2592 Domino
1032 2530 1219 2592 salvatore:
1278 2526 1331 2608 plo
1356 2544 1420 2589 nou
1445 2526 1628 2591 manufacto
1652 2528 1839 2611 reponitur3
1859 2528 1946 2592 hodie
1965 2547 2003 2588 sa·

472 2629 624 2710 quoniam
638 2628 731 2691 aliter
746 2627 811 2692 veri
828 2636 923 2690 testes
944 2646 1009 2691 non
1028 2636 1136 2691 essent
1157 2647 1221 2690 suaa
1278 2624 1455 2686 cratissima
1479 2625 1638 2706 columba,
1655 2626 1790 2709 simplex
1815 2634 1849 2689 et
1871 2627 2003 2689 innocens

473 2726 717 2790 resurrectionis
736 2727 770 2788 in
790 2744 922 2808 corpore
942 2726 1024 2788 ultra
1042 2745 1106 2789 non
1127 2726 1223 2789 mori·
1278 2722 1393 2801 anima,
1409 2722 1540 2786 evolans
1555 2743 1593 2787 ex
1608 2743 1693 2804 arca,
1710 2725 1742 2787 id
1763 2733 1813 2788 est
1834 2744 1872 2788 ex
1892 2740 2003 2807 corpore

473 2834 555 2889 turo.
572 2825 660 2900 Quod
684 2825 781 2888 etiam
804 2824 952 2887 Albertus
975 2825 1116 2906 llagnus,
1133 2823 1223 2887 Udal-
1278 2837 1346 2897 suo,
1363 2821 1446 2901 quod
1462 2821 1560 2883 Deum
1575 2822 1728 2904 suscepit,
1745 2822 1882 2903 pedibus
1896 2823 2004 2885 suisre·

472 2923 558 2987 ricus
582 2942 619 2986 ac
641 2923 696 2986 alii
720 2922 850 3005 quidam
872 2922 1058 2985 detendunt.
1080 2923 1120 2985 Ht
1140 2923 1224 2985 sicut
1277 2917 1385 2999 quiem
1409 2919 1596 2997 adinvenit3
1612 2919 1707 2984 hodie
1730 2920 2004 2984 immaculatissima

474 3032 603 3086 sanctus
618 3020 716 3084 refert
730 3022 952 3104 Hieronymus,
960 3022 1020 3084 hoc
1036 3022 1142 3103 ipsum
1157 3021 1259 3102 qui-C
1279 3016 1384 3098 Virgo,
1401 3024 1597 3080 terrenarum
1618 3018 1727 3082 nescia
1747 3019 1939 3102 passionum,
1953 3018 2003 3079 imo

473 3122 546 3184 dam
561 3122 601 3185 de
616 3120 714 3184 David
730 3119 978 3203 rege,propheta
992 3140 1028 3183 ac
1044 3120 1224 3202 patriarcba
1278 3112 1463 3179 coelestibus
1492 3114 1707 3180 intellectibus
1734 3116 1871 3196 erudita,
1898 3135 1954 3181 non
1977 3114 2002 3178 iu

472 3218 631 3300 dixemnt‚
653 3236 691 3282 oo
712 3219 797 3300 quod
818 3217 981 3300 apostolus
995 3218 1104 3282 Petrus
1119 3218 1164 3280 ait
1183 3220 1223 3281 de
1277 3220 1394 3275 terram
1417 3214 1508 3294 abiit,
1529 3215 1584 3277 sed
1608 3234 1683 3278 vere
1708 3215 1826 3279 coelum
1850 3215 2003 3278 animatam

324 3335 377 3380 aa.
391 3337 459 3387 aaa.
473 3315 554 3400 ipso,
571 3315 760 3397 Sepulcrum
775 3315 845 3398 ejus
860 3317 943 3398 apud
959 3335 1017 3380 nos
1032 3325 1096 3396 est3
1112 3325 1145 3379 et
1159 3335 1223 3380 non
1278 3320 1400 3392 vocata,
1434 3313 1469 3374 in
1504 3313 1688 3378 coelestibus
1722 3314 1933 3379 tabernaculis
1960 3314 2003 3376 ba·
2091 3372 2092 3385 ,

473 3413 552 3477 dixit
568 3414 708 3494 :Corpus
723 3413 794 3495 ejus
809 3420 863 3475 aut
877 3432 949 3476 ossa
963 3415 1047 3495 apud
1062 3433 1121 3479 nos
1135 3423 1220 3477 sunt.
1276 3409 1368 3474 bitat.
2091 3414 2092 3443 l

472 3511 559 3575 Idem
573 3512 614 3574 de
627 3510 714 3574 felici
734 3513 854 3575 Joauuc
875 3512 1071 3593 evangelista
1092 3513 1223 3594 quidam
1317 3507 1466 3581 Quemvis
1480 3508 1567 3571 enim
1582 3510 1769 3574 naturaliter
1782 3510 2002 3574 beatissimam

472 3609 633 3688 dixerunt,
657 3608 810 3690 quoniam
833 3609 867 3670 in
892 3609 1038 3691 sepulcro
1063 3609 1134 3692 ejus
1158 3628 1223 3674 non
1277 3625 1340 3688 que
1361 3607 1533 3670 sacerrima
1553 3608 1735 3672 animatus
1756 3627 1776 3671 a
1796 3607 1933 3691 glorioso
1950 3627 2003 3672 coe

472 3707 535 3769 nisi
569 3725 688 3769 manna
715 3706 777 3769 luit
805 3706 983 3770 inventum.
1014 3707 1222 3789 Hieronymus
1278 3722 1355 3786 pore
1376 3712 1431 3768 tuo
1452 3713 1629 3788 separetur,
1651 3715 1684 3770 et
1711 3706 1884 3790 sepultura
1910 3725 2002 3790 corpas
2090 3720 2091 3805 p

334 3820 391 3864 een.
402 3833 457 3874 ωι,
472 3805 566 3868 etiam
589 3824 686 3886 super
704 3805 817 3867 lsaiam
842 3805 1004 3884 disseruit,
1020 3806 1106 3887 quod
1126 3805 1223 3869 Jacob
1278 3811 1368 3866 tuum
1386 3805 1539 3885 tradatur,
1555 3814 1775 3869 verumtamen
1797 3824 1917 3890 corpus
1933 3815 2002 3869 tuum

324 3885 431 3935 ’Μ’
472 3903 652 3985 patriarcha
671 3911 702 3966 et
721 3903 837 3986 Joseph
857 3923 894 3967 ac
919 3903 1017 3966 ceteri
1041 3903 1102 3966 lilii
1127 3904 1222 3968 Jacob
1277 3901 1503 3983 dignissimum
1531 3921 1596 3968 non
1624 3912 1734 3967 manet
1758 3904 1793 3967 in
1822 3915 1934 3986 morte,
1957 3922 2002 3967 noe

472 4001 590 4065 idcirco
606 4000 777 4065 voluerunt
790 4002 823 4062 in
839 4002 935 4064 Terra
950 4010 1060 4064 sancta
1079 4002 1219 4083 sepeliri,
1278 4000 1464 4064 dissolvitur
1490 4003 1706 4083 corruptione.
1733 4003 1832 4084 Cujus
1860 4004 1945 4067 enim
1962 4021 2003 4085 pe·
2089 4002 2090 4007 ’

472 4101 648 4163 secundum
681 4099 864 4178 nonnullos,
894 4099 970 4180 quia
998 4108 1157 4164 noverunt
1188 4101 1222 4163 in
1278 4097 1390 4161 rientis
1410 4098 1575 4180 virginitas
1595 4099 1746 4163 inviolata
1765 4102 1949 4183 permansit,
1961 4101 2003 4163 bu·

471 4204 555 4260 terra
569 4197 626 4260 illa
639 4197 695 4260 llei
715 4196 830 4260 Filium
850 4198 1037 4260 moriturum
1059 4217 1097 4261 ac
1119 4218 1222 4262 resur·
1236 4199 1261 4262 ll
1275 4197 1329 4278 jus
1353 4204 1384 4259 et
1410 4196 1578 4277 migrantis
1600 4215 1718 4280 corpus
1740 4199 1944 4263 irresolutum
1961 4216 2004 4281 per

472 4303 645 4374 recturum,
662 4304 818 4377 quatenus
834 4295 928 4358 simul
944 4314 1016 4358 cum
1031 4295 1089 4359 illo
1102 4295 1220 4360 ibidem
1276 4294 1385 4358 omnia
1398 4302 1592 4376 perseverat,
1608 4303 1640 4358 et
1653 4297 1692 4358 ad
1706 4296 1874 4361 meliorem
1889 4296 2004 4362 sanctio
2088 4308 2089 4347 l

471 4400 684 4474 resurgerent.
702 4393 774 4473 Sed,
791 4400 827 4455 ut
840 4392 885 4455 ait
897 4393 1119 4473 Hieronymus,
1135 4393 1221 4458 istud
1276 4411 1408 4474 remque
1422 4393 1520 4455 vitam
1536 4394 1721 4473 traducitur,
1738 4414 1805 4459 non
1819 4404 1923 4460 morte
1942 4395 2005 4460 solu·

471 4499 573 4556 totum
596 4491 740 4553 securius
762 4491 972 4554 committitur
993 4490 1067 4555 Deo.
1276 4500 1355 4570 tum,
1372 4493 1428 4555 sed
1447 4492 1481 4554 in
1499 4500 1617 4556 eterna
1630 4494 1747 4557 saecula
1765 4513 2002 4576 permansuram.

510 4588 682 4670 Postremo,
704 4597 791 4653 sexto
816 4589 898 4652 libro
923 4598 1072 4670 pretecto
1097 4590 1220 4654 miseri·
1275 4589 1546 4664 Quemadmodum
1560 4591 1647 4654 enim
1662 4590 1710 4654 sol
1724 4591 1784 4656 iste
1799 4592 2004 4658 lucifluussnb

470 4687 659 4751 cordissima
673 4687 763 4769 virgo
778 4687 872 4750 llaria
887 4695 1034 4749 narratur
1053 4687 1159 4752 locuta
1180 4690 1219 4753 ad
1276 4688 1379 4751 lunari
1400 4707 1534 4771 corpore
1556 4689 1659 4752 latens
1682 4690 1723 4753 ad
1746 4690 1856 4772 breve,
1871 4695 2004 4775 quodam·

469 4785 634 4867 Brigittam
656 4809 663 4848 ι
684 4786 893 4868 Hieronymus
914 4804 978 4849 non
1001 4785 1160 4850 dubitavit
1179 4789 1219 4851 de
1274 4788 1369 4851 modo
1384 4787 1510 4852 videtur
1522 4788 1675 4869 delicere,
1691 4790 1839 4871 quamvis
1853 4811 1912 4856 suo
1934 4792 2005 4856 lumi·

468 4883 686 4967 assumptione
706 4903 777 4947 mca
793 4883 825 4946 in
842 4883 958 4947 coelum
974 4903 1047 4947 cum
1062 4903 1217 4967 corpore;
1274 4906 1314 4950 ne
1335 4905 1400 4950 non
1420 4887 1582 4968 privetur3
1603 4888 1650 4951 sic
1668 4895 1705 4950 tu
1727 4887 1802 4952 lons
1820 4891 1889 4954 veri
1909 4891 2005 4956 indesi-
2086 4920 2087 4945 i

468 4984 524 5046 sed
538 4983 689 5065 quoniam
703 4983 785 5046 Deus
801 5000 901 5063 usque
916 4982 955 5044 ad
970 4991 1096 5064 tempus
1111 4985 1220 5048 Hiero·
1272 4987 1450 5070 cientisque
1472 4986 1603 5050 luminis
1629 4995 1661 5050 et
1684 4989 1931 5074 inconsumptus
1954 4993 2005 5055 the

468 5082 555 5164 uymi
572 5101 636 5146 non
652 5081 807 5144 revelavit
821 5089 927 5162 aperte
949 5082 1045 5163 hujus
1067 5083 1113 5146 rei
1135 5083 1218 5146 veri·
1271 5103 1395 5165 saurus,
1411 5085 1556 5166 quamvis
1571 5085 1661 5149 brevi
1674 5088 1828 5168 temporis
1848 5089 2003 5155 intervallo

468 5181 577 5260 tatem,
593 5180 664 5244 ideo
686 5179 799 5242 maluit
817 5179 869 5260 pic
893 5179 939 5242 sic
964 5181 1104 5262 credere,
1121 5201 1216 5263 quam
1271 5183 1316 5245 sis
1347 5183 1440 5247 morti
1467 5185 1603 5263 addicta,
1634 5193 1741 5249 tamma
1768 5185 1899 5268 copiose
1928 5189 2004 5254 uobis

469 5297 533 5344 non
554 5287 682 5343 ostensa
702 5296 721 5339 a
742 5277 805 5340 Deo
826 5275 975 5342 delinire.
1271 5281 1415 5345 infundis
1436 5284 1581 5364 perpetui
1603 5284 1736 5348 luminis
1756 5285 1951 5354 claritatem.
