4309 6250
459 464 519 528 656
541 481 580 528 DS
601 479 810 530 sucrontrltra
831 477 927 526 suurn
948 477 1116 524 rourtrrcts
1138 477 1175 522 ttt
1195 476 1364 525 cunutus
1385 479 1524 538 concurr,
1546 481 1635 527 trualt
1655 483 1700 528 III.
1715 501 1756 511 -
1776 484 1845 528 aar.
1866 486 1939 533 xxttl

460 659 596 715 tenetur.
613 650 754 714 Christus
769 648 856 712 enim
872 666 980 710 curam
995 646 1144 709 Ecclesiae
1157 667 1210 729 ge·
1227 647 1252 710 Α
1266 646 1396 710 fuerunt
1416 649 1448 710 in
1472 649 1670 730 auctoritate,
1686 659 1839 732 potestate
1861 662 1891 717 et
1910 655 1988 735 juris

461 749 612 812 neraliter
626 749 716 811 Petro
731 746 902 824 commisit,
914 754 945 807 et
962 745 1143 808 cathedram
1158 761 1212 825 po
1265 745 1414 824 dictione,
1431 755 1463 810 et
1481 748 1588 830 capita
1606 749 1757 812 Ecclesia
1781 753 1867 832 mque
1889 753 1987 835 princi·

460 848 582 910 testatis
611 847 640 910 ei
676 866 771 928 super
803 845 882 908 alios
910 842 1077 926 Apostolos
1111 842 1208 905 dedit.
1265 843 1411 926 palia,ita
1425 847 1509 928 quod
1521 848 1634 909 ceteris
1648 847 1809 930 Apostolis
1823 849 1924 912 Petrus
1935 871 1985 914 non

460 946 552 1024 lliuc,
569 947 652 1009 sicut
668 946 701 1008 iu
716 945 862 1026 Legenda
877 943 907 1004 S.
924 941 1024 1003 hierii
1047 942 1209 1019 scribitur,
1261 942 1393 1022 praefuit
1406 947 1530 1024 (contra
1544 965 1639 1026 quem
1654 965 1795 1010 errorem
1816 948 1848 1010 iu
1867 951 1985 1012 secundo
2100 942 2101 957 ³

460 1045 614 1108 Arcadius
632 1052 664 1106 et
681 1041 838 1107 Honorius
864 1041 1069 1122 imperatores
1093 1040 1133 1102 de
1158 1039 1212 1101 ad·
1265 1040 1374 1104 libello
1400 1042 1581 1124 specialiter
1606 1044 1804 1126 disputatum
1828 1049 1984 1127 recordor);

462 1149 564 1205 stante
591 1159 716 1204 summo
741 1138 895 1203 Pontifice
920 1137 1131 1200 asserebant:
1153 1137 1210 1198 llic
1265 1159 1351 1203 nuuc
1380 1141 1419 1204 ad
1454 1141 1594 1205 veritatis
1628 1143 1873 1208 declarationem
1897 1146 1985 1228 aliqua

462 1259 570 1304 curam
585 1241 668 1322 gerit
685 1237 900 1302 universalem
919 1235 1085 1317 regiminis
1107 1243 1211 1317 pasto
1265 1257 1337 1302 reor
1357 1240 1512 1304 addenda.

462 1340 548 1402 ralis.
566 1340 652 1403 Unde
672 1346 703 1401 et
717 1336 886 1401 Uhertinus
905 1354 1001 1417 super
1021 1334 1099 1396 illud
1119 1334 1211 1396 Ioan-
1305 1337 1351 1398 Ad
1366 1339 1450 1418 quod
1465 1338 1573 1402 Petrus
1588 1341 1627 1403 de
1641 1341 1763 1405 rilliaco
1777 1342 1888 1424 allegat
1899 1345 1986 1424 lugu

408 1469 445 1506 .ι,
462 1438 523 1516 ηἰε,
552 1437 681 1500 intuens
713 1436 802 1498 lesus
837 1433 973 1510 Petrum,
1005 1433 1038 1494 fn
1074 1451 1210 1514 persona
1265 1434 1385 1497 stinum
1400 1435 1560 1500 dicentem
1578 1463 1585 1500 :
1603 1439 1696 1502 Solus
1711 1438 1818 1503 Petrus
1832 1440 1908 1504 inter
1919 1444 1986 1522 Apo

341 1550 346 1560 '
461 1537 574 1600 Christi
591 1536 635 1600 ait
648 1537 687 1598 ad
708 1535 799 1596 illum
817 1556 823 1594 :
842 1532 949 1595 Totius
969 1530 1078 1592 mundi
1100 1531 1210 1612 praela·
1265 1535 1362 1599 stolos
1387 1535 1558 1618 primatum
1580 1539 1720 1620 gerebat.
1744 1540 1898 1622 Siquidem
1920 1541 1985 1603 libro

461 1642 511 1697 tus
526 1635 601 1716 eris,
613 1643 645 1697 et
659 1642 759 1698 totum
775 1631 929 1694 mundum
945 1637 1017 1710 post
1030 1649 1082 1692 me
1097 1628 1129 1690 in
1145 1627 1210 1691 fide
1264 1642 1375 1696 contra
1392 1635 1569 1698 Donatistas
1589 1637 1729 1700 secundo
1747 1638 1882 1720 loquitor
1898 1641 1985 1720 Iuga

337 1745 340 1751 ’
461 1733 617 1796 firmabis.
645 1733 724 1794 llinc
749 1730 854 1793 Sixtus
878 1729 916 1790 ad
940 1737 1085 1790 senatum
1109 1745 1211 1808 popu·
1265 1731 1435 1795 stinuszlu
1450 1733 1539 1798 Petro
1555 1736 1698 1816 apostolo
1712 1736 1862 1816 primatus
1875 1738 1986 1818 Aposte
2101 1734 2102 1749 ¹

461 1833 591 1914 lumque
606 1833 781 1895 Romanum
796 1827 945 1891 disseruit
963 1850 968 1888 :
986 1827 1007 1888 F
1012 1834 1121 1906 ratres,
1134 1845 1209 1888 cou-
1227 1826 1251 1890 B
1266 1831 1369 1894 lorum
1398 1840 1462 1895 tam
1490 1833 1658 1898 excellenti
1685 1835 1788 1916 gratia
1813 1836 1983 1917 praeeminet.

461 1931 548 1994 venit
571 1931 709 2013 gaudere
735 1929 768 1991 in
793 1927 937 2004 Domino,
964 1924 1046 2006 quod
1072 1943 1210 2006 superna
1264 1930 1325 1992 Sed
1345 1939 1377 1993 et
1394 1942 1506 2012 quarto
1525 1932 1606 1997 libro
1631 1943 1742 1997 contra
1766 1936 1888 1998 eosdem
1908 1944 1987 1998 testa·

460 2030 632 2093 clementia
664 2028 776 2091 urbem
805 2026 886 2088 hanc
915 2033 1010 2106 caput
1038 2031 1069 2086 et
1098 2023 1211 2086 funda·
1264 2036 1315 2092 tur
1332 2054 1339 2091 ι
1357 2030 1465 2092 Petrus
1480 2033 1559 2094 tanti
1577 2033 1773 2114 apostolatus
1792 2033 1900 2096 meruit
1915 2034 1988 2116 prin·

461 2138 603 2192 mentum
619 2127 800 2190 christiane
816 2123 979 2206 religionis
994 2122 1161 2202 effecit,et
1176 2123 1208 2184 in
1264 2128 1414 2210 cipetum.
1442 2129 1582 2212 Septimo
1605 2149 1732 2213 quoquc
1755 2132 1835 2195 libro
1858 2133 1986 2196 adversus
2102 2150 2103 2205 t

461 2247 498 2290 ea
514 2227 684 2309 primatum
700 2225 796 2287 totius
811 2222 962 2286 Ecclesiae
977 2220 1156 2284 collocavit.
1264 2226 1337 2289 illos
1352 2226 1468 2290 fatetur
1487 2251 1494 2289 :
1514 2229 1623 2291 Petrus
1642 2229 1675 2290 in
1696 2230 1834 2312 primatu
1847 2231 1987 2312 Apostolo

501 2325 654 2406 Denique,
672 2323 704 2385 in
725 2322 866 2384 Praetica
885 2319 1026 2402 magistri
1047 2319 1207 2381 Laurentii
1263 2345 1334 2388 rum
1354 2327 1495 2408 martyrii
1514 2335 1563 2389 est
1581 2327 1682 2409 gloria
1706 2337 1880 2392 coronatus.
1894 2365 1930 2375 -
1946 2329 1986 2391 ln·

460 2427 592 2488 docetur
608 2423 679 2487 talis
694 2421 797 2486 forma
812 2421 970 2484 scribendi
991 2438 1116 2482 summo
1131 2419 1208 2482 Pou-
1263 2442 1369 2504 snper,
1396 2425 1430 2486 iu
1458 2424 1603 2506 Legenda
1626 2425 1770 2488 Barlaam
1794 2436 1826 2489 et
1846 2427 1983 2509 Iosophat,

461 2523 541 2586 tifici
560 2547 566 2584 :
585 2520 791 2586 Sanctissimo
806 2519 838 2583 in
853 2518 977 2582 Christo
991 2517 1086 2597 Patri,
1102 2517 1209 2580 Domi-
1262 2540 1358 2603 quam
1377 2523 1589 2586 Damascenus
1610 2525 1810 2607 conscripsit,
1826 2527 1923 2589 Petnrs
1943 2545 1986 2588 ro

459 2643 500 2688 no
519 2623 556 2685 N.
573 2623 682 2686 divina
701 2619 902 2703 providentia
920 2626 1128 2681 sacrosanctae
1147 2618 1208 2680 lfo-
1263 2629 1353 2682 catur
1376 2620 1524 2704 princeps
1546 2623 1790 2704 Apostolorum3
1810 2625 1944 2687 slmiliter
1959 2624 1984 2684 io

460 2740 561 2785 maura
599 2740 637 2784 ac
670 2718 862 2782 universalis
896 2717 1046 2780 Ecclesiae
1082 2735 1207 2779 summo
1262 2718 1408 2800 Legenda
1435 2720 1466 2782 S.
1496 2720 1658 2798 Eucherii,
1689 2723 1784 2803 primi
1814 2722 1986 2786 'frevirensis

458 2819 619 2900 Pontifici,
638 2818 852 2881 Romanorum
874 2817 1045 2898 imperator
1069 2822 1101 2876 et
1125 2833 1207 2877 sem·
1261 2816 1415 2900 episcopi.
1440 2871 1447 2880 ,

458 2938 514 3001 per
542 2926 694 2999 augustus
725 2940 732 2977 ε
763 2916 880 2978 Vestrae
908 2913 1091 2996 apostolicm
1119 2912 1204 2993 Sedi,
1300 2915 1379 2977 llino
1404 2934 1500 2997 super
1523 2917 1651 2980 tertium
1677 2918 1904 2982 Sententiarum
1926 2919 1986 2980 hle·
2103 2912 2104 2957 ἶ

459 3035 553 3098 quam
576 3016 644 3079 orbi
669 3014 822 3078 Dominus
846 3012 1018 3096 preposuit
1042 3011 1203 3090 antverso,
1222 3012 1244 3074 C
1261 3015 1380 3076 xauder
1406 3014 1446 3076 de
1473 3015 1565 3077 Hales
1593 3013 1736 3078 affirmat
1760 3040 1767 3079 :
1795 3017 1826 3080 ld
1850 3017 1925 3098 quod
1949 3016 2077 3088 altnae.

459 3114 678 3198 supplicamus
693 3134 767 3177 oum
784 3111 960 3187 reverentia
976 3110 1162 3193 subjectiva.
1260 3112 1480 3195 Hieronymus,
1497 3113 1580 3195 quod
1596 3113 1712 3178 Paulus
1730 3114 1854 3179 Petrum
1871 3135 1927 3179 non
1946 3135 1986 3177 re
2006 3133 2081 3175 aaa.

498 3214 669 3293 Postremo,
686 3212 801 3275 summi
822 3210 993 3275 Pontifices
1019 3211 1051 3272 in
1076 3210 1207 3290 quibus·
1261 3212 1492 3294 prehendisset,
1509 3212 1571 3274 nisi
1586 3232 1701 3277 senon
1716 3213 1868 3296 imparem
1887 3232 1986 3295 cogno
1996 3200 2020 3239 ‘¹‘

457 3314 530 3375 dam
556 3312 670 3375 litteris
694 3311 760 3373 suis
789 3310 1000 3373 communiter
1027 3318 1144 3371 vocant
1171 3327 1205 3370 se
1261 3311 1370 3390 visset,
1386 3310 1628 3392 intelligendum
1649 3330 1716 3375 non
1739 3322 1789 3375 est
1809 3314 1848 3377 de
1872 3313 1985 3395 paritate
2104 3321 2105 3334 ¹

458 3411 622 3475 catholicae
644 3410 792 3473 Ecclesia
817 3409 995 3491 episcopos.
1012 3406 1046 3470 ln
1072 3405 1206 3470 collecta
1261 3428 1330 3490 quae
1345 3416 1393 3471 est
1406 3409 1439 3470 in
1453 3407 1566 3472 officio
1585 3409 1811 3474 ecclesiastIcre
1831 3410 1984 3493 dignitatis,

457 3528 584 3592 quoque
604 3509 643 3573 de
659 3509 689 3571 S.
707 3508 831 3571 Urbano
854 3514 998 3569 cantatur
1015 3530 1022 3567 :
1039 3506 1133 3585 Deus,
1149 3505 1204 3586 qui
1261 3506 1412 3588 quoniam
1432 3514 1586 3589 quantum
1606 3509 1644 3570 ad
1665 3508 1853 3591 dignitatem
1872 3508 1987 3592 prelati-

459 3609 619 3672 Urbanum
644 3605 816 3669 universali
845 3604 996 3667 Ecclesiae
1022 3602 1204 3684 praefecisti,
1261 3605 1342 3683 onis,
1369 3605 1478 3668 Petrus
1502 3606 1586 3669 inter
1612 3608 1780 3689 Apostolos
1805 3628 1867 3672 non
1894 3607 1987 3670 babuit

457 3715 488 3769 ct
502 3724 559 3787 per
573 3724 646 3767 eum
661 3704 805 3766 eamdem
820 3702 995 3765 Ecclesiam
1012 3701 1202 3764 reformasti.
1262 3724 1381 3787 parern.
1412 3705 1502 3784 llinc,
1532 3713 1612 3769 teste
1639 3706 1872 3789 Chrysostomo,
1895 3706 1986 3769 Petrus

457 3805 491 3867 ln
511 3801 657 3883 Legenda
676 3819 802 3883 quoque
821 3798 975 3862 Bonifacii
996 3798 1138 3879 episcopi
1157 3816 1207 3862 so-
1261 3803 1323 3865 fuit
1337 3803 1558 3866 sanctissimus
1577 3811 1684 3867 vertex
1703 3806 1770 3869 veri
1791 3816 1824 3869 et
1841 3803 1985 3888 apostolici

459 3902 645 3981 ciorumque
670 3900 751 3980 ejus,
779 3899 809 3961 S.
836 3897 1005 3979 Gregorius
1030 3896 1207 3979 appellatur
1262 3900 1361 3963 chori.

458 3998 572 4082 praesul
598 3997 790 4061 universalis
814 4020 820 4057 :
845 4016 902 4078 per
926 3996 1009 4077 quod
1035 4003 1208 4059 evacuatur
1302 3997 1388 4059 Unde
1402 3998 1435 4059 in
1449 3997 1586 4061 llistoria
1600 3999 1640 4061 de
1655 4000 1872 4081 assumptione
1890 3999 1987 4063 beatis

458 4104 681 4179 argumentum
707 4094 882 4159 volentium
908 4094 1098 4175 persuadere
1122 4093 1205 4175 quod
1261 4096 1349 4159 simae
1375 4096 1515 4177 Virginis
1539 4096 1687 4159 scribitur
1712 4097 1864 4161 Ioannem
1888 4098 1986 4160 dixisse

456 4196 539 4279 Papa
564 4214 628 4259 nou
650 4194 758 4276 praesit
778 4192 950 4255 universali
973 4192 1124 4255 Ecclesiae
1145 4192 1204 4254 nisi
1222 4196 1299 4259 had
1314 4194 1440 4257 Petrum
1458 4218 1465 4255 :
1482 4195 1636 4258 Dominus
1652 4196 1743 4259 nobis
1763 4206 1794 4259 te
1814 4196 1950 4278 pretulit,
1962 4202 1988 4257 et

457 4294 596 4372 divisim,
613 4312 652 4357 eo
671 4292 756 4373 quod
780 4290 950 4372 Gregorius
974 4290 1113 4353 noluerit
1137 4290 1207 4352 uni·
1261 4312 1390 4356 suarum
1404 4294 1513 4356 ovium
1534 4301 1692 4376 pastorem
1708 4314 1745 4357 ae
1762 4296 1933 4378 principem
1948 4313 1988 4358 or

457 4392 591 4457 versalis
613 4391 696 4474 Papa
715 4390 831 4454 vocari.
849 4390 909 4452 Sed
933 4390 973 4452 de
996 4390 1058 4452 hoc
1082 4389 1115 4450 in
1138 4388 1206 4451 fine
1236 4390 1393 4454 'dinavit
1419 4392 1479 4454 Sed
1504 4391 1612 4455 forsan
1637 4392 1709 4473 quis
1731 4393 1818 4457 dicet
1839 4393 1987 4458 llistoriam

459 4491 553 4573 primi
578 4488 724 4573 opusculi
746 4489 866 4552 dictum
887 4497 936 4551 est
957 4488 1093 4569 plenius.
1261 4489 1349 4551 illam
1364 4509 1434 4552 esse
1448 4490 1674 4572 apocrypham.
1687 4491 1800 4555 Fateor
1813 4511 1885 4555 cum
1898 4492 1988 4554 Hiero

1260 4606 1367 4670 nymo,
1377 4588 1462 4670 quod
1477 4596 1631 4669 quantum
1645 4589 1683 4651 ad
1699 4588 1806 4669 aliqua
1821 4598 1917 4653 exstet
1928 4607 1989 4670 apo

636 4702 882 4766 ARTICULUS
906 4700 1033 4764 XXlll.
1261 4688 1390 4769 trypho,
1420 4687 1476 4775 sed
1505 4704 1569 4749 non
1598 4695 1673 4765 tota,
1704 4688 1880 4769 praesertim
1905 4706 1989 4770 quum

651 4836 656 4849 .
907 4834 912 4847 .
1088 4835 1093 4848 .
1261 4787 1292 4849 S.
1317 4786 1445 4849 Cosmus
1482 4786 1695 4848 Damasceuus
1720 4794 1752 4848 et
1776 4787 1833 4849 alii
1857 4788 1913 4850 viri
1938 4787 1990 4849 cla-

456 4838 504 4900 De
520 4838 715 4911 praelottone
734 4842 764 4893 et
783 4842 978 4893 auctoritate
996 4835 1091 4894 Petra
1111 4851 1208 4909 super
1278 4884 1285 4897 .
1448 4834 1457 4866 '

692 4924 774 4981 appo,
793 4924 970 4997 Apostolos·
1260 4884 1379 4948 rrssimi
1414 4883 1506 4966 plura
1537 4883 1612 4947 fnde
1644 4882 1710 4947 fide
1742 4885 1840 4967 digna
1868 4885 1991 4950 conseri

321 4990 386 5043 hur,
401 4995 443 5037 ut.
1283 4984 1393 5046 serint.

309 5066 671 5285 fl¹,¹¹;1,¹3,30unnvrs
699 5084 738 5146 ue
772 5082 832 5145 uae
862 5102 894 5145 re
925 5082 1105 5144 introducta
1132 5090 1207 5144 sunt
1261 5004 1334 5145 pn
1356 5081 1490 5163 epistola
1508 5100 1635 5162 quoque
1658 5080 1825 5161 melitonis,
1841 5081 1989 5146 emensis

381 5192 416 5221 xrr
437 5195 443 5232 ς

308 5190 385 5285 fflhffl
402 5245 436 5286 m
545 5182 693 5265 plurima,
710 5190 815 5243 tamen
831 5180 906 5262 quia
921 5180 1023 5243 adhuc
1044 5180 1142 5261 aliqui
1161 5179 1207 5242 di·
1260 5179 1414 5263 episcopi,
1427 5180 1575 5261 dispruli
1590 5180 1622 5243 S.
1638 5180 1779 5260 Ioannis,
1791 5200 1884 5262 quem
1897 5180 1989 5243 fliam

309 5274 401 5358 mnf.
438 5274 530 5347 'cera
559 5281 676 5344 audent
700 5281 784 5363 quod
812 5298 923 5343 omnes
947 5278 1089 5361 Apostoli
1113 5298 1205 5361 pares
1261 5297 1376 5363 aymus
1403 5278 1487 5341 inter
1508 5277 1594 5342 viros
1618 5277 1757 5341 illustras
1786 5284 1985 5357 connumerat,
