4309 6250
684 1050 1166 1167 PROOEMIUM

318 1760 511 1843 Sapientiam
537 1780 626 1825 sacra
646 1761 810 1845 Scriptura
832 1763 1050 1845 multipliciter
1071 1764 1189 1844 laudat,
1205 1764 1373 1845 variosque
1391 1783 1430 1828 ae
1452 1764 1604 1828 sublimes
1624 1766 1696 1848 ejus

269 1876 360 1931 actus
375 1868 537 1932 adscribit.
555 1868 716 1952 Sapientia
730 1888 868 1953 namque
888 1869 991 1935 eflicit
1012 1871 1175 1936 hominem
1190 1872 1411 1949 betonicam,
1427 1872 1694 1955 quemadmodum

150 1974 180 2037 iu
195 1974 276 2039 libro
291 1975 462 2057 Sapientiae
478 1975 593 2059 legitur
606 2000 612 2038 :
625 1975 789 2041 Neminem
804 1977 910 2060 diligit
923 1977 1016 2057 Deus,
1029 1978 1091 2041 nisi
1106 1998 1180 2043 eum
1194 1978 1250 2061 qui
1266 1998 1339 2043 cum
1355 1978 1511 2061 sapientia
1527 1979 1693 2043 inhabitat.
1709 2005 1840 2063 eamn,

149 2082 289 2147 Christus
304 2102 431 2166 quoque
446 2085 530 2166 apud
545 2084 698 2149 loannem
713 2086 758 2149 ait
772 2086 933 2169 Apostolis
949 2110 957 2149 ι
972 2085 1040 2149 lam
1056 2104 1120 2150 uon
1141 2085 1245 2149 dicam
1267 2104 1325 2149 vos
1346 2105 1467 2165 servos,
1484 2087 1540 2151 sed
1560 2086 1694 2167 amicos,
1720 2114 1842 2169 aunan,

149 2192 218 2273 quia
237 2194 348 2256 omnia
366 2211 575 2275 quecumque
594 2194 700 2257 audivi
718 2214 738 2257 a
756 2195 845 2258 Patre
865 2212 947 2273 meo,
972 2202 1045 2259 uota
1065 2192 1128 2257 leci
1148 2194 1251 2259 vobis.
1267 2194 1347 2257 ilinc
1371 2214 1480 2257 rursus
1505 2203 1697 2277 protestatur
1710 2181 1743 2221 ¹³·

148 2300 306 2383 Scriptura
317 2300 495 2383 :Sapientis
509 2301 542 2363 iu
556 2301 678 2365 animas
693 2309 818 2365 sanetas
833 2320 867 2365 se
883 2301 1042 2380 transfert,
1050 2302 1222 2384 Prophetas
1235 2310 1268 2364 et
1281 2300 1401 2364 amieos
1415 2302 1470 2365 bei
1483 2303 1693 2367 constituens.
1722 2321 1779 2379 sap.
1800 2334 1836 2373 m.

148 2408 183 2470 llt
196 2416 303 2471 autem
319 2408 365 2469 nil
380 2406 556 2490 fugibilius,
572 2409 618 2473 nil
633 2410 818 2475 horribilius
834 2418 883 2473 est
897 2428 992 2491 quarn
1007 2411 1062 2473 liei
1077 2410 1243 2473 inimicum
1258 2410 1431 2474 consistere
1444 2434 1453 2488 ;
1469 2410 1515 2473 sie
1536 2412 1629 2493 plane
1650 2411 1696 2474 nil
1709 2386 1745 2429 ²⁷⁶

148 2516 363 2598 appetibilius,
380 2516 462 2579 nihil
478 2518 660 2601 praeclarius
675 2538 770 2601 quam
785 2536 855 2581 esse
869 2518 924 2581 Ilei
940 2516 1091 2581 amioum.
1108 2517 1303 2600 Sapientiam
1318 2536 1406 2599 ergo,
1423 2536 1588 2600 perquam
1604 2538 1696 2582 mens

149 2632 250 2687 ereata
265 2623 321 2687 Dei
339 2626 491 2689 creatoris
506 2626 555 2691 ‘sui
572 2625 610 2689 lit
625 2626 739 2704 amica,
755 2626 904 2689 ardenter
918 2646 954 2691 ac
971 2626 1108 2691 maxime
1122 2626 1276 2690 debemus
1297 2625 1443 2707 diligere.
1460 2627 1590 2709 Propter
1610 2628 1695 2709 quod

148 2732 184 2794 ad
198 2730 403 2795 Colossenses
418 2732 529 2795 scribit
542 2734 711 2816 Apostolus
728 2757 735 2795 :
752 2733 950 2797 Postulamus
966 2742 1000 2797 ut
1014 2734 1210 2817 impleamini
1225 2733 1389 2816 agnitione
1404 2734 1575 2798 voluntatis
1591 2735 1646 2797 [lei
1660 2734 1695 2797 in
1723 2751 1808 2798 caan.
1826 2766 1842 2806 ι,

148 2838 231 2901 omni
248 2838 409 2922 sapientia
423 2848 455 2901 et
469 2838 632 2903 intellectu
647 2840 818 2923 spirituali,
836 2848 871 2904 ut
884 2840 1054 2904 ambuletis
1068 2841 1166 2924 digne
1180 2842 1255 2922 lleo,
1272 2860 1330 2925 per
1343 2840 1452 2905 omnia
1467 2849 1646 2905 crescentes
1662 2842 1695 2903 in
1709 2819 1731 2867 ''
1746 2818 1779 2861 ¹⁰⁹

149 2946 277 3011 scientia
298 2946 365 3011 Dei.

205 3056 363 3135 Secundo,
376 3075 433 3140 por
447 3055 636 3140 sapientiam
651 3056 811 3122 vilescunt
824 3058 947 3124 bomini
962 3068 1076 3123 cuncta
1092 3058 1158 3123 hec
1174 3056 1335 3140 inferiora,
1345 3057 1486 3121 carnalia
1499 3077 1536 3121 ec
1552 3066 1694 3137 terrena;
1756 3034 1764 3055 ⁰

147 3163 359 3246 pretiosaque,
371 3183 444 3228 cara
458 3173 490 3227 et
502 3163 609 3229 dulcia
624 3165 708 3230 siunt
721 3167 751 3230 ei
766 3186 916 3251 superna,
927 3167 1036 3230 divina
1050 3185 1087 3230 ac
1102 3166 1280 3249 spiritualia
1294 3167 1387 3231 bona.
1399 3165 1563 3248 Sapientia
1575 3165 1695 3248 quippe

147 3278 193 3333 est
206 3290 358 3355 saporosa
370 3272 554 3337 divinorum
568 3274 690 3354 notitia,
707 3293 873 3358 perquam
890 3275 997 3338 anima
1009 3283 1117 3358 gustat
1129 3283 1161 3338 et
1175 3275 1264 3338 videt
1277 3293 1372 3358 quam
1393 3274 1497 3339 dulcis
1521 3283 1570 3337 est
1590 3273 1696 3337 bomi-
1708 3284 1841 3338 treuna.

147 3398 204 3442 uus
221 3402 228 3442 ι
244 3387 371 3462 gustato
385 3389 491 3443 autem
507 3379 629 3464 spiritu,
646 3382 762 3464 desipit
776 3383 881 3446 omnis
900 3401 986 3460 earo,
1003 3383 1179 3446 seeundum
1199 3381 1398 3465 Gregorium,
1415 3382 1448 3445 id
1470 3390 1530 3460 est,
1546 3381 1694 3464 supernis

147 3493 237 3568 atque
259 3485 396 3550 internis
416 3487 550 3570 gustatis
569 3489 705 3568 deliciis,
723 3491 867 3554 carnales
889 3489 1117 3554 delectationes
1138 3489 1308 3553 vilescunt.

204 3593 323 3671 Tertio,
340 3593 495 3674 sapientia
509 3596 595 3659 omni
610 3599 741 3677 peceato
757 3595 875 3660 resistit
889 3616 926 3662 ae
942 3597 1092 3680 praevalet
1108 3619 1115 3658 :
1132 3596 1207 3679 quia
1221 3615 1279 3680 per
1293 3615 1364 3659 eam
1378 3596 1474 3659 homo
1488 3595 1585 3659 vitam
1602 3613 1693 3660 suam

148 3701 302 3784 gubernat
314 3701 404 3783 juxta
420 3701 544 3784 regulas
557 3702 636 3785 juris
651 3703 765 3782 divini,
781 3723 838 3766 seu
852 3704 931 3786 legis
945 3713 1070 3768 eterna
1085 3711 1254 3787 praecepta,
1270 3711 1302 3766 et
1317 3703 1350 3765 in
1365 3703 1487 3767 ratione
1509 3702 1695 3766 constabili·

149 3817 197 3872 tur
211 3831 247 3876 ac
263 3819 415 3874 constans
430 3809 582 3890 allicitur,
599 3811 775 3875 secundum
791 3811 875 3894 quod
891 3813 1109 3895 scriptumest
1125 3836 1133 3874 :
1149 3813 1250 3876 Homo
1264 3819 1393 3874 sauctus
1409 3811 1442 3872 in
1457 3810 1613 3893 sapientia
1628 3829 1695 3872 ma·
1719 3832 1793 3878 nau.
1893 3859 1898 3866 -

149 3927 199 3980 net
213 3927 247 3980 ut
261 3917 326 3996 sol;
338 3937 412 3980 uam
428 3917 542 3980 stultus
557 3925 697 3982 mutatur
710 3927 745 3981 ut
759 3920 844 3982 luna.
856 3919 895 3982 Et
908 3920 1077 4002 Apostolus
1091 3921 1137 3984 ait
1149 3945 1156 3982 :
1168 3920 1320 3984 Libenter
1333 3916 1477 3981 sollertis
1493 3917 1691 4000 insipientes,
1705 3900 1838 4012 ¹1}''0¹;¹,²·„

148 4044 241 4108 quum
258 4025 327 4088 sitis
342 4023 403 4108 ipsi
425 4025 596 4106 sapientes.
612 4025 650 4089 Et
670 4026 785 4090 iterum
807 4027 913 4090 divim
934 4025 1078 4091 allirmat
1097 4027 1261 4111 Scriptura
1278 4025 1464 4110 :Sapientia
1484 4025 1586 4088 vincit
1604 4024 1694 4087 mali·
1705 4025 1740 4128 ¹3⁹·
1764 4099 1792 4129 w
1803 4090 1830 4131 w

148 4134 232 4196 tiam.
249 4132 384 4214 Signum
398 4131 503 4215 itaque
519 4151 601 4197 verae
616 4133 790 4217 sapientiae,
807 4135 872 4199 vita
885 4144 935 4200 est
949 4137 1101 4214 virtuosa,
1119 4135 1284 4218 potissime
1299 4133 1500 4198 conversatio
1515 4141 1691 4214 mansueta,
1724 4099 1761 4142 φ’
1794 4119 1801 4138 '
1832 4118 1838 4132 ⁸

147 4241 232 4323 juxta
247 4239 327 4303 illud
342 4239 449 4303 Jacobi
466 4262 473 4302 :
490 4239 565 4316 Quis
580 4241 707 4324 sapiens
722 4249 753 4305 et
767 4242 988 4327 disciplinatus
1003 4243 1087 4308 iuter
1100 4247 1178 4307 vost
1192 4242 1343 4306 Ostendat
1363 4261 1401 4305 ex
1423 4241 1506 4305 bona
1525 4259 1693 4322 conversa·
1705 4267 1846 4322 imma,

149 4349 231 4413 tione
245 4348 462 4432 operationem
482 4367 570 4412 suaru
591 4349 624 4412 in
646 4351 889 4417 mausuetudine
910 4351 1085 4435 sapientia.
1101 4351 1248 4428 Quamvis
1270 4349 1357 4414 euim
1378 4349 1528 4415 universa
1548 4356 1690 4434 peccata,

149 4457 328 4540 specialiter
351 4465 457 4520 tamen
480 4456 528 4520 ira
551 4465 583 4522 et
606 4457 803 4542 impatientia
829 4459 993 4544 sapientiai
1016 4459 1261 4524 contrariautur.
1287 4459 1417 4542 Propter
1437 4458 1521 4541 quod
1543 4457 1691 4522 Salomon

149 4565 287 4649 loquitur
303 4588 311 4626 :
327 4564 376 4628 lra
390 4565 423 4627 iu
439 4563 510 4629 sinu
524 4565 612 4628 stulti
629 4567 800 4649 requiescit
813 4592 821 4646 ;
838 4577 879 4647 et,
895 4568 952 4645 eui
968 4568 1138 4653 impatiens
1152 4577 1212 4648 est,
1227 4575 1378 4650 operatur
1391 4566 1569 4630 stultitiam.
1719 4591 1796 4640 aaa,

204 4674 378 4753 Postremo,
392 4673 424 4734 iu
440 4680 562 4736 tantum
577 4673 763 4757 sapientiam
778 4679 979 4742 eorumeudat
994 4677 1168 4759 Scriptura,
1180 4685 1215 4738 ut
1229 4695 1389 4738 summum
1404 4675 1545 4740 hominis
1559 4674 1690 4756 bouum,
1705 4661 1838 4774 mm

148 4783 294 4846 videlicet
307 4781 505 4858 felicitatem,
522 4779 556 4843 iu
570 4799 607 4844 ea
622 4783 805 4864 constituat,
822 4794 915 4866 prout
929 4785 1012 4869 apud
1026 4785 1180 4849 Joannern
1194 4783 1308 4846 asserit
1326 4781 1422 4845 lilius
1443 4782 1511 4862 Dei,
1527 4781 1692 4864 alloquens
1707 4785 1740 4826 ¹⁷·

147 4892 266 4954 Patrem
284 4913 292 4952 ι
309 4889 381 4952 linc
400 4897 449 4952 est
468 4887 533 4952 vita
553 4896 681 4970 aterna,
698 4899 733 4953 ut
753 4901 947 4974 cognoscant
967 4903 998 4956 te
1020 4893 1124 4956 solum
1147 4909 1259 4955 verum
1279 4890 1392 4970 Deum,
1409 4899 1442 4954 et
1459 4909 1554 4972 quem
1575 4887 1692 4953 misisti
1715 4908 1799 4955 rm.

148 4998 251 5062 lesum
266 4997 437 5061 Christum.
454 4996 515 5060 Sed
530 5004 562 5060 et
576 5003 719 5080 tempore
734 4999 892 5082 passionis
906 5000 984 5064 dixit
998 5001 1142 5063 Salvator
1158 5021 1165 5061 :
1183 4998 1248 5081 Ego
1262 4998 1296 5060 in
1309 4998 1371 5062 hoo
1390 5005 1483 5092 uatus
1503 5017 1585 5077 sum,
1601 5004 1633 5060 et
1653 4997 1692 5059 ad
1705 4975 1834 5086 ‘rmum

149 5107 206 5171 hoc
221 5103 293 5171 veni
309 5105 342 5168 in
359 5104 567 5183 muudum,ut
580 5104 797 5170 testimouium
812 5107 997 5190 perhibeam
1012 5106 1229 5172 veritati.ldeo
1244 5107 1287 5169 ait
1300 5105 1540 5188 Cyrillus,quod
1555 5122 1692 5185 semper,
1711 5099 1744 5144 ²⁷·

150 5215 243 5278 etiarn
265 5232 365 5296 usque
386 5211 426 5274 ad
447 5211 547 5276 linem
569 5213 652 5291 vite,
669 5213 832 5297 sapientiae
853 5217 979 5280 studere
1001 5217 1167 5279 debemus.

208 5321 325 5385 Verum
340 5319 408 5383 hnc
429 5318 537 5383 omnia
550 5318 590 5382 de
605 5318 761 5402 sapientia
782 5321 1024 5405 supernaturali,
1039 5322 1146 5385 intusa
1168 5341 1206 5385 ae
1221 5319 1363 5400 salutari,
1381 5319 1436 5382 illa
1450 5317 1610 5402 precipue
1625 5334 1696 5399 que

270 5457 302 5510 T.
321 5455 362 5508 36.
1540 5453 1571 5506 12

151 1652 380 1924 PATER
389 1654 507 1731 yterio
519 1654 573 1715 det
588 1655 675 1715 vohis
688 1656 845 1732 spiritum
860 1658 1031 1735 sapientire
1046 1658 1083 1717 a'n
1096 1658 1266 1735 agnitione
1278 1657 1361 1735 ejus.
1373 1652 1488 1739 Ephes.
1505 1676 1526 1736 r,
1543 1654 1593 1721 l7.
