4309 6250
432 501 491 571 tto
760 523 879 572 comm
900 521 1067 570 rmrrnrmr
1088 517 1259 577 ninom,
1280 518 1369 566 cmm
1389 520 1432 567 rr.
1455 537 1496 551 -
1515 519 1586 567 aar.
1608 518 1652 566 xx

433 694 587 759 divinitus
611 694 797 776 illustretur,
824 704 993 777 vertatque
1022 691 1181 757 allectivae
1197 690 1409 755 stornatum
1433 691 1474 755 ab
1498 691 1586 756 omni
1607 690 1804 774 duplicitate,
1820 690 1908 770 dolo,
1924 688 1986 753 cal

434 795 571 876 desuper
591 795 793 875 accendatur,
810 802 904 877 atque
924 813 981 877 per
999 793 1059 857 boc
1074 791 1182 855 anima
1237 789 1404 867 liditate,a
1429 789 1555 853 sinistra
1581 789 1771 870 intentione,
1796 788 1982 872 cupiditate,

435 912 492 956 sua
511 892 748 973 intromittatur,
764 892 815 955 vel
836 892 943 975 potius
962 891 1182 955 introducatur
1238 887 1421 951 carnalitate
1436 908 1473 952 ac
1492 887 1688 971 negligentia
1706 889 1859 967 alienum,
1875 886 1984 950 divino

434 992 473 1054 ad
489 991 735 1055 secretissimam
749 1011 787 1054 ac
808 990 1064 1053 ardentissimam
1079 988 1182 1051 Deita-
1237 1004 1364 1067 quoque
1378 1005 1486 1050 amore
1501 994 1533 1049 et
1546 985 1622 1049 boni
1638 987 1818 1049 communis
1831 985 1903 1049 zelo
1917 1005 1984 1047 suc·

435 1089 476 1152 tis
490 1088 703 1153 intuitionem.
715 1090 810 1153 Porro
824 1090 942 1171 aptatio
957 1089 1017 1151 ista
1032 1106 1089 1151 seu
1103 1105 1181 1168 prae
1238 1104 1381 1162 censum,
1398 1093 1492 1166 atque
1510 1085 1544 1147 in
1563 1085 1815 1149 sincerissimum
1833 1084 1984 1148 bonitatis

434 1189 555 1270 paratio
576 1187 624 1265 fit,
641 1189 715 1251 dum
738 1190 833 1252 bomo
855 1208 888 1251 sa
910 1189 950 1252 ab
972 1186 1180 1250 anterioribus
1237 1193 1269 1248 ct
1290 1184 1447 1265 equitatis
1472 1183 1626 1247 allectrrm
1646 1193 1714 1247 toto
1736 1185 1832 1247 corde
1853 1202 1985 1247 conver·

434 1288 588 1351 abstrahit
612 1295 644 1349 εῖ
667 1286 763 1353 intus¹
779 1287 945 1368 recolligit,
960 1287 1036 1348 dum
1061 1285 1181 1348 orando
1237 1303 1319 1362 sum,
1349 1284 1615 1366 complacentiam
1648 1302 1796 1365 magnam
1829 1283 1927 1345 babet
1952 1283 1984 1343 iu

433 1392 488 1448 aut
502 1385 682 1449 meditando
697 1386 736 1448 ad
752 1385 850 1448 Deum
866 1405 900 1448 se
921 1384 1035 1464 elevat,
1052 1384 1129 1445 dum
1143 1402 1181 1445 ετ
1237 1400 1285 1461 co,
1301 1390 1333 1444 et
1355 1399 1500 1445 amorosa
1523 1401 1561 1444 ac
1586 1380 1812 1444 munificenter
1832 1379 1933 1443 nimis
1952 1399 1984 1442 sa

434 1483 528 1545 rebus
549 1483 664 1546 creatis
682 1484 721 1547 ad
741 1483 897 1547 Crantoris
917 1502 951 1545 sa
974 1481 1112 1545 sustollit
1126 1498 1183 1543 no
1235 1480 1375 1561 applicat
1393 1480 1435 1544 ei.
1451 1480 1518 1543 lmo
1536 1480 1702 1543 verissime
1722 1479 1827 1544 anima
1846 1478 1984 1543 bominis

433 1580 547 1661 titiam,
572 1581 712 1663 dumque
742 1581 841 1644 divini
871 1579 1040 1663 perpendit
1069 1579 1182 1642 incita·
1236 1578 1309 1641 talis
1336 1585 1386 1641 est
1411 1597 1539 1659 sponsa,
1563 1578 1666 1641 amica
1689 1585 1720 1640 et
1746 1576 1815 1639 lilia
1838 1576 1890 1639 sui
1919 1577 1981 1653 bai,

433 1687 540 1743 menta
563 1680 692 1760 amoris
709 1680 817 1761 sicque
837 1699 870 1742 se
889 1686 990 1743 totum
1011 1696 1069 1759 pro
1088 1696 1181 1759 possa
1236 1676 1392 1739 Crantoris
1413 1695 1450 1740 ac
1469 1675 1639 1761 Salvatoris
1656 1698 1664 1737 :
1681 1676 1754 1739 ideo
1774 1694 1845 1741 eam
1867 1674 1984 1737 dulcis·

414 1806 417 1813 ·
432 1776 619 1859 simplificat
634 1797 670 1840 ac
686 1777 799 1860 deligit
812 1778 846 1840 in
862 1778 1027 1858 majestate
1043 1785 1074 1839 at
1088 1774 1182 1838 lumi·
1236 1773 1316 1836 sima
1331 1772 1450 1852 visitat,
1467 1774 1596 1855 copiose
1610 1773 1759 1851 illustrat,
1775 1772 1984 1855 spiritualiter

432 1894 472 1939 ne
487 1876 653 1940 Creatoris.
672 1876 802 1959 Nempe,
818 1877 894 1938 dum
910 1876 1005 1939 homo
1020 1874 1181 1936 virtuosus
1195 1875 1219 1938 B
1235 1871 1448 1950 deosculatur,
1464 1870 1662 1935 familiariter
1679 1872 1888 1955 amplexatur,
1905 1871 1982 1934 llinc

433 1974 479 2037 sic
494 1974 560 2056 egit
574 1976 658 2055 quod
673 1976 708 2037 in
723 1994 756 2038 sa
772 1983 830 2055 ast,
838 1974 990 2037 Dominus
1006 1972 1181 2054 majestatis
1236 1971 1377 2052 Sponsus
1406 1970 1556 2048 coelestis,
1586 1971 1669 2034 Deus
1696 1968 1913 2052 omnipotens,
1941 1970 1984 2032 ait

433 2074 601 2153 succurrit,
618 2073 758 2156 complet
779 2092 816 2136 ac
831 2072 959 2154 perlicit
979 2070 1065 2133 illius
1087 2089 1182 2133 cona·
1236 2087 1294 2150 ρετ
1316 2068 1517 2132 Salomonem
1541 2068 1574 2130 in
1598 2068 1736 2131 Canticis
1760 2068 1981 2132 canticorum:

433 2180 547 2234 tumet
566 2179 684 2250 actum,
700 2172 931 2237 introducendo
951 2190 1023 2233 eum
1043 2170 1083 2232 ad
1108 2168 1182 2230 inli-
1235 2166 1329 2249 Aperi
1354 2166 1443 2247 mibi,
1470 2185 1559 2229 soror
1583 2186 1665 2245 maa,
1691 2167 1795 2229 amica
1824 2186 1909 2245 mea,
1935 2182 2096 2230 cosmas
2123 2187 2124 2190 ¹

433 2268 541 2332 nitatis
557 2288 621 2331 sura
636 2269 797 2347 intuitum,
810 2269 850 2331 ad
865 2288 930 2331 suaa
945 2266 1182 2349 supersplendi·
1237 2265 1345 2327 lumba
1365 2284 1445 2327 mea.
1462 2264 1577 2328 llortus
1596 2263 1779 2345 conclusus,
1798 2284 1890 2329 soror
1903 2285 1981 2342 maa,
1995 2290 2096 2334 rusca.
2123 2323 2124 2326 ,

433 2366 573 2429 dissime
588 2366 667 2429 lucis
683 2366 965 2448 contemplativum
982 2366 1180 2449 adspectum,
1237 2382 1363 2445 sponsa.
1382 2364 1449 2427 Tali
1463 2382 1590 2445 quoque
1605 2363 1720 2427 animae
1734 2365 1781 2426 ait
1793 2363 1981 2427 Psalmista:

433 2465 472 2527 ad
498 2464 784 2549 incircumscripte
809 2464 984 2545 majestatis
1009 2484 1047 2528 ac
1071 2465 1181 2547 glorias
1237 2462 1330 2540 Audi,
1344 2462 1423 2542 otia,
1435 2470 1467 2524 at
1481 2462 1566 2541 vida,
1579 2471 1612 2524 et
1625 2461 1746 2525 inclina
1759 2482 1872 2525 aurem
1886 2472 2095 2542 tuamsrnmn.
2123 2475 2124 2480 ’

433 2582 498 2625 suae
517 2562 771 2640 admirationem,
788 2564 827 2626 ad
848 2582 912 2627 suae
931 2563 1181 2644 supertranquil-
1237 2568 1270 2623 et
1292 2559 1481 2623 obliviscere
1506 2559 1659 2643 populum
1684 2567 1775 2622 tuum
1799 2567 1831 2623 et
1854 2561 1983 2623 domum
1997 2553 2023 2592 ¹³·

433 2661 562 2724 lissimae
586 2661 674 2743 pacis
701 2661 912 2742 increetaeque
936 2661 1101 2723 suavitatis
1125 2680 1182 2741 gu·
1238 2658 1337 2741 patris
1364 2658 1433 2737 tui3
1459 2667 1491 2721 et
1519 2658 1728 2740 concupiscet
1755 2677 1810 2722 rex
1837 2660 1984 2723 decoram

434 2766 517 2821 stum
546 2758 838 2838 deliciosissimum,
865 2757 1047 2840 piissimum
1071 2778 1109 2822 ac
1134 2760 1182 2821 in·
1237 2764 1337 2834 tuum,
1364 2756 1516 2839 quoniam
1543 2755 1613 2839 ipse
1640 2763 1690 2819 est
1716 2757 1873 2820 Dominus
1906 2757 1985 2820 Dans

433 2864 571 2919 tarnum.
1236 2862 1321 2917 tuus.

474 2954 638 3017 Secundus
665 2955 779 3017 modus
806 2954 1006 3036 pertingendi
1039 2956 1077 3017 ed
1108 2974 1183 3018 con·
1279 2953 1340 3015 Sed
1371 2953 1411 3015 ad
1435 2953 1529 3015 istam
1563 2952 1867 3035 contemplationem
1903 2956 1986 3017 tbeo

433 3052 673 3137 templationam
687 3052 780 3115 istam
796 3053 1018 3135 dignissimam
1033 3061 1093 3134 est,
1105 3054 1218 3116 dumll
1238 3051 1348 3130 ricem,
1368 3051 1408 3113 ad
1437 3050 1668 3134 perlectionem
1692 3051 1785 3114 istam
1811 3052 1984 3133 scelestam,

432 3153 528 3216 homo
552 3152 671 3233 absque
696 3152 823 3234 proprio
848 3152 1016 3215 conamine
1045 3161 1075 3215 et
1103 3172 1183 3235 prae-
1237 3151 1310 3213 beut
1332 3151 1426 3232 pauci
1449 3151 1645 3232 pertingunt.
1660 3149 1729 3213 Non
1749 3150 1838 3214 enim
1857 3153 1899 3216 ad
1919 3172 1984 3216 eam

433 3250 637 3313 meditatione
651 3251 787 3332 desuper
801 3250 1094 3313 misericordissime
1107 3270 1183 3332 prae·
1238 3248 1429 3331 pertingitur
1455 3249 1517 3310 nisi
1550 3268 1609 3331 ρετ
1639 3249 1783 3313 omnium
1812 3252 1986 3314 mundano·

433 3348 570 3426 venitur,
594 3347 781 3425 illustretur,
805 3348 999 3429 accenditur,
1024 3367 1183 3430 praeoccu·
1237 3366 1309 3409 rum
1324 3354 1552 3429 contemptum,
1568 3366 1627 3428 per
1645 3347 1789 3411 omnium
1809 3349 1984 3412 carnalium

433 3455 527 3530 patur
554 3453 648 3528 atqua
677 3445 920 3528 praestringitur.
947 3445 1042 3508 Plane
1071 3445 1182 3509 felices
1239 3463 1275 3507 ac
1299 3444 1498 3507 sensibilium
1520 3444 1806 3524 transcensionem,
1821 3465 1882 3528 per
1901 3446 1985 3509 inde·

434 3553 509 3608 sunt
527 3544 618 3608 valde
641 3545 754 3626 quibus
775 3544 861 3606 istud
883 3544 1050 3626 contingit,
1066 3544 1182 3627 quibus
1240 3542 1397 3604 sinentem
1422 3541 1539 3605 mentis
1566 3543 1755 3624 custodiam,
1772 3562 1831 3625 ρετ
1855 3544 1987 3639 prolun-

435 3645 517 3707 lleus
533 3663 566 3706 se
582 3643 625 3706 its
640 3642 986 3723 communicat,qui,in
1002 3643 1184 3723 profundis·
1239 3639 1403 3702 dissimum
1437 3640 1662 3723 humilitatem,
1695 3660 1804 3705 veram
1837 3644 1986 3725 patienti·

436 3741 515 3806 sima
533 3741 761 3823 omnipotentis
775 3740 831 3803 [lei
855 3740 1074 3804 misericordia
1093 3743 1183 3822 quasi
1239 3758 1300 3819 am,
1308 3738 1450 3802 stabilem
1465 3739 1705 3815 continentiam,
1714 3741 1986 3806 mansuetudinem

436 3840 560 3922 sepulta
579 3839 645 3920 jem
670 3839 791 3901 arbitrii
815 3846 981 3920 potestate,
998 3839 1031 3900 in
1056 3839 1184 3902 divitias
1241 3835 1366 3915 lortcm,
1382 3836 1586 3899 sobrietatem
1601 3837 1798 3918 continuam,
1812 3839 1925 3922 jugem
1943 3839 1988 3902 di-

436 3938 545 4019 glorise
575 3938 609 4001 in
642 3936 756 4019 spiritu
789 3937 956 4019 rapiuntur
984 3937 1116 4001 ardoris.
1148 3938 1184 4000 lli
1239 3935 1322 3998 vine
1337 3935 1462 4017 pietatis
1477 3935 1724 4015 invocationem,
1740 3957 1798 4019 ρετ
1814 3937 1935 4020 linguae
1952 3957 1987 4000 ac

436 4037 594 4117 equidem,
616 4044 720 4117 spreto
746 4055 851 4098 rerum
879 4054 916 4098 ec
944 4055 1095 4098 sensuum
1124 4056 1185 4099 usu
1240 4053 1391 4121 sensuum
1410 4033 1667 4113 refrenationem,
1684 4054 1742 4116 ρετ
1758 4035 1938 4100 amicorum
1957 4045 1987 4099 et

436 4142 589 4217 quantum
613 4134 760 4195 humanae
783 4131 947 4214 fragilitati
971 4132 1020 4196 las
1043 4142 1102 4214 est,
1119 4155 1183 4198 non
1239 4132 1443 4195 inimicorum
1458 4132 1662 4196 dilectionem
1674 4133 1913 4217 sinceram,per
1924 4155 1987 4199 cor·

437 4232 625 4296 ascensoriis
639 4231 800 4313 gradibuS,
817 4232 871 4293 sed
886 4231 1058 4313 inopinatis
1078 4251 1184 4296 exces-
1199 4233 1223 4294 D
1239 4231 1288 4293 dis
1307 4249 1414 4294 coram
1433 4232 1497 4293 Deo
1516 4230 1746 4313 sinceritatem,
1761 4251 1820 4314 ρετ
1838 4233 1984 4316 infatiga-

436 4331 525 4394 sibus
550 4330 728 4411 rapiuntur,
745 4329 966 4408 absorbentur,
983 4328 1127 4411 figuntur
1150 4330 1183 4392 in
1237 4328 1335 4391 bilem
1357 4328 1537 4411 proiectum
1559 4329 1724 4393 virtutum.

434 4430 505 4510 ipso
521 4427 704 4490 Altissimo:
722 4427 787 4489 imo
802 4437 865 4489 tam
880 4426 1018 4508 gratiosa
1033 4435 1064 4490 et
1079 4428 1183 4491 valide

434 4547 518 4610 saepe
542 4546 561 4590 a
590 4525 708 4608 pictate
736 4525 974 4607 praeveniuntur
1000 4525 1121 4604 divina,
1148 4535 1183 4588 ut

434 4625 537 4708 raptui
558 4643 621 4688 non
640 4632 758 4705 queant
776 4623 934 4685 resistere.
951 4622 975 4686 Ο
993 4632 1111 4704 quanta
1135 4635 1183 4687 est
1436 4599 1682 4666 ARTICULUS
1703 4602 1780 4667 XX·

434 4725 559 4801 caritm,
577 4721 794 4786 misericordie
819 4729 850 4783 et
872 4720 1045 4784 liberalitas
1069 4721 1123 4784 Dei
1148 4722 1181 4785 in
1280 4741 1437 4802 Probatio
1464 4741 1616 4800 veritati,
1642 4743 1724 4817 fidei
1748 4743 1942 4805 0115,ng

432 4823 512 4902 istis,
530 4840 665 4904 quorum
681 4827 803 4883 mentes
818 4827 881 4882 tarn
903 4837 1047 4883 amorosa
1061 4820 1181 4902 ampla·
1464 4850 1505 4889 ee
1521 4830 1752 4907 praeinductis,

432 4924 537 5002 ctitur,
553 4929 618 4983 tam
633 4918 773 4982 suaviter
792 4917 852 4980 sibi
868 4917 1045 5000 adstringit,
1063 4918 1098 4980 in
1111 4918 1181 5000 qui·

431 5021 490 5085 bus
506 5021 551 5084 sic
567 5019 679 5101 fulget,
687 5016 844 5094 accendit,
853 5024 1012 5098 operatur,
1024 5017 1181 5081 inhabitat
1295 5016 1465 5095 HlllSTUS,
1479 5016 1588 5080 mundi
1603 5018 1752 5098 salvator,
1762 5019 1797 5083 in
1810 5019 1981 5105 Evangelio

431 5127 463 5183 et
483 5117 638 5200 quiescit!
656 5115 786 5198 Nempe,
802 5134 900 5196 quum
920 5122 985 5176 tam
1004 5115 1179 5178 ineffabilis
1310 5115 1473 5197 loquitur:
1491 5115 1522 5178 si
1541 5116 1614 5196 quis
1629 5116 1765 5180 voluerit
1784 5121 1981 5184 voluntatem
1997 5145 2091 5186 rma

430 5219 472 5280 sit
491 5216 616 5294 carius,
634 5213 852 5278 misericordia
870 5232 907 5276 ac
933 5213 1104 5276 liberalitas
1124 5215 1178 5278 Dei
1234 5215 1289 5277 llei
1314 5213 1431 5294 lacera,
1458 5222 1629 5295 cognoscet
1650 5215 1690 5278 da
1714 5216 1860 5281 doctrina
1880 5238 1923 5283 an
1945 5209 2022 5282 01¹⁷·

429 5317 468 5380 ad
492 5314 647 5391 homines,
675 5331 773 5395 quum
798 5311 914 5394 viderit
937 5311 1101 5375 hominem
1130 5332 1177 5375 ra-
1234 5314 1297 5378 llao
1321 5314 1372 5376 sit.
1388 5312 1476 5388 Quod
1498 5313 1618 5376 idcirco
1639 5313 1802 5395 disseruit,
1818 5318 1893 5399 quia
1912 5319 1980 5401 qui·
