<?xml version="1.0" encoding="UTF-8"?>
<!DOCTYPE html PUBLIC "-//W3C//DTD XHTML 1.0 Transitional//EN"
    "http://www.w3.org/TR/xhtml1/DTD/xhtml1-transitional.dtd">
<html xmlns="http://www.w3.org/1999/xhtml" xml:lang="en" lang="en">
 <head>
  <title>
</title>
<meta http-equiv="Content-Type" content="text/html;charset=utf-8" />
  <meta name='ocr-system' content='tesseract 3.04.00' />
  <meta name='ocr-capabilities' content='ocr_page ocr_carea ocr_par ocr_line ocrx_word'/>
</head>
<body>
  <div class='ocr_page' id='page_1' title='image "./doctorisecstati03unkngoog_0132.png"; bbox 0 0 4309 6250; ppageno 0'>
   <div class='ocr_carea' id='block_1_1' title="bbox 257 3905 290 3946">
    <p class='ocr_par' dir='ltr' id='par_1_1' title="bbox 257 3905 290 3946">
     <span class='ocr_line' id='line_1_1' title="bbox 257 3905 290 3946; baseline -0.061 0"><span class='ocrx_word' id='word_1_1' title='bbox 257 3905 290 3946; x_wconf 82' lang='lat' dir='ltr'><strong>lo.</strong></span> 
     </span>
    </p>
   </div>
   <div class='ocr_carea' id='block_1_2' title="bbox 398 497 1711 574">
    <p class='ocr_par' dir='ltr' id='par_1_2' title="bbox 398 497 1711 574">
     <span class='ocr_line' id='line_1_2' title="bbox 398 497 1711 574; baseline 0.002 -12"><span class='ocrx_word' id='word_1_2' title='bbox 398 497 457 563; x_wconf 87' lang='grc'><strong>118</strong></span> <span class='ocrx_word' id='word_1_3' title='bbox 632 518 671 563; x_wconf 86' lang='lat' dir='ltr'><strong>ne</strong></span> <span class='ocrx_word' id='word_1_4' title='bbox 694 518 856 565; x_wconf 74' lang='lat' dir='ltr'><strong>ovemrnra</strong></span> <span class='ocrx_word' id='word_1_5' title='bbox 876 518 914 563; x_wconf 87' lang='lat' dir='ltr'><strong>nr</strong></span> <span class='ocrx_word' id='word_1_6' title='bbox 935 518 1084 563; x_wconf 75' lang='lat' dir='ltr'><strong>eeunvnus</strong></span> <span class='ocrx_word' id='word_1_7' title='bbox 1104 518 1132 561; x_wconf 91' lang='lat' dir='ltr'><strong>n.</strong></span> <span class='ocrx_word' id='word_1_8' title='bbox 1156 519 1184 562; x_wconf 92' lang='lat' dir='ltr'><strong>v.</strong></span> <span class='ocrx_word' id='word_1_9' title='bbox 1208 517 1325 574; x_wconf 72' lang='lat' dir='ltr'><strong>rernm,</strong></span> <span class='ocrx_word' id='word_1_10' title='bbox 1347 518 1436 564; x_wconf 82' lang='lat' dir='ltr'><strong>nmen</strong></span> <span class='ocrx_word' id='word_1_11' title='bbox 1457 519 1500 565; x_wconf 88' lang='lat' dir='ltr'><strong>ur.</strong></span> <span class='ocrx_word' id='word_1_12' title='bbox 1523 538 1564 548; x_wconf 94' lang='lat'><em>-</em></span> <span class='ocrx_word' id='word_1_13' title='bbox 1584 518 1655 564; x_wconf 80' lang='lat' dir='ltr'><strong>een.</strong></span> <span class='ocrx_word' id='word_1_14' title='bbox 1679 519 1711 565; x_wconf 85' lang='lat' dir='ltr'><strong>rx</strong></span> 
     </span>
    </p>
   </div>
   <div class='ocr_carea' id='block_1_3' title="bbox 397 685 1957 769">
    <p class='ocr_par' dir='ltr' id='par_1_3' title="bbox 397 685 1957 769">
     <span class='ocr_line' id='line_1_3' title="bbox 397 685 1957 769; baseline 0 -20"><span class='ocrx_word' id='word_1_15' title='bbox 397 687 471 749; x_wconf 92' lang='lat' dir='ltr'><strong>dem</strong></span> <span class='ocrx_word' id='word_1_16' title='bbox 496 686 615 750; x_wconf 89' lang='lat' dir='ltr'><strong>fuerint</strong></span> <span class='ocrx_word' id='word_1_17' title='bbox 639 687 704 750; x_wconf 85' lang='lat' dir='ltr'><strong>Deo</strong></span> <span class='ocrx_word' id='word_1_18' title='bbox 729 688 869 769; x_wconf 80' lang='lat' dir='ltr'><strong>plenarie</strong></span> <span class='ocrx_word' id='word_1_19' title='bbox 890 685 1147 749; x_wconf 86' lang='lat' dir='ltr'><strong>inavertibiliter-</strong></span> <span class='ocrx_word' id='word_1_20' title='bbox 1160 687 1185 749; x_wconf 78' lang='grc' dir='ltr'><strong>Α</strong></span> <span class='ocrx_word' id='word_1_21' title='bbox 1200 685 1367 765; x_wconf 85' lang='lat' dir='ltr'><strong>bilitetem,</strong></span> <span class='ocrx_word' id='word_1_22' title='bbox 1384 688 1643 767; x_wconf 90' lang='lat' dir='ltr'><strong>inconstantiam,</strong></span> <span class='ocrx_word' id='word_1_23' title='bbox 1659 687 1957 766; x_wconf 89' lang='lat' dir='ltr'><strong>defectuositatem‚</strong></span> 
     </span>
    </p>
   </div>
   <div class='ocr_carea' id='block_1_4' title="bbox 396 784 1149 3099">
    <p class='ocr_par' dir='ltr' id='par_1_4' title="bbox 396 784 1149 3099">
     <span class='ocr_line' id='line_1_4' title="bbox 398 784 1147 867; baseline -0.003 -20"><span class='ocrx_word' id='word_1_24' title='bbox 398 804 459 867; x_wconf 88' lang='lat' dir='ltr'><strong>que</strong></span> <span class='ocrx_word' id='word_1_25' title='bbox 475 786 626 867; x_wconf 75' lang='lat' dir='ltr'><strong>subjecte</strong></span> <span class='ocrx_word' id='word_1_26' title='bbox 640 793 734 867; x_wconf 88' lang='lat' dir='ltr'><strong>atque</strong></span> <span class='ocrx_word' id='word_1_27' title='bbox 749 785 984 867; x_wconf 89' lang='lat' dir='ltr'><strong>promptissime</strong></span> <span class='ocrx_word' id='word_1_28' title='bbox 998 784 1147 847; x_wconf 90' lang='lat' dir='ltr'><strong>obedien-</strong></span> 
     </span>
     <span class='ocr_line' id='line_1_5' title="bbox 397 883 1146 965; baseline -0.004 -18"><span class='ocrx_word' id='word_1_29' title='bbox 397 892 466 962; x_wconf 82' lang='lat' dir='ltr'><strong>tes3</strong></span> <span class='ocrx_word' id='word_1_30' title='bbox 483 892 606 948; x_wconf 87' lang='lat' dir='ltr'><strong>constat</strong></span> <span class='ocrx_word' id='word_1_31' title='bbox 627 903 722 965; x_wconf 89' lang='lat' dir='ltr'><strong>quam</strong></span> <span class='ocrx_word' id='word_1_32' title='bbox 745 884 921 946; x_wconf 84' lang='lat' dir='ltr'><strong>eminenter</strong></span> <span class='ocrx_word' id='word_1_33' title='bbox 940 883 980 945; x_wconf 91' lang='lat' dir='ltr'><strong>ed</strong></span> <span class='ocrx_word' id='word_1_34' title='bbox 1008 883 1146 964; x_wconf 91' lang='lat' dir='ltr'><strong>origine-</strong></span> 
     </span>
     <span class='ocr_line' id='line_1_6' title="bbox 398 981 1147 1064; baseline -0.004 -20"><span class='ocrx_word' id='word_1_35' title='bbox 398 982 437 1045; x_wconf 90' lang='lat' dir='ltr'><strong>lis</strong></span> <span class='ocrx_word' id='word_1_36' title='bbox 461 982 590 1064; x_wconf 79' lang='lat' dir='ltr'><strong>justitie</strong></span> <span class='ocrx_word' id='word_1_37' title='bbox 614 982 870 1045; x_wconf 81' lang='lat' dir='ltr'><strong>conformitatem</strong></span> <span class='ocrx_word' id='word_1_38' title='bbox 894 981 1088 1063; x_wconf 90' lang='lat' dir='ltr'><strong>pervenerit.</strong></span> <span class='ocrx_word' id='word_1_39' title='bbox 1109 981 1147 1042; x_wconf 87' lang='lat' dir='ltr'><strong>Et</strong></span> 
     </span>
     <span class='ocr_line' id='line_1_7' title="bbox 398 1079 1147 1162; baseline -0.004 -19"><span class='ocrx_word' id='word_1_40' title='bbox 398 1081 542 1162; x_wconf 88' lang='lat' dir='ltr'><strong>quamvis</strong></span> <span class='ocrx_word' id='word_1_41' title='bbox 556 1081 588 1142; x_wconf 92' lang='lat' dir='ltr'><strong>in</strong></span> <span class='ocrx_word' id='word_1_42' title='bbox 605 1080 871 1143; x_wconf 79' lang='lat' dir='ltr'><strong>excellentissime</strong></span> <span class='ocrx_word' id='word_1_43' title='bbox 883 1080 1010 1161; x_wconf 84' lang='lat' dir='ltr'>Virgine</span> <span class='ocrx_word' id='word_1_44' title='bbox 1026 1079 1147 1141; x_wconf 92' lang='lat' dir='ltr'><strong>incom-</strong></span> 
     </span>
     <span class='ocr_line' id='line_1_8' title="bbox 399 1176 1147 1260; baseline -0.003 -19"><span class='ocrx_word' id='word_1_45' title='bbox 399 1177 644 1260; x_wconf 91' lang='lat' dir='ltr'><strong>parabiliterque</strong></span> <span class='ocrx_word' id='word_1_46' title='bbox 678 1179 812 1240; x_wconf 89' lang='lat' dir='ltr'><strong>emenda</strong></span> <span class='ocrx_word' id='word_1_47' title='bbox 840 1177 933 1240; x_wconf 89' lang='lat' dir='ltr'><strong>ldaria</strong></span> <span class='ocrx_word' id='word_1_48' title='bbox 961 1176 1147 1240; x_wconf 90' lang='lat' dir='ltr'><strong>dulcissima</strong></span> 
     </span>
     <span class='ocr_line' id='line_1_9' title="bbox 398 1275 1148 1357; baseline -0.003 -19"><span class='ocrx_word' id='word_1_49' title='bbox 398 1275 528 1339; x_wconf 89' lang='lat' dir='ltr'><strong>fuerunt</strong></span> <span class='ocrx_word' id='word_1_50' title='bbox 551 1294 656 1357; x_wconf 89' lang='lat' dir='ltr'><strong>poene,</strong></span> <span class='ocrx_word' id='word_1_51' title='bbox 674 1276 775 1355; x_wconf 94' lang='lat' dir='ltr'><strong>lebor,</strong></span> <span class='ocrx_word' id='word_1_52' title='bbox 791 1276 947 1357; x_wconf 90' lang='lat' dir='ltr'><strong>fatigatio,</strong></span> <span class='ocrx_word' id='word_1_53' title='bbox 964 1294 1093 1353; x_wconf 92' lang='lat' dir='ltr'><strong>moeror,</strong></span> <span class='ocrx_word' id='word_1_54' title='bbox 1111 1276 1148 1337; x_wconf 91' lang='lat' dir='ltr'><strong>ti-</strong></span> 
     </span>
     <span class='ocr_line' id='line_1_10' title="bbox 398 1374 1146 1455; baseline -0.001 -20"><span class='ocrx_word' id='word_1_55' title='bbox 398 1392 478 1450; x_wconf 92' lang='lat' dir='ltr'><strong>mor,</strong></span> <span class='ocrx_word' id='word_1_56' title='bbox 501 1374 647 1452; x_wconf 91' lang='lat' dir='ltr'><strong>afflictio,</strong></span> <span class='ocrx_word' id='word_1_57' title='bbox 673 1392 743 1455; x_wconf 75' lang='lat' dir='ltr'><strong>quea</strong></span> <span class='ocrx_word' id='word_1_58' title='bbox 767 1374 798 1435; x_wconf 93' lang='lat' dir='ltr'><strong>in</strong></span> <span class='ocrx_word' id='word_1_59' title='bbox 825 1374 938 1455; x_wconf 92' lang='lat' dir='ltr'><strong>primis</strong></span> <span class='ocrx_word' id='word_1_60' title='bbox 962 1374 1146 1454; x_wconf 90' lang='lat' dir='ltr'><strong>perentibus</strong></span> 
     </span>
     <span class='ocr_line' id='line_1_11' title="bbox 398 1471 1146 1553; baseline 0 -20"><span class='ocrx_word' id='word_1_61' title='bbox 398 1480 471 1534; x_wconf 88' lang='lat' dir='ltr'><strong>ento</strong></span> <span class='ocrx_word' id='word_1_62' title='bbox 486 1472 610 1553; x_wconf 88' lang='lat' dir='ltr'><strong>lapsum</strong></span> <span class='ocrx_word' id='word_1_63' title='bbox 625 1491 695 1535; x_wconf 89' lang='lat' dir='ltr'><strong>esse</strong></span> <span class='ocrx_word' id='word_1_64' title='bbox 711 1471 905 1552; x_wconf 88' lang='lat' dir='ltr'><strong>nequibant;</strong></span> <span class='ocrx_word' id='word_1_65' title='bbox 921 1471 1020 1533; x_wconf 87' lang='lat' dir='ltr'>nihilo</span> <span class='ocrx_word' id='word_1_66' title='bbox 1039 1471 1146 1533; x_wconf 92' lang='lat' dir='ltr'><strong>minus</strong></span> 
     </span>
     <span class='ocr_line' id='line_1_12' title="bbox 398 1568 1148 1651; baseline 0 -21"><span class='ocrx_word' id='word_1_67' title='bbox 398 1568 523 1631; x_wconf 86' lang='lat' dir='ltr'><strong>Deifere</strong></span> <span class='ocrx_word' id='word_1_68' title='bbox 538 1570 634 1651; x_wconf 85' lang='lat' dir='ltr'><strong>Virgo</strong></span> <span class='ocrx_word' id='word_1_69' title='bbox 650 1568 842 1631; x_wconf 78' lang='lat' dir='ltr'><strong>indesinenti</strong></span> <span class='ocrx_word' id='word_1_70' title='bbox 864 1568 1009 1651; x_wconf 88' lang='lat' dir='ltr'><strong>profectu</strong></span> <span class='ocrx_word' id='word_1_71' title='bbox 1025 1569 1063 1630; x_wconf 93' lang='lat' dir='ltr'><strong>ad</strong></span> <span class='ocrx_word' id='word_1_72' title='bbox 1078 1577 1148 1630; x_wconf 91' lang='lat' dir='ltr'><strong>tan-</strong></span> 
     </span>
     <span class='ocr_line' id='line_1_13' title="bbox 398 1666 1148 1749; baseline -0.001 -21"><span class='ocrx_word' id='word_1_73' title='bbox 398 1674 461 1728; x_wconf 90' lang='lat' dir='ltr'><strong>tam</strong></span> <span class='ocrx_word' id='word_1_74' title='bbox 484 1666 631 1729; x_wconf 77' lang='lat' dir='ltr'><strong>celeriter</strong></span> <span class='ocrx_word' id='word_1_75' title='bbox 649 1668 796 1749; x_wconf 88' lang='lat' dir='ltr'><strong>pervenit</strong></span> <span class='ocrx_word' id='word_1_76' title='bbox 814 1666 1044 1747; x_wconf 80' lang='lat' dir='ltr'><strong>perfectionem</strong></span> <span class='ocrx_word' id='word_1_77' title='bbox 1070 1667 1148 1728; x_wconf 92' lang='lat' dir='ltr'><strong>emi-</strong></span> 
     </span>
     <span class='ocr_line' id='line_1_14' title="bbox 398 1765 1147 1845; baseline 0.001 -19"><span class='ocrx_word' id='word_1_78' title='bbox 398 1765 602 1845; x_wconf 90' lang='lat' dir='ltr'><strong>nentiamque</strong></span> <span class='ocrx_word' id='word_1_79' title='bbox 631 1766 784 1828; x_wconf 89' lang='lat' dir='ltr'><strong>virtutum</strong></span> <span class='ocrx_word' id='word_1_80' title='bbox 814 1766 993 1844; x_wconf 92' lang='lat' dir='ltr'><strong>moralium,</strong></span> <span class='ocrx_word' id='word_1_81' title='bbox 1024 1766 1147 1828; x_wconf 88' lang='lat' dir='ltr'><strong>intelle-</strong></span> 
     </span>
     <span class='ocr_line' id='line_1_15' title="bbox 397 1862 1145 1945; baseline -0.001 -19"><span class='ocrx_word' id='word_1_82' title='bbox 397 1862 562 1941; x_wconf 90' lang='lat' dir='ltr'><strong>ctuelium,</strong></span> <span class='ocrx_word' id='word_1_83' title='bbox 588 1864 850 1945; x_wconf 88' lang='lat' dir='ltr'><strong>theologicarum,</strong></span> <span class='ocrx_word' id='word_1_84' title='bbox 872 1871 965 1945; x_wconf 88' lang='lat' dir='ltr'><strong>etque</strong></span> <span class='ocrx_word' id='word_1_85' title='bbox 989 1865 1145 1927; x_wconf 92' lang='lat' dir='ltr'><strong>donorum</strong></span> 
     </span>
     <span class='ocr_line' id='line_1_16' title="bbox 397 1959 1146 2043; baseline -0.001 -20"><span class='ocrx_word' id='word_1_86' title='bbox 397 1980 433 2023; x_wconf 92' lang='lat' dir='ltr'><strong>ac</strong></span> <span class='ocrx_word' id='word_1_87' title='bbox 448 1959 622 2037; x_wconf 89' lang='lat' dir='ltr'><strong>fructuum,</strong></span> <span class='ocrx_word' id='word_1_88' title='bbox 639 1963 723 2042; x_wconf 85' lang='lat' dir='ltr'><strong>quod</strong></span> <span class='ocrx_word' id='word_1_89' title='bbox 740 1961 773 2023; x_wconf 95' lang='lat' dir='ltr'><strong>in</strong></span> <span class='ocrx_word' id='word_1_90' title='bbox 788 1960 838 2021; x_wconf 90' lang='lat' dir='ltr'><strong>bis</strong></span> <span class='ocrx_word' id='word_1_91' title='bbox 860 1962 979 2041; x_wconf 90' lang='lat' dir='ltr'><strong>primos</strong></span> <span class='ocrx_word' id='word_1_92' title='bbox 999 1969 1146 2043; x_wconf 88' lang='lat' dir='ltr'><strong>parentes</strong></span> 
     </span>
     <span class='ocr_line' id='line_1_17' title="bbox 397 2059 1146 2139; baseline -0.003 -18"><span class='ocrx_word' id='word_1_93' title='bbox 397 2060 602 2121; x_wconf 88' lang='lat' dir='ltr'><strong>vehementer</strong></span> <span class='ocrx_word' id='word_1_94' title='bbox 630 2059 837 2135; x_wconf 84' lang='lat' dir='ltr'><strong>transcendit,</strong></span> <span class='ocrx_word' id='word_1_95' title='bbox 869 2059 962 2120; x_wconf 92' lang='lat' dir='ltr'><strong>etiem</strong></span> <span class='ocrx_word' id='word_1_96' title='bbox 991 2066 1146 2139; x_wconf 83' lang='lat' dir='ltr'><strong>quantum</strong></span> 
     </span>
     <span class='ocr_line' id='line_1_18' title="bbox 397 2156 1149 2219; baseline -0.003 0"><span class='ocrx_word' id='word_1_97' title='bbox 397 2158 540 2219; x_wconf 88' lang='lat' dir='ltr'><strong>adactus</strong></span> <span class='ocrx_word' id='word_1_98' title='bbox 556 2156 682 2219; x_wconf 93' lang='lat' dir='ltr'><strong>illorum</strong></span> <span class='ocrx_word' id='word_1_99' title='bbox 701 2180 708 2218; x_wconf 81' lang='lat' dir='ltr'><em>z</em></span> <span class='ocrx_word' id='word_1_100' title='bbox 726 2157 816 2219; x_wconf 86' lang='lat' dir='ltr'><strong>etita</strong></span> <span class='ocrx_word' id='word_1_101' title='bbox 830 2176 893 2219; x_wconf 94' lang='lat' dir='ltr'><strong>non</strong></span> <span class='ocrx_word' id='word_1_102' title='bbox 909 2157 1012 2219; x_wconf 91' lang='lat' dir='ltr'><strong>solum</strong></span> <span class='ocrx_word' id='word_1_103' title='bbox 1028 2157 1067 2217; x_wconf 93' lang='lat' dir='ltr'><strong>ed</strong></span> <span class='ocrx_word' id='word_1_104' title='bbox 1086 2156 1149 2219; x_wconf 93' lang='lat' dir='ltr'><strong>ori-</strong></span> 
     </span>
     <span class='ocr_line' id='line_1_19' title="bbox 396 2253 1147 2335; baseline 0 -20"><span class='ocrx_word' id='word_1_105' title='bbox 396 2254 535 2335; x_wconf 92' lang='lat' dir='ltr'><strong>ginalem</strong></span> <span class='ocrx_word' id='word_1_106' title='bbox 564 2253 652 2315; x_wconf 91' lang='lat' dir='ltr'><strong>illam</strong></span> <span class='ocrx_word' id='word_1_107' title='bbox 682 2254 900 2317; x_wconf 83' lang='lat' dir='ltr'><strong>innocentiam</strong></span> <span class='ocrx_word' id='word_1_108' title='bbox 927 2254 1147 2335; x_wconf 84' lang='lat' dir='ltr'><strong>justitiamque</strong></span> 
     </span>
     <span class='ocr_line' id='line_1_20' title="bbox 398 2352 1145 2432; baseline -0.001 -18"><span class='ocrx_word' id='word_1_109' title='bbox 398 2352 595 2430; x_wconf 83' lang='lat' dir='ltr'><strong>conscendit,</strong></span> <span class='ocrx_word' id='word_1_110' title='bbox 626 2371 736 2414; x_wconf 90' lang='lat' dir='ltr'><strong>verum</strong></span> <span class='ocrx_word' id='word_1_111' title='bbox 771 2352 866 2415; x_wconf 89' lang='lat' dir='ltr'><strong>etiarn</strong></span> <span class='ocrx_word' id='word_1_112' title='bbox 900 2352 1145 2432; x_wconf 86' lang='lat' dir='ltr'><strong>virtuositatem,</strong></span> 
     </span>
     <span class='ocr_line' id='line_1_21' title="bbox 398 2449 1147 2512; baseline 0.003 -2"><span class='ocrx_word' id='word_1_113' title='bbox 398 2449 617 2511; x_wconf 86' lang='lat' dir='ltr'><strong>excellentiam</strong></span> <span class='ocrx_word' id='word_1_114' title='bbox 640 2469 676 2511; x_wconf 91' lang='lat' dir='ltr'><strong>ec</strong></span> <span class='ocrx_word' id='word_1_115' title='bbox 702 2449 979 2512; x_wconf 83' lang='lat' dir='ltr'><strong>confirmationem</strong></span> <span class='ocrx_word' id='word_1_116' title='bbox 1005 2450 1147 2512; x_wconf 92' lang='lat' dir='ltr'><strong>inbono</strong></span> 
     </span>
     <span class='ocr_line' id='line_1_22' title="bbox 398 2546 1147 2627; baseline 0 -19"><span class='ocrx_word' id='word_1_117' title='bbox 398 2546 498 2609; x_wconf 92' lang='lat' dir='ltr'><strong>multo</strong></span> <span class='ocrx_word' id='word_1_118' title='bbox 522 2547 740 2609; x_wconf 90' lang='lat' dir='ltr'><strong>sublimiorem</strong></span> <span class='ocrx_word' id='word_1_119' title='bbox 766 2546 877 2609; x_wconf 90' lang='lat' dir='ltr'><strong>sortite</strong></span> <span class='ocrx_word' id='word_1_120' title='bbox 895 2556 954 2627; x_wconf 90' lang='lat' dir='ltr'><strong>est,</strong></span> <span class='ocrx_word' id='word_1_121' title='bbox 972 2548 1004 2609; x_wconf 94' lang='lat' dir='ltr'><strong>in</strong></span> <span class='ocrx_word' id='word_1_122' title='bbox 1025 2554 1147 2609; x_wconf 87' lang='lat' dir='ltr'><strong>tentum</strong></span> 
     </span>
     <span class='ocr_line' id='line_1_23' title="bbox 397 2644 1149 2726; baseline 0.001 -22"><span class='ocrx_word' id='word_1_123' title='bbox 397 2644 481 2726; x_wconf 91' lang='lat' dir='ltr'><strong>quod</strong></span> <span class='ocrx_word' id='word_1_124' title='bbox 516 2662 577 2706; x_wconf 89' lang='lat' dir='ltr'><strong>nec</strong></span> <span class='ocrx_word' id='word_1_125' title='bbox 606 2662 738 2724; x_wconf 90' lang='lat' dir='ltr'><strong>peccare</strong></span> <span class='ocrx_word' id='word_1_126' title='bbox 767 2644 903 2706; x_wconf 83' lang='lat' dir='ltr'><strong>valebat.</strong></span> <span class='ocrx_word' id='word_1_127' title='bbox 934 2644 957 2706; x_wconf 92' lang='grc' dir='ltr'>Ο</span> <span class='ocrx_word' id='word_1_128' title='bbox 986 2644 1149 2725; x_wconf 92' lang='lat' dir='ltr'><strong>incompe-</strong></span> 
     </span>
     <span class='ocr_line' id='line_1_24' title="bbox 398 2741 1148 2822; baseline -0.001 -18"><span class='ocrx_word' id='word_1_129' title='bbox 398 2741 508 2804; x_wconf 87' lang='lat' dir='ltr'><strong>rabilis</strong></span> <span class='ocrx_word' id='word_1_130' title='bbox 522 2750 554 2803; x_wconf 93' lang='lat' dir='ltr'><strong>et</strong></span> <span class='ocrx_word' id='word_1_131' title='bbox 568 2741 662 2803; x_wconf 90' lang='lat' dir='ltr'><strong>unica</strong></span> <span class='ocrx_word' id='word_1_132' title='bbox 678 2741 784 2822; x_wconf 84' lang='lat' dir='ltr'><strong>Virgo,</strong></span> <span class='ocrx_word' id='word_1_133' title='bbox 800 2761 870 2822; x_wconf 72' lang='lat' dir='ltr'><strong>quea</strong></span> <span class='ocrx_word' id='word_1_134' title='bbox 886 2741 1075 2804; x_wconf 82' lang='lat' dir='ltr'><strong>innocentiae</strong></span> <span class='ocrx_word' id='word_1_135' title='bbox 1096 2761 1148 2803; x_wconf 94' lang='lat' dir='ltr'><strong>ve-</strong></span> 
     </span>
     <span class='ocr_line' id='line_1_25' title="bbox 398 2839 1148 2921; baseline 0.001 -20"><span class='ocrx_word' id='word_1_136' title='bbox 398 2848 478 2901; x_wconf 90' lang='lat' dir='ltr'><strong>stem</strong></span> <span class='ocrx_word' id='word_1_137' title='bbox 494 2847 557 2901; x_wconf 90' lang='lat' dir='ltr'><strong>tem</strong></span> <span class='ocrx_word' id='word_1_138' title='bbox 573 2840 749 2901; x_wconf 90' lang='lat' dir='ltr'><strong>immunem</strong></span> <span class='ocrx_word' id='word_1_139' title='bbox 764 2839 912 2917; x_wconf 88' lang='lat' dir='ltr'><strong>servavit,</strong></span> <span class='ocrx_word' id='word_1_140' title='bbox 926 2841 991 2902; x_wconf 93' lang='lat' dir='ltr'><strong>imo</strong></span> <span class='ocrx_word' id='word_1_141' title='bbox 1005 2840 1148 2921; x_wconf 89' lang='lat' dir='ltr'><strong>quotidie</strong></span> 
     </span>
     <span class='ocr_line' id='line_1_26' title="bbox 398 2938 1147 3019; baseline 0 -18"><span class='ocrx_word' id='word_1_142' title='bbox 398 2938 549 3018; x_wconf 88' lang='lat' dir='ltr'><strong>omnique</strong></span> <span class='ocrx_word' id='word_1_143' title='bbox 564 2938 643 3000; x_wconf 90' lang='lat' dir='ltr'><strong>hora</strong></span> <span class='ocrx_word' id='word_1_144' title='bbox 657 2938 829 3019; x_wconf 86' lang='lat' dir='ltr'><strong>puriorem,</strong></span> <span class='ocrx_word' id='word_1_145' title='bbox 847 2938 1095 3018; x_wconf 87' lang='lat' dir='ltr'><strong>splendidiorem</strong></span> <span class='ocrx_word' id='word_1_146' title='bbox 1110 2959 1147 3001; x_wconf 92' lang='lat' dir='ltr'><strong>ec</strong></span> 
     </span>
     <span class='ocr_line' id='line_1_27' title="bbox 399 3034 930 3099; baseline -0.002 -1"><span class='ocrx_word' id='word_1_147' title='bbox 399 3034 659 3098; x_wconf 87' lang='lat' dir='ltr'><strong>coelilormiorem</strong></span> <span class='ocrx_word' id='word_1_148' title='bbox 682 3035 825 3097; x_wconf 85' lang='lat' dir='ltr'><strong>exhibuit</strong></span> <span class='ocrx_word' id='word_1_149' title='bbox 847 3035 930 3099; x_wconf 89' lang='lat' dir='ltr'><strong>Deot</strong></span> 
     </span>
    </p>
   </div>
   <div class='ocr_carea' id='block_1_5' title="bbox 594 3306 955 3371">
    <p class='ocr_par' dir='ltr' id='par_1_5' title="bbox 594 3306 955 3371">
     <span class='ocr_line' id='line_1_28' title="bbox 594 3306 955 3371; baseline -0.006 -1"><span class='ocrx_word' id='word_1_150' title='bbox 594 3306 857 3371; x_wconf 85' lang='lat' dir='ltr'><strong>ARTICULUS</strong></span> <span class='ocrx_word' id='word_1_151' title='bbox 893 3307 955 3370; x_wconf 89' lang='lat' dir='ltr'><strong>IX.</strong></span> 
     </span>
    </p>
   </div>
   <div class='ocr_carea' id='block_1_6' title="bbox 400 3457 1149 3708">
    <p class='ocr_par' dir='ltr' id='par_1_6' title="bbox 400 3457 1149 3708">
     <span class='ocr_line' id='line_1_29' title="bbox 400 3457 1149 3524; baseline -0.003 -9"><span class='ocrx_word' id='word_1_152' title='bbox 400 3458 504 3524; x_wconf 80' lang='lat' dir='ltr'><strong>Quam</strong></span> <span class='ocrx_word' id='word_1_153' title='bbox 534 3458 730 3514; x_wconf 72' lang='lat' dir='ltr'><strong>excellenter</strong></span> <span class='ocrx_word' id='word_1_154' title='bbox 754 3458 893 3513; x_wconf 82' lang='lat' dir='ltr'><strong>morales</strong></span> <span class='ocrx_word' id='word_1_155' title='bbox 927 3475 964 3513; x_wconf 86' lang='lat' dir='ltr'><strong>ac</strong></span> <span class='ocrx_word' id='word_1_156' title='bbox 995 3457 1149 3514; x_wconf 81' lang='lat' dir='ltr'><strong>cardina-</strong></span> 
     </span>
     <span class='ocr_line' id='line_1_30' title="bbox 441 3545 1148 3620; baseline -0.001 -17"><span class='ocrx_word' id='word_1_157' title='bbox 441 3548 485 3603; x_wconf 79' lang='lat' dir='ltr'><strong>les</strong></span> <span class='ocrx_word' id='word_1_158' title='bbox 510 3545 650 3604; x_wconf 78' lang='lat' dir='ltr'><strong>virtutes</strong></span> <span class='ocrx_word' id='word_1_159' title='bbox 667 3552 763 3603; x_wconf 88' lang='lat' dir='ltr'><strong>erant</strong></span> <span class='ocrx_word' id='word_1_160' title='bbox 785 3563 822 3601; x_wconf 86' lang='lat' dir='ltr'><strong>ac</strong></span> <span class='ocrx_word' id='word_1_161' title='bbox 843 3545 1088 3620; x_wconf 73' lang='lat' dir='ltr'><strong>proeficlpebant</strong></span> <span class='ocrx_word' id='word_1_162' title='bbox 1112 3545 1148 3602; x_wconf 77' lang='lat' dir='ltr'><strong>in</strong></span> 
     </span>
     <span class='ocr_line' id='line_1_31' title="bbox 441 3651 522 3708; baseline 0.025 -16"><span class='ocrx_word' id='word_1_163' title='bbox 441 3651 522 3708; x_wconf 73' lang='lat' dir='ltr'><strong>ipsa.</strong></span> 
     </span>
    </p>
   </div>
   <div class='ocr_carea' id='block_1_7' title="bbox 254 3816 1150 3894">
    <p class='ocr_par' dir='ltr' id='par_1_7' title="bbox 254 3816 1150 3894">
     <span class='ocr_line' id='line_1_32' title="bbox 254 3816 1150 3894; baseline -0.002 -13"><span class='ocrx_word' id='word_1_164' title='bbox 254 3837 387 3890; x_wconf 63' lang='lat' dir='ltr'><strong>Procne,</strong></span> <span class='ocrx_word' id='word_1_165' title='bbox 402 3819 405 3826; x_wconf 86' lang='grc'><strong>’</strong></span> <span class='ocrx_word' id='word_1_166' title='bbox 485 3819 691 3880; x_wconf 76' lang='lat' dir='ltr'><em>ULIEREM</em></span> <span class='ocrx_word' id='word_1_167' title='bbox 699 3818 818 3892; x_wconf 86' lang='lat' dir='ltr'><strong>sortem</strong></span> <span class='ocrx_word' id='word_1_168' title='bbox 833 3819 907 3894; x_wconf 83' lang='lat' dir='ltr'><strong>quis</strong></span> <span class='ocrx_word' id='word_1_169' title='bbox 919 3816 1150 3880; x_wconf 71' lang='lat' dir='ltr'><strong>inveniettllo</strong></span> 
     </span>
    </p>
   </div>
   <div class='ocr_carea' id='block_1_8' title="bbox 402 3914 1152 4480">
    <p class='ocr_par' dir='ltr' id='par_1_8' title="bbox 402 3914 1152 4480">
     <span class='ocr_line' id='line_1_33' title="bbox 495 3914 1151 3996; baseline -0.002 -19"><span class='ocrx_word' id='word_1_170' title='bbox 495 3923 584 3978; x_wconf 91' lang='lat' dir='ltr'><strong>verat</strong></span> <span class='ocrx_word' id='word_1_171' title='bbox 598 3914 756 3990; x_wconf 90' lang='lat' dir='ltr'><strong>Salomon,</strong></span> <span class='ocrx_word' id='word_1_172' title='bbox 774 3914 858 3994; x_wconf 89' lang='lat' dir='ltr'><strong>quod</strong></span> <span class='ocrx_word' id='word_1_173' title='bbox 878 3914 960 3976; x_wconf 93' lang='lat' dir='ltr'><strong>sicut</strong></span> <span class='ocrx_word' id='word_1_174' title='bbox 981 3933 1038 3996; x_wconf 90' lang='lat' dir='ltr'><strong>per</strong></span> <span class='ocrx_word' id='word_1_175' title='bbox 1058 3914 1151 3976; x_wconf 89' lang='lat' dir='ltr'><strong>femi-</strong></span> 
     </span>
     <span class='ocr_line' id='line_1_34' title="bbox 402 4011 1152 4094; baseline -0.004 -19"><span class='ocrx_word' id='word_1_176' title='bbox 402 4033 477 4075; x_wconf 94' lang='lat' dir='ltr'><strong>nam</strong></span> <span class='ocrx_word' id='word_1_177' title='bbox 502 4014 668 4094; x_wconf 90' lang='lat' dir='ltr'><strong>deceptam</strong></span> <span class='ocrx_word' id='word_1_178' title='bbox 688 4019 720 4073; x_wconf 89' lang='lat' dir='ltr'><strong>et</strong></span> <span class='ocrx_word' id='word_1_179' title='bbox 739 4011 924 4074; x_wconf 85' lang='lat' dir='ltr'><strong>infatuatam</strong></span> <span class='ocrx_word' id='word_1_180' title='bbox 946 4011 1042 4093; x_wconf 92' lang='lat' dir='ltr'><strong>periit</strong></span> <span class='ocrx_word' id='word_1_181' title='bbox 1059 4031 1152 4073; x_wconf 92' lang='lat' dir='ltr'><strong>mnn-</strong></span> 
     </span>
     <span class='ocr_line' id='line_1_35' title="bbox 402 4109 1150 4192; baseline -0.008 -17"><span class='ocrx_word' id='word_1_182' title='bbox 402 4114 473 4192; x_wconf 77' lang='lat' dir='ltr'><strong>dm,</strong></span> <span class='ocrx_word' id='word_1_183' title='bbox 487 4112 530 4172; x_wconf 92' lang='lat' dir='ltr'><strong>ita</strong></span> <span class='ocrx_word' id='word_1_184' title='bbox 544 4129 581 4172; x_wconf 84' lang='lat' dir='ltr'><strong>ex</strong></span> <span class='ocrx_word' id='word_1_185' title='bbox 596 4109 718 4172; x_wconf 90' lang='lat' dir='ltr'><strong>femina</strong></span> <span class='ocrx_word' id='word_1_186' title='bbox 731 4109 874 4191; x_wconf 92' lang='lat' dir='ltr'><strong>sapiente</strong></span> <span class='ocrx_word' id='word_1_187' title='bbox 889 4128 926 4171; x_wconf 89' lang='lat' dir='ltr'><strong>ec</strong></span> <span class='ocrx_word' id='word_1_188' title='bbox 942 4109 1150 4188; x_wconf 92' lang='lat' dir='ltr'><strong>insuperabili</strong></span> 
     </span>
     <span class='ocr_line' id='line_1_36' title="bbox 402 4206 1148 4292; baseline -0.008 -19"><span class='ocrx_word' id='word_1_189' title='bbox 402 4210 597 4292; x_wconf 88' lang='lat' dir='ltr'><strong>dependeret</strong></span> <span class='ocrx_word' id='word_1_190' title='bbox 633 4208 866 4289; x_wconf 91' lang='lat' dir='ltr'><strong>quodammodo</strong></span> <span class='ocrx_word' id='word_1_191' title='bbox 904 4206 1015 4269; x_wconf 91' lang='lat' dir='ltr'><strong>mundi</strong></span> <span class='ocrx_word' id='word_1_192' title='bbox 1052 4206 1148 4268; x_wconf 89' lang='lat' dir='ltr'><strong>salus.</strong></span> 
     </span>
     <span class='ocr_line' id='line_1_37' title="bbox 403 4303 1150 4388; baseline -0.008 -18"><span class='ocrx_word' id='word_1_193' title='bbox 403 4309 522 4371; x_wconf 88' lang='lat' dir='ltr'><strong>Rursus</strong></span> <span class='ocrx_word' id='word_1_194' title='bbox 543 4306 675 4388; x_wconf 90' lang='lat' dir='ltr'><strong>agnovit</strong></span> <span class='ocrx_word' id='word_1_195' title='bbox 691 4306 731 4367; x_wconf 91' lang='lat' dir='ltr'><strong>de</strong></span> <span class='ocrx_word' id='word_1_196' title='bbox 756 4306 866 4367; x_wconf 89' lang='lat' dir='ltr'><strong>eadem</strong></span> <span class='ocrx_word' id='word_1_197' title='bbox 890 4304 1023 4366; x_wconf 89' lang='lat' dir='ltr'><strong>muliere</strong></span> <span class='ocrx_word' id='word_1_198' title='bbox 1052 4303 1150 4365; x_wconf 87' lang='lat' dir='ltr'><strong>Deum</strong></span> 
     </span>
     <span class='ocr_line' id='line_1_38' title="bbox 403 4401 1151 4480; baseline -0.007 -12"><span class='ocrx_word' id='word_1_199' title='bbox 403 4405 436 4468; x_wconf 93' lang='lat' dir='ltr'><strong>in</strong></span> <span class='ocrx_word' id='word_1_200' title='bbox 453 4404 581 4468; x_wconf 86' lang='lat' dir='ltr'><strong>exordio</strong></span> <span class='ocrx_word' id='word_1_201' title='bbox 596 4404 783 4466; x_wconf 77' lang='lat' dir='ltr'><strong>seculorum</strong></span> <span class='ocrx_word' id='word_1_202' title='bbox 798 4401 913 4462; x_wconf 85' lang='lat' dir='ltr'><strong>dixisse</strong></span> <span class='ocrx_word' id='word_1_203' title='bbox 929 4401 1067 4480; x_wconf 90' lang='lat' dir='ltr'><strong>serpenti</strong></span> <span class='ocrx_word' id='word_1_204' title='bbox 1090 4409 1151 4463; x_wconf 87' lang='lat' dir='ltr'><strong>tar-</strong></span> 
     </span>
    </p>
   </div>
   <div class='ocr_carea' id='block_1_9' title="bbox 257 4499 1149 4583">
    <p class='ocr_par' dir='ltr' id='par_1_9' title="bbox 257 4499 1149 4583">
     <span class='ocr_line' id='line_1_39' title="bbox 257 4499 1149 4583; baseline 0 -21"><span class='ocrx_word' id='word_1_205' title='bbox 257 4503 611 4583; x_wconf 69' lang='lat' dir='ltr'><strong>oen.e.,rv‚tareo:1psa</strong></span> <span class='ocrx_word' id='word_1_206' title='bbox 634 4508 776 4564; x_wconf 90' lang='lat' dir='ltr'><strong>conteret</strong></span> <span class='ocrx_word' id='word_1_207' title='bbox 799 4507 894 4580; x_wconf 92' lang='lat' dir='ltr'><strong>caput</strong></span> <span class='ocrx_word' id='word_1_208' title='bbox 917 4507 1017 4560; x_wconf 90' lang='lat' dir='ltr'><strong>tuum.</strong></span> <span class='ocrx_word' id='word_1_209' title='bbox 1042 4499 1149 4579; x_wconf 86' lang='lat' dir='ltr'><strong>Itaque</strong></span> 
     </span>
    </p>
   </div>
   <div class='ocr_carea' id='block_1_10' title="bbox 402 4596 1150 5368">
    <p class='ocr_par' dir='ltr' id='par_1_10' title="bbox 402 4596 1150 5368">
     <span class='ocr_line' id='line_1_40' title="bbox 402 4596 1150 4680; baseline -0.008 -16"><span class='ocrx_word' id='word_1_210' title='bbox 402 4602 529 4664; x_wconf 89' lang='lat' dir='ltr'><strong>intuens</strong></span> <span class='ocrx_word' id='word_1_211' title='bbox 545 4597 799 4680; x_wconf 88' lang='lat' dir='ltr'><strong>sapientissimus</strong></span> <span class='ocrx_word' id='word_1_212' title='bbox 815 4596 961 4658; x_wconf 89' lang='lat' dir='ltr'><strong>Salomon</strong></span> <span class='ocrx_word' id='word_1_213' title='bbox 976 4614 1077 4676; x_wconf 89' lang='lat' dir='ltr'><strong>genus</strong></span> <span class='ocrx_word' id='word_1_214' title='bbox 1092 4596 1150 4658; x_wconf 90' lang='lat' dir='ltr'><strong>bu-</strong></span> 
     </span>
     <span class='ocr_line' id='line_1_41' title="bbox 403 4692 1147 4771; baseline -0.009 -9"><span class='ocrx_word' id='word_1_215' title='bbox 403 4717 533 4762; x_wconf 89' lang='lat' dir='ltr'><strong>menum</strong></span> <span class='ocrx_word' id='word_1_216' title='bbox 548 4715 613 4759; x_wconf 93' lang='lat' dir='ltr'><strong>non</strong></span> <span class='ocrx_word' id='word_1_217' title='bbox 629 4696 697 4757; x_wconf 91' lang='lat' dir='ltr'><strong>sine</strong></span> <span class='ocrx_word' id='word_1_218' title='bbox 716 4695 775 4757; x_wconf 90' lang='lat' dir='ltr'><strong>hac</strong></span> <span class='ocrx_word' id='word_1_219' title='bbox 796 4692 916 4756; x_wconf 92' lang='lat' dir='ltr'><strong>femina</strong></span> <span class='ocrx_word' id='word_1_220' title='bbox 937 4692 1147 4771; x_wconf 90' lang='lat' dir='ltr'><strong>liberandum,</strong></span> 
     </span>
     <span class='ocr_line' id='line_1_42' title="bbox 402 4790 1149 4876; baseline -0.008 -16"><span class='ocrx_word' id='word_1_221' title='bbox 402 4815 462 4860; x_wconf 93' lang='lat' dir='ltr'><strong>nec</strong></span> <span class='ocrx_word' id='word_1_222' title='bbox 486 4804 559 4858; x_wconf 91' lang='lat' dir='ltr'><strong>ante</strong></span> <span class='ocrx_word' id='word_1_223' title='bbox 585 4795 655 4876; x_wconf 84' lang='lat' dir='ltr'><strong>ejus</strong></span> <span class='ocrx_word' id='word_1_224' title='bbox 684 4792 894 4870; x_wconf 89' lang='lat' dir='ltr'><strong>nativitatem,</strong></span> <span class='ocrx_word' id='word_1_225' title='bbox 919 4790 1149 4874; x_wconf 90' lang='lat' dir='ltr'><strong>perlectionem</strong></span> 
     </span>
     <span class='ocr_line' id='line_1_43' title="bbox 402 4889 1149 4972; baseline -0.007 -14"><span class='ocrx_word' id='word_1_226' title='bbox 402 4914 439 4958; x_wconf 89' lang='lat' dir='ltr'><strong>ec</strong></span> <span class='ocrx_word' id='word_1_227' title='bbox 464 4894 562 4958; x_wconf 90' lang='lat' dir='ltr'><strong>robur</strong></span> <span class='ocrx_word' id='word_1_228' title='bbox 585 4893 749 4970; x_wconf 90' lang='lat' dir='ltr'><strong>virtutum,</strong></span> <span class='ocrx_word' id='word_1_229' title='bbox 777 4909 883 4972; x_wconf 90' lang='lat' dir='ltr'><strong>regem</strong></span> <span class='ocrx_word' id='word_1_230' title='bbox 907 4889 1051 4953; x_wconf 86' lang='lat' dir='ltr'><strong>Messiem</strong></span> <span class='ocrx_word' id='word_1_231' title='bbox 1079 4909 1149 4953; x_wconf 92' lang='lat' dir='ltr'><strong>esse</strong></span> 
     </span>
     <span class='ocr_line' id='line_1_44' title="bbox 402 4986 1147 5069; baseline -0.008 -15"><span class='ocrx_word' id='word_1_232' title='bbox 402 5000 584 5068; x_wconf 88' lang='lat' dir='ltr'><strong>venturum,</strong></span> <span class='ocrx_word' id='word_1_233' title='bbox 602 4989 666 5051; x_wconf 92' lang='lat' dir='ltr'><strong>imo</strong></span> <span class='ocrx_word' id='word_1_234' title='bbox 688 4987 793 5069; x_wconf 91' lang='lat' dir='ltr'><strong>potius</strong></span> <span class='ocrx_word' id='word_1_235' title='bbox 817 5005 855 5049; x_wconf 84' lang='lat' dir='ltr'><strong>ex</strong></span> <span class='ocrx_word' id='word_1_236' title='bbox 880 5007 917 5049; x_wconf 93' lang='lat' dir='ltr'><strong>ee</strong></span> <span class='ocrx_word' id='word_1_237' title='bbox 940 4986 1147 5067; x_wconf 90' lang='lat' dir='ltr'><strong>gignendum,</strong></span> 
     </span>
     <span class='ocr_line' id='line_1_45' title="bbox 402 5084 1146 5167; baseline -0.009 -14"><span class='ocrx_word' id='word_1_238' title='bbox 402 5087 580 5153; x_wconf 89' lang='lat' dir='ltr'><strong>affectuoso</strong></span> <span class='ocrx_word' id='word_1_239' title='bbox 594 5106 630 5148; x_wconf 89' lang='lat' dir='ltr'><strong>ac</strong></span> <span class='ocrx_word' id='word_1_240' title='bbox 646 5085 825 5167; x_wconf 90' lang='lat' dir='ltr'><strong>suspirante</strong></span> <span class='ocrx_word' id='word_1_241' title='bbox 837 5084 959 5146; x_wconf 92' lang='lat' dir='ltr'><strong>locutus</strong></span> <span class='ocrx_word' id='word_1_242' title='bbox 974 5091 1022 5146; x_wconf 92' lang='lat' dir='ltr'><strong>est</strong></span> <span class='ocrx_word' id='word_1_243' title='bbox 1036 5085 1146 5146; x_wconf 89' lang='lat' dir='ltr'><strong>corde:</strong></span> 
     </span>
     <span class='ocr_line' id='line_1_46' title="bbox 402 5180 1148 5263; baseline -0.008 -12"><span class='ocrx_word' id='word_1_244' title='bbox 402 5188 562 5251; x_wconf 84' lang='lat' dir='ltr'><strong>Mulierem</strong></span> <span class='ocrx_word' id='word_1_245' title='bbox 592 5182 706 5247; x_wconf 89' lang='lat' dir='ltr'><strong>fortem</strong></span> <span class='ocrx_word' id='word_1_246' title='bbox 734 5182 805 5263; x_wconf 92' lang='lat' dir='ltr'><strong>quis</strong></span> <span class='ocrx_word' id='word_1_247' title='bbox 837 5182 1000 5244; x_wconf 86' lang='lat' dir='ltr'><strong>invenietf</strong></span> <span class='ocrx_word' id='word_1_248' title='bbox 1029 5180 1148 5262; x_wconf 87' lang='lat' dir='ltr'><strong>Nempe</strong></span> 
     </span>
     <span class='ocr_line' id='line_1_47' title="bbox 402 5278 1148 5368; baseline -0.007 -19"><span class='ocrx_word' id='word_1_249' title='bbox 402 5286 529 5368; x_wconf 87' lang='lat' dir='ltr'><strong>sapiens</strong></span> <span class='ocrx_word' id='word_1_250' title='bbox 544 5283 598 5345; x_wconf 91' lang='lat' dir='ltr'><strong>ille</strong></span> <span class='ocrx_word' id='word_1_251' title='bbox 612 5280 812 5364; x_wconf 89' lang='lat' dir='ltr'><strong>perpendens</strong></span> <span class='ocrx_word' id='word_1_252' title='bbox 826 5278 957 5344; x_wconf 86' lang='lat' dir='ltr'><strong>feminei</strong></span> <span class='ocrx_word' id='word_1_253' title='bbox 981 5299 1072 5343; x_wconf 85' lang='lat' dir='ltr'><strong>sexus</strong></span> <span class='ocrx_word' id='word_1_254' title='bbox 1094 5281 1148 5344; x_wconf 87' lang='lat' dir='ltr'><strong>de-</strong></span> 
     </span>
    </p>
   </div>
   <div class='ocr_carea' id='block_1_11' title="bbox 1162 784 2104 5363">
    <p class='ocr_par' dir='ltr' id='par_1_11' title="bbox 1162 784 2104 5363">
     <span class='ocr_line' id='line_1_48' title="bbox 1201 784 1961 869; baseline 0 -24"><span class='ocrx_word' id='word_1_255' title='bbox 1201 784 1481 866; x_wconf 78' lang='lat' dir='ltr'><strong>molliticm,atque</strong></span> <span class='ocrx_word' id='word_1_256' title='bbox 1495 787 1534 849; x_wconf 87' lang='lat' dir='ltr'><strong>ed</strong></span> <span class='ocrx_word' id='word_1_257' title='bbox 1550 785 1621 848; x_wconf 86' lang='lat' dir='ltr'><strong>Filii</strong></span> <span class='ocrx_word' id='word_1_258' title='bbox 1636 786 1691 849; x_wconf 85' lang='lat' dir='ltr'><strong>Dei</strong></span> <span class='ocrx_word' id='word_1_259' title='bbox 1707 786 1961 869; x_wconf 89' lang='lat' dir='ltr'><strong>conceptionem</strong></span> 
     </span>
     <span class='ocr_line' id='line_1_49' title="bbox 1201 881 1957 961; baseline -0.001 -17"><span class='ocrx_word' id='word_1_260' title='bbox 1201 881 1285 961; x_wconf 83' lang='lat' dir='ltr'><strong>exigi</strong></span> <span class='ocrx_word' id='word_1_261' title='bbox 1319 882 1486 946; x_wconf 90' lang='lat' dir='ltr'><strong>mulierem</strong></span> <span class='ocrx_word' id='word_1_262' title='bbox 1519 884 1706 961; x_wconf 90' lang='lat' dir='ltr'><strong>virtuosam,</strong></span> <span class='ocrx_word' id='word_1_263' title='bbox 1737 891 1957 961; x_wconf 88' lang='lat' dir='ltr'><strong>constantem,</strong></span> 
     </span>
     <span class='ocr_line' id='line_1_50' title="bbox 1201 979 1960 1060; baseline 0 -18"><span class='ocrx_word' id='word_1_264' title='bbox 1201 979 1387 1060; x_wconf 88' lang='lat' dir='ltr'><strong>perfectam,</strong></span> <span class='ocrx_word' id='word_1_265' title='bbox 1411 983 1508 1045; x_wconf 88' lang='lat' dir='ltr'><strong>totius</strong></span> <span class='ocrx_word' id='word_1_266' title='bbox 1533 980 1680 1044; x_wconf 80' lang='lat' dir='ltr'><strong>feminea</strong></span> <span class='ocrx_word' id='word_1_267' title='bbox 1702 982 1851 1059; x_wconf 86' lang='lat' dir='ltr'><strong>levitatis,</strong></span> <span class='ocrx_word' id='word_1_268' title='bbox 1872 980 1960 1044; x_wconf 90' lang='lat' dir='ltr'><strong>mol-</strong></span> 
     </span>
     <span class='ocr_line' id='line_1_51' title="bbox 1202 1075 1960 1162; baseline 0.003 -25"><span class='ocrx_word' id='word_1_269' title='bbox 1202 1075 1294 1155; x_wconf 90' lang='lat' dir='ltr'><strong>litiei,</strong></span> <span class='ocrx_word' id='word_1_270' title='bbox 1324 1078 1577 1160; x_wconf 90' lang='lat' dir='ltr'><strong>imperfectionis</strong></span> <span class='ocrx_word' id='word_1_271' title='bbox 1607 1078 1772 1141; x_wconf 90' lang='lat' dir='ltr'><strong>victricem</strong></span> <span class='ocrx_word' id='word_1_272' title='bbox 1805 1078 1960 1162; x_wconf 89' lang='lat' dir='ltr'><strong>plenissi-</strong></span> 
     </span>
     <span class='ocr_line' id='line_1_52' title="bbox 1200 1175 1961 1253; baseline 0.004 -19"><span class='ocrx_word' id='word_1_273' title='bbox 1200 1194 1298 1253; x_wconf 87' lang='lat' dir='ltr'><strong>mam,</strong></span> <span class='ocrx_word' id='word_1_274' title='bbox 1325 1175 1369 1237; x_wconf 91' lang='lat' dir='ltr'><strong>ita</strong></span> <span class='ocrx_word' id='word_1_275' title='bbox 1393 1194 1522 1238; x_wconf 81' lang='lat' dir='ltr'><strong>exorsus</strong></span> <span class='ocrx_word' id='word_1_276' title='bbox 1545 1184 1594 1238; x_wconf 91' lang='lat' dir='ltr'><strong>est</strong></span> <span class='ocrx_word' id='word_1_277' title='bbox 1619 1200 1626 1237; x_wconf 92' lang='lat'>:</span> <span class='ocrx_word' id='word_1_278' title='bbox 1652 1177 1814 1239; x_wconf 87' lang='lat' dir='ltr'><strong>fdulierem</strong></span> <span class='ocrx_word' id='word_1_279' title='bbox 1836 1176 1961 1239; x_wconf 85' lang='lat' dir='ltr'><strong>fortem</strong></span> 
     </span>
     <span class='ocr_line' id='line_1_53' title="bbox 1200 1272 1961 1354; baseline 0.003 -21"><span class='ocrx_word' id='word_1_280' title='bbox 1200 1273 1273 1352; x_wconf 87' lang='lat' dir='ltr'><strong>quis</strong></span> <span class='ocrx_word' id='word_1_281' title='bbox 1301 1272 1464 1335; x_wconf 83' lang='lat' dir='ltr'><strong>invenietl</strong></span> <span class='ocrx_word' id='word_1_282' title='bbox 1489 1281 1639 1354; x_wconf 88' lang='lat' dir='ltr'><strong>tanquem</strong></span> <span class='ocrx_word' id='word_1_283' title='bbox 1668 1273 1755 1335; x_wconf 89' lang='lat' dir='ltr'><strong>dicet</strong></span> <span class='ocrx_word' id='word_1_284' title='bbox 1780 1296 1788 1334; x_wconf 75' lang='grc' dir='ltr'>ε</span> <span class='ocrx_word' id='word_1_285' title='bbox 1814 1274 1897 1337; x_wconf 82' lang='lat' dir='ltr'><strong>Raro</strong></span> <span class='ocrx_word' id='word_1_286' title='bbox 1920 1282 1961 1335; x_wconf 89' lang='lat' dir='ltr'><strong>et</strong></span> 
     </span>
     <span class='ocr_line' id='line_1_54' title="bbox 1202 1367 1959 1452; baseline 0.003 -20"><span class='ocrx_word' id='word_1_287' title='bbox 1202 1367 1378 1432; x_wconf 86' lang='lat' dir='ltr'><strong>difficulter</strong></span> <span class='ocrx_word' id='word_1_288' title='bbox 1392 1371 1583 1449; x_wconf 88' lang='lat' dir='ltr'><strong>invenietur,</strong></span> <span class='ocrx_word' id='word_1_289' title='bbox 1599 1371 1660 1433; x_wconf 93' lang='lat' dir='ltr'><strong>nisi</strong></span> <span class='ocrx_word' id='word_1_290' title='bbox 1676 1372 1814 1452; x_wconf 88' lang='lat' dir='ltr'><strong>desuper</strong></span> <span class='ocrx_word' id='word_1_291' title='bbox 1831 1372 1959 1435; x_wconf 91' lang='lat' dir='ltr'><strong>mundo</strong></span> 
     </span>
     <span class='ocr_line' id='line_1_55' title="bbox 1202 1468 1958 1550; baseline 0.001 -21"><span class='ocrx_word' id='word_1_292' title='bbox 1202 1468 1418 1550; x_wconf 88' lang='lat' dir='ltr'><strong>provideatur,</strong></span> <span class='ocrx_word' id='word_1_293' title='bbox 1441 1469 1593 1547; x_wconf 87' lang='lat' dir='ltr'><strong>mittetur,</strong></span> <span class='ocrx_word' id='word_1_294' title='bbox 1620 1470 1766 1532; x_wconf 89' lang='lat' dir='ltr'><strong>donetur.</strong></span> <span class='ocrx_word' id='word_1_295' title='bbox 1792 1470 1880 1531; x_wconf 91' lang='lat' dir='ltr'><strong>Unde</strong></span> <span class='ocrx_word' id='word_1_296' title='bbox 1905 1470 1958 1531; x_wconf 87' lang='lat' dir='ltr'><strong>sic</strong></span> 
     </span>
     <span class='ocr_line' id='line_1_56' title="bbox 1202 1565 1962 1648; baseline 0.001 -20"><span class='ocrx_word' id='word_1_297' title='bbox 1202 1585 1273 1628; x_wconf 90' lang='lat' dir='ltr'><strong>eem</strong></span> <span class='ocrx_word' id='word_1_298' title='bbox 1298 1566 1365 1629; x_wconf 88' lang='lat' dir='ltr'><strong>fore</strong></span> <span class='ocrx_word' id='word_1_299' title='bbox 1390 1567 1600 1648; x_wconf 69' lang='lat' dir='ltr'><strong>praestandam</strong></span> <span class='ocrx_word' id='word_1_300' title='bbox 1620 1585 1828 1647; x_wconf 89' lang='lat' dir='ltr'><strong>cognoscens,</strong></span> <span class='ocrx_word' id='word_1_301' title='bbox 1844 1568 1884 1629; x_wconf 90' lang='lat' dir='ltr'><strong>de</strong></span> <span class='ocrx_word' id='word_1_302' title='bbox 1903 1565 1962 1629; x_wconf 91' lang='lat' dir='ltr'><strong>fu-</strong></span> 
     </span>
     <span class='ocr_line' id='line_1_57' title="bbox 1201 1664 2102 1746; baseline 0.011 -23"><span class='ocrx_word' id='word_1_303' title='bbox 1201 1671 1273 1726; x_wconf 89' lang='lat' dir='ltr'><strong>turo</strong></span> <span class='ocrx_word' id='word_1_304' title='bbox 1298 1682 1355 1744; x_wconf 90' lang='lat' dir='ltr'><strong>per</strong></span> <span class='ocrx_word' id='word_1_305' title='bbox 1379 1664 1508 1726; x_wconf 92' lang='lat' dir='ltr'><strong>modum</strong></span> <span class='ocrx_word' id='word_1_306' title='bbox 1533 1666 1683 1746; x_wconf 77' lang='lat' dir='ltr'><strong>preteriti</strong></span> <span class='ocrx_word' id='word_1_307' title='bbox 1709 1665 1872 1745; x_wconf 86' lang='lat' dir='ltr'><strong>loquens:</strong></span> <span class='ocrx_word' id='word_1_308' title='bbox 1894 1666 2102 1733; x_wconf 68' lang='lat' dir='ltr'><strong>ilc-eman.</strong></span> 
     </span>
     <span class='ocr_line' id='line_1_58' title="bbox 1201 1752 2011 1842; baseline 0.001 -20"><span class='ocrx_word' id='word_1_309' title='bbox 1201 1760 1302 1823; x_wconf 82' lang='lat' dir='ltr'><strong>cinxit</strong></span> <span class='ocrx_word' id='word_1_310' title='bbox 1329 1761 1459 1842; x_wconf 85' lang='lat' dir='ltr'><strong>(inquit)</strong></span> <span class='ocrx_word' id='word_1_311' title='bbox 1487 1761 1676 1824; x_wconf 89' lang='lat' dir='ltr'><strong>fortitudine</strong></span> <span class='ocrx_word' id='word_1_312' title='bbox 1704 1762 1830 1825; x_wconf 91' lang='lat' dir='ltr'><strong>lumbos</strong></span> <span class='ocrx_word' id='word_1_313' title='bbox 1864 1781 1954 1839; x_wconf 79' lang='lat' dir='ltr'><strong>seue,</strong></span> <span class='ocrx_word' id='word_1_314' title='bbox 1976 1752 2011 1790; x_wconf 76' lang='lat'><strong>¹³·</strong></span> 
     </span>
     <span class='ocr_line' id='line_1_59' title="bbox 1164 1858 1958 1941; baseline 0.003 -22"><span class='ocrx_word' id='word_1_315' title='bbox 1164 1864 1234 1925; x_wconf 86' lang='lat' dir='ltr'><strong>Bet</strong></span> <span class='ocrx_word' id='word_1_316' title='bbox 1252 1858 1413 1921; x_wconf 89' lang='lat' dir='ltr'><strong>roboravit</strong></span> <span class='ocrx_word' id='word_1_317' title='bbox 1436 1859 1602 1921; x_wconf 88' lang='lat' dir='ltr'><strong>brechium</strong></span> <span class='ocrx_word' id='word_1_318' title='bbox 1627 1879 1731 1921; x_wconf 92' lang='lat' dir='ltr'><strong>suum.</strong></span> <span class='ocrx_word' id='word_1_319' title='bbox 1747 1860 1791 1922; x_wconf 90' lang='lat' dir='ltr'><strong>De</strong></span> <span class='ocrx_word' id='word_1_320' title='bbox 1812 1880 1875 1941; x_wconf 87' lang='lat' dir='ltr'><strong>que</strong></span> <span class='ocrx_word' id='word_1_321' title='bbox 1898 1859 1958 1921; x_wconf 87' lang='lat' dir='ltr'><strong>de-</strong></span> 
     </span>
     <span class='ocr_line' id='line_1_60' title="bbox 1201 1955 1953 2020; baseline 0.001 -3"><span class='ocrx_word' id='word_1_322' title='bbox 1201 1974 1265 2018; x_wconf 91' lang='lat' dir='ltr'><strong>nuo</strong></span> <span class='ocrx_word' id='word_1_323' title='bbox 1290 1956 1323 2017; x_wconf 94' lang='lat' dir='ltr'><strong>in</strong></span> <span class='ocrx_word' id='word_1_324' title='bbox 1349 1955 1486 2018; x_wconf 87' lang='lat' dir='ltr'><strong>Centicis</strong></span> <span class='ocrx_word' id='word_1_325' title='bbox 1510 1956 1714 2020; x_wconf 82' lang='lat' dir='ltr'><strong>admiratorio</strong></span> <span class='ocrx_word' id='word_1_326' title='bbox 1739 1957 1953 2019; x_wconf 85' lang='lat' dir='ltr'><strong>sciscitetur:</strong></span> 
     </span>
     <span class='ocr_line' id='line_1_61' title="bbox 1200 2052 2104 2135; baseline 0.002 -20"><span class='ocrx_word' id='word_1_327' title='bbox 1200 2052 1272 2126; x_wconf 78' lang='lat' dir='ltr'><strong>0¹1ae</strong></span> <span class='ocrx_word' id='word_1_328' title='bbox 1288 2060 1335 2115; x_wconf 91' lang='lat' dir='ltr'><strong>est</strong></span> <span class='ocrx_word' id='word_1_329' title='bbox 1350 2054 1410 2116; x_wconf 89' lang='lat' dir='ltr'><strong>ista</strong></span> <span class='ocrx_word' id='word_1_330' title='bbox 1424 2071 1494 2134; x_wconf 71' lang='lat' dir='ltr'><strong>quet</strong></span> <span class='ocrx_word' id='word_1_331' title='bbox 1509 2055 1710 2135; x_wconf 86' lang='lat' dir='ltr'><strong>progreditur</strong></span> <span class='ocrx_word' id='word_1_332' title='bbox 1731 2054 1819 2118; x_wconf 88' lang='lat' dir='ltr'><strong>velut</strong></span> <span class='ocrx_word' id='word_1_333' title='bbox 1837 2074 1957 2117; x_wconf 91' lang='lat' dir='ltr'><strong>eurora</strong></span> <span class='ocrx_word' id='word_1_334' title='bbox 1973 2076 2104 2122; x_wconf 62' lang='lat' dir='ltr'><strong>cuens.</strong></span> 
     </span>
     <span class='ocr_line' id='line_1_62' title="bbox 1201 2151 1955 2233; baseline 0.003 -20"><span class='ocrx_word' id='word_1_335' title='bbox 1201 2170 1408 2232; x_wconf 90' lang='lat' dir='ltr'><strong>consurgens,</strong></span> <span class='ocrx_word' id='word_1_336' title='bbox 1426 2152 1559 2233; x_wconf 89' lang='lat' dir='ltr'><strong>pulchre</strong></span> <span class='ocrx_word' id='word_1_337' title='bbox 1574 2160 1609 2214; x_wconf 94' lang='lat' dir='ltr'><strong>ut</strong></span> <span class='ocrx_word' id='word_1_338' title='bbox 1623 2151 1710 2232; x_wconf 88' lang='lat' dir='ltr'><strong>luna,</strong></span> <span class='ocrx_word' id='word_1_339' title='bbox 1726 2153 1828 2215; x_wconf 87' lang='lat' dir='ltr'><strong>electa</strong></span> <span class='ocrx_word' id='word_1_340' title='bbox 1842 2161 1876 2214; x_wconf 94' lang='lat' dir='ltr'><strong>ut</strong></span> <span class='ocrx_word' id='word_1_341' title='bbox 1890 2153 1955 2232; x_wconf 92' lang='lat' dir='ltr'><strong>sol,</strong></span> 
     </span>
     <span class='ocr_line' id='line_1_63' title="bbox 1201 2248 1957 2313; baseline 0.005 -4"><span class='ocrx_word' id='word_1_342' title='bbox 1201 2248 1354 2310; x_wconf 89' lang='lat' dir='ltr'><strong>terribilis</strong></span> <span class='ocrx_word' id='word_1_343' title='bbox 1378 2258 1413 2309; x_wconf 90' lang='lat' dir='ltr'><strong>ut</strong></span> <span class='ocrx_word' id='word_1_344' title='bbox 1437 2259 1612 2312; x_wconf 90' lang='lat' dir='ltr'><strong>castrorum</strong></span> <span class='ocrx_word' id='word_1_345' title='bbox 1636 2250 1722 2312; x_wconf 87' lang='lat' dir='ltr'><strong>ecies</strong></span> <span class='ocrx_word' id='word_1_346' title='bbox 1746 2251 1957 2313; x_wconf 85' lang='lat' dir='ltr'><strong>ordinalelO</strong></span> 
     </span>
     <span class='ocr_line' id='line_1_64' title="bbox 1201 2346 1956 2429; baseline 0.005 -22"><span class='ocrx_word' id='word_1_347' title='bbox 1201 2366 1276 2408; x_wconf 90' lang='lat' dir='ltr'><strong>vere</strong></span> <span class='ocrx_word' id='word_1_348' title='bbox 1301 2348 1444 2408; x_wconf 92' lang='lat' dir='ltr'><strong>omnium</strong></span> <span class='ocrx_word' id='word_1_349' title='bbox 1469 2346 1643 2410; x_wconf 92' lang='lat' dir='ltr'><strong>fortissime</strong></span> <span class='ocrx_word' id='word_1_350' title='bbox 1672 2348 1854 2429; x_wconf 89' lang='lat' dir='ltr'><strong>muliemm,</strong></span> <span class='ocrx_word' id='word_1_351' title='bbox 1879 2366 1956 2429; x_wconf 81' lang='lat' dir='ltr'><strong>quae</strong></span> 
     </span>
     <span class='ocr_line' id='line_1_65' title="bbox 1202 2444 1958 2526; baseline 0.005 -22"><span class='ocrx_word' id='word_1_352' title='bbox 1202 2444 1348 2506; x_wconf 84' lang='lat' dir='ltr'><strong>bumenae</strong></span> <span class='ocrx_word' id='word_1_353' title='bbox 1364 2444 1551 2525; x_wconf 89' lang='lat' dir='ltr'><strong>perditionis</strong></span> <span class='ocrx_word' id='word_1_354' title='bbox 1567 2445 1702 2507; x_wconf 91' lang='lat' dir='ltr'><strong>calcevit</strong></span> <span class='ocrx_word' id='word_1_355' title='bbox 1716 2454 1889 2526; x_wconf 89' lang='lat' dir='ltr'><strong>auctorem,</strong></span> <span class='ocrx_word' id='word_1_356' title='bbox 1907 2455 1958 2508; x_wconf 88' lang='lat' dir='ltr'><strong>et-</strong></span> 
     </span>
     <span class='ocr_line' id='line_1_66' title="bbox 1202 2542 1958 2626; baseline 0.007 -24"><span class='ocrx_word' id='word_1_357' title='bbox 1202 2560 1264 2623; x_wconf 89' lang='lat' dir='ltr'><strong>que</strong></span> <span class='ocrx_word' id='word_1_358' title='bbox 1278 2542 1401 2603; x_wconf 71' lang='lat' dir='ltr'><strong>emissae</strong></span> <span class='ocrx_word' id='word_1_359' title='bbox 1421 2542 1624 2605; x_wconf 91' lang='lat' dir='ltr'><strong>beatitudinis</strong></span> <span class='ocrx_word' id='word_1_360' title='bbox 1645 2553 1858 2625; x_wconf 89' lang='lat' dir='ltr'><strong>reparatorem</strong></span> <span class='ocrx_word' id='word_1_361' title='bbox 1879 2563 1958 2626; x_wconf 87' lang='lat' dir='ltr'><strong>pro-</strong></span> 
     </span>
     <span class='ocr_line' id='line_1_67' title="bbox 1201 2637 1312 2701; baseline 0 -1"><span class='ocrx_word' id='word_1_362' title='bbox 1201 2637 1312 2701; x_wconf 80' lang='lat' dir='ltr'><strong>duriti</strong></span> 
     </span>
     <span class='ocr_line' id='line_1_68' title="bbox 1242 2737 1955 2801; baseline 0.006 -4"><span class='ocrx_word' id='word_1_363' title='bbox 1242 2737 1312 2799; x_wconf 77' lang='lat' dir='ltr'><strong>liceo</strong></span> <span class='ocrx_word' id='word_1_364' title='bbox 1337 2737 1424 2800; x_wconf 91' lang='lat' dir='ltr'><strong>omni</strong></span> <span class='ocrx_word' id='word_1_365' title='bbox 1451 2738 1562 2799; x_wconf 89' lang='lat' dir='ltr'><strong>morali</strong></span> <span class='ocrx_word' id='word_1_366' title='bbox 1592 2737 1708 2801; x_wconf 90' lang='lat' dir='ltr'><strong>virtute</strong></span> <span class='ocrx_word' id='word_1_367' title='bbox 1736 2738 1798 2801; x_wconf 93' lang='lat' dir='ltr'><strong>fuit</strong></span> <span class='ocrx_word' id='word_1_368' title='bbox 1826 2758 1955 2801; x_wconf 89' lang='lat' dir='ltr'><strong>summe</strong></span> 
     </span>
     <span class='ocr_line' id='line_1_69' title="bbox 1201 2834 1956 2916; baseline 0.004 -21"><span class='ocrx_word' id='word_1_369' title='bbox 1201 2842 1312 2895; x_wconf 88' lang='lat' dir='ltr'><strong>ornata</strong></span> <span class='ocrx_word' id='word_1_370' title='bbox 1333 2834 1650 2916; x_wconf 78' lang='lat' dir='ltr'><strong>insuperabiliterque</strong></span> <span class='ocrx_word' id='word_1_371' title='bbox 1672 2844 1802 2897; x_wconf 86' lang='lat' dir='ltr'><strong>armata.</strong></span> <span class='ocrx_word' id='word_1_372' title='bbox 1818 2836 1956 2899; x_wconf 78' lang='lat' dir='ltr'><strong>florales</strong></span> 
     </span>
     <span class='ocr_line' id='line_1_70' title="bbox 1202 2932 1957 3014; baseline 0.003 -21"><span class='ocrx_word' id='word_1_373' title='bbox 1202 2932 1321 3013; x_wconf 90' lang='lat' dir='ltr'><strong>quippe</strong></span> <span class='ocrx_word' id='word_1_374' title='bbox 1342 2932 1475 2995; x_wconf 90' lang='lat' dir='ltr'><strong>virtutes</strong></span> <span class='ocrx_word' id='word_1_375' title='bbox 1500 2933 1661 3011; x_wconf 88' lang='lat' dir='ltr'><strong>dicuntur,</strong></span> <span class='ocrx_word' id='word_1_376' title='bbox 1676 2953 1747 3014; x_wconf 75' lang='lat' dir='ltr'><strong>quer</strong></span> <span class='ocrx_word' id='word_1_377' title='bbox 1770 2934 1855 2997; x_wconf 89' lang='lat' dir='ltr'><strong>circa</strong></span> <span class='ocrx_word' id='word_1_378' title='bbox 1880 2953 1957 3014; x_wconf 93' lang='lat' dir='ltr'><strong>pas-</strong></span> 
     </span>
     <span class='ocr_line' id='line_1_71' title="bbox 1162 3030 1958 3107; baseline -0.003 -12"><span class='ocrx_word' id='word_1_379' title='bbox 1162 3033 1183 3095; x_wconf 88' lang='lat' dir='ltr'>C</span> <span class='ocrx_word' id='word_1_380' title='bbox 1203 3030 1310 3091; x_wconf 89' lang='lat' dir='ltr'><strong>siones</strong></span> <span class='ocrx_word' id='word_1_381' title='bbox 1331 3037 1509 3107; x_wconf 91' lang='lat' dir='ltr'><strong>versantur,</strong></span> <span class='ocrx_word' id='word_1_382' title='bbox 1526 3030 1717 3093; x_wconf 81' lang='lat' dir='ltr'><strong>refrenando</strong></span> <span class='ocrx_word' id='word_1_383' title='bbox 1731 3040 1764 3093; x_wconf 88' lang='lat' dir='ltr'><strong>et</strong></span> <span class='ocrx_word' id='word_1_384' title='bbox 1777 3030 1958 3094; x_wconf 88' lang='lat' dir='ltr'><strong>reforman-</strong></span> 
     </span>
     <span class='ocr_line' id='line_1_72' title="bbox 1202 3128 1955 3193; baseline 0.005 -5"><span class='ocrx_word' id='word_1_385' title='bbox 1202 3128 1243 3190; x_wconf 94' lang='lat' dir='ltr'><strong>do</strong></span> <span class='ocrx_word' id='word_1_386' title='bbox 1272 3147 1309 3191; x_wconf 92' lang='lat' dir='ltr'><strong>ec</strong></span> <span class='ocrx_word' id='word_1_387' title='bbox 1338 3129 1531 3192; x_wconf 89' lang='lat' dir='ltr'><strong>moderando</strong></span> <span class='ocrx_word' id='word_1_388' title='bbox 1560 3131 1697 3192; x_wconf 89' lang='lat' dir='ltr'><strong>eesdem.</strong></span> <span class='ocrx_word' id='word_1_389' title='bbox 1725 3130 1955 3193; x_wconf 78' lang='lat' dir='ltr'><strong>Verumtamen</strong></span> 
     </span>
     <span class='ocr_line' id='line_1_73' title="bbox 1202 3227 1956 3308; baseline 0.007 -23"><span class='ocrx_word' id='word_1_390' title='bbox 1202 3245 1266 3286; x_wconf 91' lang='lat' dir='ltr'><strong>una</strong></span> <span class='ocrx_word' id='word_1_391' title='bbox 1289 3245 1409 3303; x_wconf 91' lang='lat' dir='ltr'><strong>earum,</strong></span> <span class='ocrx_word' id='word_1_392' title='bbox 1436 3235 1512 3306; x_wconf 90' lang='lat' dir='ltr'><strong>puta</strong></span> <span class='ocrx_word' id='word_1_393' title='bbox 1536 3227 1716 3308; x_wconf 90' lang='lat' dir='ltr'><strong>prudentie,</strong></span> <span class='ocrx_word' id='word_1_394' title='bbox 1743 3227 1875 3290; x_wconf 91' lang='lat' dir='ltr'><strong>rationis</strong></span> <span class='ocrx_word' id='word_1_395' title='bbox 1903 3238 1956 3290; x_wconf 86' lang='lat' dir='ltr'><strong>est</strong></span> 
     </span>
     <span class='ocr_line' id='line_1_74' title="bbox 1202 3324 1957 3406; baseline 0.004 -21"><span class='ocrx_word' id='word_1_396' title='bbox 1202 3324 1367 3401; x_wconf 90' lang='lat' dir='ltr'><strong>directiva,</strong></span> <span class='ocrx_word' id='word_1_397' title='bbox 1390 3332 1421 3387; x_wconf 92' lang='lat' dir='ltr'><strong>et</strong></span> <span class='ocrx_word' id='word_1_398' title='bbox 1447 3324 1480 3385; x_wconf 93' lang='lat' dir='ltr'><strong>in</strong></span> <span class='ocrx_word' id='word_1_399' title='bbox 1504 3324 1626 3388; x_wconf 90' lang='lat' dir='ltr'><strong>retione</strong></span> <span class='ocrx_word' id='word_1_400' title='bbox 1650 3332 1800 3406; x_wconf 83' lang='lat' dir='ltr'><strong>tanquam</strong></span> <span class='ocrx_word' id='word_1_401' title='bbox 1822 3325 1856 3386; x_wconf 92' lang='lat' dir='ltr'><strong>in</strong></span> <span class='ocrx_word' id='word_1_402' title='bbox 1877 3327 1957 3388; x_wconf 93' lang='lat' dir='ltr'><strong>sub-</strong></span> 
     </span>
     <span class='ocr_line' id='line_1_75' title="bbox 1202 3420 1955 3503; baseline 0.005 -21"><span class='ocrx_word' id='word_1_403' title='bbox 1202 3422 1287 3503; x_wconf 87' lang='lat' dir='ltr'><strong>jecto</strong></span> <span class='ocrx_word' id='word_1_404' title='bbox 1311 3420 1468 3500; x_wconf 90' lang='lat' dir='ltr'><strong>consistit,</strong></span> <span class='ocrx_word' id='word_1_405' title='bbox 1485 3422 1682 3502; x_wconf 87' lang='lat' dir='ltr'><strong>aliarumque</strong></span> <span class='ocrx_word' id='word_1_406' title='bbox 1708 3423 1860 3485; x_wconf 88' lang='lat' dir='ltr'><strong>virtutum</strong></span> <span class='ocrx_word' id='word_1_407' title='bbox 1883 3443 1955 3486; x_wconf 92' lang='lat' dir='ltr'><strong>mo-</strong></span> 
     </span>
     <span class='ocr_line' id='line_1_76' title="bbox 1204 3519 1956 3602; baseline 0.003 -21"><span class='ocrx_word' id='word_1_408' title='bbox 1204 3519 1318 3581; x_wconf 89' lang='lat' dir='ltr'><strong>ralium</strong></span> <span class='ocrx_word' id='word_1_409' title='bbox 1347 3520 1529 3582; x_wconf 91' lang='lat' dir='ltr'><strong>moderatur</strong></span> <span class='ocrx_word' id='word_1_410' title='bbox 1557 3539 1593 3581; x_wconf 92' lang='lat' dir='ltr'><strong>ac</strong></span> <span class='ocrx_word' id='word_1_411' title='bbox 1622 3520 1729 3602; x_wconf 79' lang='lat' dir='ltr'><strong>dirigit</strong></span> <span class='ocrx_word' id='word_1_412' title='bbox 1754 3529 1855 3583; x_wconf 90' lang='lat' dir='ltr'><strong>ectus.</strong></span> <span class='ocrx_word' id='word_1_413' title='bbox 1881 3522 1956 3584; x_wconf 82' lang='lat' dir='ltr'><strong>Alia</strong></span> 
     </span>
     <span class='ocr_line' id='line_1_77' title="bbox 1205 3617 1955 3700; baseline 0.003 -21"><span class='ocrx_word' id='word_1_414' title='bbox 1205 3617 1290 3680; x_wconf 88' lang='lat' dir='ltr'><strong>eirca</strong></span> <span class='ocrx_word' id='word_1_415' title='bbox 1308 3617 1508 3698; x_wconf 88' lang='lat' dir='ltr'><strong>operationes</strong></span> <span class='ocrx_word' id='word_1_416' title='bbox 1529 3617 1650 3679; x_wconf 89' lang='lat' dir='ltr'><strong>intente</strong></span> <span class='ocrx_word' id='word_1_417' title='bbox 1669 3626 1728 3697; x_wconf 90' lang='lat' dir='ltr'><strong>est,</strong></span> <span class='ocrx_word' id='word_1_418' title='bbox 1745 3618 1776 3681; x_wconf 92' lang='lat' dir='ltr'><strong>id</strong></span> <span class='ocrx_word' id='word_1_419' title='bbox 1798 3628 1846 3682; x_wconf 89' lang='lat' dir='ltr'><strong>est</strong></span> <span class='ocrx_word' id='word_1_420' title='bbox 1858 3619 1955 3700; x_wconf 88' lang='lat' dir='ltr'><strong>justi-</strong></span> 
     </span>
     <span class='ocr_line' id='line_1_78' title="bbox 1204 3715 1955 3796; baseline 0.008 -21"><span class='ocrx_word' id='word_1_421' title='bbox 1204 3715 1257 3794; x_wconf 89' lang='lat' dir='ltr'><strong>tia,</strong></span> <span class='ocrx_word' id='word_1_422' title='bbox 1285 3715 1401 3796; x_wconf 87' lang='lat' dir='ltr'><strong>cuique</strong></span> <span class='ocrx_word' id='word_1_423' title='bbox 1428 3717 1512 3796; x_wconf 89' lang='lat' dir='ltr'><strong>quod</strong></span> <span class='ocrx_word' id='word_1_424' title='bbox 1543 3735 1635 3778; x_wconf 93' lang='lat' dir='ltr'><strong>suum</strong></span> <span class='ocrx_word' id='word_1_425' title='bbox 1661 3725 1708 3778; x_wconf 85' lang='lat' dir='ltr'><strong>est</strong></span> <span class='ocrx_word' id='word_1_426' title='bbox 1738 3717 1893 3795; x_wconf 82' lang='lat' dir='ltr'><strong>reddens3</strong></span> <span class='ocrx_word' id='word_1_427' title='bbox 1920 3728 1955 3781; x_wconf 85' lang='lat' dir='ltr'><strong>et</strong></span> 
     </span>
     <span class='ocr_line' id='line_1_79' title="bbox 1203 3811 1954 3895; baseline 0.003 -20"><span class='ocrx_word' id='word_1_428' title='bbox 1203 3811 1359 3877; x_wconf 88' lang='lat' dir='ltr'><strong>voluntati</strong></span> <span class='ocrx_word' id='word_1_429' title='bbox 1374 3812 1516 3875; x_wconf 75' lang='lat' dir='ltr'><strong>inheret.</strong></span> <span class='ocrx_word' id='word_1_430' title='bbox 1533 3813 1650 3875; x_wconf 83' lang='lat' dir='ltr'><strong>Ceterae</strong></span> <span class='ocrx_word' id='word_1_431' title='bbox 1669 3813 1702 3874; x_wconf 94' lang='lat' dir='ltr'><strong>in</strong></span> <span class='ocrx_word' id='word_1_432' title='bbox 1721 3815 1864 3895; x_wconf 85' lang='lat' dir='ltr'><strong>appetitu</strong></span> <span class='ocrx_word' id='word_1_433' title='bbox 1884 3834 1954 3877; x_wconf 89' lang='lat' dir='ltr'><strong>sen-</strong></span> 
     </span>
     <span class='ocr_line' id='line_1_80' title="bbox 1204 3911 1956 3992; baseline 0.004 -20"><span class='ocrx_word' id='word_1_434' title='bbox 1204 3911 1297 3974; x_wconf 92' lang='lat' dir='ltr'><strong>silivo</strong></span> <span class='ocrx_word' id='word_1_435' title='bbox 1312 3931 1330 3972; x_wconf 95' lang='lat' dir='ltr'><strong>e</strong></span> <span class='ocrx_word' id='word_1_436' title='bbox 1343 3911 1534 3992; x_wconf 90' lang='lat' dir='ltr'><strong>quibusdam</strong></span> <span class='ocrx_word' id='word_1_437' title='bbox 1549 3931 1619 3973; x_wconf 87' lang='lat' dir='ltr'><strong>esse</strong></span> <span class='ocrx_word' id='word_1_438' title='bbox 1633 3911 1784 3973; x_wconf 90' lang='lat' dir='ltr'><strong>dicuntur</strong></span> <span class='ocrx_word' id='word_1_439' title='bbox 1804 3936 1811 3973; x_wconf 72' lang='grc' dir='ltr'><strong><em>ε</em></strong></span> <span class='ocrx_word' id='word_1_440' title='bbox 1834 3921 1867 3975; x_wconf 91' lang='lat' dir='ltr'><strong>et</strong></span> <span class='ocrx_word' id='word_1_441' title='bbox 1884 3932 1956 3975; x_wconf 88' lang='lat' dir='ltr'><strong>cer-</strong></span> 
     </span>
     <span class='ocr_line' id='line_1_81' title="bbox 1204 4008 1954 4094; baseline 0.003 -24"><span class='ocrx_word' id='word_1_442' title='bbox 1204 4017 1235 4071; x_wconf 88' lang='lat' dir='ltr'><strong>te</strong></span> <span class='ocrx_word' id='word_1_443' title='bbox 1255 4008 1288 4069; x_wconf 93' lang='lat' dir='ltr'><strong>in</strong></span> <span class='ocrx_word' id='word_1_444' title='bbox 1307 4027 1345 4072; x_wconf 94' lang='lat' dir='ltr'><strong>eo</strong></span> <span class='ocrx_word' id='word_1_445' title='bbox 1365 4017 1448 4086; x_wconf 89' lang='lat' dir='ltr'><strong>sunt,</strong></span> <span class='ocrx_word' id='word_1_446' title='bbox 1469 4017 1524 4070; x_wconf 90' lang='lat' dir='ltr'><strong>eut</strong></span> <span class='ocrx_word' id='word_1_447' title='bbox 1548 4028 1605 4091; x_wconf 92' lang='lat' dir='ltr'><strong>per</strong></span> <span class='ocrx_word' id='word_1_448' title='bbox 1629 4010 1801 4072; x_wconf 89' lang='lat' dir='ltr'><strong>essentiam</strong></span> <span class='ocrx_word' id='word_1_449' title='bbox 1820 4018 1875 4072; x_wconf 91' lang='lat' dir='ltr'><strong>aut</strong></span> <span class='ocrx_word' id='word_1_450' title='bbox 1894 4031 1954 4094; x_wconf 87' lang='lat' dir='ltr'><strong>per</strong></span> 
     </span>
     <span class='ocr_line' id='line_1_82' title="bbox 1204 4106 1953 4189; baseline 0.004 -21"><span class='ocrx_word' id='word_1_451' title='bbox 1204 4107 1373 4187; x_wconf 88' lang='lat' dir='ltr'><strong>quemdem</strong></span> <span class='ocrx_word' id='word_1_452' title='bbox 1396 4107 1647 4189; x_wconf 89' lang='lat' dir='ltr'><strong>impressionem.</strong></span> <span class='ocrx_word' id='word_1_453' title='bbox 1664 4106 1766 4180; x_wconf 84' lang='lat' dir='ltr'><strong>Ouum</strong></span> <span class='ocrx_word' id='word_1_454' title='bbox 1787 4107 1892 4189; x_wconf 79' lang='lat' dir='ltr'><strong>itaque</strong></span> <span class='ocrx_word' id='word_1_455' title='bbox 1917 4109 1953 4171; x_wconf 94' lang='lat' dir='ltr'><strong>in</strong></span> 
     </span>
     <span class='ocr_line' id='line_1_83' title="bbox 1165 4203 1954 4286; baseline 0.003 -19"><span class='ocrx_word' id='word_1_456' title='bbox 1165 4203 1417 4267; x_wconf 87' lang='lat' dir='ltr'><strong>Dsacratissime</strong></span> <span class='ocrx_word' id='word_1_457' title='bbox 1437 4204 1560 4285; x_wconf 90' lang='lat' dir='ltr'><strong>virgine</strong></span> <span class='ocrx_word' id='word_1_458' title='bbox 1580 4204 1675 4266; x_wconf 80' lang='lat' dir='ltr'><strong>illaria</strong></span> <span class='ocrx_word' id='word_1_459' title='bbox 1695 4205 1856 4286; x_wconf 88' lang='lat' dir='ltr'><strong>appetitus</strong></span> <span class='ocrx_word' id='word_1_460' title='bbox 1880 4226 1954 4269; x_wconf 86' lang='lat' dir='ltr'><strong>sen-</strong></span> 
     </span>
     <span class='ocr_line' id='line_1_84' title="bbox 1204 4301 1954 4382; baseline 0.007 -20"><span class='ocrx_word' id='word_1_461' title='bbox 1204 4301 1316 4364; x_wconf 92' lang='lat' dir='ltr'><strong>sitivus</strong></span> <span class='ocrx_word' id='word_1_462' title='bbox 1341 4301 1486 4379; x_wconf 92' lang='lat' dir='ltr'><strong>inferior,</strong></span> <span class='ocrx_word' id='word_1_463' title='bbox 1511 4301 1605 4382; x_wconf 88' lang='lat' dir='ltr'><strong>cujus</strong></span> <span class='ocrx_word' id='word_1_464' title='bbox 1628 4310 1733 4365; x_wconf 92' lang='lat' dir='ltr'><strong>motus</strong></span> <span class='ocrx_word' id='word_1_465' title='bbox 1762 4311 1794 4366; x_wconf 91' lang='lat' dir='ltr'><strong>et</strong></span> <span class='ocrx_word' id='word_1_466' title='bbox 1818 4304 1954 4367; x_wconf 93' lang='lat' dir='ltr'><strong>inclina-</strong></span> 
     </span>
     <span class='ocr_line' id='line_1_85' title="bbox 1205 4400 1955 4482; baseline 0.007 -22"><span class='ocrx_word' id='word_1_467' title='bbox 1205 4400 1307 4462; x_wconf 90' lang='lat' dir='ltr'><strong>tiones</strong></span> <span class='ocrx_word' id='word_1_468' title='bbox 1321 4400 1481 4462; x_wconf 91' lang='lat' dir='ltr'><strong>neturales</strong></span> <span class='ocrx_word' id='word_1_469' title='bbox 1498 4408 1651 4462; x_wconf 90' lang='lat' dir='ltr'><strong>vocentur</strong></span> <span class='ocrx_word' id='word_1_470' title='bbox 1665 4400 1841 4482; x_wconf 87' lang='lat' dir='ltr'><strong>passiones,</strong></span> <span class='ocrx_word' id='word_1_471' title='bbox 1855 4401 1955 4465; x_wconf 86' lang='lat' dir='ltr'><strong>fuerit</strong></span> 
     </span>
     <span class='ocr_line' id='line_1_86' title="bbox 1205 4496 1955 4563; baseline 0.004 -5"><span class='ocrx_word' id='word_1_472' title='bbox 1205 4496 1318 4559; x_wconf 92' lang='lat' dir='ltr'><strong>rationi</strong></span> <span class='ocrx_word' id='word_1_473' title='bbox 1349 4514 1386 4558; x_wconf 89' lang='lat' dir='ltr'><strong>ac</strong></span> <span class='ocrx_word' id='word_1_474' title='bbox 1411 4496 1565 4558; x_wconf 87' lang='lat' dir='ltr'><strong>voluntati</strong></span> <span class='ocrx_word' id='word_1_475' title='bbox 1590 4497 1819 4561; x_wconf 87' lang='lat' dir='ltr'><strong>inviolabiliter</strong></span> <span class='ocrx_word' id='word_1_476' title='bbox 1845 4501 1955 4563; x_wconf 90' lang='lat' dir='ltr'><strong>subdi-</strong></span> 
     </span>
     <span class='ocr_line' id='line_1_87' title="bbox 1205 4593 1953 4680; baseline 0.005 -24"><span class='ocrx_word' id='word_1_477' title='bbox 1205 4603 1267 4674; x_wconf 88' lang='lat' dir='ltr'><strong>tus,</strong></span> <span class='ocrx_word' id='word_1_478' title='bbox 1290 4593 1585 4674; x_wconf 86' lang='lat' dir='ltr'><strong>indeviebiliterque</strong></span> <span class='ocrx_word' id='word_1_479' title='bbox 1613 4595 1777 4675; x_wconf 86' lang='lat' dir='ltr'><strong>obediens,</strong></span> <span class='ocrx_word' id='word_1_480' title='bbox 1799 4616 1836 4660; x_wconf 91' lang='lat' dir='ltr'><strong>ec</strong></span> <span class='ocrx_word' id='word_1_481' title='bbox 1864 4617 1953 4680; x_wconf 92' lang='lat' dir='ltr'><strong>pror-</strong></span> 
     </span>
     <span class='ocr_line' id='line_1_88' title="bbox 1205 4691 1952 4777; baseline 0.007 -23"><span class='ocrx_word' id='word_1_482' title='bbox 1205 4712 1258 4754; x_wconf 90' lang='lat' dir='ltr'><strong>sus</strong></span> <span class='ocrx_word' id='word_1_483' title='bbox 1284 4691 1520 4774; x_wconf 87' lang='lat' dir='ltr'><strong>promptissime</strong></span> <span class='ocrx_word' id='word_1_484' title='bbox 1544 4693 1702 4771; x_wconf 90' lang='lat' dir='ltr'><strong>serviens;</strong></span> <span class='ocrx_word' id='word_1_485' title='bbox 1719 4703 1843 4758; x_wconf 88' lang='lat' dir='ltr'><strong>constat</strong></span> <span class='ocrx_word' id='word_1_486' title='bbox 1865 4698 1952 4777; x_wconf 86' lang='lat' dir='ltr'><strong>quod</strong></span> 
     </span>
     <span class='ocr_line' id='line_1_89' title="bbox 1204 4789 1954 4856; baseline 0.007 -5"><span class='ocrx_word' id='word_1_487' title='bbox 1204 4790 1337 4852; x_wconf 90' lang='lat' dir='ltr'><strong>virtutes</strong></span> <span class='ocrx_word' id='word_1_488' title='bbox 1359 4789 1496 4852; x_wconf 83' lang='lat' dir='ltr'><strong>morales</strong></span> <span class='ocrx_word' id='word_1_489' title='bbox 1521 4790 1554 4851; x_wconf 92' lang='lat' dir='ltr'><strong>in</strong></span> <span class='ocrx_word' id='word_1_490' title='bbox 1584 4791 1754 4854; x_wconf 89' lang='lat' dir='ltr'><strong>benedicta</strong></span> <span class='ocrx_word' id='word_1_491' title='bbox 1782 4801 1815 4856; x_wconf 93' lang='lat' dir='ltr'><strong>et</strong></span> <span class='ocrx_word' id='word_1_492' title='bbox 1843 4794 1876 4856; x_wconf 93' lang='lat' dir='ltr'><strong>in</strong></span> <span class='ocrx_word' id='word_1_493' title='bbox 1899 4813 1954 4856; x_wconf 89' lang='lat' dir='ltr'><strong>sn-</strong></span> 
     </span>
     <span class='ocr_line' id='line_1_90' title="bbox 1203 4888 1953 4971; baseline 0.005 -21"><span class='ocrx_word' id='word_1_494' title='bbox 1203 4888 1398 4969; x_wconf 87' lang='lat' dir='ltr'><strong>pematurali</strong></span> <span class='ocrx_word' id='word_1_495' title='bbox 1425 4888 1520 4949; x_wconf 88' lang='lat' dir='ltr'><strong>illaria</strong></span> <span class='ocrx_word' id='word_1_496' title='bbox 1548 4888 1688 4967; x_wconf 90' lang='lat' dir='ltr'><strong>fuerunt,</strong></span> <span class='ocrx_word' id='word_1_497' title='bbox 1719 4899 1814 4971; x_wconf 92' lang='lat' dir='ltr'><strong>prout</strong></span> <span class='ocrx_word' id='word_1_498' title='bbox 1840 4891 1953 4954; x_wconf 92' lang='lat' dir='ltr'><strong>dicun-</strong></span> 
     </span>
     <span class='ocr_line' id='line_1_91' title="bbox 1202 4986 1952 5070; baseline 0.009 -23"><span class='ocrx_word' id='word_1_499' title='bbox 1202 4994 1255 5047; x_wconf 92' lang='lat' dir='ltr'><strong>tur</strong></span> <span class='ocrx_word' id='word_1_500' title='bbox 1275 4986 1406 5048; x_wconf 88' lang='lat' dir='ltr'><strong>virtutes</strong></span> <span class='ocrx_word' id='word_1_501' title='bbox 1426 4987 1551 5068; x_wconf 88' lang='lat' dir='ltr'><strong>purgati</strong></span> <span class='ocrx_word' id='word_1_502' title='bbox 1570 4988 1680 5066; x_wconf 90' lang='lat' dir='ltr'><strong>animi,</strong></span> <span class='ocrx_word' id='word_1_503' title='bbox 1698 4997 1791 5070; x_wconf 85' lang='lat' dir='ltr'><strong>atque</strong></span> <span class='ocrx_word' id='word_1_504' title='bbox 1815 4990 1952 5055; x_wconf 81' lang='lat' dir='ltr'><strong>beroicae</strong></span> 
     </span>
     <span class='ocr_line' id='line_1_92' title="bbox 1203 5082 1955 5167; baseline 0.007 -22"><span class='ocrx_word' id='word_1_505' title='bbox 1203 5103 1239 5145; x_wconf 92' lang='lat' dir='ltr'><strong>ec</strong></span> <span class='ocrx_word' id='word_1_506' title='bbox 1264 5084 1424 5164; x_wconf 74' lang='lat' dir='ltr'><strong>perfectae.</strong></span> <span class='ocrx_word' id='word_1_507' title='bbox 1440 5082 1578 5156; x_wconf 86' lang='lat' dir='ltr'><strong>Quarum</strong></span> <span class='ocrx_word' id='word_1_508' title='bbox 1599 5093 1673 5147; x_wconf 90' lang='lat' dir='ltr'><strong>sunt</strong></span> <span class='ocrx_word' id='word_1_509' title='bbox 1691 5095 1827 5167; x_wconf 91' lang='lat' dir='ltr'><strong>quatuor</strong></span> <span class='ocrx_word' id='word_1_510' title='bbox 1850 5088 1955 5150; x_wconf 89' lang='lat' dir='ltr'><strong>cardi-</strong></span> 
     </span>
     <span class='ocr_line' id='line_1_93' title="bbox 1203 5181 1951 5262; baseline 0.007 -19"><span class='ocrx_word' id='word_1_511' title='bbox 1203 5181 1303 5260; x_wconf 90' lang='lat' dir='ltr'><strong>nales,</strong></span> <span class='ocrx_word' id='word_1_512' title='bbox 1326 5189 1402 5262; x_wconf 91' lang='lat' dir='ltr'><strong>pute</strong></span> <span class='ocrx_word' id='word_1_513' title='bbox 1431 5182 1611 5262; x_wconf 90' lang='lat' dir='ltr'><strong>prudentia,</strong></span> <span class='ocrx_word' id='word_1_514' title='bbox 1636 5183 1771 5262; x_wconf 89' lang='lat' dir='ltr'><strong>justitia,</strong></span> <span class='ocrx_word' id='word_1_515' title='bbox 1797 5183 1951 5248; x_wconf 89' lang='lat' dir='ltr'><strong>fortitudo</strong></span> 
     </span>
     <span class='ocr_line' id='line_1_94' title="bbox 1203 5280 1954 5363; baseline 0.004 -19"><span class='ocrx_word' id='word_1_516' title='bbox 1203 5288 1234 5344; x_wconf 88' lang='lat' dir='ltr'><strong>et</strong></span> <span class='ocrx_word' id='word_1_517' title='bbox 1257 5281 1477 5362; x_wconf 90' lang='lat' dir='ltr'><strong>temperantia.</strong></span> <span class='ocrx_word' id='word_1_518' title='bbox 1494 5280 1608 5362; x_wconf 86' lang='lat' dir='ltr'><strong>Sicque</strong></span> <span class='ocrx_word' id='word_1_519' title='bbox 1633 5281 1821 5363; x_wconf 80' lang='lat' dir='ltr'><strong>prudentia,</strong></span> <span class='ocrx_word' id='word_1_520' title='bbox 1837 5302 1954 5346; x_wconf 89' lang='lat' dir='ltr'><strong>secun-</strong></span> 
     </span>
    </p>
   </div>
   <div class='ocr_carea' id='block_1_12' title="bbox 0 0 2161 6244">
    <p class='ocr_par' dir='ltr' id='par_1_12' title="bbox 0 0 2161 6244">
     <span class='ocr_line' id='line_1_95' title="bbox 0 0 2161 6244; baseline 0 0"><span class='ocrx_word' id='word_1_521' title='bbox 0 0 2161 6244; x_wconf 95' lang='lat' dir='ltr'><strong> </strong></span> 
     </span>
    </p>
   </div>
   <div class='ocr_carea' id='block_1_13' title="bbox 2152 2392 2156 6226">
    <p class='ocr_par' dir='ltr' id='par_1_13' title="bbox 2152 2392 2156 6226">
     <span class='ocr_line' id='line_1_96' title="bbox 2152 2392 2156 6226; baseline 0 0"><span class='ocrx_word' id='word_1_522' title='bbox 2152 2392 2156 6226; x_wconf 95' lang='lat' dir='ltr'><strong> </strong></span> 
     </span>
    </p>
   </div>
  </div>
 </body>
</html>
