4309 6250
432 482 493 551 328
735 503 855 554 comm
876 504 1046 553 θεθειθιει
1065 502 1237 566 renouari,
1260 502 1350 550 amm
1370 504 1402 550 u.
1425 521 1466 534 -
1486 501 1556 550 aur.
1579 503 1679 581 xxvru

430 674 595 755 mulieres,
606 695 666 741 nec
679 676 744 740 illis
759 683 938 754 contentus,
954 675 1092 739 aliorum
1107 674 1219 738 11on
1235 693 1344 753 suum;
1361 683 1393 738 et
1414 673 1552 757 implens
1577 691 1631 739 eos
1655 693 1714 738 sua
1737 673 1886 758 nequitia,
1906 675 1975 744 lecit

430 791 483 837 res
502 775 820 857 consanguineusque
837 773 984 852 accessit,
1001 773 1128 856 lingens
1149 779 1181 834 et
1234 793 1289 838 eos
1311 774 1371 838 sihi
1390 792 1488 839 arma.
1505 773 1570 856 Ipsi
1590 781 1664 838 sunt
1678 773 1734 856 qui
1749 775 1913 857 subjacent
1926 798 1977 842 nu·

431 873 591 937 mentiens
618 872 680 936 sibi
704 873 859 937 divinitus
883 873 945 935 hoc
968 889 1177 950 concessum;
1235 871 1282 935 tui
1311 871 1393 953 ejus,
1420 879 1452 935 et
1480 871 1617 955 implent
1644 872 1837 938 voluntatem
1867 873 1973 958 ipsius,

432 969 575 1034 Christus
589 971 622 1033 in
636 972 821 1036 omnimoda
836 971 1019 1054 virginitate
1032 987 1180 1053 perman·
1235 967 1423 1032 obedientes
1438 975 1471 1031 et
1490 969 1524 1032 in
1543 968 1653 1052 gladio
1673 978 1706 1034 et
1726 970 1912 1054 direptione.

432 1068 483 1132 sit.
499 1068 611 1133 Mahon
626 1078 692 1134 toto
712 1079 828 1134 conatu
847 1070 887 1133 ad
907 1069 1018 1133 mundi
1039 1066 1178 1146 divitias,
1275 1065 1377 1146 Nunc,
1392 1066 1538 1146 obscero,
1559 1068 1612 1131 dic
1634 1067 1714 1131 mihi
1735 1071 1893 1151 quomodo
1912 1092 1977 1154 pos

432 1166 562 1231 delicias
594 1175 626 1231 et
657 1169 795 1234 honores
827 1169 945 1251 iugiter
976 1167 1179 1250 adspiravit;
1237 1183 1307 1227 sum
1333 1165 1526 1228 concordare
1549 1166 1648 1230 verba
1672 1173 1737 1229 tua.
1764 1167 1874 1232 Dixisti
1897 1172 1977 1234 enim

433 1264 574 1329 Christus
599 1267 633 1330 in
658 1286 783 1330 summa
806 1274 1003 1350 paupertate,
1023 1264 1182 1329 humilita-
1236 1263 1423 1344 prophetam
1445 1270 1536 1326 tuum
1549 1263 1708 1328 llahomet
1728 1285 1801 1329 cum
1820 1267 1936 1350 pietate
1950 1280 1977 1332 et

434 1369 476 1442 te,
506 1364 671 1446 patientia,
708 1365 953 1429 mansuetudine
988 1364 1181 1446 caritateque
1236 1359 1453 1424 misericordia
1472 1360 1606 1424 missum
1627 1363 1667 1424 ad
1687 1363 1830 1428 homines
1845 1387 1853 1440 ;
1870 1366 1977 1450 etipse

298 1476 420 1526 rma.
434 1461 523 1543 vixit,
539 1481 702 1544 quumque
723 1463 901 1527 voluissent
920 1481 995 1525 eum
1016 1462 1114 1525 ludaei
1136 1460 1182 1523 le·
1236 1459 1381 1541 perhibet
1395 1459 1456 1523 sibi
1471 1460 1679 1524 commissum
1693 1481 1712 1524 a
1727 1462 1790 1527 Deo
1803 1487 1809 1526 :
1820 1467 1894 1536 Dic,
1904 1468 1977 1529 Mia-

287 1541 321 1584 η’
435 1579 507 1623 cere
531 1579 651 1642 regem,
674 1560 757 1643 lugit
780 1561 813 1623 in
838 1568 990 1624 montem.
1006 1559 1178 1637 Postrem0,
1235 1577 1375 1618 susacim
1389 1561 1434 1619 cd
1453 1560 1599 1620 Ιιοηῖίηθε
1612 1580 1687 1621 cum
1704 1563 1825 1637 pietate
1839 1572 1871 1622 et
1892 1566 1976 1624 mise·

291 1673 330 1717 aa.
345 1673 363 1728 t,
376 1677 417 1718 aa.
434 1657 510 1722 satis
529 1658 698 1741 probatum
716 1667 765 1723 est
783 1660 868 1742 quod
881 1659 922 1722 ad
940 1658 1043 1740 legem
1064 1657 1181 1721 Christi
1236 1663 1392 1723 ricerdis.
1414 1662 1520 1738 Qualis
1540 1670 1589 1726 est
1609 1663 1826 1736 misericordia
1846 1666 1881 1729 in
1901 1667 1977 1731 ellu-

285 1749 330 1787 ¹'''
342 1749 372 1780 ¹¹·
432 1777 543 1823 omnes
564 1778 650 1822 nuno
670 1758 863 1841 obligentur,
880 1765 912 1821 et
934 1758 1019 1839 quod
1045 1757 1114 1839 ipse
1140 1755 1182 1819 sit
1237 1757 1326 1821 sione
1341 1759 1518 1841 sanguinis,
1535 1767 1567 1823 et
1580 1760 1761 1843 latrocinio,
1776 1771 1808 1826 et
1827 1765 1931 1846 praeda
1944 1784 1976 1828 ac

431 1857 547 1920 unicus
570 1858 788 1940 naturalisque
811 1857 910 1920 Filius
938 1856 993 1919 Dei
1021 1857 1119 1936 (sicut
1146 1856 1180 1918 in
1198 1855 1476 1920 Bdevastationel
1498 1857 1578 1921 ilinc
1599 1859 1698 1922 ludtei
1718 1859 1830 1924 dicunt
1850 1865 1978 1945 scriptu-

430 1954 605 2038 Evangelio
632 1955 749 2038 legitur
771 1955 854 2018 Deus
877 1956 970 2017 Pater
992 1954 1112 2016 dixisse
1141 1955 1181 2016 de
1237 1973 1304 2016 ram
1323 1955 1479 2019 llahomet
1499 1957 1558 2020 sibi
1580 1957 1641 2040 ipsi
1667 1958 1700 2021 in
1727 1959 1835 2023 multis
1859 1971 1978 2026 contra-

315 2069 404 2114 sraua.
431 2073 470 2118 ao
486 2078 493 2117 :
510 2055 569 2117 llic
591 2062 640 2118 est
662 2054 762 2117 Filius
786 2073 877 2117 meus
899 2053 1045 2131 dilectus,
1062 2053 1096 2114 in
1117 2071 1180 2134 quo
1237 2052 1328 2115 riam.
1355 2052 1416 2115 Orc
1444 2061 1487 2134 te,
1514 2072 1583 2134 quaa
1612 2063 1661 2118 θεῖ
1689 2055 1742 2120 via
1769 2057 1897 2138 diaboli,
1921 2059 1976 2121 nisi

285 2137 366 2184 ¹''¹·³·
432 2152 512 2216 mihi
545 2152 628 2216 bene
660 2152 873 2235 complacui);
902 2153 987 2233 quod
1020 2151 1096 2213 item
1131 2150 1181 2213 lex
1236 2150 1407 2214 homicidia
1431 2159 1462 2214 et
1487 2149 1572 2214 furta
1596 2172 1634 2215 ac
1658 2155 1795 2236 praedest
1820 2156 1852 2220 Si
1879 2165 1976 2220 autem

429 2251 587 2314 ldahomet
610 2251 652 2314 sit
674 2251 725 2313 lex
749 2269 879 2333 prorsus
901 2269 1039 2312 venerea
1059 2257 1092 2312 et
1113 2268 1181 2312 car·
1236 2248 1426 2330 opposueris
1460 2248 1554 2312 nobis
1582 2249 1709 2332 lloysen
1736 2260 1769 2315 et
1796 2253 1899 2333 losue,
1928 2255 1976 2336 qui

429 2349 524 2428 nalis,
545 2348 705 2412 hereticis
731 2347 950 2430 pravitatibus,
970 2346 1117 2430 perfidiis
1142 2366 1179 2410 ac
1236 2355 1501 2427 expugnaverunt
1521 2347 1716 2431 idololatras,
1739 2353 1904 2416 recordare
1927 2354 1978 2416 mi·

428 2446 598 2530 injustitiis
622 2447 743 2529 plena:
763 2466 860 2528 quam
885 2446 948 2509 cito
972 2445 1103 2528 penitus
1127 2446 1180 2508 de·
1237 2444 1346 2506 recula
1360 2452 1454 2526 atque
1469 2446 1618 2528 prodigia
1638 2466 1709 2528 quaa
1730 2468 1785 2513 eos
1806 2450 1919 2515 iecisse
1938 2451 1978 2514 le-

428 2546 627 2628 primendam
642 2552 674 2608 et
687 2544 950 2626 exstinguendam
965 2541 1177 2622 conlidimus3
1235 2540 1321 2622 gisti,
1344 2550 1376 2604 et
1399 2542 1523 2606 videbis
1547 2545 1633 2625 quod
1655 2545 1780 2627 justum
1798 2547 1839 2612 sit
1856 2549 1975 2613 credere

427 2651 537 2724 totque
565 2642 712 2706 homiues
739 2643 774 2705 in
801 2655 839 2705 ea
866 2642 970 2724 perire
999 2640 1181 2705 cordialiter
1235 2639 1307 2702 illos
1322 2658 1360 2702 ex
1374 2640 1429 2703 Dei
1444 2649 1603 2724 praecepto
1621 2643 1665 2706 ita
1684 2645 1800 2727 egisse.
1817 2647 1884 2710 Scis
1897 2649 1975 2729 quod

431 2741 648 2824 deploramus.
1235 2736 1342 2800 omnia
1370 2757 1408 2801 ee
1432 2757 1502 2819 quae
1526 2759 1545 2803 a
1572 2740 1676 2823 lloyse
1704 2744 1883 2826 ceterisque
1910 2745 1974 2809 Prc

468 2839 502 2902 ln
527 2840 589 2904 hoc
611 2857 738 2921 queque
762 2838 912 2922 capitulo,
934 2837 1018 2902 sicut
1043 2837 1076 2900 in
1101 2857 1180 2920 prm
1234 2835 1339 2918 phetis
1363 2835 1449 2900 lacta
1472 2845 1527 2900 aut
1551 2837 1641 2919 jussa
1665 2849 1751 2922 sunt,
1772 2842 1905 2926 probant
1927 2861 1975 2906 eos

428 2937 566 3016 cedenti,
587 2936 675 3000 liunt
701 2937 847 3019 plurime
875 2935 1110 2999 exhortationes
1139 2936 1177 2998 ad
1234 2933 1341 2996 alteo
1369 2934 1505 2998 venisse.
1534 2937 1581 2998 Tu
1610 2945 1716 3001 autem
1746 2941 1831 3022 quod
1858 2942 1974 3024 signum

427 3036 676 3118 depraedandum
700 3044 732 3098 θῖ
755 3034 1000 3117 expugnandum
1030 3033 1179 3097 incredu-
1196 3029 1218 3092 C
1234 3040 1290 3095 aut
1314 3033 1400 3114 quod
1419 3033 1612 3098 miraculum
1634 3038 1777 3101 ostendis
1798 3040 1975 3123 prephatam

428 3135 487 3214 los,
508 3153 675 3217 quousque
700 3134 920 3216 ingrediantur
940 3134 979 3196 ad
1004 3133 1103 3196 lidem
1124 3157 1130 3195 ε
1148 3141 1180 3195 θῖ
1235 3139 1324 3194 tuum
1346 3131 1474 3212 iecisse,
1495 3134 1580 3215 quod
1604 3134 1646 3197 sit
1665 3135 1695 3198 ei
1715 3136 1749 3198 in
1769 3139 1975 3204 testimonium

428 3234 461 3298 id
478 3232 584 3297 lacere
603 3251 669 3297 nou
688 3232 870 3296 volentibus
890 3233 1073 3295 Sarracenis
1093 3232 1179 3295 liunt
1235 3230 1319 3291 unde
1334 3230 1502 3294 credamus
1524 3232 1567 3311 ei,
1583 3251 1682 3314 quum
1705 3254 1799 3298 suum
1820 3236 1975 3319 proprium
1998 3259 2001 3265 ·

429 3327 623 3411 multiplices
648 3328 915 3392 comminationes
939 3335 1064 3391 aetemae
1092 3328 1179 3391 dam·
1234 3345 1298 3389 non
1314 3327 1411 3391 luerit
1425 3329 1487 3391 nisi
1503 3330 1650 3394 occidere
1665 3332 1826 3414 homines,
1842 3344 1874 3398 et
1892 3335 1976 3399 latro

430 3428 694 3509 nationis3atque
709 3427 742 3490 in
757 3428 818 3490 hoc
833 3429 876 3490 ita
891 3427 1064 3491 enormiter
1078 3427 1177 3490 Deum
1235 3425 1348 3505 cinari,
1374 3427 1530 3508 insidiari,
1557 3448 1594 3492 ac
1623 3430 1727 3494 aliena
1756 3431 1906 3517 diripere,
1929 3455 1977 3517 pu-

430 3526 595 3593 ollendere
609 3526 846 3605 describuntur,
859 3526 945 3606 quod
959 3525 1041 3588 Deus
1054 3525 1116 3589 hoc
1131 3526 1177 3588 eis
1235 3532 1340 3588 rentes
1355 3545 1428 3589 cum
1444 3526 1523 3589 liliis
1539 3528 1712 3609 captivare,
1730 3532 1815 3612 quod
1832 3541 1906 3597 tuno
1919 3554 1976 3597 ma·

429 3643 631 3708 nequaquam
653 3623 808 3705 ignoscet.
826 3623 887 3686 Sed
908 3623 976 3685 haec
998 3642 1091 3703 vana,
1108 3643 1178 3687 cru·
1234 3622 1317 3685 xime
1339 3623 1458 3686 malum
1481 3633 1540 3705 est,
1563 3628 1691 3708 quando
1711 3627 1752 3691 lit
1773 3630 1806 3692 in
1827 3630 1975 3696 Christum

351 3773 357 3785 .
400 3755 415 3784 l.
429 3723 513 3787 delia
530 3731 562 3785 et
580 3722 719 3787 conficte
737 3742 807 3785 esse
829 3740 912 3803 saepe
933 3728 1096 3785 ostensum
1117 3730 1175 3785 est.
1235 3721 1419 3785 credentesl

428 3822 468 3885 Et
481 3840 567 3885 nuuc
581 3821 741 3884 modicum
756 3820 871 3883 addam
885 3838 925 3882 ex
939 3838 1022 3902 sepe
1037 3820 1178 3901 praealle·
1274 3820 1331 3883 Ubi
1345 3820 1411 3900 jam
1425 3821 1511 3901 quod
1525 3821 1645 3902 dixisti,
1662 3824 1756 3888 Nulla
1770 3826 1921 3893 violentia
1934 3836 1976 3893 θεῖ

429 3920 495 4002 gati
515 3920 655 3983 doctoris
676 3917 820 4000 epistola.
837 3917 916 3982 Nam
940 3918 996 4000 ait,
1012 3917 1177 3999 alloquens
1234 3918 1265 3980 in
1282 3917 1501 4001 lideletquod
1517 3920 1976 4007 inhlcorauohabetur,1)ieit

430 4019 664 4083 Sarracenum:
1233 4020 1332 4089 Deus,
1346 4020 1388 4080 Si
1407 4021 1513 4097 effecti
1531 4021 1663 4096 fuerint
1683 4026 1977 4105 Sarracem'‚juati-

469 4117 588 4179 Invitas
608 4135 660 4179 me
681 4117 721 4179 ad
740 4116 826 4179 viam
844 4114 910 4193 Dei,
927 4134 997 4197 quae
1018 4122 1067 4178 est
1086 4134 1178 4198 expe-
1232 4117 1435 4194 ficabuntur,
1451 4120 1539 4196 quod
1552 4121 1583 4179 si
1596 4124 1778 4193 noluerint,
1794 4127 1841 4186 ad
1856 4128 1977 4188 cenibil

430 4215 508 4280 ditio
530 4222 640 4279 contra
661 4212 859 4277 adversarios
880 4219 975 4293 atquo
996 4213 1177 4277 incredulos
1193 4210 1375 4292 lipertinet
1389 4216 1458 4275 aial
1470 4219 1675 4279 annuntiare
1689 4220 1771 4292 illis,
1787 4242 1867 4285 nam
1881 4228 1911 4287 si
1924 4229 1977 4285 vet·

429 4322 462 4379 et
486 4312 739 4398 participatores,
766 4310 890 4374 scilicet
914 4310 946 4372 in
975 4310 1041 4373 ictu
1065 4311 1175 4393 gladii,
1232 4317 1276 4374 let
1303 4317 1403 4384 Deus,
1427 4334 1536 4375 omnes
1559 4317 1704 4379 homines
1728 4339 1830 4381 unam
1857 4334 1976 4399 pentem

428 4432 466 4476 ac
499 4410 717 4495 populatione,
746 4428 783 4473 ac
810 4408 1040 4488 devastatione,
1076 4410 1177 4472 donec
1230 4413 1887 4500 fecissetnecessentda'versilNunquam
1901 4431 1976 4485 certe

429 4510 649 4593 ingrediantur
663 4509 703 4571 ad
717 4506 816 4570 lidem
831 4506 899 4584 Dei,
916 4514 948 4569 et
965 4506 1178 4571 testificentur
1232 4508 1265 4572 in
1300 4509 1410 4573 divina
1444 4510 1550 4592 legisti
1586 4511 1750 4596 Scriptura
1783 4517 1911 4600 aliquos
1941 4522 1974 4583 ad

428 4609 505 4691 quia
525 4625 591 4671 non
610 4614 658 4670 est
677 4606 757 4668 deus
781 4605 842 4667 nisi
862 4606 940 4667 deus
962 4604 1129 4683 llahomet,
1146 4615 1178 4669 et
1232 4607 1331 4670 Deum
1346 4608 1502 4672 violenter
1517 4628 1766 4692 conversos,neo
1780 4634 1820 4679 ex
1834 4617 1892 4681 bei
1907 4638 1975 4701 pre

427 4707 505 4790 quia
517 4705 676 4769 llahomet
689 4711 735 4767 est
751 4722 863 4767 servus
876 4722 914 4766 ac
934 4704 1064 4766 nuntius
1084 4706 1174 4785 ejus;
1232 4714 1324 4787 cepto
1346 4706 1476 4771 obedire
1497 4716 1624 4772 coactos
1646 4708 1765 4791 gladic,
1787 4714 1971 4799 direptione,

427 4814 483 4870 aut
507 4803 641 4869 reddant
660 4802 815 4865 tributum
837 4802 985 4883 subjecti.
1001 4801 1027 4864 '0
1046 4810 1080 4864 tu
1102 4823 1177 4886 pru·
1232 4804 1424 4886 captivitate,
1445 4804 1528 4867 sicut
1552 4805 1707 4870 llahomet
1731 4816 1805 4873 tuus
1828 4812 1925 4893 jussit
1940 4835 1972 4878 ue

426 4907 518 4983 dens,
541 4921 637 4986 quem
662 4899 764 4963 salvet
786 4900 881 4978 Deus,
904 4919 944 4962 an
969 4899 1099 4964 voluisti
1125 4920 1176 4964 me
1231 4899 1318 4965 lecit.
1336 4901 1424 4964 Multi
1438 4910 1524 4965 certe
1539 4902 1616 4966 clim
1635 4904 1766 4970 luemnt
1779 4909 1932 4993 haeretici,
1945 4922 1973 4977 et

426 5003 563 5067 invitare
592 5000 631 5064 ad
659 5017 742 5080 opus
769 4997 900 5077 diaboli,
929 4997 964 5061 in
995 5015 1059 5079 quo
1087 4998 1176 5061 nulla
1230 5006 1336 5062 tamen
1351 4999 1458 5062 nullus
1477 5018 1587 5063 eorum
1606 5001 1745 5083 aliquem
1764 5006 1803 5069 ad
1826 5028 1972 5075 suamse

426 5098 648 5165 misericordia
671 5106 730 5175 est,
756 5096 810 5179 qui
834 5094 955 5159 inludit
978 5096 1059 5159 iram
1084 5116 1174 5159 suam
1230 5106 1313 5160 ctam
1341 5098 1465 5160 trahere
1490 5099 1653 5163 coactione
1682 5110 1736 5165 aut
1759 5103 1868 5185 gladio
1894 5110 1971 5173 visun

425 5203 459 5266 in
473 5200 574 5264 Adam
589 5206 622 5262 et
636 5195 874 5279 generationem
889 5194 982 5278 ejust
998 5195 1042 5258 De
1056 5195 1174 5276 quibus
1229 5205 1288 5276 est,
1318 5196 1374 5258 sed
1402 5204 1457 5258 aut
1483 5196 1600 5260 callida
1627 5206 1704 5280 arte,
1730 5209 1785 5265 aut
1813 5203 1971 5288 ingeniosa

424 5300 534 5385 plures
560 5296 670 5381 elegit,
695 5292 868 5361 infundens
896 5294 930 5357 in
958 5293 1005 5357 eis
1031 5292 1172 5359 lurorem
1229 5293 1431 5377 loquacitate.
1457 5293 1553 5360 Porro
1580 5296 1736 5384 llahomet
1757 5302 1867 5369 socius
1893 5316 1968 5387 tuus,
