4309 6250
446 481 507 547 284
780 500 900 550 bortrus
920 500 1088 550 ranarum!
1108 501 1279 560 athomi,
1302 501 1390 548 trutttt
1411 503 1443 549 ll·
1468 519 1507 532 -
1528 502 1598 549 ΛΒΤ.
1622 503 1666 550 Vll

450 672 733 736 deliciosissimum
766 675 1057 756 suavissimumque
1092 672 1283 737 consi-Ain
1312 681 1434 736 tantum
1467 676 1552 755 quod
1585 675 1625 738 ab
1657 675 1817 740 universis
1849 673 1992 738 sensibus

450 779 544 834 stare.
1249 773 1456 836 exterioribus
1484 773 1716 856 alienabantur,
1744 785 1777 839 et
1805 775 1837 837 in
1866 773 1992 836 divitias

489 869 642 951 Denique,
669 890 775 935 nonne
798 891 849 936 res
873 890 936 954 quo
960 871 1134 954 pulchrior,
1157 889 1195 934 eo
1248 870 1357 952 gloriae
1380 871 1434 934 Dei
1460 871 1687 953 gratiosissime
1709 873 1802 955 rapti,
1820 871 1993 954 profundis

448 966 668 1034 delectabilior
701 980 748 1032 est
783 972 823 1032 ad
859 970 1044 1048 videndum,
1073 978 1106 1032 et
1133 987 1195 1050 quo
1250 969 1329 1031 sime
1349 969 1601 1032 absorbebantur
1621 970 1653 1033 in
1675 971 1786 1052 Deum,
1803 979 1868 1034 toto
1886 989 1992 1033 eorum

450 1065 584 1144 dulcior,
611 1087 649 1131 eo
676 1068 849 1149 jucundior
875 1070 913 1131 ad
943 1068 1138 1130 fruendumt
1162 1067 1193 1130 Si
1249 1085 1382 1149 corpore
1398 1068 1443 1130 sie
1459 1068 1562 1149 rigido
1583 1067 1668 1132 facto
1689 1077 1720 1132 et
1740 1069 1886 1133 indurato
1904 1069 1991 1149 quasi

449 1182 536 1246 ergo,
552 1184 571 1228 o
586 1165 762 1247 sarraceni,
778 1174 842 1229 tam
864 1166 1063 1230 delectabilis
1083 1186 1120 1228 ac
1142 1167 1196 1228 de·
1249 1166 1410 1229 exanimes
1424 1167 1640 1246 exstitissent3
1658 1168 1712 1230 sed
1733 1168 1907 1248 etquidem
1928 1185 1994 1229 cor-

450 1261 628 1326 siderabilis
656 1265 746 1328 vobis
774 1264 902 1327 videtur
928 1265 1093 1346 amplexus
1127 1265 1195 1346 pul·
1249 1282 1326 1347 perc
1340 1264 1547 1328 elevabantur
1561 1265 1594 1327 in
1614 1285 1698 1346 aere,
1716 1275 1811 1348 atque
1830 1265 1912 1328 iuter
1934 1283 1994 1328 coah

449 1360 885 1443 cherrimarum(quasvobis
901 1362 1195 1443 promisitcamalis
1249 1364 1315 1425 lum
1354 1373 1386 1426 et
1425 1371 1541 1426 terram
1581 1364 1764 1446 pendebant
1804 1364 1992 1443 immobiles,

448 1466 481 1520 et
494 1458 736 1523 infelicissimus
750 1461 918 1540 llahomet)
930 1461 1112 1538 mulierum,
1122 1481 1195 1523 esus
1248 1463 1400 1543 quamdiu
1415 1482 1505 1524 mens
1521 1482 1675 1545 suspensa
1689 1464 1751 1526 fuit
1765 1463 1799 1526 in
1815 1464 1887 1528 Deo.
1904 1463 1993 1526 fleni-

449 1575 616 1638 pomorum
631 1558 907 1640 corporaliumque
922 1561 1078 1638 ciborum,
1095 1568 1196 1641 etpo-
1247 1579 1308 1641 que
1338 1579 1447 1622 revera
1476 1560 1553 1636 haee,
1585 1560 1698 1641 hisque
1735 1561 1864 1638 similia,
1893 1561 1994 1623 adbuc

448 1661 500 1716 tus
514 1655 661 1718 vinorum
679 1680 686 1718 :
704 1675 811 1719 nonne
830 1655 1123 1739 incomparabiliter
1141 1657 1195 1720 de·
1248 1658 1389 1740 quotidie
1406 1657 1491 1721 fiunt
1505 1658 1694 1740 quibusdam
1709 1659 1924 1722 devotissimis
1938 1659 1994 1721 ele

448 1752 636 1831 loetabilior,
665 1755 919 1836 desiderabilior,
955 1755 1065 1836 purior
1100 1764 1193 1836 atque
1249 1757 1465 1836 ctissimisque
1485 1755 1634 1820 fidelibus
1655 1757 1687 1819 in
1708 1757 1822 1820 Christi
1842 1756 1992 1820 Ecclesia.

448 1851 588 1915 nobilior
611 1861 670 1932 est,
695 1855 822 1932 summi,
848 1854 993 1934 increati,
1018 1854 1194 1917 incommu-
1212 1853 1312 1916 BNea
1336 1853 1468 1917 dubium
1494 1853 1571 1935 quin
1597 1854 1681 1916 istud
1711 1855 1753 1918 sit
1781 1855 1992 1925 verissimum,

447 1949 555 2012 tabilis
579 1959 610 2013 et
632 1951 977 2034 incircumscriptibilis
1004 1952 1082 2015 boni
1110 1952 1195 2015 alara
1250 1953 1314 2015 imo
1328 1961 1360 2014 et
1373 1951 1620 2034 experimentale
1639 1961 1862 2035 argumentum
1882 1953 1996 2015 verita-

448 2047 587 2127 intuitio,
615 2050 705 2112 beata
731 2049 851 2129 fruitio,
877 2050 1051 2131 spiritualis
1075 2051 1195 2133 ample·
1250 2049 1290 2111 tis
1306 2049 1383 2111 fidei
1399 2050 1590 2112 christianae.

447 2167 517 2225 xuS,
533 2147 754 2229 inseparabilis
769 2167 806 2210 ac
827 2148 961 2210 intimus
976 2151 1096 2210 nexusl
1112 2149 1195 2212 Non·
1289 2147 1407 2229 ltaque,
1423 2147 1581 2210 desiderio
1595 2156 1690 2211 tautae
1709 2148 1870 2212 felicitatis
1884 2156 1920 2212 et
1933 2147 1997 2230 glo-

449 2264 489 2307 ne
516 2245 578 2308 hoc
606 2247 726 2308 bonum
754 2245 836 2308 eoelo
863 2253 896 2307 et
928 2254 1011 2309 terra
1045 2247 1194 2328 omnique
1250 2244 1304 2306 riae
1318 2243 1454 2306 viriliter
1467 2244 1621 2326 quidquid
1637 2246 1701 2308 Deo
1720 2246 1825 2328 placet
1843 2265 1995 2328 agamus;

447 2351 591 2405 ereatura
615 2343 742 2405 infinite
765 2343 950 2424 speciosius,
967 2345 1108 2426 suavius,
1131 2365 1196 2408 me·
1250 2343 1389 2406 carnalia
1414 2344 1587 2406 etcaduca
1613 2343 1795 2407 cordialiter
1819 2353 1997 2407 contemna-

447 2440 521 2518 lius,
537 2439 718 2516 amabilius,
734 2441 917 2504 deliciosius
937 2445 1059 2505 exstatl
1073 2443 1192 2523 ltaque,
1250 2460 1332 2519 mus,
1359 2441 1563 2524 spiritualiter
1591 2461 1829 2520 conversemur,
1854 2444 1997 2524 omnipe

448 2539 553 2619 ipsum
569 2538 717 2601 beatifice
732 2538 860 2618 intueri,
873 2557 911 2602 eo
926 2541 1117 2603 aeternaliter
1131 2541 1193 2603 frui
1250 2539 1327 2601 tenti
1356 2558 1393 2602 ac
1422 2530 1723 2623 supersanctissimo
1752 2540 1891 2604 Creatori
1922 2559 1996 2623 pura

447 2644 479 2699 et
493 2638 523 2699 ei
539 2637 792 2718 inseparabiliter
805 2638 960 2720 copulari,
973 2659 1060 2715 vera,
1069 2659 1194 2702 summa
1249 2645 1354 2700 mente
1373 2637 1489 2719 jugiter
1508 2639 1668 2701 adhaerere
1689 2659 1726 2702 ac
1750 2639 1935 2702 ministrare
1949 2657 1997 2702 co

447 2743 480 2798 et
501 2744 719 2798 consummata
739 2744 787 2797 est
807 2735 955 2814 felicitas,
972 2737 1137 2800 deiformis
1162 2748 1194 2801 et
1249 2756 1373 2799 nemur.
1389 2738 1487 2798 Tanta
1501 2755 1617 2818 nempe
1632 2745 1680 2799 est
1694 2737 1900 2819 pulchritudo
1920 2737 1997 2800 diri-

448 2832 696 2913 incomparanda
730 2833 889 2912 nobilitas,
926 2834 1192 2897 excellentissima
1248 2855 1296 2898 nae
1310 2834 1548 2916 justitiae,tanta
1563 2834 1748 2916 jucunditas
1764 2835 1845 2898 lueis
1861 2844 1994 2910 aeterna,

447 2930 522 2992 item
539 2929 691 3011 perfectio
705 2930 809 2992 omnis
823 2931 984 2994 rationalis
999 2933 1193 2997 intellectus·
1246 2936 1307 2997 hoc
1329 2941 1376 2996 est
1397 2933 1668 2996 incommutabilis
1688 2933 1836 2997 Veritatis
1859 2943 1892 2997 et
1913 2934 1998 3016 Sapi-

446 3028 549 3110 lisque
563 3036 726 3090 creaturae.
743 3027 843 3107 Absit,
859 3047 879 3091 o
894 3028 1069 3108 Sarraceni,
1087 3040 1122 3092 ut
1136 3031 1191 3094 ho·
1209 3031 1231 3096 C
1246 3032 1337 3096 entiae
1357 3033 1514 3109 increatae,
1532 3039 1567 3093 ut
1584 3032 1729 3112 quamvis
1751 3050 1816 3095 non
1837 3033 1949 3095 liceret
1966 3034 1995 3094 iu

447 3128 565 3189 minem
597 3128 636 3190 ad
674 3128 722 3189 sui
756 3128 913 3191 Crantoris
946 3128 1117 3211 imaginem
1152 3132 1192 3193 si·
1247 3132 1526 3212 eadiutiusquam
1542 3132 1697 3195 unahora
1713 3150 1853 3212 manere,
1871 3140 1996 3215 propter

439 3225 720 3306 „militudinemque
744 3235 897 3307 creatum,
915 3228 1049 3289 credatis
1072 3228 1192 3291 diutius
1247 3230 1307 3293 hoo
1330 3231 1432 3293 solum
1454 3228 1704 3292 innumerabiles
1723 3229 1799 3291 anni
1821 3230 1897 3293 vitas
1922 3250 1996 3312 prm

447 3332 576 3406 propter
592 3325 772 3405 voluptates
795 3344 959 3404 venereas,
977 3326 1082 3406 porcis
1106 3328 1193 3389 oani—
1248 3327 1348 3389 sentis
1376 3328 1460 3409 pleni
1485 3327 1611 3391 deliciis
1639 3336 1671 3391 et
1699 3327 1924 3410 temporalium
1952 3326 1995 3389 af-

446 3422 569 3503 busque
584 3441 780 3501 communes,
797 3424 939 3486 finaliter
952 3443 1022 3487 esse
1037 3434 1189 3488 creatum.
1248 3423 1390 3487 fluentiis
1415 3444 1531 3502 rerum,
1560 3426 1673 3489 merito
1699 3435 1937 3507 spernerentur.
1962 3426 1994 3487 ln

447 3520 510 3583 Deo
524 3522 667 3583 ordinate
681 3521 863 3598 assimilari,
880 3530 928 3584 est
942 3541 1016 3584 vera
1030 3522 1192 3586 beatitudo
1249 3542 1386 3605 superna
1406 3523 1523 3587 etenim
1539 3522 1667 3586 civitate
1683 3524 1737 3586 Dei
1753 3544 1790 3586 ac
1806 3525 1910 3605 putria
1924 3526 1996 3587 Rea-

446 3626 478 3680 et
497 3638 621 3680 summa
641 3618 797 3701 perfectio
816 3619 967 3696 hominis,
984 3630 1015 3682 et
1038 3620 1194 3683 assimila·
1248 3632 1351 3685 torum
1368 3622 1418 3683 lex
1431 3630 1479 3684 est
1493 3620 1619 3699 caritas,
1637 3641 1690 3684 rex
1710 3622 1838 3699 veritas,
1855 3642 1917 3703 pax
1931 3622 1996 3685 fali-

447 3717 565 3780 tioista
584 3735 647 3780 non
667 3717 700 3779 in
720 3717 843 3779 actibus
863 3720 1048 3799 vegetativae
1068 3720 1194 3782 sensiti-
1249 3720 1338 3797 citas,
1367 3720 1431 3782 vita
1459 3719 1627 3781 aeternitas.
1654 3718 1700 3781 lbi
1725 3720 1808 3781 Deus
1834 3719 1904 3782 sine
1932 3719 1995 3782 fine

446 3835 556 3898 vasque
567 3816 754 3896 virium,sed
769 3816 1033 3879 intellectivarum
1049 3818 1194 3880 consistit
1249 3817 1419 3895 videbitur,
1436 3816 1554 3898 absque
1569 3817 1697 3879 fastidio
1718 3816 1913 3899 perfruetur,
1930 3819 1997 3880 abs

447 3914 671 3996 potentiarum,
693 3923 770 3997 puta
795 3914 827 3975 in
851 3933 983 3977 summae
1006 3924 1193 3996 aeternaeque
1249 3936 1310 3997 que
1330 3914 1514 3997 fatigatione
1533 3914 1723 3977 laudabitur.
1741 3914 1787 3977 lbi
1810 3914 1995 3978 Sanctorum

448 4012 594 4075 Veritatis
618 4012 898 4094 contemplatione,
921 4021 1016 4094 atque
1040 4014 1074 4074 in
1099 4013 1193 4093 primi
1249 4015 1344 4077 corda
1359 4012 1402 4075 ita
1417 4013 1579 4094 replentur
1594 4013 1711 4074 summi
1732 4012 1807 4077 boni
1829 4013 1995 4093 participa-

447 4132 484 4174 ac
507 4111 625 4174 infiniti
641 4112 716 4174 boni
738 4130 857 4187 amore,
875 4110 909 4172 in
924 4112 995 4192 ejus
1016 4120 1135 4173 aeterno
1156 4131 1194 4173 ac
1248 4112 1346 4191 tione,
1369 4112 1485 4174 divinae
1499 4110 1585 4194 pacis
1607 4110 1842 4193 degustatione,
1865 4111 1996 4175 adoran-

446 4209 577 4273 fruitivo
603 4209 761 4291 amplexu,
778 4208 967 4271 suavissimo
987 4216 1094 4290 gustu,
1113 4229 1194 4271 sem·
1209 4212 1234 4273 D
1249 4210 1296 4272 dae
1316 4208 1447 4271 Deitatis
1461 4208 1667 4271 securissima
1682 4208 1897 4289 possessione,
1914 4208 1995 4289 quod

446 4310 570 4393 pitemo
585 4308 849 4389 securissimoque
865 4325 1024 4388 possessu.
1249 4326 1412 4388 nunquam
1438 4307 1510 4389 plus
1534 4315 1688 4390 appetunt
1716 4326 1820 4388 neque
1848 4315 1995 4389 appetere

486 4410 572 4471 Hane
596 4407 772 4470 doctrinam
801 4404 910 4468 docuit
937 4405 1091 4483 Christus,
1117 4426 1195 4488 prae-
1250 4413 1393 4487 possunt.
1410 4404 1539 4486 Propter
1553 4406 1637 4487 quod
1652 4403 1729 4467 dixit
1745 4404 1842 4467 David
1864 4404 1998 4486 prophe

446 4508 633 4571 dicaverunt
657 4504 810 4585 Apostoli,
827 4504 996 4584 tetigerunt
1021 4504 1192 4586 Prophetae,
1250 4512 1281 4565 ta
1303 4527 1309 4565 :
1330 4503 1527 4584 Adimplebis
1552 4524 1614 4584 me,
1631 4504 1775 4583 Domine,
1792 4504 1903 4566 laetitia
1927 4521 1996 4565 cum
2010 4518 2105 4563 naar-

448 4604 587 4669 eonfessi
610 4612 684 4666 sunt
703 4611 867 4683 martyres,
886 4610 1054 4664 tenuerunt
1069 4603 1195 4665 confes·
1250 4602 1340 4663 vultu
1356 4609 1428 4680 tuo;
1445 4610 1476 4664 et
1492 4622 1619 4665 rursus:
1633 4601 1776 4665 Satiabor
1790 4620 1890 4681 quum
1905 4618 1998 4682 appa-
2011 4615 2106 4662 ramo.

448 4723 546 4779 sores,
563 4710 596 4765 et
609 4722 720 4765 omnes
735 4700 891 4765 veraciter
905 4700 1083 4763 christiani.
1095 4702 1194 4775 Quam
1252 4700 1349 4761 ruerit
1370 4699 1470 4780 glorie
1492 4709 1555 4762 tua.

448 4812 534 4867 certe
562 4801 739 4864 doctrinam
766 4800 849 4861 Deus
883 4806 1011 4860 sauctus
1040 4808 1072 4861 et
1101 4818 1194 4861 verus
1290 4797 1454 4875 Praeterea,
1484 4799 1580 4880 hujus
1612 4796 1820 4859 beatitudinis
1850 4798 1942 4861 locus
1969 4804 1998 4859 et

447 4922 504 4984 per
519 4900 648 4963 infinita
666 4898 790 4980 sibique
809 4896 868 4959 soli
889 4895 1055 4978 possibilia
1074 4897 1195 4959 confir·
1253 4896 1377 4960 mansio
1391 4897 1556 4959 Beatorum
1572 4903 1700 4959 nonest
1719 4896 1885 4977 paradisus
1905 4905 1999 4959 terre·
2114 4972 2115 4989 i

447 5000 546 5064 mavit
574 4997 727 5061 miracula
753 5020 761 5057 ε
788 4996 852 5058 imo
880 5002 911 5057 et
939 4994 1047 5057 multis
1075 4996 1194 5058 sanctis
1255 4994 1339 5073 stris,
1356 4995 1410 5057 sed
1437 4994 1551 5057 coelum
1576 5012 1771 5077 empyreum.
1787 4994 1891 5057 Locus
1916 5012 2000 5056 nam·
2114 5002 2115 5035 ³

447 5097 715 5162 christifidelibus
739 5093 874 5157 contulit
892 5093 923 5154 in
948 5094 1008 5155 bae
1029 5094 1094 5156 vita
1112 5095 1194 5157 hanc
1252 5114 1314 5175 que
1338 5093 1433 5155 debet
1457 5092 1689 5174 proportionari
1714 5092 1827 5156 locato.
1849 5093 1925 5157 ldeo
1950 5110 2001 5154 eos

449 5196 677 5261 beatitudinem
693 5191 883 5255 mirabiliter
904 5199 1109 5273 progustare,
1126 5212 1196 5255 sua·
1250 5193 1305 5274 qui
1321 5191 1555 5255 Deoaltissimo
1576 5199 1639 5253 tam
1662 5191 1774 5254 intime
1796 5210 1833 5254 ac
1856 5190 2001 5254 felicissi·
2114 5230 2115 5235 κ

449 5297 579 5359 vissime
600 5312 723 5375 sapere,
740 5290 1024 5372 supernaturaliter
1043 5290 1193 5374 experiri,
1252 5309 1304 5353 me
1333 5290 1496 5369 uniuntur,
1526 5290 1619 5353 decet
1646 5308 1741 5373 super
1768 5308 1881 5353 omnes
1910 5290 1999 5354 orbas
