4309 6250
452 479 512 546 oto
550 500 590 546 un
612 501 820 548 nucronrrnra
841 501 934 550 suum
956 499 1125 548 eourrrrcra
1145 499 1183 544 nr
1203 495 1373 546 amaneus
1394 498 1534 557 conorari,
1556 500 1645 546 arara
1664 501 1708 547 ru.
1731 518 1772 529 —
1791 500 1861 546 aar.
1883 499 1912 546 rr

453 679 502 734 tro
524 680 674 754 tauquam
699 673 802 756 primo
824 673 955 756 pastori,
972 680 1044 736 aute
1068 672 1201 753 Aposto
1215 670 1241 733 A
1255 669 1397 733 Pontifex
1425 670 1504 733 citra
1531 671 1631 734 Deum
1665 679 1696 734 et
1728 670 1811 733 ultra
1838 669 1982 734 hominem

453 769 556 833 lorum
580 771 770 835 divisionem
795 780 827 834 et
849 772 1082 852 separationem
1105 790 1124 831 a
1147 768 1202 832 Pe·
1255 769 1422 846 exsistens,
1442 788 1612 851 personam
1635 770 1760 833 Domini
1785 778 1980 852 representat

453 877 512 932 tro.
530 869 646 948 Tertio,
663 877 700 931 ut
718 889 757 932 ex
777 877 935 951 precepto
956 867 1069 932 Christi
1092 875 1201 949 postea
1255 867 1307 930 cui
1322 867 1490 950 intemplo
1508 867 1675 930 militantis
1694 867 1845 930 Ecclesiae
1868 867 1983 930 familia-

454 984 473 1029 a
495 967 585 1031 Petro
610 968 758 1049 separati,
776 985 833 1048 per
853 967 1008 1030 muudum
1030 986 1064 1028 se
1086 966 1202 1028 divise·
1256 966 1322 1029 rius
1336 967 1498 1030 adhaerent
1517 966 1605 1029 velut
1623 965 1775 1048 discipuli
1794 965 1912 1028 domiui
1932 985 1983 1028 car-

454 1073 539 1128 runt.
556 1065 590 1128 lu
613 1066 715 1149 primo
740 1074 823 1128 statu
848 1065 989 1147 Apostoli
1016 1084 1108 1147 pares
1134 1065 1202 1127 fue·
1255 1063 1388 1127 diuales.
1406 1064 1444 1126 Et
1458 1064 1488 1126 S.
1507 1063 1596 1126 Clara
1611 1083 1710 1146 quum
1724 1083 1743 1126 a
1758 1082 1883 1126 summo
1896 1063 1982 1126 Ponti-

456 1172 539 1242 runt,
567 1183 626 1226 nec
655 1163 781 1245 praefuit
805 1164 851 1226 eis
876 1163 1005 1242 Petrus;
1026 1163 1058 1225 in
1089 1181 1201 1225 secun·
1255 1161 1317 1224 fiee
1347 1163 1462 1225 fuisset
1489 1163 1522 1224 in
1550 1163 1700 1226 extremis
1728 1162 1865 1242 visitata,
1886 1163 1981 1225 dixit:

454 1263 495 1325 do
520 1270 552 1324 et
574 1263 667 1326 tertio
691 1263 819 1345 praefuit
841 1263 898 1325 eis.
920 1263 958 1326 Et
982 1271 1136 1344 quantum
1160 1263 1201 1324 ad
1255 1260 1393 1323 laudate
1419 1260 1600 1340 Dominum,
1630 1260 1708 1324 filiae
1736 1280 1828 1339 meaa,
1851 1260 1981 1342 quoniam

454 1361 593 1444 primum
623 1369 654 1424 et
682 1361 858 1424 secundum
884 1369 999 1424 statum
1025 1359 1200 1424 cardinales
1256 1359 1319 1420 tale
1337 1358 1533 1422 beneficium
1552 1359 1632 1422 mihi
1651 1358 1794 1422 Christus
1813 1359 1905 1423 hodie
1921 1361 1982 1422 dare

455 1467 682 1540 repraesentant
704 1459 884 1539 Apostolos,
902 1459 933 1520 in
958 1459 1018 1521 hoc
1039 1459 1123 1541 quod
1148 1459 1202 1521 ad·
1255 1457 1404 1538 diguatus
1431 1465 1491 1534 est,
1511 1457 1597 1538 quod
1621 1456 1738 1520 coelom
1767 1466 1799 1520 et
1826 1467 1907 1520 terra
1930 1476 1982 1520 uon

456 1557 573 1619 sistunt
596 1556 697 1638 Papae,
714 1557 768 1637 qui
794 1565 841 1619 est
864 1557 979 1619 Christi
1005 1557 1145 1618 vicarius
1170 1564 1201 1618 et
1256 1555 1425 1618 sufiiciunt
1444 1574 1651 1637 compensare
1668 1579 1675 1618 ε
1692 1575 1766 1618 nam
1789 1556 1893 1637 ipsum
1913 1576 1982 1618 recc-

455 1654 538 1717 Petri
555 1673 741 1732 successor3
758 1655 812 1717 sed
834 1663 988 1736 quantum
1010 1656 1049 1717 ad
1073 1654 1200 1717 tertium
1255 1652 1288 1735 pi
1316 1652 1349 1714 in
1375 1653 1579 1716 Sacramento
1601 1652 1812 1732 Altissimum,
1838 1663 1871 1716 et
1893 1653 1982 1716 ridere

456 1760 584 1832 statum,
594 1752 735 1835 episcopi
751 1754 925 1816 succedunt
939 1753 1109 1834 Apostolis.
1121 1752 1201 1814 llinc
1256 1751 1358 1814 merui
1380 1751 1451 1831 ejus
1472 1751 1639 1814 vicarium.

456 1851 495 1913 ad
519 1858 634 1912 statum
659 1851 877 1929 cardinalium,
902 1859 1050 1932 tanquam
1076 1851 1114 1912 ad
1141 1852 1240 1914 sta-B
1296 1848 1340 1911 Ex
1355 1849 1405 1911 his
1418 1849 1515 1930 digne
1529 1849 1670 1930 pensatis
1689 1849 1824 1931 patescit
1838 1849 1983 1931 quautain

455 1957 523 2011 tum
538 1949 757 2031 apostolicum,
777 1949 878 2030 primo
899 1949 1035 2031 pertinet
1050 1968 1113 2010 una
1128 1968 1201 2011 cum
1257 1947 1385 2011 exordio
1406 1947 1575 2029 primitive
1594 1948 1745 2011 Ecclesiae
1765 1948 1869 2011 fuerat
1887 1948 1984 2012 beatis

456 2047 538 2128 Papa
563 2047 704 2128 regimen
729 2055 761 2110 et
789 2047 946 2110 ordinatio
975 2047 1071 2109 totius
1095 2046 1203 2109 Eccle-
1257 2046 1329 2107 simi
1348 2046 1429 2108 Petri
1452 2046 1640 2108 excellentia
1663 2065 1760 2128 super
1780 2055 1901 2110 ceteros
1917 2049 1985 2129 Apo

456 2144 522 2208 siae.
543 2144 621 2207 Nam
647 2145 729 2207 sicot
749 2145 904 2227 perfectio
929 2144 1118 2226 episcopalis
1142 2154 1203 2207 sta-
1257 2146 1354 2208 stolos
1386 2145 1419 2206 in
1451 2145 1647 2225 auctoritate,
1680 2145 1864 2226 praelatione
1892 2155 1920 2208 et
1944 2165 1985 2228 po

456 2252 507 2306 tus
532 2244 564 2306 in
588 2244 648 2306 hoc
672 2243 829 2322 consistit,
847 2245 1022 2306 secundum
1048 2243 1202 2306 Thomam
1257 2251 1368 2306 testate
1390 2267 1397 2306 :
1419 2242 1492 2305 talis
1520 2243 1629 2323 utique
1656 2243 1762 2323 qualis
1786 2252 1820 2305 et
1843 2263 1923 2307 nunc
1946 2253 1985 2306 est

456 2342 489 2403 in
518 2342 656 2405 secunda
684 2341 842 2419 secundae,
871 2342 955 2422 quod
987 2341 1058 2422 quis
1087 2360 1125 2403 ex
1156 2342 1203 2404 di·
1257 2340 1373 2402 summi
1397 2340 1562 2404 Pontilicis
1587 2360 1682 2422 super
1706 2340 1882 2404 cardinales
1906 2350 1984 2423 atque

456 2440 530 2502 vina
553 2439 725 2501 dilectione
751 2458 784 2502 se
809 2439 929 2520 obligat
951 2440 990 2500 ad
1019 2439 1091 2515 hoc,
1118 2440 1201 2520 quod
1257 2439 1433 2520 episcopos.
1450 2438 1517 2512 Quo
1541 2447 1667 2502 constat
1689 2459 1802 2502 vemm
1827 2440 1984 2522 essequod

457 2555 565 2600 curam
580 2537 795 2619 proximorum
811 2545 909 2617 gerat,
926 2545 957 2599 et
977 2555 1087 2598 eorum
1108 2537 1201 2599 saluti
1256 2537 1289 2599 in
1313 2538 1452 2600 secundo
1467 2536 1582 2618 scripsi
1604 2537 1771 2619 opusculo,
1788 2539 1910 2601 Petrum
1927 2545 2054 2620 postne.

262 2677 267 2682 -
335 2685 353 2691 -
456 2635 582 2698 insistat
600 2635 654 2716 qui
676 2654 733 2697 suo
757 2633 903 2715 regimini
927 2634 1108 2716 specialiter
1129 2643 1203 2696 sunt
1256 2634 1371 2696 Christi
1387 2634 1651 2698 resurrectionem
1667 2635 1802 2699 aliorum
1818 2635 1987 2716 fuisseApo

456 2733 636 2812 commissi3
653 2733 696 2795 ita
710 2732 865 2816 perfectio
879 2741 977 2795 status
994 2733 1202 2795 cardinalium
1257 2732 1409 2796 stolorum
1435 2733 1619 2814 praelatum3
1644 2734 1730 2814 quod
1755 2734 1831 2797 item
1855 2735 1899 2796 eis
1922 2754 1987 2817 prae

456 2833 487 2893 in
505 2831 564 2895 hoc
580 2831 735 2909 consistit,
755 2832 838 2912 quod
860 2851 897 2892 ex
919 2831 1049 2893 caritate
1071 2851 1106 2894 se
1125 2831 1203 2894 obli·
1257 2831 1362 2912 cipere
1378 2831 1676 2913 potuitlleprobavi
1690 2831 1787 2894 etiarn
1804 2833 1871 2895 illic
1884 2834 1989 2915 opinio
2108 2844 2109 2917 l

456 2939 532 3014 gant
548 2937 582 2992 ut
597 2949 670 2992 cum
685 2929 788 3011 eapite
804 2947 860 2992 suo
883 2929 996 2992 Christi
1014 2929 1132 2993 vicario
1150 2950 1203 3012 gc·
1258 2949 1332 2991 uem
1347 2929 1521 2992 dicentium
1536 2929 1620 3010 quod
1636 2930 1669 2991 in
1684 2930 1834 2993 omuibus
1849 2931 1989 3014 Apostolis
2108 2934 2109 2957 ¹

452 3027 607 3090 ueraliter
630 3027 728 3090 fidem
754 3038 786 3090 et
809 3027 1077 3090 christianitatem
1103 3047 1203 3108 usqne
1222 3026 1318 3089 Cfuit
1341 3027 1512 3090 auctoritas
1533 3027 1712 3109 personalis
1733 3028 1875 3109 aequalis,
1890 3029 1948 3092 imo
1965 3038 1992 3092 et

457 3225 551 3306 cujus
567 3225 692 3305 signum
707 3224 849 3305 galerum
866 3224 915 3286 vel
932 3224 1051 3305 pileum
1074 3225 1204 3287 rubrum
1259 3244 1348 3305 aeque
1373 3225 1476 3306 prima
1502 3234 1534 3286 et
1557 3224 1760 3306 principalia.

457 3128 495 3190 ad
522 3126 685 3208 sauguinis
713 3124 906 3190 effusionem
936 3126 1111 3189 defendant
1138 3151 1144 3188 :
1171 3128 1205 3189 in
1260 3126 1382 3204 eadem,
1400 3126 1443 3188 ita
1467 3126 1550 3207 quod
1576 3124 1706 3189 fuerunt
1730 3127 1837 3209 capita
1858 3128 1990 3190 Ecclesia

459 3324 543 3386 ferre
558 3323 719 3385 dicuntur.
736 3322 815 3383 Hinc
831 3323 869 3385 ad
886 3323 999 3403 Papam
1015 3332 1047 3384 et
1062 3323 1206 3386 cardina-
1300 3324 1517 3399 Praeterea,'ex
1537 3341 1576 3385 eu
1599 3323 1682 3404 quod
1705 3324 1738 3385 in
1755 3324 1938 3406 praecedeuti
1952 3343 1992 3385 ar·

459 3423 505 3485 les
524 3421 661 3503 pertinet
680 3419 852 3483 declaratio
873 3420 1040 3481 veritatum
1062 3439 1207 3483 necessa·
1261 3420 1358 3484 ticulo
1392 3420 1515 3482 dictum
1547 3428 1607 3496 est,
1636 3420 1763 3483 Petrum
1791 3422 1989 3505 episcopatum
2109 3416 2110 3507 l

460 3520 576 3582 riarum
592 3526 647 3581 aut
661 3517 787 3579 utilium
802 3517 841 3579 ad
857 3517 1002 3597 salutem,
1015 3536 1079 3597 prae
1094 3518 1206 3581 ceteris
1261 3528 1442 3599 utrumque,
1458 3518 1609 3581 videlicet
1632 3520 1844 3600 apostolatum
1866 3520 1944 3584 orbis
1965 3528 1991 3581 et
2109 3509 2110 3582 ἶ

381 3626 384 3633 “
459 3616 611 3680 Ecclesiis
634 3615 887 3696 particularibus.
1261 3616 1364 3694 Urbis,
1396 3616 1578 3679 immediato
1610 3616 1790 3698 suscepisse
1823 3638 1841 3680 a
1871 3618 1990 3697 Christo,

499 3715 652 3796 Denique,
669 3712 873 3795 praeinductis
887 3713 983 3795 hujus
998 3714 1138 3777 doctoris
1152 3715 1208 3777 do·
1261 3714 1438 3780 ostenditur
1463 3714 1572 3797 inepta
1597 3734 1668 3777 esse
1693 3715 1802 3797 opinio
1826 3716 1989 3791 asserentis,

458 3814 569 3878 cuiuis
598 3813 769 3876 concordat
796 3812 880 3892 quod
909 3811 940 3873 in
965 3812 1111 3893 Legenda
1136 3832 1207 3875 san·
1259 3814 1344 3894 quod
1359 3813 1468 3875 Petrus
1482 3814 1645 3895 apostolus
1659 3814 1878 3877 auctoritatem
1897 3823 1925 3877 ct
1944 3832 1991 3895 po

459 3913 608 3976 ctissimae
634 3910 731 3973 Clarae
750 3917 906 3972 narratur.
924 3910 961 3972 Ut
980 3910 1064 3972 enim
1087 3910 1206 3973 ibidem
1259 3918 1404 3973 testatem
1433 3911 1661 3992 potestatisque
1686 3911 1912 3993 plenitudinem
1936 3930 1990 3974 non

458 4010 661 4089 describitur,
678 4028 775 4091 quum
791 4008 824 4071 B.
842 4007 931 4071 Clara
952 4010 1091 4091 graviter
1116 4010 1207 4072 infir·
1260 4008 1442 4072 immediate
1462 4010 1619 4091 accepite
1638 4009 1774 4089 Christo,
1791 4012 1845 4074 sed
1867 4012 1929 4094 ipsa
1941 4011 1990 4073 Ec·

459 4118 599 4173 marctur
630 4127 766 4189 moxque
804 4107 955 4170 moritura
982 4108 1204 4187 aestimaretur,
1261 4106 1369 4185 clesia,
1396 4113 1428 4168 et
1451 4106 1561 4168 Petrus
1585 4124 1643 4187 per
1665 4106 1840 4171 Ecclesiam
1867 4117 1990 4169 :contra

459 4217 552 4290 atque
581 4208 621 4269 ob
638 4204 710 4269 'hoc
739 4206 868 4268 Sorores
896 4226 932 4268 ac
962 4206 1039 4269 filiae
1063 4208 1134 4288 ejus
1160 4208 1207 4269 in·
1222 4206 1246 4267 D
1260 4206 1344 4287 quod
1359 4205 1392 4266 iu
1408 4205 1548 4267 secundo
1563 4203 1644 4267 libro
1660 4204 1737 4267 satis
1752 4205 1885 4270 arbitror
1895 4207 2065 4287 dispo-nu.

460 4305 694 4370 consolabiliter
717 4303 843 4383 flerent,
869 4305 1012 4385 quaedam
1037 4305 1145 4367 divina
1169 4326 1205 4369 ac
1261 4312 1371 4366 tatum.

460 4405 641 4467 veneranda
670 4421 805 4483 persona
831 4402 863 4463 in
890 4402 1012 4465 visione
1037 4423 1203 4485 apparens,
1300 4400 1420 4475 Quibus
1434 4420 1521 4463 nuuc
1536 4401 1628 4477 addo,
1645 4402 1729 4481 quod
1749 4402 1781 4463 in
1797 4402 1876 4467 libro
1894 4402 1989 4465 deEc·

461 4504 581 4566 eisdem
605 4502 682 4563 dixit
701 4524 707 4562 :
725 4500 836 4577 Nolite,
853 4519 871 4562 o
896 4500 984 4579 filiae,
1001 4502 1080 4563 flere
1107 4503 1207 4564 victu·
1261 4499 1439 4563 clesiastica
1460 4507 1614 4580 potestate
1636 4500 1749 4562 asserit
1768 4501 1876 4564 Petrus
1895 4503 1931 4564 de
1946 4501 1988 4562 Al·

462 4622 528 4666 ram
552 4603 633 4663 hanc
654 4599 786 4675 Claram,
804 4599 955 4679 quoniam
976 4600 1056 4663 mori
1073 4620 1136 4663 nou
1153 4620 1208 4681 po·
1260 4598 1343 4661 liaeo
1370 4621 1377 4659 :
1404 4596 1545 4659 Christus
1572 4596 1651 4659 dixit
1678 4598 1717 4660 ad
1746 4598 1881 4679 Petrum,
1908 4600 1988 4661 Pasce
2003 4622 2089 4664 rana.

460 4700 535 4763 terit
557 4716 722 4780 quousque
744 4696 896 4759 Dominus
920 4715 994 4759 cum
1019 4697 1084 4758 suis
1112 4698 1207 4759 disci·
1260 4716 1335 4761 oves
1360 4715 1456 4772 meas,
1474 4695 1506 4756 id
1531 4703 1590 4774 est,
1606 4694 1649 4757 sis
1674 4705 1782 4776 pastor
1804 4706 1837 4760 et
1859 4688 2026 4781 protomi-

460 4798 545 4881 pulis
570 4796 686 4858 veniat.
703 4795 784 4857 Ecce
804 4802 875 4875 post
895 4794 1056 4857 modicum
1080 4802 1206 4876 tempus
1261 4794 1429 4877 generalis,
1446 4794 1485 4855 ad
1506 4811 1602 4874 quom
1625 4794 1764 4875 pertinet
1785 4796 1945 4878 dispositio
1964 4804 1990 4856 et

460 4896 606 4981 pervenit
631 4894 719 4955 curia
742 4894 882 4955 Romana
907 4892 1081 4955 Perusiam.
1106 4894 1207 4956 hero
1260 4893 1403 4974 regimen
1418 4890 1598 4955 universale
1612 4892 1721 4955 ovium
1736 4894 1991 4970 etoi'ilis.0oem·

460 4997 590 5076 lutoque
615 5011 710 5070 anno,
727 4990 875 5054 dominus
900 4991 981 5072 Papa
1006 5011 1080 5054 cum
1106 4993 1206 5055 cardi·
1260 4992 1431 5055 admodum
1449 4998 1555 5053 autem
1571 4990 1712 5073 Apostoli
1731 5000 1763 5054 et
1782 4993 1940 5077 discipuli,
1954 4992 1989 5055 sic

457 5094 585 5157 nalibus
606 5093 645 5154 de
669 5090 796 5153 Perusio
819 5090 965 5153 transivit
988 5089 1154 5168 Assisium,
1170 5099 1206 5153 ut
1261 5089 1402 5171 episcopi
1429 5097 1461 5151 et
1486 5088 1662 5170 presbyteri
1691 5089 1842 5155 Ecclesia
1869 5090 1989 5155 ministri

433 5208 435 5213 ’
458 5196 498 5257 de
513 5192 647 5255 transito
663 5190 693 5251 S.
710 5189 807 5252 Clarae
829 5198 1020 5270 praeostensa
1043 5189 1124 5252 visio
1140 5208 1204 5252 sor·
1259 5188 1419 5251 aChristo
1444 5187 1626 5249 immediate
1646 5195 1835 5268 potestatem
1857 5190 1991 5254 ecclesia·

458 5294 570 5357 tiretur
597 5288 750 5354 effectum
772 5287 866 5368 :ipse
894 5305 1030 5368 namque
1059 5307 1203 5351 summus
1259 5287 1370 5351 sticam
1398 5295 1602 5369 acceperuut,
1631 5295 1784 5369 tauquam
1813 5290 1916 5361 abeo
1944 5289 1991 5371 qui
