4309 6250
503 513 622 559 course
643 514 812 559 ramsolan
833 513 1003 575 annonari,
1027 514 1117 560 nisan
1137 515 1178 560 iv.
1201 533 1242 544 -
1262 516 1332 561 inv.
1356 517 1375 559 v
1656 498 1715 562 tlt

166 687 267 746 Amen
290 685 363 743 dieo
389 685 488 752 uobis,
513 692 705 759 receperunt
733 686 910 744 mercedem
926 684 949 745 A
967 702 1074 764 mune,
1091 692 1146 747 aut
1157 684 1281 765 justitia
1300 692 1532 748 contemnatur.
1549 686 1640 748 Sexta
1661 704 1717 767 pe-

166 802 264 843 cuum.
293 785 341 844 Tu
365 792 474 842 autem
504 802 563 842 ora
586 784 723 842 Patrem
752 790 846 841 tuum
875 784 911 841 iu
965 781 1036 845 titio
1065 790 1115 845 est
1139 806 1146 843 ε
1172 786 1216 845 av
1244 804 1286 843 ue
1313 804 1371 845 nos
1395 785 1533 844 inducas
1556 780 1716 844 iu'teuta-
1735 794 1860 850 Mutum,

166 880 358 949 abscondito,
374 887 404 938 et
420 880 532 939 reddet
548 879 619 941 tibi.
966 882 1098 967 tionem,
1123 880 1155 942 id
1183 889 1243 959 est,
1268 899 1333 943 non
1361 899 1420 943 nos
1445 901 1464 943 a
1487 880 1715 944 tentationibus
1730 862 1762 902 ¹³·

202 974 334 1057 Insuper
347 975 490 1038 Christus
505 974 640 1038 formam
661 973 913 1056 compendiosis·
966 978 1108 1058 superari
1125 979 1301 1059 permittas,
1315 979 1379 1042 imo
1393 980 1434 1041 da
1447 980 1582 1061 gratiam
1596 998 1716 1060 pruva-

166 1072 250 1137 simae
264 1073 417 1137 orationis
433 1073 525 1137 nohis
541 1073 744 1155 prescripsit,
754 1072 909 1136 dicendo:
966 1073 1052 1138 leudi
1076 1075 1208 1138 eisdem.
1234 1077 1375 1159 Septima
1399 1076 1514 1159 petitio
1541 1086 1590 1139 est
1615 1101 1622 1139 ε
1649 1080 1716 1139 Sed

70 1209 81 1236 a
114 1208 151 1244 Ji,
165 1173 459 1249 Sicerpooruba'tr's
474 1192 486 1230 .·
500 1173 604 1234 Pater
619 1180 728 1231 uester
742 1172 801 1250 qui
822 1190 854 1231 es
876 1172 911 1230 t'u
966 1176 1071 1233 libera
1091 1194 1184 1235 uasa
1199 1179 1295 1246 medo,
1311 1174 1344 1237 id
1365 1183 1415 1237 θεῖ
1435 1175 1475 1237 ab
1496 1174 1584 1238 omni
1605 1174 1715 1237 salutis

57 1290 61 1301 ·
164 1270 261 1340 ecelis,
276 1271 501 1347 sanctificetur
525 1290 640 1329 nomen
667 1278 774 1339 tuum,
795 1268 826 1331 id
851 1276 910 1347 est,
965 1271 1141 1350 obstaculo,
1166 1274 1207 1336 al)
1235 1272 1451 1336 incitamentis
1479 1272 1716 1337 occasionibus-

165 1375 197 1429 tu
216 1366 295 1449 ipse,
313 1366 394 1431 Deus
415 1367 516 1444 Pater,
534 1367 573 1430 ab
597 1366 781 1431 hominibus
807 1366 912 1430 debite
965 1388 1027 1451 que
1051 1368 1218 1452 peccandi,
1239 1390 1258 1433 a
1281 1371 1420 1435 miseriis
1443 1370 1514 1434 vita
1537 1371 1713 1454 praesentis,

86 1496 88 1501 ·
164 1465 339 1543 honoreris,
357 1474 388 1528 et
410 1474 538 1528 sanctus
557 1484 628 1529 esse
646 1465 797 1529 omnibus
820 1466 913 1529 iuno-
966 1468 1031 1531 imo
1053 1468 1093 1531 ab
1113 1468 1200 1532 omni
1226 1469 1310 1533 malo
1335 1470 1437 1550 culpa
1457 1488 1495 1532 ac
1516 1488 1619 1551 poena
1636 1488 1717 1552 pra·

167 1572 275 1643 tescas,
293 1564 338 1626 ita
356 1572 391 1625 ut
409 1564 468 1626 tihi
488 1564 522 1626 in
546 1564 713 1627 sanctitate
737 1573 769 1627 et
790 1563 912 1645 justitia
967 1567 1070 1647 terito,
1088 1567 1246 1650 prasenti,
1263 1567 1382 1632 tuturo.
1397 1572 1512 1631 Amen.

165 1682 289 1745 semper
311 1662 492 1725 deserviant
519 1686 526 1723 :
552 1661 613 1726 hoc
637 1670 697 1743 est,
722 1663 762 1725 da
787 1663 911 1725 cunetis
1005 1665 1077 1727 Hae
1092 1674 1140 1727 θεῖ
1154 1667 1255 1730 oratio
1271 1665 1558 1731 sententiosissima
1572 1684 1716 1749 prorsus·

164 1760 346 1825 hominibus
364 1760 495 1843 gretiam
521 1769 553 1824 et
578 1760 727 1823 virtutem
752 1768 783 1823 te
807 1760 912 1824 taliter
966 1763 1241 1845 quedignissima.

164 1859 394 1924 sanctificandi.
421 1860 530 1924 llerito
556 1858 685 1942 ponitur
711 1860 772 1922 ista
800 1860 948 1940 petitioB

163 1960 275 2043 prima,
301 1959 376 2040 qnia
403 1960 442 2022 ad
470 1958 571 2022 bonos
596 1958 734 2041 pertinet
761 1956 848 2021 lilios
877 1966 912 2021 nt

163 2057 278 2121 summi
293 2058 348 2121 Dei
364 2057 463 2121 Patris
477 2058 631 2121 honoram
646 2064 678 2120 et
691 2056 825 2138 gloriam
847 2056 911 2139 pri·
1184 2026 1429 2091 ARTIGULUS
1453 2026 1494 2089 V·

164 2176 213 2220 mo
228 2165 259 2219 et
279 2156 416 2219 maxime
432 2164 543 2238 optent
561 2163 775 2237 querensque.
794 2156 912 2217 Seeun-
1025 2167 1215 2227 prosecutio
1234 2168 1501 2225 documentorum
1518 2164 1652 2225 curisti.

62 2276 107 2319 mu.
119 2280 147 2319 io.
163 2257 200 2318 da
224 2255 337 2337 petitio
361 2262 410 2317 est
426 2278 433 2316 z
450 2257 615 2317 Adueniet
641 2274 777 2332 reguum
802 2264 909 2325 tuum,

161 2354 192 2416 id
206 2353 475 2435 est,triumphans
490 2350 632 2415 Ecclesia
642 2354 768 2433 (utputa
782 2370 910 2433 congre·
1026 2350 1324 2425 otsnotnttvnn
1360 2352 1501 2435 loquitur
1532 2352 1675 2416 Christus
1704 2374 1713 2413 z

160 2453 244 2534 gatio
265 2452 435 2515 Beatorum
455 2452 488 2513 in
512 2450 616 2529 coelis)
636 2448 855 2532 adimpleatur,
878 2460 910 2515 et
1040 2454 1147 2519 Quum
1154 2452 1334 2528 jejunatis,
1349 2456 1450 2512 notite
1462 2455 1540 2530 fieri
1554 2454 1639 2513 sieut
1658 2454 1716 2531 ley-
1736 2472 1884 2523 nurum·

160 2553 197 2613 ad
222 2552 294 2634 ejus
320 2551 505 2613 societatem
530 2569 567 2611 ac
594 2548 729 2631 gloriam
758 2550 910 2631 perduoa-
960 2551 1097 2625 poere'ue
1117 2551 1227 2610 tristes
1236 2571 1250 2618 ,·
1263 2553 1487 2611 exterminant
1507 2553 1595 2611 euim
1614 2552 1717 2628 sactes
1730 2539 1763 2579 ¹⁶·

162 2669 251 2727 mur;
270 2649 381 2731 sieque
396 2668 434 2711 ex
447 2648 541 2712 nobis
556 2648 742 2729 angelorum
763 2648 910 2730 supplea-
963 2667 1051 2717 sues,
1068 2657 1104 2708 ut
1120 2659 1301 2725 appaream
1316 2651 1503 2709 dominibus
1509 2651 1714 2728 jejunantes.

162 2756 210 2810 tur
224 2748 331 2827 ruina,
348 2756 380 2809 et
394 2746 686 2829 praedestinatorum
703 2746 736 2807 in
756 2746 837 2809 coelo
851 2764 910 2808 nu·
963 2750 1082 2816 Amen,
1098 2746 1129 2807 id
1151 2754 1199 2808 est
1220 2764 1306 2825 vere,
1322 2750 1395 2807 dieo
1417 2748 1515 2817 vobis,
1531 2750 1612 2826 pute
1633 2749 1716 2808 ree'e-

159 2865 265 2909 merus
291 2843 500 2926 compleatur.
517 2843 622 2908 Potest
645 2851 677 2906 et
699 2843 742 2906 ita
767 2844 906 2926 exponi:
959 2854 1084 2920 perurit
1099 2848 1276 2904 mercedem
1290 2866 1395 2905 suum.
1415 2849 1461 2905 Tu
1483 2855 1592 2905 autem
1614 2866 1715 2927 quum
1728 2865 1862 2919 nutare.

159 2966 175 3004 a
189 2944 349 3007 Adveniet
364 2962 497 3025 regnum
512 2950 601 3004 tuum
617 2941 686 3021 u,id
701 2950 759 3019 est,
767 2942 909 3005 Ecclesia
955 2942 1107 3019 jejunas,
1123 2962 1208 3018 uupe
1221 2952 1318 3018 eaput
1335 2952 1440 3013 tuum,
1452 2943 1483 3004 id
1498 2950 1558 3020 est,
1574 2951 1716 3005 mentem

134 3044 312 3122 'militana
341 3041 464 3105 seilicet
488 3041 692 3123 congregatio
715 3040 910 3103 Christiano-
928 3040 949 3103 C
966 3047 1050 3101 tuam
1080 3039 1235 3121 spirituali
1265 3039 1463 3121 jucunditate
1490 3040 1658 3123 pertunde,
1684 3052 1714 3102 et

159 3161 239 3222 rum,
256 3142 314 3223 qui
331 3141 390 3204 soli
404 3159 479 3203 vere
497 3139 613 3203 iideles
635 3147 720 3218 sunt,
737 3140 771 3201 in
792 3139 909 3221 quibus
962 3140 1082 3215 faeiem
1098 3149 1189 3198 tuam
1204 3142 1291 3209 tara,
1306 3139 1339 3201 id
1354 3147 1413 3216 est,
1429 3139 1592 3202 sincerum
1611 3147 1643 3203 et
1660 3140 1716 3203 be-

158 3259 214 3322 per
231 3239 336 3302 iidem
360 3247 393 3301 et
415 3237 547 3319 gratiam
574 3257 687 3319 regnas
711 3257 748 3300 ac
772 3237 907 3320 habitas,
963 3255 1004 3298 ne
1019 3235 1208 3318 dispositum
1224 3235 1347 3299 vultum
1362 3257 1501 3314 assume,
1513 3258 1555 3298 ne
1570 3241 1716 3324 videaris

160 3337 357 3421 pelliciatur,
371 3345 402 3400 et
415 3355 550 3400 numero
564 3355 599 3400 ae
616 3335 729 3400 merito
744 3345 907 3418 augeatur.
964 3336 1330 3413 homiuibusjejuuans,
1348 3339 1405 3396 sed
1421 3339 1523 3398 Patri
1544 3346 1599 3397 tuo
1620 3336 1716 3399 eoele-

159 3436 263 3500 Tertia
278 3435 392 3518 petitio
406 3443 455 3498 est
471 3458 478 3496 :
495 3437 572 3496 Fiat
589 3439 738 3496 voluutas
753 3436 909 3495 tudetem
965 3431 1026 3510 sti3
1043 3439 1075 3494 θῖ
1095 3431 1165 3512 ipse
1186 3433 1354 3513 premium
1376 3433 1435 3496 tibi
1457 3433 1556 3497 dabit.

158 3537 192 3595 in
207 3538 285 3596 eoelo
301 3543 333 3594 et
349 3537 384 3594 in
400 3543 502 3602 terra,
519 3531 624 3610 idest,
640 3531 909 3612 quemadmodum
1005 3529 1125 3593 Deinde
1145 3530 1238 3594 docet
1257 3531 1424 3594 avaritiam
1443 3550 1514 3594 esse
1539 3532 1712 3595 vitandam.

157 3633 243 3696 cives
273 3631 422 3696 coelestes
447 3629 603 3694 voluntati
631 3638 693 3692 tuae
721 3629 755 3692 in
784 3629 909 3693 eunctis
965 3631 1076 3692 Nolite
1091 3631 1318 3690 thesaurizare
1332 3632 1369 3690 im
1384 3640 1488 3701 terra,
1503 3631 1559 3693 sed
1574 3634 1611 3691 in
1625 3635 1714 3703 eeu,
1729 3654 1861 3706 numm

157 3731 322 3808 obediunt,
351 3729 398 3792 sio
423 3736 537 3810 preste
562 3735 596 3790 ut
619 3727 766 3790 homines
791 3727 824 3790 in
848 3727 910 3792 hoc
952 3725 997 3789 'id
1023 3733 1081 3804 θεῖ,
1108 3735 1250 3790 terrenas
1277 3727 1406 3790 divitias
1433 3727 1533 3791 nolite
1561 3728 1716 3792 immode-

158 3832 277 3894 mnndo
293 3829 353 3891 tibi
370 3829 402 3890 in
417 3827 542 3890 cunctis
557 3827 910 3909 obtemperenteuaru
966 3833 1072 3887 ranter
1100 3824 1262 3906 colligere,
1292 3825 1347 3888 sed
1381 3825 1533 3889 virtuosis
1564 3825 1714 3908 operibus

156 3927 267 4010 petitio
286 3950 293 3988 :
313 3931 438 3990 Panem
455 3935 600 3986 nostrum
618 3927 848 4004 quotidianum
866 3928 910 3986 du
965 3922 1126 3986 abundare
1143 3922 1276 3985 studete.
1297 3925 1359 3986 Ubi
1372 3926 1460 3984 euim
1475 3934 1520 3984 est
1541 3925 1715 3985 thesaurus
1728 3941 1785 3986 uva
1799 3945 1833 3986 av.

70 4028 107 4064 ·¹¹·
129 4047 135 4060 ·
157 4029 246 4087 uotis
262 4027 373 4094 hodie,
390 4022 421 4085 id
436 4031 485 4086 est
499 4023 676 4086 necessaria
693 4023 776 4105 vita,
793 4043 908 4106 panem
966 4031 1054 4093 tuus,
1078 4023 1127 4080 ibi
1149 4032 1195 4082 est
1220 4032 1250 4081 et
1274 4042 1331 4082 eor
1356 4032 1459 4087 tuum.
1482 4022 1602 4086 ideireo
1626 4023 1714 4086 avari

156 4143 283 4207 quoque
310 4120 586 4200 sacramentalem,
612 4141 791 4204 panemque
820 4122 910 4186 lacri-
964 4121 1060 4184 corda
1075 4139 1132 4183 sua
1146 4136 1209 4183 non
1225 4118 1329 4201 figunt
1343 4120 1377 4183 in
1392 4120 1485 4202 coelo,
1498 4121 1602 4185 sedin
1617 4128 1712 4206 terra.
1751 4196 1759 4206 ,

156 4242 292 4302 marum,
310 4239 429 4304 panem
447 4219 542 4284 etiam
563 4221 635 4284 vita
658 4228 689 4283 et
714 4221 906 4285 intellectus.
924 4222 1004 4289 nst
1020 4220 1127 4297 suerit
1146 4222 1258 4279 ocutus
1277 4227 1353 4279 tuus
1373 4221 1524 4296 simplem,
1539 4219 1571 4283 id
1595 4228 1645 4283 θεῖ
1667 4219 1716 4283 in·
1728 4241 1786 4286 rou.
1813 4243 1847 4286 aa

103 4363 142 4401 ..g
155 4321 267 4397 Quinta
291 4317 408 4402 petitio
433 4341 440 4380 :
466 4321 509 4380 Et
534 4320 663 4379 dimitte
689 4321 778 4380 nobis
800 4321 909 4380 debita
963 4319 1062 4383 tentio
1077 4325 1175 4397 recta,
1193 4326 1295 4378 totum
1313 4337 1431 4395 corpus
1452 4328 1545 4379 tuum
1567 4321 1714 4380 lucidum

54 4439 59 4448 ·
156 4431 279 4491 nostra,
295 4419 328 4480 id
353 4424 401 4480 est
421 4423 562 4499 peccata,
579 4419 662 4477 sieut
680 4426 710 4476 et
726 4437 782 4477 uos
796 4419 908 4478 dtmv't·
963 4421 1040 4488 erit,
1056 4418 1162 4498 idest,
1178 4435 1311 4498 operum
1326 4423 1454 4479 tuorum
1475 4416 1639 4499 congeries
1653 4417 1715 4480 erit

156 4521 255 4579 timus
279 4517 485 4578 debitoribus
507 4513 552 4593 (id
577 4521 625 4575 est
652 4503 909 4595 lorelactoribus)
963 4515 1047 4578 bona
1064 4539 1070 4578 :
1088 4517 1223 4580 intentio
1237 4534 1376 4598 namque
1397 4516 1537 4598 speciem
1557 4515 1715 4598 imprimit

156 4619 290 4687 uostris,
321 4613 442 4695 quibus
476 4631 602 4694 semper
636 4612 829 4694 indulgenda
860 4621 909 4675 θεῖ
963 4614 1063 4696 operi.
1081 4617 1182 4676 Nemo
1197 4625 1301 4690 potest
1326 4616 1451 4676 duobus
1474 4616 1616 4675 (leminis
1639 4633 1784 4682 con-uu.
1798 4639 1831 4682 tt.

156 4715 248 4796 culpa
264 4733 304 4776 ex
321 4713 454 4775 caritate
474 4719 506 4773 et
519 4711 635 4793 pietate
652 4719 781 4793 propter
796 4711 905 4789 Deum,
965 4713 1092 4776 trariam
1106 4712 1301 4776 voluntatem
1315 4713 1509 4776 habentibus
1530 4715 1655 4773 seruire
1675 4731 1713 4776 ae

156 4831 254 4894 quum
279 4821 451 4875 teneamur
474 4809 622 4872 inimicos
646 4809 788 4891 diligere.
813 4810 909 4872 Satis·
963 4811 1103 4890 obedire,
1120 4811 1295 4893 prasertim
1321 4812 1355 4873 in
1379 4811 1431 4873 uis
1453 4811 1486 4872 in
1511 4811 1627 4892 quibus
1652 4811 1713 4874 sibi

156 4913 251 4975 tactio
266 4919 378 4973 autem
394 4927 451 4970 seu
465 4925 560 4990 poena
573 4907 656 4989 exigi
675 4916 778 4990 potest
798 4927 910 4971 secun-
965 4910 1115 4974 contrarii
1139 4918 1224 4973 sunt.
1248 4909 1341 4987 Hine,
1367 4910 1452 4974 sicut
1478 4918 1642 4972 ostensum
1666 4916 1715 4972 est

119 5033 123 5040 ’
157 5010 230 5073 dum
245 5009 398 5073 ordinem
411 5005 712 5087 juris:laudabilius
728 5014 834 5070 tamen
849 5017 907 5087 est,
964 5029 1060 5093 saepe,
1086 5009 1284 5092 impossibile
1311 5017 1360 5071 est
1388 5009 1516 5071 credere
1544 5016 1577 5070 et
1604 5024 1714 5090 parere

157 5119 286 5192 propter
315 5109 419 5171 Deum
452 5107 547 5168 etiam
581 5123 707 5186 poenam
735 5106 908 5188 dimittere,
964 5105 1137 5189 Evangelio
1151 5105 1364 5186 etAlcorano,
1381 5125 1438 5168 seu
1458 5105 1581 5168 Christo
1602 5113 1634 5167 et
1653 5104 1715 5166 lia·

157 5207 216 5268 nisi
236 5225 275 5270 ex
295 5207 360 5268 hoc
380 5203 553 5267 loretactor
573 5202 630 5265 liat
651 5203 691 5266 ad
711 5207 909 5285 peccandum
966 5208 1104 5286 humeto,
1120 5205 1268 5287 quamvis
1284 5204 1482 5268 Mahometus
1495 5203 1588 5266 aliter
1602 5203 1711 5265 dicat:

156 5305 346 5388 proclivior,
372 5311 427 5366 aut
454 5303 574 5366 bonurn
603 5302 800 5384 periclitetur
825 5323 911 5369 eom·
967 5306 1042 5389 quia
1060 5323 1143 5388 pene
1163 5303 1281 5386 ultique
1300 5302 1361 5364 sibi
1380 5301 1442 5385 ipsi
1467 5308 1568 5364 exstat
1592 5306 1717 5364 contra-

280 5441 315 5494 τ.
335 5440 376 5514 ac.
1556 5435 1588 5488 er
