4309 6250
393 455 432 522 76
640 481 680 528 ne
701 480 865 529 menrrarn
886 479 924 527 nr
944 481 1093 528 taurinus
1114 481 1141 526 n.
1166 481 1196 527 v.
1218 482 1335 540 xxxin,
1359 482 1447 528 xmrn
1467 483 1500 528 u.
1524 499 1564 510 -
1583 451 1655 526 aar.
1677 482 1698 526 v

394 647 481 712 omni
510 649 677 731 sapientia,
707 649 839 714 scientia
867 649 1142 732 intelligentiaque
1157 650 1182 712 Α
1197 650 1276 713 ilinc
1291 650 1325 713 in
1340 650 1433 713 tertia
1449 659 1537 733 parte
1552 651 1690 713 Summae
1705 670 1780 728 suae,
1797 648 1950 731 quastio
1961 664 2093 710 ussaw.

394 745 639 828 Scripturarum.
1195 768 1237 811 ne
1252 748 1407 812 vicesima
1420 749 1566 831 septime,
1580 749 1693 812 asserit
1707 748 1842 812 Thomas
1855 771 1863 808 :
1876 747 1949 808 Vir-

237 849 381 908 Cf·t·¹¹V1¹·
435 844 588 926 Denique,
618 853 653 908 ut
685 846 797 910 recitat
829 845 1009 924 Cassianae,
1039 846 1141 908 sancti
1194 867 1235 929 go
1251 848 1342 912 beata
1355 849 1465 911 habirit
1479 867 1573 910 nsum
1587 847 1796 929 sapientiaein
1809 853 1951 910 contem·

235 913 322 970 ΡΜ·
395 940 500 1006 Patres
515 943 722 1023 edocuerunt,
738 946 823 1026 quod
837 944 870 1006 in
885 963 971 1025 vera,
983 943 1141 1025 profunda
1197 946 1325 1029 plando,
1342 966 1406 1010 non
1428 955 1533 1010 autem
1554 946 1588 1008 in
1609 947 1765 1024 docendo,
1783 945 1860 1026 quia
1879 962 1948 1007 non

394 1059 431 1104 ac
457 1040 586 1103 salutari
611 1041 781 1123 Scriptura
806 1050 922 1104 sancte
951 1042 1059 1105 notitia
1088 1061 1142 1105 cu·
1195 1044 1407 1108 conveniebat
1420 1045 1507 1107 sexui
1530 1044 1690 1106 muliebri.
1706 1042 1854 1106 ilbertus
1867 1061 1949 1124 quo-

394 1138 486 1220 pieus
501 1157 728 1219 crescere,n0n
742 1159 822 1223 opus
837 1141 933 1204 habet
947 1140 1045 1204 libros
1061 1141 1142 1202 mul·
1194 1142 1304 1223 quein
1320 1142 1401 1207 libro
1415 1143 1454 1204 de
1468 1142 1626 1205 Laudibus
1640 1141 1831 1205 beatissimae
1845 1140 1950 1222 Virgi-
1977 1164 2072 1214 uerae,

394 1243 442 1299 tos
457 1237 695 1316 revolvere,sed
710 1238 838 1320 puritati
854 1237 986 1301 interme
1002 1240 1141 1318 studere,
1196 1239 1247 1302 nis
1268 1264 1275 1302 :
1296 1241 1454 1319 Quaedam,
1474 1239 1587 1322 inquit,
1608 1241 1691 1302 dona
1713 1239 1821 1322 gratiae
1846 1238 1947 1320 gratis
1962 1241 2063 1284 ΨΜ

393 1335 425 1397 in
445 1354 508 1416 qua
526 1344 645 1417 quanto
664 1337 736 1418 plus
758 1337 905 1417 creverit,
922 1345 1010 1400 tanto
1036 1337 1142 1418 copio-
1195 1340 1276 1402 datae
1297 1340 1413 1402 dantur
1435 1339 1469 1401 in
1493 1338 1656 1422 proprium
1680 1337 1859 1420 profectum
1882 1337 1945 1414 sni,

394 1433 468 1497 siori
496 1433 612 1497 divinae
635 1434 858 1498 illustrationis
888 1435 976 1500 radio
1005 1437 1142 1518 desuper
1196 1444 1228 1498 et
1250 1455 1314 1500 non
1334 1436 1479 1515 aliorum,
1496 1437 1628 1500 ntdona
1642 1435 1859 1499 instructionis
1872 1435 1949 1498 bea-

393 1531 612 1614 perfundetur.
639 1533 724 1610 ldeo,
748 1551 811 1614 quo
835 1532 930 1595 hlaria
954 1533 1141 1596 dulcissima
1196 1533 1328 1597 tissime
1348 1535 1502 1598 Dominae.

393 1650 458 1713 prae
473 1631 596 1693 cunctis
611 1631 644 1694 in
660 1631 747 1694 omni
763 1632 989 1695 exercitatione
1004 1633 1139 1712 interna,
1237 1632 1296 1694 Sed
1332 1631 1381 1694 his
1409 1633 1539 1695 obviare
1568 1631 1707 1709 videtur,
1735 1631 1821 1712 quod
1850 1649 1948 1712 snper

392 1729 600 1811 occupatione
619 1729 773 1808 virtuosa,
790 1730 927 1811 puritate
949 1729 1142 1812 splendiflua
1197 1738 1346 1813 praetacta
1367 1730 1474 1807 verba,
1498 1729 1593 1793 hieria
1610 1730 1819 1793 conservabat
1837 1729 1947 1792 omnic
1963 1745 2053 1794 cm.
2067 1748 2096 1793 u.

392 1826 517 1904 enituit,
540 1826 723 1904 abundavit,
745 1826 879 1905 effulsit,
901 1847 939 1890 eo
963 1828 1002 1890 ad
1027 1827 1143 1890 intelli·
1158 1836 1182 1898 Β
1197 1828 1293 1890 verba
1307 1829 1385 1906 haec,
1402 1828 1499 1910 aliqui
1514 1829 1624 1891 dicunt
1638 1827 1845 1909 expositores,
1861 1827 1947 1908 quod
1964 1813 2003 1852 ⁵¹·

392 1926 532 2008 gendum
565 1944 655 1988 sacra
689 1925 824 2008 eloquia,
855 1926 964 1989 divina
993 1927 1143 2008 mysteria
1198 1927 1268 1990 ideo
1296 1927 1393 1990 verba
1418 1926 1473 1989 illa
1497 1927 1679 1989 memoriter
1706 1925 1820 2002 tenuit,
1845 1933 1881 1987 ut
1909 1944 1949 1988 ea

393 2023 690 2105 Scripturerumque
715 2023 832 2102 abdita,
855 2025 1080 2088 exuberantius
1105 2045 1142 2089 ac
1197 2026 1399 2108 postmodum
1423 2025 1505 2103 aliis,
1521 2033 1664 2105 tempore
1687 2032 1879 2106 opportuno,
1895 2043 1950 2086 ex·

395 2121 558 2204 limpidius
572 2122 745 2186 docebatur
759 2121 926 2185 divinitus.
1136 2115 1139 2118 ⁴
1199 2132 1331 2205 poneret
1345 2142 1381 2185 ac
1396 2124 1538 2186 doceret:
1548 2122 1624 2200 imo,
1641 2122 1816 2185 secundum
1829 2121 1948 2184 Bedam

435 2220 553 2283 Deinde
567 2239 738 2301 pensemus
753 2221 836 2302 quod
851 2220 986 2284 lacobus
1000 2223 1145 2285 hortatur
1199 2229 1231 2284 et
1245 2220 1335 2299 alios,
1350 2221 1450 2283 Lucas
1466 2220 1661 2302 evangelista
1680 2219 1862 2302 specialiter
1880 2238 1950 2282 cre-

396 2326 428 2381 et
449 2316 591 2380 affirmat
608 2318 770 2399 apostolus
787 2342 794 2380 :
813 2318 843 2381 Si
863 2319 935 2400 quis
955 2319 1076 2401 indiget
1096 2339 1145 2382 sa·
1198 2319 1285 2382 ditur
1307 2338 1325 2381 a
1352 2318 1541 2381 felicissima
1565 2327 1596 2381 et
1619 2317 1824 2381 serenissima
1852 2317 1950 2380 bieria

300 2427 305 2438 ·
397 2415 527 2497 pientia,
545 2415 682 2496 postulet
705 2436 724 2478 a
746 2417 821 2497 Deo,
839 2416 893 2498 qui
918 2417 972 2480 dat
995 2417 1144 2480 omnibns
1200 2416 1374 2479 instructus
1389 2417 1428 2478 dc
1443 2415 1494 2478 his
1513 2435 1583 2497 quae
1603 2415 1671 2497 ipse
1691 2416 1778 2478 solus
1797 2416 1837 2478 de
1858 2434 1896 2477 ea
1917 2424 1950 2477 et

396 2514 569 2577 affluenter
592 2521 624 2577 et
647 2532 711 2577 non
738 2515 941 2596 improperat,
963 2524 994 2578 et
1018 2516 1145 2578 dabitur
1199 2514 1359 2596 mysteriis
1387 2514 1459 2576 Filii
1489 2514 1560 2594 ejus
1585 2513 1786 2595 conscripsit.
1811 2512 1891 2576 ilinc
1916 2521 1950 2575 et

397 2611 425 2674 ei
440 2633 448 2688 3
464 2611 602 2692 postulet
616 2619 721 2674 autem
743 2611 776 2674 in
795 2611 862 2674 fide
883 2612 962 2674 nihil
981 2612 1142 2676 haesitans.
1200 2613 1279 2694 Lyra
1293 2632 1389 2694 super
1410 2619 1558 2693 praetacta
1579 2612 1693 2674 asserit
1713 2611 1811 2674 verba
1828 2634 1835 2672 :
1852 2609 1950 2674 hieria

242 2728 382 2776 raucus.
398 2710 483 2774 Unde
508 2719 540 2772 et
562 2709 728 2772 Psalmista
749 2733 756 2770 :
778 2711 925 2773 Accedite
950 2711 1080 2791 (inquit)
1105 2711 1143 2773 ad
1201 2711 1374 2792 prudenter
1394 2710 1575 2772 attendebat
1593 2710 1752 2791 quomodo
1773 2708 1950 2790 prophetia)

397 2828 481 2886 eum,
499 2816 531 2871 et
545 2807 782 2870 illuminamini.
804 2808 924 2890 ltaque,
947 2827 1010 2889 quo
1025 2808 1146 2871 incom-
1201 2807 1416 2889 implebantur
1430 2807 1462 2869 in
1478 2825 1577 2889 puero
1592 2815 1677 2870 nato.
1693 2807 1732 2869 Et
1745 2807 1806 2868 ista
1821 2805 1950 2870 collatio

397 2905 548 2988 parabilis
571 2905 705 2968 Domina
728 2904 915 2983 ferventius,
933 2907 1142 2989 frequentius,
1200 2914 1268 2968 erat
1282 2905 1311 2968 ei
1327 2905 1418 2969 valde
1437 2904 1645 2983 delectabilis,
1662 2924 1700 2967 ac
1721 2904 1778 2966 toti
1798 2904 1952 2967 Ecclesiae

396 3003 525 3066 fidelius
546 3023 583 3068 ac
603 3003 785 3067 fiducialius
809 3005 975 3068 Dominum
1002 3005 1145 3069 exoravit
1164 3003 1374 3085 Gplurimum
1389 3002 1591 3083 utilistquia,
1607 3003 1782 3065 secundum
1797 3001 1952 3082 Hierony-

398 3120 455 3185 pro
484 3102 640 3185 sapientia
668 3110 699 3165 et
727 3102 853 3183 virtute,
880 3123 918 3168 eo
948 3104 1085 3168 celerius
1114 3112 1146 3167 et
1201 3121 1288 3165 mum
1303 3101 1335 3163 in
1352 3119 1498 3164 sermone
1512 3101 1552 3164 de
1567 3101 1665 3163 beatae
1677 3098 1816 3183 Virginis
1831 3119 1951 3163 assum-

398 3201 558 3283 copiosius
586 3202 812 3265 exaudiebatur
835 3222 871 3265 ac
899 3202 1081 3284 replebatur
1105 3203 1144 3265 ab
1201 3202 1320 3283 ptione,
1351 3200 1421 3282 ipsa
1449 3208 1521 3280 post
1553 3199 1623 3260 lilii
1651 3199 1699 3261 sui
1728 3199 1949 3261 ascensionem

397 3298 462 3361 illc.
479 3299 558 3361 llinc
579 3298 771 3362 electissima
791 3300 880 3382 virgo
899 3300 994 3363 bieria
1014 3301 1146 3380 paratis-
1200 3298 1353 3361 remansit
1367 3300 1406 3362 ad
1427 3307 1554 3380 tempus
1569 3298 1602 3359 in
1618 3298 1710 3361 terris
1732 3317 1805 3360 cum
1827 3298 1949 3360 sanctis

278 3411 284 3423 '
398 3397 478 3459 sima
493 3405 524 3459 et
538 3415 661 3458 summe
676 3396 790 3459 idonea
804 3396 866 3459 fuit
886 3399 925 3459 ad
949 3398 1144 3460 reddendum
1199 3397 1368 3478 Apostolis,
1386 3404 1421 3458 ut
1439 3415 1493 3459 eos
1512 3395 1638 3477 plenius
1657 3396 1697 3457 de
1712 3396 1814 3459 Verbo
1833 3395 1953 3458 instru-

398 3494 551 3563 rationem
566 3494 652 3558 omni
668 3494 810 3575 poscenti
826 3515 860 3558 se
878 3497 918 3558 dc
940 3495 1005 3558 fide
1025 3503 1057 3557 et
1075 3514 1142 3576 spe,
1200 3504 1267 3558 eret
1292 3495 1466 3574 incarnato,
1493 3494 1532 3556 de
1557 3511 1620 3574 quo
1644 3493 1713 3574 ipsa
1736 3493 1863 3575 plenius
1887 3492 1953 3555 fuit

397 3594 547 3677 omnique
563 3593 708 3657 doctrina
722 3601 753 3655 et
767 3595 992 3675 predicatione
1011 3613 1146 3676 evange·
1200 3593 1312 3656 edocta
1338 3613 1395 3675 per
1417 3592 1571 3674 Spiritum
1596 3591 1769 3669 Sanctum;
1789 3599 1821 3654 et
1838 3590 1951 3654 omnia

399 3694 467 3758 licre
489 3694 580 3775 legis.
1202 3690 1389 3753 familiarius
1405 3691 1528 3752 viderat
1548 3698 1642 3770 atque
1662 3698 1861 3769 tractaverat,
1877 3708 1954 3771 pro-

1201 3797 1273 3871 pter
1299 3790 1383 3871 quod
1413 3789 1527 3851 melius
1550 3788 1728 3870 exprimere
1750 3796 1884 3869 poterat,
1901 3806 1954 3850 se-

1202 3887 1343 3949 cundum
1364 3886 1449 3969 quod
1470 3886 1513 3948 ait
1533 3885 1743 3968 Hieronymus
1760 3910 1767 3947 :
1783 3886 1871 3961 Quod
1884 3904 1955 3947 me-

618 3958 862 4023 ARTICULUS
888 3959 928 4020 V·
1202 3985 1265 4048 lius
1290 3985 1448 4062 novimus,
1464 3984 1578 4047 melius
1603 3992 1635 4046 et
1658 3984 1861 4066 proferimus.
1877 3984 1952 4047 llaec

397 4113 452 4173 An
471 4111 608 4185 Deiscra
627 4110 720 4184 virgo
739 4106 851 4165 Maria
874 4105 1027 4164 habuerit
1046 4106 1143 4164 etiam
1202 4083 1292 4165 Lym·
1309 4082 1462 4164 Dfflli‘lu‘b
1479 4090 1659 4145 sandalum
1684 4083 1845 4163 virginum
1869 4082 1953 4145 ¹³⁰¹·

439 4218 534 4259 usum
553 4206 582 4255 ct
609 4196 830 4255 ministerium
849 4194 1000 4268 prosator
1020 4194 1147 4267 sapien·
1162 4185 1187 4246 b
1202 4179 1304 4243 titudo
1324 4179 1424 4243 electa
1449 4178 1565 4260 legitur
1589 4178 1806 4241 mundissimae
1828 4178 1951 4260 Virgini

439 4288 605 4363 tfaeatque
619 4284 775 4351 scientio,
790 4283 872 4341 alios
887 4283 1111 4357 informando.
1201 4288 1273 4361 post
1305 4277 1419 4341 Christi
1454 4276 1674 4340 ascensionem
1709 4276 1908 4340 cohabitasse
1939 4301 1948 4338 ε

1202 4395 1280 4457 quas
1296 4375 1530 4457 sapientissima
1548 4383 1581 4437 et
1601 4374 1838 4439 ferventissima
1853 4375 1950 4457 Virgo

272 4512 310 4541 roe
370 4512 385 4549 ι.
470 4486 613 4544 Ssuum
628 4479 760 4555 aperuit
774 4479 957 4554 sapientire,
974 4487 1003 4537 et
1020 4481 1073 4537 lem
1087 4481 1148 4536 cle·
1203 4475 1340 4537 creditur
1367 4472 1553 4556 opportunis
1584 4473 1770 4537 instruxisse
1799 4473 1951 4555 tempori-

486 4580 615 4639 mentioe
630 4580 667 4636 in
682 4578 798 4651 lingua
812 4578 891 4653 ejus.
910 4575 1066 4639 Videntur
1079 4575 1149 4657 qui·
1201 4574 1273 4636 bus.
1288 4573 1461 4648 Postremo,
1473 4590 1569 4651 supra
1582 4590 1620 4633 ex
1635 4570 1779 4651 epistolis
1793 4572 1824 4635 S.
1836 4570 1947 4653 lgnatii
1965 4596 2009 4638 un.
2027 4597 2046 4648 ι,
2058 4602 2103 4640 ιιι

400 4680 472 4743 dam
494 4677 639 4738 doctores
665 4672 793 4751 sentire,
809 4673 894 4753 quod
917 4673 1149 4755 benignissima
1202 4679 1251 4735 est
1275 4670 1452 4753 probatum,
1469 4668 1605 4750 qualiter
1628 4669 1735 4731 multae
1759 4669 1949 4733 excellentes
1966 4672 2034 4703 ¹¹¹¹·

401 4777 491 4857 virgo
519 4772 612 4836 llaria
639 4769 796 4852 sapientia
824 4778 855 4833 et
882 4772 1024 4849 scientia,
1054 4780 1150 4854 prout
1203 4788 1346 4851 personae
1365 4787 1403 4831 ex
1422 4765 1609 4848 paganismo
1630 4767 1671 4829 ad
1694 4766 1851 4829 Christum
1875 4785 1952 4831 con-

401 4882 475 4938 sunt
488 4873 572 4935 dona
585 4868 691 4952 gratiae
713 4868 810 4949 gratis
831 4870 922 4949 datm,
939 4888 996 4931 usa
1015 4889 1079 4933 non
1101 4869 1150 4932 fu·
1203 4886 1303 4929 versae
1319 4866 1351 4927 in
1366 4864 1496 4929 exordio
1517 4864 1687 4947 primitivae
1706 4864 1869 4943 Ecclesia,
1886 4885 1953 4927 ma-

401 4971 460 5037 erit
485 4970 524 5031 ad
549 4968 682 5031 aliorum
707 4964 931 5046 ministerium,
953 4966 1151 5031 informatio·
1204 4965 1288 5027 xime
1303 4970 1493 5046 optaverunt
1515 4963 1640 5025 Mariam
1661 4962 1883 5044 dignissimam
1904 4963 1954 5025 in-

401 5089 487 5146 nam,
504 5064 694 5151 profectum,
714 5062 867 5144 quoniam
889 5064 1060 5126 mulierum
1086 5083 1150 5126 non
1204 5062 1299 5141 tueri,
1325 5062 1446 5140 audire,
1473 5072 1567 5143 etque
1594 5062 1634 5123 de
1662 5060 1798 5143 singulis
1826 5060 1953 5143 plenius

254 5190 386 5241 trienna.
401 5176 450 5231 est
463 5163 690 5246 evangelizare,
706 5162 831 5226 dicente
846 5161 997 5245 Apostolo
1010 5185 1017 5224 ε
1029 5161 1151 5225 bfulieri
1205 5160 1370 5225 informari
1394 5161 1435 5224 ab
1458 5181 1496 5224 ea
1519 5184 1526 5222 :
1547 5178 1683 5240 quorum
1703 5159 1870 5222 desideriis
1891 5158 1954 5242 piis

402 5267 518 5329 docere
533 5280 597 5327 non
616 5260 775 5343 permitto,
792 5263 848 5327 sed
867 5280 937 5326 esse
958 5260 991 5325 in
1012 5260 1149 5326 silentio.
1206 5259 1507 5324 misericordissima
1530 5258 1665 5323 Domina
1684 5257 1821 5322 dulciter
1838 5277 1875 5321 ac
1895 5257 1955 5321 uti-
