4309 6250
484 568 604 616 oourns
623 569 792 616 rmrrnuu
811 568 984 625 nunonem,
1007 567 1095 614 cmm
1117 569 1136 614 ι.
1160 585 1200 598 -
1221 567 1291 615 aar.
1314 567 1390 614 xvm
1655 547 1715 612 269

161 737 396 800 cumcisionem
416 756 555 817 servare,
575 746 625 801 est
642 738 794 802 vitiosum
816 745 912 819 atque
926 737 952 800 t
966 739 1124 820 gesimam
1148 756 1269 802 nonum
1293 755 1425 816 annum,
1449 735 1523 818 quia
1546 741 1592 798 tot
1616 751 1713 798 anno-
1741 751 1859 802 aalma.

160 836 356 899 damnabile.
385 835 450 900 Nec
481 836 545 900 luit
576 836 712 899 intentio
738 836 806 916 Dei,
835 837 912 899 dum
967 855 1038 899 rum
1052 836 1173 900 exstitit
1186 837 1345 900 Abraham
1366 836 1493 917 quando
1513 851 1641 898 caruem
1664 833 1714 896 sui
1728 817 1762 858 ²⁴·

160 933 443 997 circumcisionem
477 934 639 1017 praecepit,
673 934 758 1017 quod
792 933 913 996 diutius
968 935 1115 1017 preputii
1130 933 1342 1012 circumcidit,
1359 940 1394 996 ut
1414 933 1544 998 Genesis
1566 931 1716 1015 septimo-

160 1041 306 1094 curreret
319 1051 416 1114 quam
429 1051 531 1114 usque
546 1033 586 1096 ad
600 1031 782 1095 institutum
796 1052 816 1094 e
829 1031 914 1095 Chri·
967 1032 1092 1096 decimo
1114 1033 1231 1115 legitur
1246 1057 1254 1096 ι
1271 1032 1332 1095 nisi
1358 1031 1490 1094 forsitan
1514 1031 1621 1094 dicant
1645 1048 1714 1092 eam

160 1139 212 1192 sto
226 1130 437 1212 Baptismum.
451 1131 532 1194 ilinc
546 1131 587 1194 ad
601 1130 726 1194 Galama
740 1130 818 1194 dicit
830 1131 914 1212 Apo
966 1139 1031 1192 um
1056 1131 1112 1194 diu
1136 1149 1200 1194 non
1225 1148 1318 1211 posse
1342 1129 1490 1208 dillerri3
1516 1129 1601 1190 unde
1629 1135 1716 1211 patet

25 1246 146 1293 otum.
161 1228 265 1291 stolus
281 1253 290 1290 z
306 1229 340 1292 Si
359 1228 647 1308 circumcidamini,
666 1228 809 1292 Christus
830 1227 912 1291 nihil
967 1229 1053 1310 quod
1066 1229 1155 1310 juxta
1170 1229 1331 1310 propriam
1347 1227 1554 1306 voluntatem,
1567 1244 1632 1289 non
1644 1225 1715 1308 jux-

57 1343 112 1386 ιιιι.
126 1346 146 1384 ι.
160 1326 257 1389 vobis
281 1327 443 1408 proderit,
463 1327 603 1408 itemque
627 1349 634 1388 :
658 1326 829 1390 Testilicor
851 1327 914 1406 (in-
968 1334 999 1389 ta
1012 1326 1068 1390 Ilei
1083 1335 1289 1409 preceptum,
1306 1345 1377 1388 eam
1391 1325 1562 1407 accipiunt.
1579 1323 1712 1402 Interea,

160 1425 248 1507 quit)
261 1424 350 1488 omni
365 1424 488 1488 homini
510 1424 753 1488 circumcidenti
775 1444 820 1502 se,
836 1444 915 1506 quo-
967 1425 1052 1507 quod
1081 1425 1257 1487 remedium
1282 1431 1337 1486 aut
1360 1431 1594 1486 sacramentum
1618 1441 1716 1505 appo-

158 1522 251 1584 niam
286 1522 412 1585 debitor
443 1530 493 1584 est
525 1522 684 1586 universae
718 1521 799 1604 legis
833 1521 913 1586 laci·
968 1531 1050 1585 nunt
1079 1531 1189 1586 contra
1221 1521 1377 1604 originale
1410 1529 1578 1604 peccatum
1606 1522 1714 1603 pueris

158 1621 264 1683 endan.
968 1622 1035 1684 suis
1049 1620 1260 1685 morientibus
1275 1629 1347 1684 ante
1362 1618 1652 1682 tertiumdecimum
1663 1639 1716 1682 an-

199 1717 318 1781 Errant
331 1717 437 1800 itaque
452 1717 618 1781 Sarraceni
638 1725 790 1800 unquam
812 1719 915 1782 incre·
968 1722 1069 1782 numt
1084 1719 1145 1781 nisi
1160 1717 1242 1782 lorte
1256 1719 1291 1781 in
1306 1718 1371 1781 illis
1385 1717 1562 1799 anticipent
1575 1725 1712 1799 tempus,

158 1817 243 1894 duli,
252 1816 309 1897 qui
324 1815 437 1880 relicto
449 1816 622 1898 Baptismo‚
635 1816 913 1881 circumcisionem
968 1819 1019 1882 vel
1034 1827 1153 1900 negent
1166 1817 1322 1900 originale
1337 1824 1505 1900 peccatum
1519 1815 1712 1895 transfundi,

157 1915 346 1977 observant.
362 1913 398 1976 ln
412 1933 450 1978 eo
465 1934 591 1996 quoque
604 1915 689 1997 quod
704 1933 820 1997 pueros
839 1934 914 1979 suos
927 1919 951 1981 B
968 1924 1079 1980 contre
1106 1915 1283 1980 doctrinam
1308 1915 1384 1978 novi
1407 1934 1444 1978 so
1469 1913 1585 1977 veteris
1610 1914 1716 1978 Testa·

156 2012 386 2076 tertiodecimo
407 2032 491 2077 anno
511 2013 756 2094 circumcidunt,
771 2033 810 2078 eo
828 2015 913 2097 quod
969 2015 1080 2096 menti,
1097 2014 1207 2095 sicque
1226 2023 1258 2077 et
1278 2013 1424 2076 heresim
1439 2013 1610 2076 illabantur
1630 2013 1715 2076 Pela-

27 2131 77 2174 σε..
92 2145 143 2181 m,
156 2111 290 2192 ismael,
305 2111 346 2175 de
360 2130 424 2192 quo
438 2112 504 2174 nati
519 2120 604 2190 sunt,
621 2119 668 2176 tot
681 2111 743 2175 luit
756 2131 913 2177 annorum
968 2115 1025 2197 gii.
1051 2113 1250 2196 Resipiscant
1274 2131 1350 2194 ergo
1375 2131 1393 2174 a
1416 2111 1512 2174 tentis
1540 2111 1713 2191 erroribus,

25 2197 48 2240 ¹⁵·
156 2209 294 2292 quaudo
318 2209 526 2273 circumcisus
551 2218 611 2289 est,
633 2211 717 2274 sicut
741 2211 774 2272 in
799 2210 913 2275 Genesi
968 2221 1064 2294 atque
1077 2212 1118 2274 ad
1136 2211 1306 2292 Christum,
1322 2209 1376 2291 qui
1396 2217 1445 2273 est
1463 2229 1538 2273 vera
1559 2210 1623 2288 lux,
1641 2229 1859 2285 con-rmus.

156 2308 321 2390 scriptum
335 2317 499 2390 cetegunt
512 2316 622 2372 contra
636 2309 691 2372 Dei
706 2319 911 2392 preceptum,
969 2319 1143 2389 vertantur,
1181 2319 1215 2372 ut
1250 2327 1340 2372 sacro
1375 2307 1475 2372 renati
1509 2308 1713 2390 Baptismate,

51 2422 141 2467 neu.
155 2408 213 2488 qui
228 2406 330 2488 jussit
343 2414 380 2468 ut
393 2406 498 2470 inians
512 2415 585 2471 octo
602 2406 728 2470 dierum
746 2407 915 2472 circumci·
968 2419 1119 2475 eternam
1144 2407 1371 2472 beatitudinem
1396 2415 1641 2488 consequantur.
1668 2407 1715 2470 Ad

155 2505 303 2568 deretur.
320 2504 428 2568 Sedet
445 2523 508 2586 qua
526 2505 648 2568 ratione
666 2504 823 2569 differunt
842 2525 912 2571 eam
969 2509 1095 2573 landem
1110 2516 1142 2571 et
1160 2507 1294 2590 gloriam
1309 2505 1465 2570 Creatoris
1483 2505 1643 2586 altissimi,
1659 2504 1714 2587 qui

155 2623 266 2686 usque
281 2604 320 2666 ad
336 2602 624 2667 tertiumdecimum
639 2623 770 2682 annum,
783 2613 914 2688 possent
967 2615 1016 2672 est
1030 2625 1126 2688 super
1140 2604 1248 2669 omnia
1263 2604 1345 2668 Deus
1367 2602 1514 2666 sublimis
1534 2611 1567 2666 et
1587 2601 1716 2665 henedi-

155 2705 209 2782 (ut
229 2704 380 2785 apparet)
393 2722 464 2766 eam
481 2702 615 2767 differre
633 2721 735 2786 usque
754 2703 794 2766 ad
815 2721 914 2768 nona·
967 2713 1049 2769 ctus.
1061 2707 1179 2768 Amen.
