4309 6250
249 529 289 577 DE
309 529 518 578 nomentum
539 527 633 576 sulltt
654 524 820 573 romuleis
841 523 878 570 El·
898 520 1066 568 emanatas
1088 518 1227 579 cosman,
1249 519 1338 568 amsa
1358 520 1403 567 tn.
1425 537 1467 550 ·-
1486 517 1555 566 ΛΜ.
1579 517 1623 564 xn
1652 493 1713 562 633

158 703 200 764 ad
217 701 435 766 extensionem
451 709 483 763 et
497 698 696 764 latitudinem
711 691 910 760 exercitium·
926 692 952 756 Α
968 699 1118 774 tanquam
1142 711 1238 774 super
1261 690 1449 772 simpliciter
1469 688 1654 752 inferiorem
1676 706 1713 750 ac

158 819 225 883 que
246 799 469 882 hujuscemodi
493 797 668 880 potestatis.
968 790 1142 869 subditum,
1158 798 1190 852 et
1213 798 1364 871 tanquam
1389 808 1485 871 super
1504 786 1711 869 discipulum,

967 889 1074 952 filium
1103 897 1135 952 et
1161 888 1365 966 ministmm3
1394 885 1602 968 consequitur
1628 887 1714 967 qnod

365 1026 610 1092 ARTIGULUS
629 1025 707 1090 XII·
968 989 1112 1052 absolute
1136 987 1307 1069 loquendo,
1330 986 1554 1050 ecclesiastica
1577 993 1715 1068 potesta-

968 1088 1009 1150 tis
1023 1086 1191 1171 plenitudo
1205 1088 1247 1149 sit
1265 1086 1384 1166 verius,
1400 1084 1517 1148 realius
1536 1093 1632 1167 atque
1652 1084 1716 1147 for-

968 1185 1085 1249 malius
1114 1187 1146 1248 in
1172 1185 1313 1248 Ecclesia
1336 1191 1368 1247 et
1395 1183 1534 1247 concilio
1558 1203 1654 1265 qnam
1680 1184 1714 1246 in

968 1285 1061 1365 Papa,
1078 1283 1244 1365 magisque
1263 1282 1447 1345 denominet
1466 1281 1639 1345 concilium
1663 1280 1715 1344 vel

968 1383 1144 1446 Ecclesiam
1162 1400 1259 1463 quam
1277 1381 1404 1462 Papam,
1421 1387 1453 1443 et
1473 1381 1520 1443 sic
1538 1379 1717 1461 subjective

970 1480 1045 1543 insit
1059 1480 1197 1545 concilio
1212 1479 1280 1542 sive
1293 1477 1464 1542 Ecclesia:
1481 1478 1575 1560 cujus
1589 1478 1717 1561 opposi-

244 1585 329 1648 ULfl
343 1584 407 1666 jam
424 1583 545 1661 dicunt,
559 1583 624 1646 imo
638 1589 670 1645 et
684 1581 828 1662 quedam
844 1578 913 1642 Uni·
970 1588 1035 1643 tum
1056 1578 1178 1661 prefati
1198 1579 1343 1641 doctores
1362 1577 1538 1640 clarissime
1557 1577 1713 1656 scribunt,

257 1683 422 1747 versitates
441 1701 526 1744 nunc
551 1680 704 1758 scribunt,
720 1678 804 1761 quod
829 1678 912 1758 Papa
969 1696 1104 1759 qnorum
1129 1676 1331 1739 solidissimis
1351 1676 1550 1755 [rationibus]
1570 1676 1714 1738 omnium

162 1801 230 1844 non
255 1781 363 1862 praesit
386 1779 560 1843 universali
585 1777 746 1857 Ecclesiae,
773 1795 832 1840 nec
858 1794 913 1857 po-
970 1784 1151 1839 sanctorum
1176 1775 1303 1838 Patrnm
1323 1782 1465 1838 veterum
1488 1793 1524 1836 ao
1548 1774 1714 1836 doctorum

160 1889 311 1944 testatem
326 1899 363 1942 ac
377 1879 632 1961 jurisdictionem
644 1876 783 1958 aliquam
799 1875 949 1938 babeatll
970 1883 1147 1937 consonant
1166 1874 1366 1936 documenta.
1383 1871 1514 1955 Nempe,
1533 1880 1635 1935 stante
1659 1872 1717 1934 hu-

161 1997 262 2060 snper
284 1997 366 2056 eam,
383 1977 437 2040 sed
463 1977 567 2040 solum
592 1976 633 2038 sit
656 1974 744 2037 filius
768 1973 849 2054 ejus,
866 1972 913 2035 di·
968 1972 1107 2056 jusmodi
1127 1973 1290 2055 opinione,
1306 1972 1447 2034 Christus
1468 1990 1527 2034 nec
1546 1971 1637 2034 Petm
1657 1990 1716 2032 nec

162 2076 309 2158 scipulus
331 2083 362 2138 et
381 2075 539 2153 minister,
556 2093 619 2136 non
643 2081 743 2155 paler,
763 2071 913 2153 magister
971 2072 1029 2136 soli
1040 2070 1131 2135 Petro
1144 2071 1228 2152 quod
1244 2089 1336 2133 sunm
1351 2070 1545 2152 est,plennm
1560 2069 1714 2132 dedisset:

161 2185 219 2237 ant
233 2175 397 2250 dominus3
414 2181 445 2236 et
459 2173 682 2254 quodcumque
697 2171 813 2251 legitur
827 2169 911 2250 quod
971 2169 1063 2250 cujus
1078 2169 1262 2251 oppositum
1275 2169 1369 2231 docet
1382 2168 1416 2230 E.
1433 2168 1567 2251 Cyrillus
1581 2167 1718 2250 patriar-

162 2273 274 2355 praesit
294 2273 350 2335 toti
375 2281 406 2334 et
429 2270 602 2334 universali
626 2270 786 2347 Ecclesiae,
802 2268 913 2332 dicunt
972 2268 1032 2331 cha
1054 2267 1293 2330 Alexandrinus.
1309 2267 1348 2329 Et
1365 2266 1498 2350 Cyrillns
1517 2265 1718 2349 lerosolymi-

161 2391 236 2434 esse
250 2371 492 2452 intelligendum
514 2369 642 2432 divisim
664 2388 720 2432 seu
739 2367 912 2429 distributi·
971 2376 1063 2428 tanus
1087 2367 1267 2448 patriarcba
1289 2365 1443 2445 affirmat,
1467 2366 1551 2454 quod
1575 2365 1716 2429 Christus

161 2489 215 2549 ve,
242 2468 286 2531 ita
313 2469 398 2550 quod
422 2469 613 2548 cuicumque
643 2465 826 2548 particulari
856 2464 913 2526 Ee·
971 2483 1044 2528 cum
1068 2464 1158 2528 Petro
1183 2472 1214 2526 ct
1238 2464 1476 2526 successoribus
1501 2464 1572 2546 ejus
1590 2463 1718 2526 futurus

162 2566 272 2630 alesia
297 2585 353 2628 seu
374 2565 506 2628 cuilibet
527 2565 749 2628 ecclesiastieae
770 2581 913 2644 personae
970 2563 1031 2626 fuit
1051 2571 1081 2626 et
1101 2570 1149 2626 est
1168 2570 1366 2626 sacramento
1385 2572 1417 2625 et
1440 2563 1627 2626 auctoritate
1651 2563 1718 2644 ple·

162 2663 343 2748 praesideat,
371 2683 435 2728 non
459 2663 515 2725 toti
538 2663 689 2725 Ecclesia
714 2659 912 2742 conjunctim
970 2661 1069 2724 narie.
1096 2662 1161 2724 lloc
1190 2659 1285 2722 etiam
1315 2660 1509 2743 Theophilus
1534 2660 1717 2743 Chrysosto-

162 2770 331 2843 susceptae,
349 2769 380 2824 ct
401 2781 457 2843 per
476 2779 675 2843 consequens
697 2779 756 2822 nec
771 2758 911 2840 generali
970 2778 1104 2840 musque
1128 2767 1293 2822 testantur.
1310 2760 1449 2833 Quorum
1474 2760 1657 2823 testimonia
1681 2760 1714 2822 in

162 2859 305 2925 concilio
319 2859 406 2922 illam
424 2857 839 2941 repraesentationibus
860 2876 914 2918 eu·
969 2859 1072 2940 primo
1096 2857 1251 2939 opusculo
1275 2865 1350 2920 sunt
1372 2858 1511 2920 inducta.
1727 2887 1866 2934 mama

162 2968 230 3021 tem
255 2967 365 3021 contra
388 2958 470 3020 hanc
494 2957 752 3019 adinventionem
774 2955 914 3018 introdu-
1009 2956 1171 3035 Praeterea,
1188 2956 1213 3017 si
1228 2955 1353 3018 dicatur
1366 2957 1450 3036 qnod
1467 2956 1498 3019 in
1514 2956 1596 3038 Papa
1610 2957 1651 3019 sit
1665 2978 1717 3020 ec·

164 3067 224 3120 ctae
246 3057 311 3119 sint
328 3056 473 3140 plurimae
492 3053 696 3118 auctoritates
720 3063 752 3115 et
776 3053 913 3115 rationes
931 3055 952 3118 C
969 3054 1154 3118 clesiasticae
1169 3053 1332 3135 potestatis
1347 3053 1511 3135 plenitudo
1526 3073 1590 3117 non
1610 3074 1717 3137 respe-

34 3172 149 3219 aaran„
164 3156 198 3218 iu
219 3156 323 3237 primo
342 3164 374 3218 et
392 3155 532 3217 secundo
558 3153 685 3231 libellis,
703 3171 788 3215 nune
808 3159 912 3214 tamen
969 3162 1022 3216 ctu
1040 3152 1242 3229 universalis,
1259 3152 1315 3214 sed
1333 3152 1565 3234 cujuscumque
1580 3155 1717 3236 particu-

32 3234 149 3341 fisffl
163 3255 272 3335 alique
294 3262 368 3317 sunt
388 3253 542 3317 addenda.
969 3251 1045 3314 laris
1068 3250 1218 3313 Ecclesiae
1242 3269 1278 3312 ac
1304 3270 1459 3333 personae,
1480 3270 1555 3314 mox
1573 3251 1717 3333 sequitur

205 3352 310 3415 Primo
324 3351 444 3434 quippe
458 3371 496 3413 ex
518 3350 572 3412 illa
591 3349 749 3431 positione
768 3368 915 3431 sequere·
969 3350 1054 3431 quod
1083 3349 1115 3410 in
1144 3348 1227 3431 Papa
1258 3367 1322 3411 non
1352 3349 1393 3411 sit
1421 3349 1586 3430 plenitudo
1614 3351 1716 3413 ecclc-

165 3461 228 3530 tnr,
259 3451 343 3532 quod
373 3449 516 3512 absolute
550 3447 719 3529 loquendo,
751 3446 915 3530 plenitudo
971 3447 1104 3510 siasticae
1119 3446 1284 3529 potestatis
1302 3446 1364 3508 nisi
1384 3448 1559 3510 secundum
1579 3448 1665 3530 quid,
1682 3450 1715 3511 in

165 3548 391 3612 ecclesiasticae
415 3546 578 3628 potestatis
606 3565 672 3610 non
700 3554 784 3608 essct
809 3544 916 3624 subja·
969 3544 1111 3627 generali
1140 3552 1245 3607 antem
1274 3544 1411 3608 concilio
1440 3564 1495 3608 seu
1519 3546 1552 3609 in
1576 3546 1719 3610 Ecclesia

160 1161 286 1221 Contra
304 1179 355 1218 eos
376 1160 435 1236 pnt'
452 1159 568 1218 ddunt
588 1175 651 1216 non
669 1173 807 1232 praeesse
826 1171 912 1212 surn-

203 1269 294 1308 rnnm
309 1249 501 1324 Pontificem
519 1247 579 1306 toti
597 1265 635 1306 oc
654 1244 838 1305 uniuersali
851 1244 911 1304 Ec·

203 1339 321 1406 etesia,
336 1345 366 1395 et
381 1338 421 1395 de
440 1336 636 1396 resolutione
652 1331 824 1410 positionis
842 1331 882 1390 itt
902 1365 911 1374 ·

204 1447 281 1488 ram
296 1445 334 1484 ac
349 1425 574 1501 reprobatione
588 1425 742 1502 ejusdem.

166 3648 251 3710 ctive
276 3654 307 3709 et
327 3644 503 3709 formaliter
521 3654 615 3725 atque
640 3643 766 3707 realiter
790 3642 822 3705 in
847 3642 914 3705 solo
971 3644 1159 3727 simpliciter
1173 3644 1214 3705 sit
1236 3644 1384 3725 ponenda
1401 3667 1408 3705 :
1425 3644 1535 3724 sicque
1552 3647 1718 3727 potestatis

166 3763 294 3807 summo
321 3742 487 3819 Pontifice,
517 3743 582 3805 imo
610 3742 716 3805 verius
750 3741 914 3823 magisque
970 3743 1066 3824 hujus
1092 3742 1255 3823 plenitudo
1279 3760 1343 3804 non
1369 3743 1429 3804 erit
1450 3744 1483 3804 in
1508 3744 1645 3807 concilio
1667 3744 1718 3807 vel

167 3842 307 3925 proprie,
333 3850 366 3904 et
393 3842 468 3905 item
499 3841 626 3919 recline,
657 3840 721 3902 imo
750 3848 782 3902 et
809 3840 915 3920 subje-
970 3840 1113 3904 Ecclesia
1138 3841 1395 3921 representative
1418 3850 1449 3903 et
1475 3841 1627 3920 finaliter,
1643 3842 1719 3905 insi-

167 3942 264 4021 ctive,
281 3948 365 4003 esset
389 3939 422 4001 in
443 3938 583 4021 generali
607 3958 662 4001 sen
683 3938 715 4000 in
741 3937 913 3999 universali
971 3938 1100 4001 nuative
1124 3938 1321 4020 electiveque
1346 3938 1459 4016 solum,
1487 3940 1542 4003 sed
1567 3940 1719 4021 subjecti-

76 4062 112 4092 ιτ.
125 4064 151 4093 11·
166 4036 312 4102 Ecclesia
329 4062 336 4099 :
353 4038 446 4119 cujus
466 4037 646 4119 oppositum
669 4036 764 4119 paulo
786 4044 859 4099 ante
877 4055 915 4098 cx
971 4056 1020 4114 ve,
1038 4056 1124 4115 vere,
1141 4036 1268 4118 proprie
1292 4046 1386 4118 atquc
1411 4037 1588 4101 formaliter
1604 4062 1611 4101 ε
1625 4039 1719 4119 cujus
1824 4069 1828 4074 ·

166 4137 261 4200 dictis
287 4136 367 4199 Petri
392 4136 432 4198 de
456 4135 577 4198 Alliaoo
601 4144 632 4197 et
655 4134 839 4196 Cancellarii
868 4142 915 4197 est
971 4135 1163 4197 contrarium
1183 4153 1220 4198 cr
1240 4134 1450 4216 prmallegatis
1472 4136 1655 4199 doctoribus
1671 4145 1772 4199 ester.
1786 4168 1849 4198 ιι-ιι.

166 4235 348 4317 probatum,
374 4234 429 4315 qui
454 4232 550 4314 hujus
574 4232 753 4314 oppositum
784 4232 915 4314 apertis·
930 4235 955 4296 b
970 4240 1145 4295 ostensum.
1163 4233 1318 4296 Accidens
1343 4233 1430 4295 enim
1454 4235 1601 4312 maxime,
1627 4236 1719 4297 reali-

167 4333 248 4396 sime
274 4331 560 4413 magistraliterque
588 4331 809 4393 determinant.
837 4331 916 4393 Con·
971 4339 1018 4394 ter
1039 4351 1075 4394 ac
1097 4330 1314 4414 propriissime
1335 4340 1384 4394 est
1404 4333 1438 4394 in
1460 4352 1517 4397 suc
1539 4334 1695 4415 subjecto.

168 4430 334 4513 sequentia
360 4436 466 4493 lamen
493 4428 670 4510 probatur:
694 4428 845 4509 quoniam
872 4429 915 4490 al·
1009 4428 1153 4511 Insuper,
1170 4428 1196 4489 si
1217 4428 1360 4491 absolute
1385 4430 1555 4511 loquendo,
1572 4432 1638 4495 baec
1663 4451 1719 4514 po

169 4529 241 4607 tior,
272 4527 375 4609 major
407 4535 440 4589 et
472 4526 597 4607 plenior
629 4535 678 4589 cst
709 4534 847 4609 potestas
881 4526 912 4588 in
970 4535 1066 4589 testas
1095 4537 1143 4589 est
1166 4546 1251 4605 vero,
1278 4527 1466 4610 subjective,
1494 4530 1622 4593 realiter
1649 4532 1717 4594 sive

168 4626 334 4709 superiore
362 4644 398 4688 ac
425 4625 544 4707 jndice,
570 4625 604 4687 in
633 4633 732 4707 patre,
763 4625 914 4707 magistro
970 4625 1148 4688 formaliter
1161 4626 1194 4687 in
1209 4626 1359 4705 concilio,
1375 4636 1533 4709 quaretur
1551 4648 1591 4691 an
1611 4629 1717 4711 subje«

168 4744 204 4787 ac
233 4723 375 4801 domino,
406 4742 463 4786 seu
491 4722 524 4783 in
558 4730 668 4801 matre,
700 4723 850 4805 magistra
878 4743 914 4786 ac
971 4725 1054 4787 ctive
1080 4724 1178 4786 sitin
1201 4744 1265 4788 nno
1290 4726 1456 4808 supposito
1483 4727 1660 4805 conciliari,
1677 4747 1717 4790 an

167 4823 307 4899 domina,
324 4840 419 4902 quam
445 4820 477 4883 in
501 4820 651 4884 inferiore
671 4841 707 4884 ac
728 4822 913 4904 judicando,
970 4822 1002 4884 in
1019 4823 1164 4904 pluribus
1179 4832 1234 4885 aut
1253 4824 1285 4885 in
1305 4824 1455 4887 omnibus
1475 4832 1510 4886 ut
1525 4826 1630 4889 taliter
1643 4845 1719 4889 con-

168 4920 199 4981 in
223 4938 328 4997 servo,
344 4918 502 5001 discipulo
523 4927 555 4982 et
576 4920 734 5007 ministro.
751 4921 852 4995 Ouum
867 4940 915 4982 er·
970 4919 1119 5001 gregatis.
1142 4919 1174 4981 Si
1199 4920 1233 4981 in
1257 4938 1331 4998 uno,
1348 4921 1433 5001 quod
1457 4928 1561 4983 tamen
1588 4941 1651 4985 non
1677 4922 1719 4983 sit

167 5038 206 5100 go
232 5018 406 5080 secundnm
432 5016 617 5099 opinionem
643 5026 837 5099 praetactum,
858 5019 915 5081 Ec·
970 5018 1053 5099 Papa
1077 5018 1156 5098 (jam
1185 5018 1271 5080 euim
1300 5036 1392 5081 sumo
1418 5037 1537 5081 nomen
1560 5020 1719 5101 generalis

169 5116 266 5179 elesia
291 5115 477 5178 universalis
497 5134 553 5177 seu
573 5116 766 5196 synodaliter
784 5136 915 5197 congre·
972 5116 1101 5179 concilii
1127 5115 1211 5178 sicut
1234 5116 1381 5178 doctores
1410 5116 1458 5179 illi
1485 5118 1547 5179 boc
1576 5128 1717 5197 sumunt,

167 5223 250 5296 gata,
276 5212 319 5275 sit
347 5213 490 5276 absoluto
519 5232 615 5295 snper
642 5214 768 5295 Papam,
793 5214 914 5277 babens
970 5216 1046 5277 dum
1070 5223 1217 5294 quaerunt
1240 5232 1281 5275 an
1306 5213 1531 5277 ecclesiasticas
1552 5217 1718 5297 potestatis

168 5332 263 5395 super
291 5331 365 5375 eum
389 5319 577 5395 potestatem
603 5321 634 5376 et
657 5313 913 5394 jurisdictionem
972 5311 1136 5394 plenitudo
1164 5311 1263 5374 sitin
1287 5312 1428 5394 generali
1453 5313 1590 5378 concilio
1615 5334 1655 5377 an
1684 5315 1719 5378 in
