4309 6250
31 4903 63 4941 ta.

69 5057 109 5096 flt'l.
118 5065 162 5096 irat.

430 528 471 577 na
490 527 653 576 uvemrarn
674 526 712 573 nr
731 524 881 573 nunnus
900 524 930 572 a.
952 525 982 571 v.
1004 524 1121 581 ulau,
1142 524 1232 573 cum
1252 526 1295 575 vv.
1316 544 1357 557 -
1377 527 1446 575 aar.
1468 528 1510 575 xv
1684 506 1745 575 tot

195 698 294 765 fuerit
309 718 416 764 coram
430 696 624 777 hominibus,
640 695 821 761 confitebor
839 702 871 759 et
884 712 944 777 ego
959 694 984 758 l
1001 712 1077 759 vero
1091 694 1124 757 in
1138 696 1409 779 contemplatione
1421 697 1555 761 beifern
1565 696 1747 778 flenitricia,

195 820 269 864 eum
284 819 393 864 coram
407 798 495 863 Patre
511 817 593 861 meo.
609 798 683 861 Ideo
698 804 784 860 tuam
799 804 945 877 praestan-
1001 812 1133 857 summas
1152 802 1185 858 et
1204 796 1350 877 gloriosas
1369 796 1485 876 Marito,
1502 797 1641 861 universi
1661 797 1749 861 cives

194 898 354 961 tissimum
377 896 580 975 Genitricam,
603 915 674 979 que
697 902 728 957 te
751 912 816 959 uon
840 893 944 957 solum
1000 892 1148 957 coelestes
1162 894 1328 975 potissime
1343 895 1519 979 gloriantur
1537 916 1575 960 ac
1589 896 1751 959 delectan-

195 1016 362 1079 uunquam
380 996 517 1077 erubuit,
534 1014 593 1059 nec
614 1003 756 1077 tempore
776 1002 837 1056 tuto
856 992 945 1075 iguo-
1000 998 1062 1069 tur,
1093 1000 1126 1055 et
1154 992 1256 1074 ipsam
1290 992 1455 1077 potissime
1489 1014 1527 1059 ac
1561 994 1750 1058 suavissime

195 1096 434 1160 miniosissimae
458 1094 616 1179 passionis
639 1112 658 1157 a
682 1100 713 1157 te
737 1110 871 1174 usquam
897 1112 945 1155 re-
1000 1098 1119 1167 amant,
1136 1092 1393 1155 reverentissime
1414 1102 1618 1172 venerantur,
1638 1112 1676 1156 ac
1696 1094 1751 1157 ‹le-

194 1196 304 1275 oessit,
329 1196 394 1259 imo
422 1196 564 1258 circata
588 1212 622 1257 se
646 1211 774 1275 semper
798 1209 945 1255 reveren·
1000 1188 1166 1253 votissime
1181 1189 1322 1269 laudant,
1338 1200 1370 1254 et
1387 1210 1511 1255 summe
1526 1192 1748 1275 magnificant,

194 1294 364 1357 tialissime
378 1292 500 1371 hahuit,
516 1300 548 1355 et
561 1310 626 1375 pre
645 1290 744 1355 nimia
765 1288 944 1353 humilitate
1000 1286 1209 1368 admirantur,
1224 1289 1382 1351 extollunt
1397 1314 1405 1353 ε
1420 1290 1571 1373 quoniam
1591 1290 1660 1373 ipsa
1679 1300 1750 1373 post

195 1412 233 1456 ex
254 1391 511 1455 consideratione
530 1390 725 1453 excellentiae
747 1398 820 1465 tua,
837 1406 871 1451 se
893 1388 945 1450 vix
1000 1384 1116 1449 Christi
1139 1386 1367 1451 humanitatem
1392 1396 1442 1451 est
1462 1388 1605 1453 maxime
1627 1388 1750 1453 bonita-

63 1518 99 1548 ιι.
114 1520 130 1556 ι,
169 1499 330 1556 ,matrem
346 1498 432 1553 tuam
448 1488 584 1553 audebat
598 1506 724 1565 vocare,
740 1504 837 1569 seque
858 1493 944 1549 tuam
1001 1484 1051 1562 tis,
1059 1503 1192 1549 summas
1210 1485 1428 1569 perfectionis,
1443 1488 1605 1551 altissimas
1619 1487 1752 1570 dignita-

62 1595 71 1610 ·
193 1589 347 1653 ancillam
362 1585 943 1669 maluituuucupare:hanc,inquam,
1000 1581 1324 1665 tis,splendidissimn
1339 1585 1751 1665 formositatis,dulcissimso

194 1707 281 1751 nuno
308 1706 415 1752 coram
440 1686 529 1749 Patre
552 1686 686 1765 ooelesti,
707 1703 814 1748 coram
836 1702 945 1765 super-
1002 1680 1138 1762 pietatis,
1164 1684 1399 1749 sublimissima
1423 1686 1583 1768 potentias,
1609 1686 1752 1749 eminen-

193 1785 380 1849 beatissima
400 1784 561 1863 Trinitate,
584 1802 691 1849 coram
714 1782 865 1846 universa
888 1780 946 1845 Ec-
1001 1779 1131 1843 tissime
1152 1781 1325 1864 sapientie,
1343 1782 1538 1865 plenissimas
1560 1783 1752 1847 munificen-

192 1884 293 1947 clesia
328 1882 550 1965 triumphanti,
581 1881 758 1959 confiteris,
795 1881 943 1959 honoras,
963 1878 986 1941 Β
1002 1877 1129 1958 tie,sed
1145 1888 1177 1942 et
1191 1879 1408 1945 saluberrime
1422 1882 1660 1946 fructuositatis.
1671 1882 1750 1945 Nam

191 1982 414 2060 commendas,
443 1982 591 2047 omnibus
626 1988 758 2059 testam,
789 1979 944 2063 pandens,
1001 1984 1032 2039 et
1047 1996 1105 2059 per
1126 1978 1228 2061 ipsam
1248 1988 1427 2061 reparatum
1449 1989 1498 2043 est
1517 2000 1619 2062 genus
1640 1982 1753 2045 huma-

191 2080 402 2158 annuntians,
417 2080 501 2163 quod
527 2080 597 2162 ipsa
620 2080 662 2143 sit
683 2088 737 2142 tua
758 2077 946 2160 dignissima
1000 2093 1091 2152 num,
1114 2094 1152 2137 ac
1178 2075 1387 2139 instauratum
1411 2076 1540 2140 coeleste
1558 2077 1717 2160 'palatium
1740 2102 1747 2140 ε

192 2188 290 2260 atque
305 2178 472 2240 carissima
486 2177 593 2258 Matar,
605 2177 657 2241 cui
673 2176 717 2239 nil
734 2195 843 2257 negas,
853 2176 946 2257 cujus
1002 2172 1155 2253 quoniam
1170 2173 1239 2255 ipsa
1260 2173 1473 2237 sacratissima
1487 2175 1583 2257 Virgo
1603 2176 1752 2259 concepit

191 2276 311 2339 faeiem
327 2294 492 2357 uunquam
508 2275 689 2355 confundis,
706 2294 724 2339 a
739 2294 801 2357 qua
821 2275 944 2337 vultum
1001 2278 1033 2333 et
1056 2272 1191 2353 peperit,
1220 2272 1351 2336 lactavit
1376 2282 1409 2337 et
1432 2273 1583 2336 enutrivit
1606 2274 1751 2338 omnium

190 2384 285 2438 tuum
315 2393 478 2457 uunquam
507 2374 637 2439 avertis.
663 2374 700 2437 Et
728 2382 847 2456 quanto
876 2372 945 2456 ipsa
1001 2368 1208 2433 Salvatorem.
1236 2371 1431 2453 Tantumque
1456 2373 1695 2453 prerogativam
1720 2381 1753 2436 et

190 2474 340 2556 piissima
356 2472 451 2555 Virgo
465 2472 560 2536 llater
580 2491 617 2537 ac
632 2472 765 2536 Domina
786 2490 821 2535 se
842 2471 944 2554 ipsam
1002 2466 1224 2531 excellentiam
1240 2470 1357 2532 meruit
1377 2470 1489 2533 saltem
1502 2472 1542 2533 de
1558 2489 1710 2555 congmo.

191 2571 386 2655 profundius
414 2570 595 2634 humiliavit
618 2571 650 2633 in
679 2578 774 2649 terra,
799 2577 831 2631 et
859 2588 944 2631 nunc
1041 2565 1138 2630 Porro
1151 2566 1266 2631 animae
1282 2568 1381 2631 beata
1395 2577 1483 2633 tanto
1497 2570 1682 2651 specialius,
1689 2570 1753 2633 fer-

190 2689 297 2751 usque
319 2668 358 2731 in¹
376 2670 457 2733 coelo
479 2668 637 2750 humiliat,
653 2676 741 2731 lanto
763 2688 854 2731 versa
876 2668 945 2731 viee
1001 2664 1129 2727 ventius
1152 2684 1191 2727 ac
1215 2665 1484 2729 honorificentius
1507 2686 1577 2730 eam
1601 2668 1749 2749 diligunt,

190 2776 241 2845 tu,
263 2768 347 2830 Deus
372 2766 520 2847 Sabaoth,
541 2766 604 2830 Rex
632 2766 753 2848 glorie,
775 2766 873 2829 ludex
895 2766 946 2847 ju·
1000 2772 1205 2841 venerantur,
1214 2764 1335 2841 colunt,
1346 2764 1665 2847 collaudant,quanto
1680 2767 1752 2849 plus

189 2866 345 2945 stissime,
366 2873 398 2928 et
418 2865 562 2929 omnium
582 2864 817 2946 sapientissime
838 2864 946 2927 mode-
1001 2860 1033 2922 in
1059 2862 1166 2944 specie
1189 2862 1218 2925 ei
1241 2861 1468 2945 propinquant,
1489 2872 1521 2927 et
1544 2883 1608 2946 quo
1630 2864 1752 2947 maiora

188 2973 283 3028 rator
303 2982 342 3027 ac
364 2964 536 3041 ordinator,
559 2962 661 3045 magis
686 2982 722 3026 ac
748 2964 849 3045 magis
873 2982 942 3025 eam
1001 2958 1157 3042 pluraque
1172 2960 1255 3024 bona
1269 2980 1328 3043 per
1341 2982 1412 3025 eam
1427 2962 1546 3026 sortito
1560 2971 1644 3041 sunt,
1658 2972 1752 3046 atque

187 3061 339 3128 exaltasti
368 3070 400 3124 et
428 3062 602 3143 honorasti,
625 3061 743 3126 exaltas
770 3070 865 3144 atque
890 3061 945 3126 ho-
963 3056 985 3118 C
1000 3076 1063 3141 quo
1090 3058 1261 3141 gratiosius
1286 3079 1439 3143 peream
1467 3061 1584 3143 adjutae
1613 3063 1751 3127 suntad

188 3181 311 3236 noras3
326 3171 358 3225 et
374 3181 431 3244 pro
445 3161 622 3224 reverentia
636 3161 719 3243 ejus,
736 3161 858 3223 meritis
873 3161 944 3242 ejus
1000 3157 1200 3220 evadendum
1225 3157 1355 3240 laqueos
1378 3167 1410 3222 et
1439 3169 1596 3224 tormenta
1622 3161 1752 3225 damna·

187 3281 232 3324 ac
254 3260 412 3342 precihus,
435 3261 490 3322 toti
511 3260 630 3322 mundo
650 3259 822 3338 misereris,
839 3261 944 3341 parcis
1001 3255 1099 3318 tionis
1112 3265 1249 3332 eternas,
1265 3265 1297 3320 et
1312 3258 1388 3321 item
1403 3259 1442 3320 ad
1457 3258 1665 3322 obtinendum
1681 3263 1752 3324 cha·

186 3367 228 3422 et
241 3359 402 3423 subvenis.
420 3360 593 3436 Postremo,
616 3359 649 3420 in
665 3357 815 3421 militanti
838 3357 946 3422 Eccle-
1002 3354 1131 3418 rismata
1150 3355 1322 3439 gratiarum
1344 3356 1376 3419 in
1393 3357 1456 3438 via,
1472 3378 1510 3421 ac
1532 3377 1664 3422 munera
1684 3359 1752 3441 glo

187 3457 255 3536 sia,
281 3475 336 3538 per
360 3456 510 3538 preclara
534 3454 697 3536 miraculo,
720 3475 776 3538 per
800 3457 946 3519 innume-
1002 3453 1055 3516 rie
1071 3453 1104 3516 in
1119 3454 1367 3536 patria;etquae
1384 3455 1417 3518 in
1440 3457 1490 3519 his
1504 3457 1606 3540 magis
1627 3457 1752 3522 miseri-

188 3554 307 3618 rahilia
326 3555 429 3638 signa,
451 3573 508 3638 per
529 3554 732 3618 basilicarum
758 3563 943 3632 structuras,
1001 3553 1139 3616 corditer
1152 3552 1193 3615 ab
1207 3553 1373 3635 eaadjutao
1386 3563 1550 3632 suut,eam
1561 3557 1752 3620 eternaliter

186 3673 253 3738 per
281 3653 426 3718 fidelium
455 3655 586 3716 devotas
615 3653 767 3732 culturas,
794 3663 881 3717 tuam
911 3663 945 3717 ut
1001 3660 1155 3733 quantum
1173 3651 1213 3714 ad
1234 3653 1294 3716 hoc
1313 3652 1452 3736 amplius
1471 3663 1589 3728 amant,
1607 3656 1748 3735 laudant,

184 3754 287 3816 decet
299 3751 517 3833 dignissimam
533 3751 661 3815 lintrem
676 3753 718 3815 ab
736 3753 866 3816 exordio
881 3752 945 3834 pri·
1000 3750 1197 3832 glorificant,
1213 3759 1308 3833 atque
1323 3753 1562 3832 praecordialius
1577 3755 1750 3836 regratian-

185 3851 311 3914 rnitivra
345 3849 508 3928 Ecclesia,
539 3850 714 3932 presertim
749 3869 768 3914 a
801 3860 943 3933 tempore
1000 3858 1053 3911 tur
1073 3849 1191 3913 eidem.

185 3967 259 4012 sue
278 3947 514 4032 assumptionis,
531 3949 750 4032 copiosissime
767 3949 939 4013 honorasti.
1039 3948 1063 4010 Ο
1084 3957 1203 4029 quanta
1226 3957 1274 4011 est
1297 3949 1471 4030 beatitudo,
1487 3950 1603 4014 caritas
1623 3962 1655 4016 et
1674 3972 1750 4016 con-

1000 4047 1109 4110 cordia
1133 4047 1253 4110 civium
1279 4066 1502 4130 supernorum,
1524 4061 1642 4131 quanta
1665 4053 1751 4116 ordi-

999 4143 1231 4221 natio,bonitas
1245 4143 1512 4228 confirmatioque
1524 4164 1751 4231 eorum,quan·

396 4221 641 4288 ARTICULUS
665 4221 739 4286 XV·
960 4243 1031 4306 Dta
1059 4243 1217 4324 subjectio
1244 4249 1276 4304 et
1307 4242 1489 4306 ohedientia
1517 4247 1577 4309 sub
1603 4248 1749 4312 Creatore

184 4369 943 4448 Dedilectioneacveneralt'onequasuniver·
999 4341 1229 4423 ⁰mnip⁰¹⁰nt⁰⁹
1255 4339 1309 4402 11111
1333 4341 1442 4404 111111111
1471 4343 1650 4408 “Blestium
1679 4347 1750 4411 ius*

233 4479 270 4518 sa
296 4458 505 4533 triumphans
530 4459 674 4520 Ecclesia
697 4459 858 4534 impendit
882 4461 944 4521 Re·
1000 4459 1069 4502 ΜΠ
1099 4439 1316 4521 ³⁰8⁰¹i⁰⁰s¹¹¹¹¹
1345 4439 1526 4522 spirituum,
1557 4444 1750 4510 lmfflssissfiss·

230 4550 320 4623 picoe
340 4548 425 4607 cccli.
999 4539 1079 4602 lium
1103 4539 1361 4615 substantiarum,
1385 4541 1658 4606 nobilissimarum
1681 4565 1749 4609 cre-

998 4636 1384 4714 aturarum,deiformium
1400 4639 1568 4717 mentium,
1579 4642 1749 4724 simplicis-

262 4737 409 4812 Ugloria
423 4737 618 4806 Jerusalem,
635 4745 670 4796 tu
691 4739 809 4796 laetitia
827 4739 943 4808 lsrael,
998 4738 1149 4800 simorum
1166 4736 1411 4818 incorporalium
1426 4739 1616 4819 animorum,
1624 4742 1748 4806 invidet

272 4843 308 4894 tu
322 4835 571 4908 honorificentia
588 4836 704 4910 populi
715 4833 760 4896 tui
779 4857 785 4896 :
802 4837 882 4914 quic
895 4838 944 4913 se·
998 4835 1124 4899 mulieri
1141 4835 1218 4918 ipsis
1240 4843 1304 4897 tam
1325 4837 1505 4900 eminenter
1518 4840 1664 4923 praelatas,
1681 4851 1745 4905 tam

180 4935 271 4996 cisti
285 4935 444 5002 viriliter,
459 4939 491 4994 et
503 4933 684 4994 subvenisti
702 4935 811 4994 ruiuae
832 4935 941 5016 populi
998 4933 1290 5016 incomparabiliter
1304 4954 1400 5016 super
1414 4956 1448 4998 se
1464 4937 1616 5017 exaltatae,
1634 4961 1693 5003 nec
1714 4941 1744 5004 ei

181 5030 250 5097 tui.
267 5031 437 5094 Ostensum
452 5038 499 5093 est
520 5029 615 5113 paulo
635 5039 720 5108 aute,
736 5034 942 5113 quemadmo-
997 5033 1114 5114 subjici
1140 5033 1350 5116 dedignatur!
1376 5033 1444 5097 Non
1468 5047 1623 5118 spernunt
1650 5039 1683 5101 in
1707 5060 1746 5102 ea

181 5134 267 5195 dum
302 5128 502 5193 accidentale
531 5129 696 5210 premium
725 5139 757 5193 et
786 5131 941 5194 secunda·
997 5152 1091 5195 sexus
1106 5133 1445 5210 humilitatem,carnis
1461 5137 1675 5201 conditionem
1691 5148 1746 5202 aut

179 5231 270 5295 rium
286 5227 440 5311 gaudium
455 5226 598 5290 omnium
614 5226 780 5291 beatorum
797 5227 830 5290 in
846 5229 941 5293 visio-
997 5230 1240 5294 inferioritatem
1256 5240 1377 5294 naturus
1394 5256 1402 5296 ε
1419 5233 1483 5296 imo
1499 5236 1746 5316 precordialiter

180 5349 228 5394 ne
249 5325 460 5392 humanitatis
478 5324 592 5388 Christi
613 5325 800 5390 consistant.
819 5326 939 5392 Deinde
998 5328 1106 5393 favent
1133 5328 1162 5391 ei
1190 5349 1319 5393 omnem
1353 5331 1572 5396 excellentiam
1601 5335 1682 5418 ejus,
1713 5347 1745 5401 et
