4309 6250
306 511 349 558 nr
369 511 453 558 nono
473 509 590 558 aomar
610 507 843 572 enecassem,
866 507 1108 564 sancrornuoua
1130 507 1354 556 verminosis.
1377 527 1415 540 -
1437 509 1508 556 aar.
1532 509 1562 558 rv
1651 490 1709 558 tol

56 701 117 746 tce.
133 680 214 746 elus
234 683 269 746 iu
288 683 356 746 suis
378 684 473 747 docet
495 681 646 766 Epistolis
668 679 810 763 copiose.
825 679 911 759 ldeo,
927 679 1052 761 Aquod
1081 682 1129 760 (ut
1163 679 1267 764 primo
1295 680 1416 764 llegum
1451 685 1609 764 narratur)
1637 683 1713 746 dum
1739 705 1812 760 raca.
1830 717 1860 758 a.

45 763 318 878 {fqfflquantum
342 781 459 845 vertas
487 778 856 862 immanissimam,
882 785 914 840 oa
966 777 1178 858 aerucam,
1209 778 1262 862 qut
1299 788 1390 843 erant
1423 801 1461 845 οι
1495 780 1573 844 uua
1604 780 1712 860 isaer,
1729 770 1810 824 Μ·

166 879 217 942 lux
237 881 396 960 umbram,
412 879 624 960 meridiesque
637 877 826 956 diluculum,
845 883 914 938 tau·
968 876 1174 960 inspexerunt
1198 897 1304 940 aream
1329 878 1385 941 Dei
1414 880 1582 960 detectam,
1608 900 1627 943 a
1650 879 1715 944 Deo

167 988 231 1041 turn
251 979 409 1042 excedunt
429 986 462 1041 et
481 978 633 1042 excedere
654 975 823 1040 debentes
842 993 914 1056 qum
968 976 1111 1058 percussi
1133 984 1208 1038 sunt
1224 999 1231 1038 :
1248 977 1365 1040 occidit
1385 979 1472 1041 euim
1487 979 1568 1041 Deus
1590 985 1716 1059 septua-

165 1078 197 1140 in
225 1077 412 1160 evangelica
439 1076 524 1139 liunt
551 1075 622 1157 lege
646 1082 678 1138 et
702 1074 735 1136 in
763 1072 914 1136 militanti
967 1073 1056 1155 ginta
1090 1073 1175 1138 viros
1204 1075 1243 1139 de
1272 1075 1391 1158 populo
1426 1085 1458 1139 et
1485 1075 1715 1159 quinquaginta

165 1176 318 1256 Ecclesia,
333 1176 389 1239 illa
409 1195 480 1258 que
501 1174 694 1257 gerebantur
720 1173 754 1234 iu
774 1172 915 1253 Synago-
967 1173 1070 1235 millia
1092 1173 1195 1256 plebis
1220 1183 1349 1258 propter
1377 1175 1468 1238 illurn
1497 1193 1578 1238 arem
1605 1175 1716 1256 adspe-

165 1293 203 1355 ga
227 1293 264 1336 ac
288 1272 359 1355 lege
381 1273 526 1336 llosaica.
552 1271 590 1336 llt
613 1271 712 1353 igitur
733 1269 915 1332 innotescat
968 1279 1067 1350 ctum,
1093 1278 1128 1334 ut
1152 1273 1255 1354 primo
1280 1273 1400 1356 llegum
1426 1273 1599 1336 inducitur.
1622 1269 1717 1336 Simi-

165 1390 260 1452 quam
285 1371 492 1434 devotissime
516 1389 554 1433 ac
582 1368 810 1432 decentissime
839 1365 913 1429 lieri
969 1368 1042 1432 liter
1068 1371 1209 1434 secundo
1242 1371 1362 1454 llegum
1397 1372 1548 1436 recitatur
1580 1369 1718 1452 qualiter
1740 1392 1758 1437 rr
1766 1392 1821 1449 aea.
1835 1407 1864 1446 e,

164 1471 302 1533 debeant
316 1470 537 1552 processiones
551 1467 756 1547 Ecclesiae,et
769 1467 915 1548 deporta·
968 1467 1029 1530 Ora
1042 1467 1152 1530 Levita
1173 1487 1191 1531 a
1205 1469 1269 1532 Deo
1290 1469 1435 1552 plagatus
1456 1477 1504 1533 est
1524 1478 1557 1533 et
1578 1467 1716 1546 occisus,
1730 1460 1753 1508 ⁰·
1763 1459 1784 1500 ⁷·

167 1568 269 1630 tiones
295 1585 460 1630 sacrorum
488 1585 559 1648 quae
586 1565 857 1629 circumferuntur
881 1563 914 1624 iu
969 1567 1112 1647 eoquod
1133 1567 1317 1631 indecenter
1338 1587 1443 1632 arcam
1465 1568 1520 1632 Dei
1541 1574 1718 1631 sustentare

166 1667 223 1742 eis,
253 1665 436 1728 iutueamur
462 1664 598 1746 qualiter
625 1663 719 1727 iactae
746 1662 810 1724 siut
843 1679 916 1744 pro-
970 1665 1183 1749 presumpsit.

167 1764 328 1827 cessiones
341 1773 372 1826 ct
385 1763 622 1846 deportationes
637 1779 799 1825 sacrorum
814 1760 846 1822 in
862 1779 916 1822 ve·
1010 1763 1041 1826 Si
1057 1781 1133 1844 ergo
1149 1762 1180 1826 in
1196 1764 1294 1826 veteri
1310 1764 1380 1846 lege
1396 1764 1531 1846 populns
1547 1765 1719 1848 Syuagogae

167 1861 224 1923 teri
246 1861 328 1943 lege.
929 1857 953 1922 B
969 1880 1043 1924 cum
1058 1869 1146 1925 tanta
1160 1862 1349 1941 reverentia,
1359 1861 1539 1940 sobrietate,
1551 1862 1719 1926 devotione

204 1958 327 2041 ltaque,
350 1978 423 2022 cum
444 1966 563 2040 quauta
583 1957 761 2021 reverentia
781 1965 813 2019 et
833 1955 917 2019 ordi·
970 1978 1008 2021 ac
1030 1959 1188 2041 spirituali
1209 1959 1409 2041 jucunditate
1431 1979 1537 2023 arcam
1552 1962 1635 2042 (quae
1658 1958 1720 2021 luit

168 2057 298 2121 natione
317 2057 555 2120 tabernaculum
581 2055 695 2138 lloysis
717 2063 750 2118 et
768 2062 916 2118 contenta
970 2076 1022 2120 res
1050 2057 1235 2139 corporalis,
1262 2057 1437 2120 inanimata
1461 2067 1492 2120 et
1519 2058 1638 2140 lignea)
1667 2057 1721 2120 de-

36 2169 155 2216 ται-ων-
168 2157 199 2220 in
213 2156 270 2220 illo
284 2156 521 2234 deferebantur,
537 2155 657 2218 dilluse
670 2152 861 2218 describitur
882 2153 915 2214 in
970 2155 1120 2238 portavit,
1151 2165 1182 2218 et
1211 2155 1237 2218 si
1266 2163 1330 2219 tam
1359 2157 1429 2220 dire
1457 2176 1475 2218 a
1504 2157 1567 2220 Deo
1602 2155 1719 2240 plagati

94 2267 100 2274 '
167 2255 378 2318 Numerornm
413 2255 506 2318 libro.
535 2253 711 2335 Siquidem,
741 2251 830 2333 juxta
861 2251 915 2313 Dei
970 2261 1045 2316 sunt
1065 2253 1121 2336 qui
1144 2252 1229 2318 circa
1250 2273 1355 2317 crccm
1379 2255 1589 2318 irreverenter
1608 2274 1642 2318 se
1666 2255 1721 2316 ba-

168 2361 375 2434 praaceptum,
403 2351 573 2415 duodecim
601 2350 703 2414 tribus
730 2349 824 2412 lsrael
852 2349 917 2410 dis·
970 2350 1108 2414 buemnt
1135 2373 1141 2412 :
1166 2369 1240 2413 cum
1266 2360 1383 2434 quanta
1408 2351 1577 2416 devotione
1606 2360 1637 2414 et
1665 2351 1721 2414 be-

168 2451 277 2514 tinctis
302 2450 469 2515 ordinibus
498 2469 555 2532 per
581 2469 694 2532 gyrum
719 2446 915 2512 tabernaculi
971 2447 1171 2511 noriircentia
1200 2449 1266 2528 llei,
1297 2468 1370 2512 cum
1405 2456 1524 2532 quauta
1553 2449 1720 2512 sobrietate

167 2549 405 2614 ordinatissime
432 2556 667 2632 processerunt.
693 2547 764 2610 Filii
790 2564 916 2628 quoque
971 2555 1002 2608 et
1030 2546 1138 2609 cordis
1167 2547 1312 2612 custodia
1339 2567 1376 2610 ac
1405 2547 1562 2630 spirituali
1599 2547 1718 2624 laetitia,

167 2648 242 2710 levi
258 2667 317 2730 per
330 2655 394 2710 tres
408 2655 514 2729 partes
527 2645 810 2728 divisi,portabant
824 2662 918 2706 uuus
971 2643 1036 2706 imo
1059 2652 1092 2706 et
1116 2643 1209 2707 filiali
1236 2645 1349 2708 timore
1374 2645 1442 2724 Dei,
1465 2645 1560 2708 debet
1585 2644 1721 2726 populus

167 2747 304 2829 quisque
326 2746 409 2826 quod
424 2745 486 2808 sibi
507 2744 568 2808 luit
588 2744 806 2820 commissum,
823 2750 917 2824 atque
971 2741 1166 2805 christianus
1202 2763 1274 2805 suas
1307 2762 1400 2824 agere
1429 2743 1659 2825 processiones,
1691 2751 1723 2806 et

168 2845 226 2906 sub
256 2863 352 2926 poena
380 2843 492 2907 mortis
520 2844 626 2906 iuerat
650 2843 696 2906 eis
723 2841 848 2924 jussum
877 2859 917 2903 ne
972 2851 1170 2904 sacramenta
1197 2841 1311 2904 Christi
1341 2842 1477 2922 deferre,
1508 2842 1722 2924 reliquiasque

167 2943 261 3006 aliter
292 2951 434 3025 agerent.
467 2942 610 3024 insuper,
645 2941 678 3003 in
706 2941 801 3004 losue
835 2938 917 3002 libro
972 2939 1161 3003 Sanctorum
1177 2939 1551 3023 etaliasacraportarel
1567 2940 1721 3015 Quantam

168 3041 477 3122 babeturqnomedo
497 3039 668 3102 iiliilsrael
689 3038 918 3102 circumeundo
934 3040 957 3104 (l
972 3039 1101 3100 demum
1137 3038 1189 3102 liei
1226 3037 1383 3102 ostensam
1418 3039 1595 3117 incurrunt,
1626 3059 1721 3122 quarn

168 3141 282 3203 urbem
310 3140 436 3203 lericho
464 3159 537 3203 curn
566 3157 649 3215 arca,
679 3156 744 3201 uon
772 3144 919 3221 poterant
971 3138 1145 3201 enormiter
1167 3146 1311 3221 peceant,
1327 3157 1422 3220 quem
1444 3140 1545 3203 diram
1568 3139 1722 3203 ultionem

168 3239 300 3321 aliquod
324 3239 458 3301 verbum
483 3236 581 3319 loqui,
604 3236 756 3319 quoniam
781 3236 845 3299 Deo
867 3234 918 3316 ju·
973 3245 1146 3317 merentur,
1162 3238 1217 3319 qui
1241 3238 1283 3299 ita
1305 3256 1368 3301 non
1393 3246 1503 3320 agunt,
1519 3240 1573 3301 sed
1596 3240 1628 3301 in
1651 3257 1723 3321 pro

39 3346 155 3399 lonast.
169 3338 277 3415 bente,
292 3336 387 3400 losue
408 3336 487 3398 dixit
510 3336 549 3399 ad
573 3353 629 3398 eos
651 3358 658 3396 ι
679 3333 748 3397 Non
771 3334 919 3395 audietur
973 3335 1171 3398 cessionibus
1196 3336 1257 3397 illis
1282 3336 1435 3399 dissolute
1459 3356 1494 3399 se
1522 3337 1650 3415 babent,
1676 3336 1724 3397 la·
1806 3367 1812 3379 ·

168 3454 227 3499 vox
242 3444 361 3516 vestra,
377 3454 436 3497 uec
451 3434 536 3497 nllus
558 3452 663 3497 sermo
683 3432 866 3515 egredietur
879 3451 918 3494 ex
973 3433 1123 3511 bulando,
1142 3434 1285 3510 ridendo,
1303 3436 1444 3517 undique
1459 3436 1723 3517 circumspicien-

166 3554 221 3597 ore
241 3541 361 3611 vestro,
381 3534 483 3597 donec
506 3532 610 3595 dicam
630 3532 733 3595 vobis.
754 3531 813 3594 Per
831 3530 917 3611 quod
973 3533 1014 3596 do
1034 3534 1197 3611 incedunt,
1213 3532 1365 3615 potationi
1390 3543 1421 3596 et
1444 3534 1625 3615 petulantie
1646 3552 1723 3615 prar-

166 3633 261 3695 datur
290 3631 437 3713 intelligi,
467 3631 552 3714 quod
580 3632 676 3694 corde
703 3630 767 3693 lieo
796 3629 917 3692 intento
973 3639 1058 3694 stam
1085 3631 1202 3709 locum,
1220 3640 1251 3693 et
1280 3630 1465 3713 insolenter,
1488 3632 1723 3713 immorigerate

166 3751 203 3794 ac
230 3731 441 3795 devotissime
467 3738 624 3812 occupato
652 3748 757 3791 arcam
782 3729 919 3791 circum·
972 3750 1010 3793 ac
1025 3749 1106 3792 vane
1122 3748 1154 3793 se
1169 3733 1306 3811 geruntl
1322 3728 1432 3793 Nonne
1454 3730 1580 3793 diabolo
1601 3730 1724 3793 iaciunt

79 3858 153 3895 eam.
167 3830 327 3895 ferebant.
350 3829 507 3911 Amplius,
529 3829 563 3890 in
586 3828 689 3909 primo
709 3826 919 3909 Paralipome-
974 3828 1224 3909 processionem,
1249 3845 1314 3891 nen
1337 3827 1402 3891 Deo
1427 3837 1468 3913 et
1482 3828 1605 3893 Sanctis
1629 3829 1722 3911 ejusl

147 3926 231 3992 'non
257 3927 340 3991 libro
362 3935 395 3990 et
419 3926 559 3989 secundo
583 3925 715 4007 Regiam,
731 3922 918 3986 describitur
972 3928 1010 3989 Et
1025 3927 1052 3989 si
1066 3945 1121 3989 ore
1137 3936 1279 3989 asserant
1301 3946 1335 3989 sc
1357 3926 1396 3990 ad
1412 3927 1465 3989 bei
1489 3936 1520 3991 et
1534 3929 1722 3993 Sanctorum

167 4047 241 4090 cum
271 4033 390 4108 quanta
417 4024 586 4087 devotione
615 4032 648 4086 et
674 4021 833 4106 spirituali
867 4021 918 4101 ju·
972 4026 1126 4089 bonorem
1142 4025 1378 4107 processionem
1395 4045 1557 4109 peragere,
1571 4028 1722 4110 operibus

167 4126 334 4189 cunditate
354 4124 453 4186 David
478 4142 532 4187 rex
551 4131 582 4185 et
605 4122 786 4185 sacerdotes
805 4139 843 4183 ac
863 4138 918 4201 po
972 4130 1078 4185 tamen
1111 4124 1254 4204 pandunt
1281 4124 1475 4207 oppositum,
1501 4124 1583 4187 sicut
1610 4125 1649 4187 de
1678 4134 1723 4187 ta-

166 4224 262 4305 pulus
277 4223 373 4285 lsrael
388 4240 494 4285 arcam
509 4222 679 4301 duxerunt,
694 4220 815 4302 absque
830 4218 917 4283 omui
934 4216 959 4277 1)
973 4221 1059 4284 libus
1084 4220 1197 4284 scribit
1220 4222 1390 4304 Apostolus
1407 4246 1413 4285 :
1431 4223 1547 4287 Dicunt
1570 4243 1605 4287 se
1628 4242 1721 4287 nosse
1737 4251 1782 4295 ra,
1795 4265 1810 4302 ,,
1823 4254 1854 4295 ra,

166 4322 290 4385 carnali
316 4322 476 4404 potatione
504 4328 538 4383 et
560 4317 766 4383 fabulatione.
793 4318 917 4381 Etenim
973 4320 1084 4399 benna
1105 4320 1199 4383 lactis
1221 4328 1326 4383 autem
1349 4330 1477 4403 negant.

166 4430 231 4486 tota
255 4421 375 4484 virtute
403 4418 591 4503 psallebant,
618 4426 650 4481 et
677 4418 776 4481 Deum
799 4436 854 4481 ore
882 4437 918 4480 ac

166 4520 303 4584 musicis
323 4518 542 4583 instrumentis
563 4517 744 4594 laudabant,
761 4514 919 4579 sacrificia

166 4638 298 4703 quoque
318 4616 592 4681 abundantissime
613 4614 794 4679 offerebant
810 4639 817 4677 :
834 4615 918 4697 quod
1182 4594 1427 4660 ARTICULUS
1455 4596 1513 4659 IV·

40 4728 153 4787 “llo-”¹¹-
166 4720 263 4783 eliam
280 4718 429 4780 Salomon
451 4734 517 4794 ‘⁰¹2
533 4715 712 4778 ”cmm-l
730 4722 763 4777 ⁰3
783 4713 919 4797 P⁰P¹¹¹¹¹⁵
972 4744 1022 4803 De
1036 4742 1244 4802 veneratione
1257 4746 1454 4803 Sanctorum
1472 4746 1723 4823 reliquiisecrbi·

166 4820 263 4882 lsmssl
286 4814 493 4880 θθῙθῧθΠῑῐΠθ
514 4820 717 4896 Ρθΐθῧθωῦῑ»
732 4812 919 4876 d⁰d⁰⁰⁰⁰d⁰
1014 4832 1129 4900 denda,
1143 4834 1329 4906 praesertim
1344 4835 1424 4893 dum
1435 4836 1722 4909 processionaliter

166 4938 275 4981 arcam
300 4917 341 4979 do
367 4912 573 4976 tabernaculo
596 4911 643 4992 (in
671 4930 737 4992 quo
764 4930 835 4973 earn
863 4930 919 4993 po
1013 4922 1310 4998 circumferamur,

167 5024 277 5080 suerat
291 5012 407 5091 David)
420 5011 454 5072 iu
468 5009 677 5093 templum,ut
691 5008 785 5072 tertio
799 5008 917 5089 llegum

167 5117 281 5178 lertnr.
308 5113 474 5188 Praeterea,
500 5128 575 5171 cum
602 5116 721 5189 quanta
747 5106 918 5170 devotione
1044 5107 1305 5170 UEMADMODUM
1319 5108 1469 5171 dominus
1488 5108 1596 5171 Petrus
1615 5112 1654 5173 dc
1669 5112 1721 5172 ΑΙ-

165 5235 203 5278 ac
228 5210 412 5277 reverentia
432 5208 658 5272 contrectanda
677 5225 715 5268 ac
734 5206 919 5269 honoranda
976 5103 1140 5304 Oliaco
1160 5205 1330 5268 cardinalis
1352 5206 1384 5267 in
1408 5206 1488 5270 libro
1507 5208 1546 5269 de
1565 5207 1721 5271 Ecclesia-

165 5305 546 5390 sintsaeraevangelicac
561 5306 651 5388 legis,
666 5311 792 5368 constat
809 5323 848 5367 ex
866 5322 916 5385 eo,
973 5304 1052 5368 stica
1080 5313 1234 5388 potestate
1258 5304 1386 5385 latetur,
1413 5304 1529 5368 veritas
1557 5307 1719 5373 catholice
