4309 6250
459 491 519 558 668
556 511 595 560 DE
616 511 822 562 Andronium
843 515 937 562 Sffll
958 513 1123 563 renuncia
1142 513 1180 560 ET
1199 513 1369 561 ommate
1389 513 1530 577 conetur,
1552 514 1640 562 tmen
1659 515 1704 562 tlt.
1726 533 1768 544 -
1786 515 1856 561 Aut.
1876 513 1943 562 ml

460 683 536 766 quia
550 683 744 767 experientia
758 685 861 766 docet,
877 687 960 768 quod
975 693 1105 769 pmpter
1121 685 1210 749 dele-
1223 685 1249 748 Α
1264 693 1336 768 pter
1349 684 1476 767 propria
1495 686 1662 748 commoda
1680 685 1753 748 aliis
1772 686 1920 768 praesidet.
1934 687 1982 749 Pri

460 791 547 846 ctum
568 783 788 862 conciliorum,
806 793 837 846 et
857 785 992 847 maxime
1012 785 1208 867 generalium
1264 777 1317 846 mo
1332 783 1426 847 modo
1441 783 1532 846 bouis
1547 784 1685 867 praelatis
1699 794 1793 865 atque
1808 786 1982 867 principibus

462 881 558 944 totius
579 881 826 962 scelestaque
846 882 913 946 sola
937 891 1041 965 potest
1059 883 1210 947 audacter
1264 881 1442 945 dominium
1456 881 1620 962 competit,
1636 883 1777 945 secundo
1797 884 1886 946 modo
1899 891 1984 964 aran

462 979 664 1072 etintrepide
678 999 789 1043 omnes
805 981 974 1063 corrigere,
990 1000 1028 1044 ea
1042 983 1126 1045 mala
1139 1001 1209 1064 qua
1264 981 1325 1044 nis.
1354 981 1432 1058 lmo,
1462 981 1638 1042 secuudum
1669 981 1843 1059 Albertum,
1871 982 1982 1044 domini-

464 1078 678 1140 universalem
697 1086 831 1160 tangunt
845 1079 1031 1160 Ecclesiam,
1047 1081 1102 1143 diu
1122 1100 1211 1144 man·
1264 1099 1319 1143 nm
1334 1081 1438 1164 primo
1456 1081 1550 1143 modo
1568 1089 1746 1163 acceptum,
1763 1089 1811 1143 est
1828 1082 1866 1144 de
1883 1082 1982 1148 mtioue

464 1184 574 1239 serunt
600 1175 776 1240 incorrecta
804 1185 836 1240 et
871 1177 1037 1261 impunita,
1067 1180 1209 1261 adeoque
1264 1178 1535 1252 hierarcbiae.0uo
1550 1198 1626 1261 ergo
1641 1199 1705 1262 praa
1721 1179 1983 1262 universisprinci-

464 1283 633 1338 creverunt
647 1283 678 1338 et
694 1275 868 1339 inveterata
882 1286 966 1356 sunt,
981 1279 1064 1358 quod
1082 1279 1209 1341 taudem
1265 1279 1360 1360 pibus
1374 1285 1406 1340 et
1419 1277 1557 1360 praelatis
1572 1277 1653 1359 Papa
1674 1277 1841 1341 sublimior
1856 1286 1901 1340 ast
1915 1279 1983 1340 bier-

464 1373 564 1435 multa
586 1373 707 1454 injusta
732 1373 791 1436 sub
812 1381 963 1456 praetextu
983 1375 1066 1438 lictae
1089 1385 1122 1438 et
1142 1394 1210 1439 cor·
1265 1375 1373 1455 archa,
1388 1376 1482 1438 altior
1499 1375 1688 1456 digniorque
1703 1376 1859 1458 praelatus,
1874 1395 1909 1439 eo
1921 1396 1983 1458 pra

465 1480 564 1553 rupta
583 1472 823 1535 consuetudinis
843 1472 929 1535 licita
952 1481 1149 1555 reputantur,
1168 1475 1211 1538 ita
1266 1473 1383 1536 clarius
1396 1473 1458 1555 ipsi
1474 1472 1627 1555 competit
1641 1473 1819 1542 dominium
1832 1474 1891 1537 tale
1907 1493 1984 1556 super
2030 1553 2034 1562 Ι

465 1566 548 1648 quod
574 1565 665 1630 multi
691 1566 891 1649 suspicantur
916 1570 999 1651 quod
1024 1570 1091 1633 baec
1119 1571 1212 1634 dissi·
1266 1571 1423 1635 universis
1444 1571 1559 1653 quibus
1580 1581 1695 1654 praeest
1715 1592 1751 1634 ac
1773 1573 1918 1654 providet.

466 1667 635 1752 mulaverit
656 1668 796 1731 Romana
816 1669 903 1731 curia
924 1677 956 1732 et
977 1689 1073 1753 super
1094 1671 1144 1734 bis
1165 1672 1211 1734 la·
1306 1671 1365 1733 Sed
1381 1670 1502 1732 dictum
1512 1669 1601 1737 istud
1615 1670 1805 1752 quibusdam
1815 1689 1875 1733 nou
1890 1671 1981 1753 placat

464 1785 537 1828 cere
557 1765 693 1828 concilia
712 1765 896 1847 neglexerit,
914 1775 948 1828 ut
969 1768 1068 1850 possit
1087 1770 1126 1831 ad
1146 1788 1211 1832 suaa
1267 1778 1396 1852 propter
1414 1769 1506 1852 plura
1528 1789 1599 1850 quae
1623 1769 1653 1831 S.
1670 1769 1845 1832 Beruardus
1863 1769 1936 1832 libm
1953 1771 1984 1832 de

466 1864 637 1927 voluntatis
666 1865 791 1928 libitum
827 1866 952 1946 plenius
979 1867 1150 1945 dominari,
1180 1878 1212 1931 et
1228 1867 1252 1928 B
1266 1867 1526 1931 consideratione
1545 1868 1585 1929 ad
1604 1864 1929 1949 Eugenium'loquitur
1942 1868 1985 1929 Pa·

464 1963 600 2026 aliarum
624 1964 836 2028 Ecclesiarum
864 1966 935 2046 jura
960 1967 1094 2029 liberius
1122 1988 1212 2030 usur·
1267 1987 1352 2048 pam,
1369 1965 1505 2028 dicendo
1523 1989 1530 2027 :
1548 1966 1749 2048 Superiorem
1771 1965 1986 2028 telactumdis
2099 2034 2100 2043 ἵ

465 2081 540 2145 pare
564 2061 629 2126 :ob
652 2082 747 2144 quam
772 2063 950 2127 dillamiam
975 2068 1211 2146 expurgandam
1268 2065 1418 2128 simulare
1441 2083 1505 2127 non
1529 2082 1711 2146 possumus,
1727 2065 1783 2127 sed
1806 2083 1866 2126 uon
1889 2064 1924 2126 ad
1943 2063 1987 2126 do

465 2160 560 2224 debet
573 2180 670 2243 super
684 2162 926 2244 congregatione
939 2164 1148 2227 conciliorum
1163 2184 1213 2247 ge
1268 2163 1453 2226 minandum
1467 2185 1475 2241 3
1492 2169 1524 2224 et
1551 2170 1587 2224 ut
1614 2161 1749 2224 multum
1775 2161 1936 2224 sentiamus
1955 2163 1986 2222 de

467 2258 674 2322 ueraliumac
691 2260 932 2341 pmviucialium
949 2264 1214 2346 providere,prae-
1271 2262 1370 2340 vobis,
1400 2279 1463 2324 nou
1491 2259 1682 2338 dominium,
1710 2261 1767 2324 sed
1798 2261 1986 2322 ministerium

467 2358 575 2421 sertim
592 2378 691 2439 quum
711 2360 909 2422 sanctissima
925 2360 980 2422 illa
994 2361 1075 2424 Petri
1091 2363 1214 2426 etalio·
1268 2360 1360 2424 vobis
1375 2368 1423 2421 est
1442 2360 1563 2421 datum.
1581 2357 1672 2420 Disce
1692 2359 1835 2440 exemplo
1848 2359 2076 2440 Pmpbetara.1‚u

329 2469 455 2518 Aet-roso
468 2475 538 2519 rum
553 2457 776 2538 Apostolorum
791 2458 879 2520 ouria
899 2457 1022 2539 legatur
1035 2459 1066 2520 in
1084 2460 1213 2522 Actibus
1269 2458 1439 2541 praesidere
1467 2476 1531 2521 nou
1559 2458 1598 2519 ad
1628 2457 1857 2538 imperandum,
1885 2457 1934 2519 sed
1956 2457 1986 2518 ad

321 2535 456 2650 :22:322
467 2555 686 2636 Apostolorum
711 2565 846 2637 quatuor
864 2557 999 2620 coucilia
1023 2558 1210 2622 celebrasse.
1269 2555 1489 2620 lectitandum.
1512 2555 1634 2618 Nomen
1658 2555 1802 2637 episcopi
1826 2575 1885 2618 non
1906 2555 1988 2618 domi-

321 2659 455 2712 ·sa-2¹¹¹·¹⁸
468 2653 631 2730 Praeterea,
654 2652 752 2735 aliqui
777 2663 851 2716 sunt
873 2674 965 2717 casus
990 2655 1079 2718 ardui
1105 2676 1215 2720 neces·
1269 2655 1370 2734 nium,
1386 2655 1442 2716 sed
1456 2653 1600 2716 olircium
1617 2651 1674 2715 tibi
1689 2661 1790 2715 sonat.
1802 2653 1884 2726 Quod
1899 2653 1988 2714 babuit

321 2723 403 2775 Μ’
468 2752 550 2814 sario
578 2751 784 2832 reformandi,
815 2753 847 2814 in
876 2753 990 2835 quibus
1019 2772 1083 2816 uon
1111 2764 1215 2836 potest
1268 2754 1389 2832 Petrus,
1406 2753 1467 2816 boc
1488 2751 1546 2814 tibi
1565 2751 1652 2813 dedit
1669 2773 1676 2812 :
1694 2751 1930 2814 sollicitudiuem
1948 2771 1989 2810 su

469 2851 667 2914 commodius
686 2870 781 2932 quam
803 2872 859 2934 per
876 2852 1025 2933 generale
1040 2854 1214 2917 concilium
1270 2873 1327 2935 per
1348 2850 1535 2926 Ecclesiam,
1562 2867 1625 2912 nou
1650 2849 1905 2912 dominationem.
1927 2849 1990 2912 Cen

470 2948 641 3030 provideri,
658 2958 692 3011 ut
706 2958 792 3031 patet
812 2949 968 3031 primodo
989 2951 1214 3015 reformatione
1270 2951 1375 3013 sidera
1389 2967 1549 3011 summum
1569 2956 1600 3011 te
1618 2947 1682 3010 diei
1700 2948 1927 3029 comparatione
1940 2965 1990 3009 non

468 3049 616 3111 Romamn
631 3049 792 3128 Ecclesia,
805 3069 874 3132 quae
890 3050 1068 3113 necessaria
1083 3061 1142 3133 est,
1155 3071 1214 3114 uec
1234 3049 1255 3112 C
1272 3048 1467 3126 meritorum,
1484 3047 1538 3110 sed
1558 3045 1819 3108 ministeriorum.
1835 3045 1882 3108 Sic
1903 3054 1930 3108 te
1941 3044 1992 3106 exi-

469 3148 573 3229 aptius
588 3167 683 3230 quam
703 3168 760 3231 per
779 3149 926 3231 generale
948 3150 1121 3213 concilium
1141 3151 1215 3213 lieri
1271 3148 1378 3210 stimet
1393 3148 1487 3210 bomo
1503 3153 1536 3207 ut
1557 3143 1741 3207 ministrum
1756 3143 1866 3206 Christi
1881 3154 1912 3207 et
1924 3162 1993 3205 sum·

469 3256 573 3331 potest
590 3273 596 3312 :
615 3248 733 3311 idcireo
749 3268 812 3311 nou
827 3249 922 3311 debet
937 3269 1086 3332 respuere
1105 3251 1215 3314 abillo
1270 3266 1359 3309 mum
1389 3245 1473 3307 inter
1499 3244 1672 3305 ministros.
1701 3242 1811 3305 Prasis
1837 3252 1869 3305 ut
1896 3244 1992 3325 prosis.
2102 3293 2103 3338 ζ

468 3346 605 3411 coneilio
627 3346 805 3410 reformari.
823 3347 942 3409 Deinde
964 3348 1146 3411 reformatio
1171 3359 1217 3411 to·
1271 3364 1334 3409 nou
1351 3351 1386 3406 ut
1399 3344 1547 3424 imperes.
1563 3342 1736 3405 Considera
1749 3351 1823 3405 ante
1836 3342 1936 3405 omnia
1947 3342 1995 3404 llo
2102 3341 2103 3348 ’

470 3445 531 3508 tius
555 3444 697 3526 eorporis
720 3444 869 3507 Ecclesia
891 3455 939 3508 est
956 3447 995 3508 de
1017 3447 1125 3509 arduis
1147 3467 1217 3529 per-
1271 3462 1398 3506 menam
1427 3440 1602 3503 Ecclesiam
1636 3440 1849 3503 Ecclesiamm
1880 3450 1994 3502 matrem

469 3544 645 3607 tinentibus
668 3544 707 3605 ad
728 3543 838 3606 fidem.
856 3543 894 3605 Et
912 3544 1094 3626 specialiter
1113 3546 1217 3628 provi·
1271 3562 1353 3620 esse,
1379 3559 1442 3603 non
1467 3538 1651 3615 domiuam;
1672 3546 1704 3601 to
1722 3558 1805 3635 yero
1828 3558 1889 3602 uon
1911 3537 1994 3601 domi·

468 3644 608 3707 dandum
633 3651 718 3705 esset
741 3651 850 3705 contra
870 3644 1060 3705 Sarracenos
1085 3653 1117 3706 ot
1137 3644 1216 3707 alios
1271 3660 1348 3703 uum
1377 3638 1613 3721 episcoporum,
1643 3638 1699 3699 sed
1733 3656 1831 3701 unum
1858 3658 1894 3700 ex
1919 3636 1991 3719 ipsis.

469 3740 618 3804 infideles
633 3740 896 3803 christianitatem
909 3740 1219 3824 acriterimpugnau·
1270 3776 1311 3787 ·-
1324 3739 1419 3802 llulta
1438 3736 1556 3799 similia
1575 3735 1685 3799 scribit
1705 3736 1900 3814 bernardum
1917 3745 1945 3798 et
1962 3734 1993 3795 ad

468 3848 527 3919 tes,
543 3847 575 3901 et
594 3858 651 3919 pro
670 3839 855 3901 reductione
875 3858 983 3901 eorum
1003 3839 1057 3920 qui
1080 3839 1120 3901 ab
1143 3841 1217 3903 obe·
1273 3839 1355 3901 idem
1385 3843 1516 3920 possent
1543 3836 1640 3898 verba
1663 3834 1801 3897 aliorum
1826 3836 1927 3898 induci
1951 3834 1994 3895 do

469 3936 587 4001 dientia
612 3938 727 3999 summi
752 3936 917 3999 Pontificis
943 3947 1153 4000 recesserunt.
1176 3974 1216 3985 -
1272 3945 1407 4016 olorum,
1432 3935 1508 4017 quia
1535 3934 1686 4015 Origenes
1714 3942 1811 4015 atque
1837 3934 1995 4016 Chrysosto

468 4036 539 4099 Haec
568 4044 599 4097 et
629 4034 727 4097 multa
751 4033 866 4096 similia
891 4033 1001 4097 scribit
1024 4034 1078 4097 hic
1107 4034 1217 4098 doctor
1273 4056 1344 4097 mus
1365 4034 1465 4096 multa
1486 4032 1605 4095 similia
1627 4032 1783 4095 scribunt.

470 4134 551 4198 libro
573 4134 715 4216 praelato.
1313 4132 1372 4196 Sed
1400 4131 1544 4195 omnium
1573 4132 1687 4194 borum
1716 4139 1764 4194 est
1798 4152 1860 4195 uua
1888 4127 1994 4198 solutio,

1234 4227 1348 4314 unia
1366 4232 1405 4293 de
1425 4228 1605 4293 inordinato
1628 4228 1865 4312 dominioque
1886 4230 1949 4312 quis
1966 4246 1996 4289 ex

1274 4332 1356 4395 lastu
1372 4328 1529 4411 superbia
1547 4347 1584 4391 ae
1599 4327 1773 4411 cupiditate
1793 4330 1862 4392 aliis
1876 4327 1997 4392 domina-

646 4400 890 4465 ARTICULUS
914 4400 1040 4461 XXXI·
1273 4439 1335 4507 tur,
1362 4435 1436 4490 suut
1460 4425 1678 4507 intelligenda.
1703 4425 1887 4488 Ordinatum
1909 4432 1997 4487 autem

561 4544 613 4603 An
631 4544 725 4616 Papa
740 4542 782 4599 sit
798 4541 951 4600 dominus
966 4540 1127 4600 Ecclesiae.
1273 4526 1463 4605 dominium,
1479 4525 1555 4607 quia
1575 4524 1614 4586 ad
1636 4524 1836 4586 subditorum
1855 4520 1998 4587 commoda

1273 4626 1448 4702 ordinatur,
1466 4632 1551 4687 recte
1567 4623 1703 4686 servitus
1718 4622 1846 4704 dicitur,
1862 4620 1997 4704 loquendo

544 4729 689 4791 [tasilo
714 4728 774 4791 ista
800 4728 830 4789 in
856 4725 980 4791 duobus
1003 4726 1121 4789 libellis
1141 4746 1219 4808 praa·
1274 4725 1313 4786 de
1334 4722 1485 4786 servitute
1510 4720 1797 4785 administrationis
1815 4730 1847 4785 et
1865 4718 1998 4803 prelatio

475 4727 540 4926 Ο
559 4827 674 4892 habitis
694 4826 869 4891 clarissime
892 4835 940 4889 est
965 4826 1077 4889 soluta.
1096 4824 1218 4887 Dictum
1274 4823 1336 4900 uis,
1354 4821 1493 4884 caritatis
1514 4839 1551 4882 ac
1570 4820 1733 4901 diguitatis
1752 4844 1760 4881 ε
1777 4820 1885 4902 sicque
1905 4834 1998 4882 omncs

326 4948 404 4988 nrt-1¹·
473 4939 521 4993 est
549 4929 634 4991 enim
663 4928 745 5009 quod
774 4925 953 4988 dominium
987 4924 1103 5006 duplex
1131 4931 1180 4986 est
1209 4946 1216 4984 ι
1275 4920 1456 4983 christianae
1489 4917 1690 4999 praelationes
1725 4927 1758 4980 et
1789 4916 1998 4982 dominationes

473 5050 572 5093 unum
595 5026 743 5089 videlicet
763 5025 954 5101 ordinatum,
972 5042 1035 5104 quo
1057 5022 1128 5103 quis
1149 5021 1220 5084 aliis
1274 5027 1349 5082 sunt
1363 5016 1622 5081 servitutesldco
1637 5015 1780 5079 Pontifex
1790 5036 1926 5079 summus
1939 5012 2000 5076 scri·

473 5135 587 5211 praeest
611 5125 650 5187 ad
676 5122 843 5185 utilitatem
871 5121 1024 5203 ipsorum,
1050 5118 1220 5200 providens
1275 5118 1321 5180 bit
1335 5138 1369 5180 se
1384 5136 1511 5180 servum
1528 5133 1691 5178 servorum
1705 5114 1775 5178 Dei.
1791 5116 1924 5178 Romana
1937 5130 2000 5195 quo

473 5227 548 5305 illis,
561 5244 625 5288 non
641 5223 768 5304 propria
783 5222 949 5283 commoda
963 5216 1220 5300 quaereus.dliud
1276 5236 1337 5298 que
1351 5214 1495 5278 Ecclesia
1509 5233 1573 5278 nou
1594 5222 1642 5277 est
1660 5212 1791 5276 domina
1810 5213 1999 5277 Ecclesiamm

474 5334 523 5389 est
536 5322 749 5387 inordinatum
770 5319 1039 5398 dominiumque
1059 5315 1131 5399 quis
1150 5333 1221 5397 pro
1277 5312 1495 5378 dominatione
1509 5312 1614 5394 primo
1633 5312 1728 5375 modo
1746 5320 1887 5394 accepta,
1902 5310 1950 5374 sed
1963 5326 2001 5370 se

338 4818 375 4859 lib.
392 4816 408 4865 l.
417 4820 457 4859 art.

325 4894 367 4923 nu
375 4896 380 4931 ;
388 4880 425 4921 lib.
434 4879 459 4929 ll,
