4309 6250
421 510 461 558 D!
480 509 645 558 nudamur!
665 509 703 556 m·
724 508 872 556 unumne
893 509 920 553 tt.
943 507 972 552 V.
994 507 1114 570 IAM,
1133 505 1224 553 trem
1243 507 1263 552 l.
1285 523 1327 536 -·
1346 505 1416 553 ffl-
1439 505 1537 555 11le
1715 485 1753 552 ssl

204 680 330 762 paravit
351 700 415 744 suae
437 679 631 763 dignissime
649 677 748 756 Matri,
765 677 954 761 apponenda
969 677 994 738 Α
1009 695 1071 757 que
1099 677 1139 739 de
1167 676 1277 740 mundi
1305 684 1491 758 contemptu
1517 685 1550 741 et
1576 675 1756 758 virginitate

206 779 364 862 apposuit,
399 779 591 842 removenda
626 776 772 854 removit,
808 776 890 838 sicut
923 781 956 838 et
1010 781 1145 853 servata,
1167 783 1285 856 quanto
1312 776 1352 838 ad
1381 795 1419 838 ea
1445 794 1517 856 quae
1545 773 1654 837 muudi
1683 780 1757 836 suut

51 896 116 940 ιιι.
133 909 192 946 xxti,
206 885 317 959 postea
336 876 413 939 dixit
430 900 437 938 :
454 877 520 959 Ego
544 877 577 937 in
596 875 700 938 medio
720 883 861 938 vestrum
884 891 954 934 sum
1009 871 1125 953 aptior,
1150 881 1182 935 et
1205 873 1245 935 ad
1268 872 1374 936 carnis
1399 874 1531 936 delicias
1554 872 1759 955 appetibilior

36 963 77 1002 ²⁷·
207 976 290 1038 sicut
310 975 367 1056 qui
387 975 555 1037 ministrat.
573 974 611 1036 Et
632 973 716 1036 sicut
736 979 808 1054 post
830 989 954 1034 coenam
1002 989 1047 1032 ex
1070 969 1207 1033 naturali
1231 971 1439 1053 dispositione
1462 990 1533 1034 csse
1558 970 1693 1034 videtur.
1719 971 1758 1032 Ut

75 1089 179 1132 naaria
207 1093 298 1136 suam
320 1071 526 1136 novissimam
549 1073 703 1154 hymnum
728 1077 760 1132 et
783 1068 954 1152 gratiarum
1010 1087 1085 1150 ergo
1107 1069 1310 1132 serenissima
1330 1069 1419 1150 virgo
1440 1069 1536 1132 Maria
1556 1069 1596 1131 de
1614 1069 1758 1133 omnium

35 1166 107 1203 ‘¹⁸³’
125 1155 164 1194 ³⁰·
206 1170 365 1234 actionem
384 1169 528 1250 exsolvit,
543 1169 587 1231 ita
600 1167 743 1250 quotidie
757 1165 796 1229 ad
812 1183 954 1229 mensam
1010 1167 1244 1230 mundanorum
1268 1174 1464 1248 contemptu,
1481 1175 1513 1230 et
1537 1166 1614 1229 item
1637 1167 1677 1230 de
1701 1185 1758 1230 sua

207 1268 347 1332 creditur
365 1267 621 1330 benedictionem
641 1265 767 1328 dedisse
786 1271 818 1326 et
838 1262 955 1345 gratias
1011 1263 1181 1345 purissima
1199 1265 1343 1327 castitate
1364 1264 1647 1328 commendabilior
1660 1271 1755 1343 esset,

206 1367 364 1430 retulisse.
394 1365 418 1428 0
447 1365 579 1428 Domina
611 1382 738 1444 magna,
768 1380 787 1424 o
816 1360 954 1424 coelestis
1010 1362 1117 1426 decuit
1140 1381 1211 1425 eam
1238 1382 1308 1426 esse
1337 1381 1466 1443 prorsus
1495 1362 1754 1445 pulcherrimam,

206 1465 338 1547 Regina,
355 1464 406 1527 cui
431 1463 572 1526 vescenti
596 1463 660 1526 ilex
684 1479 795 1543 regum
819 1467 850 1522 et
872 1459 955 1522 Deus
1011 1469 1042 1524 et
1067 1461 1099 1522 io
1125 1460 1250 1524 cunctis
1275 1460 1472 1523 naturalibus
1496 1461 1614 1542 optime
1638 1460 1671 1521 iu
1700 1479 1758 1524 suo

206 1565 339 1627 deorum
362 1561 563 1625 convescitur
583 1568 616 1624 et
636 1559 813 1622 ministrati
1010 1577 1128 1640 genere
1156 1558 1354 1640 dispositam.
1378 1559 1513 1636 Etenim,
1540 1559 1623 1622 sicut
1649 1558 1758 1622 incon-

1012 1656 1147 1718 tinentia
1168 1654 1409 1738 vituperabilior
1427 1664 1475 1719 est
1496 1656 1529 1718 in
1547 1655 1755 1736 deformibus,

1012 1753 1058 1816 sic
1073 1753 1269 1818 continentia
1287 1753 1475 1818 laudabilior
1492 1762 1540 1816 est
1553 1753 1587 1815 in
1602 1753 1756 1835 pulchris.

369 1823 613 1888 ARTICULUS
635 1818 793 1884 XXXIV·
972 1849 1176 1932 BSiquidem
1209 1852 1396 1935 speciositas
1429 1860 1502 1935 apta
1528 1851 1585 1915 sed
1613 1871 1683 1915 rara
1710 1859 1759 1914 est

233 1977 279 2035 De
298 1973 466 2048 corporali
484 1968 737 2046 pulchritudine
759 1965 933 2025 benedictae
1012 1949 1172 2032 Plldlclllffl
1192 1968 1311 2014 ⁰0¹1]ssss-

189 2005 216 2136 l
419 2069 448 2120 et
461 2061 612 2137 plori'osae
626 2058 755 2118 Μανία.
1050 2047 1205 2129 Denique,
1229 2048 1270 2112 dc
1293 2047 1353 2111 bac
1381 2067 1416 2111 re
1439 2047 1551 2112 scribit
1573 2047 1720 2111 eilbertus
1747 2069 1756 2110 t

1010 2146 1094 2210 Ordo
1111 2154 1161 2210 est
1180 2147 1213 2208 in
1232 2146 1327 2209 rebus
1344 2145 1543 2208 naturalibus
1558 2144 1759 2228 corporibus·
1781 2171 1876 2226 mm,

37 2277 196 2326 cmm,
285 2251 384 2312 UAM
400 2247 542 2324 pulchra
567 2265 611 2314 es,
629 2245 734 2304 amica
760 2261 842 2312 mea,
857 2261 955 2320 quam
1011 2263 1073 2326 que
1088 2244 1248 2307 humanis.
1265 2242 1382 2307 Natura
1395 2262 1533 2325 namque
1547 2243 1625 2306 lacit
1637 2243 1758 2326 aliquid
1771 2249 1794 2291 l·
1804 2249 1839 2278 ‘'-

212 2248 433 2450 Oputclsra
461 2347 516 2404 es!
544 2341 741 2407 Credendum
776 2347 825 2402 est
859 2339 954 2402 talem
1012 2343 1193 2424 pulchmm,
1208 2341 1330 2424 aliquid
1345 2341 1520 2423 pulchrius.
1538 2341 1620 2424 Ergo
1636 2340 1759 2424 aliquid

208 2453 241 2507 et
262 2453 327 2508 tam
352 2442 528 2524 speciosam
553 2440 653 2504 luisse
674 2439 801 2502 llariam
824 2437 956 2500 sanctis·
1011 2442 1071 2504 erit
1106 2441 1354 2522 pulcherrimum
1388 2441 1564 2504 secundum
1600 2448 1757 2504 naturam.

208 2545 333 2621 simam,
349 2549 384 2602 ut
406 2539 521 2602 summi
543 2537 715 2602 astronomi
737 2537 881 2599 scribunt
900 2554 956 2597 na·
1010 2540 1128 2604 Natura
1155 2540 1243 2602 enim
1270 2539 1365 2602 babet
1393 2540 1566 2602 terminum
1601 2539 1635 2602 in
1663 2557 1758 2622 mem

208 2641 254 2704 sci
279 2639 434 2722 virginem
455 2637 488 2699 in
512 2636 615 2720 prima
638 2634 722 2698 lacie
746 2633 831 2716 signi
853 2633 956 2716 virgi·
1010 2646 1124 2721 potest,
1141 2645 1174 2700 ct
1194 2655 1259 2700 non
1280 2637 1373 2700 ultra.
1389 2638 1452 2699 Aut
1472 2655 1548 2719 ergo
1570 2637 1689 2700 alicubi
1713 2645 1760 2700 at-

207 2739 258 2802 nis
275 2763 282 2800 ι
299 2745 411 2820 utputa
425 2737 509 2817 quod
525 2735 586 2798 luit
600 2733 690 2815 virgo
706 2733 836 2812 munda,
848 2731 955 2815 puella
1010 2737 1112 2818 tinget
1135 2736 1309 2799 terminum
1334 2735 1438 2816 illum,
1454 2745 1509 2798 aut
1532 2754 1689 2818 nusquam
1706 2759 1714 2799 ε
1731 2736 1758 2798 si

207 2835 422 2914 immaculata,
447 2851 580 2915 corpore
605 2831 762 2914 speciosa,
788 2830 878 2894 vultu
903 2849 956 2892 ve-
1010 2853 1179 2916 nusquam,
1205 2851 1281 2915 ergo
1309 2832 1442 2896 deliciet
1473 2843 1621 2916 respectu
1648 2853 1760 2915 opera-

207 2943 303 2997 nusta
334 2933 508 3014 habituque
541 2930 696 3007 modesta,
726 2937 762 2992 ut
793 2935 879 3011 patet
917 2947 956 2990 ex
1011 2933 1134 2996 tionum
1159 2951 1300 3012 suarum,
1315 2931 1400 3012 quod
1421 2938 1469 2994 est
1490 2939 1600 2995 contra
1621 2930 1761 2996 Philoso-

207 3033 302 3096 dictis
327 3051 433 3114 supra,
450 3029 603 3094 vicesimo
627 3045 712 3092 nono
737 3026 881 3090 articulo.
898 3027 955 3089 [le-
975 3033 1111 3114 cphum
1134 3031 1293 3094 dicentem
1310 3053 1318 3091 ε
1336 3028 1452 3093 Natura
1474 3048 1540 3093 non
1564 3031 1704 3094 abundat
1726 3031 1760 3094 in

207 3132 319 3212 nique,
353 3130 437 3193 sicut
470 3136 632 3191 auctorem
667 3134 799 3204 natura,
833 3122 955 3189 iontem
1012 3128 1396 3213 superfluis,nccdel1cit
1414 3130 1448 3192 in
1462 3130 1662 3193 necessariis.
1678 3130 1761 3212 Ergo

207 3226 456 3311 pulchritudinis
470 3226 638 3305 universa,
655 3230 868 3306 reparatorem
888 3240 956 3285 cor-
1012 3236 1125 3291 natura
1139 3228 1234 3291 habet
1251 3226 1370 3290 alicubi
1392 3247 1485 3290 suum
1500 3247 1672 3291 summum.
1689 3228 1762 3292 Cor·

207 3335 386 3410 ruptormn,
410 3332 504 3406 atque
531 3323 781 3387 deformatomm
806 3320 957 3385 relorma-
1012 3346 1071 3409 pus
1096 3335 1202 3389 autem
1229 3326 1372 3389 naturale
1396 3327 1585 3407 quandoque
1606 3324 1762 3389 formatur

208 3434 322 3503 torem,
339 3424 446 3487 decuit
469 3422 558 3487 nasci
582 3441 622 3485 ex
646 3420 768 3503 virgine
791 3419 955 3497 inviolata,
1012 3444 1031 3488 a
1056 3443 1152 3487 causa
1175 3433 1207 3487 et
1227 3442 1359 3507 corpore
1387 3424 1534 3504 naturali,
1555 3424 1624 3506 ipsa
1649 3434 1762 3489 natura

208 3523 338 3607 penitus
366 3522 561 3603 incorrupta,
592 3520 638 3583 sic
673 3527 704 3581 et
738 3536 776 3581 ex
811 3516 955 3600 pulchra,
1013 3531 1164 3605 operante
1198 3522 1397 3599 naturaliter,
1425 3521 1606 3585 immediate
1637 3532 1671 3586 et
1706 3542 1764 3605 per

208 3640 340 3706 prorsus
360 3618 575 3683 immaculata.
1014 3642 1059 3687 se.
1075 3622 1254 3703 Aliquando
1279 3640 1355 3684 vero
1379 3640 1496 3703 corpus
1519 3620 1674 3684 lormatur
1697 3622 1762 3685 lleo

250 3719 404 3801 Denique,
433 3717 467 3779 in
495 3715 667 3799 Scripturis
695 3714 959 3779 commendantur
1015 3719 1295 3804 supernaturaliter
1327 3726 1489 3800 operante.
1525 3719 1607 3800 Ergo
1643 3717 1762 3783 alicubi

208 3836 354 3901 personae
379 3816 543 3896 utriusque
568 3832 660 3877 sexus
683 3814 723 3876 de
747 3812 960 3895 pulchritudi·
1015 3836 1176 3881 summum
1203 3823 1252 3879 est
1288 3816 1321 3878 in
1354 3834 1486 3898 corpore
1517 3816 1669 3896 humano,
1698 3817 1763 3880 Deo

211 3936 251 3979 ue
279 3914 446 3997 corporali,
471 3932 543 3995 que
565 3913 647 3975 bene
670 3920 702 3974 et
726 3912 866 3975 virtuose
894 3928 959 3973 usa
1015 3912 1362 3998 operante3etalicubi
1377 3924 1763 3997 summum,naturaope-

210 4023 286 4077 sunt
309 4033 359 4091 ea,
384 4011 559 4095 prasertim
584 4029 683 4092 quum
707 4011 801 4073 etde
825 4009 961 4091 ipsomet
1016 4022 1117 4076 rante.
1143 4012 1181 4075 Et
1209 4012 1294 4075 sicut
1320 4018 1433 4073 natura
1461 4028 1596 4092 operans
1624 4019 1673 4073 est
1706 4013 1764 4073 im·

44 4113 344 4185 remanorum
368 4112 442 4173 lesu
466 4109 588 4174 Christo
612 4109 652 4171 sit
675 4108 828 4189 scriptum
853 4131 860 4169 ι
885 4107 960 4189 Spe-
1016 4110 1153 4173 mediate
1173 4110 1232 4172 sub
1250 4110 1315 4172 Deo
1334 4116 1497 4189 operante,
1514 4108 1659 4172 similiter
1679 4129 1765 4173 sum·

53 4238 120 4280 cea
135 4212 317 4283 m=‚ciosus
339 4209 442 4274 lorma
463 4228 528 4289 prae
550 4206 625 4269 liliis
648 4206 825 4270 hominum.
842 4206 961 4269 Rebec-
975 4209 1000 4272 D
1016 4228 1105 4271 mum
1143 4216 1264 4271 naturae
1304 4206 1464 4288 operantis
1499 4214 1548 4269 est
1581 4207 1764 4272 immediate

46 4298 249 4373 ¹⁵³¹¹¹¹·¹⁷³ca
276 4326 414 4391 queque,
436 4306 566 4386 llacbel,
588 4306 695 4369 Judith
721 4312 752 4367 et
775 4305 898 4383 Esther,
921 4303 960 4366 de
1016 4309 1075 4371 sub
1100 4324 1226 4371 summo
1251 4306 1305 4368 llei
1331 4305 1465 4386 agentis.
1493 4305 1764 4379 Quemadmodum

43 4361 200 4475 ffllt'b'
212 4408 328 4471 eximia
341 4405 579 4489 pulchritudine
593 4404 625 4467 in
641 4402 812 4485 Scripturis
831 4402 962 4465 laudan·
1016 4425 1092 4487 crgo
1125 4422 1240 4487 corpus
1272 4404 1399 4481 Christi,
1428 4404 1514 4485 quod
1542 4404 1624 4467 Deus
1656 4424 1766 4487 super·

46 4484 274 4595 2⁹,¹⁵}',‘'²‘'tur.
306 4505 458 4567 Similiter
485 4502 705 4566 sacratissime
738 4500 879 4582 virgines
907 4500 961 4562 Ce-
1017 4504 1203 4567 naturaliter
1234 4521 1291 4584 per
1319 4521 1354 4563 se
1387 4501 1492 4584 ipsum
1525 4500 1686 4582 formavit,
1716 4511 1765 4567 est

212 4606 348 4681 tharina,
374 4602 496 4679 Ursule,
518 4601 650 4683 Agatha,
672 4602 789 4681 Agnes,
812 4599 959 4677 Barbara,
1017 4600 1286 4683 perlectissimum
1320 4607 1415 4680 atque
1447 4599 1698 4679 pulcherrimum
1730 4602 1764 4665 in

213 4702 379 4783 llcrotbea,
404 4701 587 4781 Margareta,
616 4699 786 4780 multaeque
819 4696 900 4776 alim,
927 4697 960 4759 iu
1017 4708 1130 4762 natura
1157 4698 1242 4780 quod
1270 4696 1342 4761 lieri
1370 4698 1474 4778 potuit
1501 4700 1677 4761 secundum
1702 4708 1765 4762 sta·

211 4802 279 4864 suis
303 4799 458 4881 legendis
481 4799 520 4861 de
545 4796 782 4880 pulchritudine
804 4794 961 4877 corporali
1016 4806 1085 4861 tum
1113 4797 1193 4875 viae,
1223 4795 1269 4858 sic
1297 4814 1413 4876 corpus
1442 4795 1633 4859 beatissimae
1662 4798 1765 4879 Virgi-

212 4901 392 4964 laudantur.
408 4898 487 4959 Hinc
503 4894 697 4959 credendum
712 4901 872 4973 censetur,
884 4912 961 4956 cun·
1017 4898 1067 4959 nis
1100 4896 1140 4958 ad
1167 4895 1229 4957 boc
1263 4893 1446 4955 immediate
1479 4894 1671 4972 ordinatum,
1701 4894 1763 4957 luit

213 4998 272 5062 ctis
292 4998 358 5060 illis
374 4996 552 5077 virginibus
572 4992 863 5075 praestantissimam
878 4992 961 5055 hanc
1017 4992 1267 5076 pulcherrimum
1283 4992 1459 5053 secundum
1475 4999 1591 5054 statum
1605 4992 1664 5055 vie
1678 4994 1762 5072 quod

211 5098 341 5161 llariam
366 5094 466 5157 luisse
490 5100 521 5155 et
545 5110 615 5155 esse
636 5090 732 5155 etiam
755 5090 962 5172 corporaliter
1017 5101 1130 5156 natura
1169 5109 1226 5171 per
1261 5109 1295 5151 se
1334 5107 1471 5170 operans
1505 5088 1612 5152 lacere
1645 5098 1759 5172 potest.

212 5194 449 5261 formosiorem.
1016 5191 1090 5254 Ideo
1109 5188 1258 5267 dicimus,
1274 5187 1359 5269 quod
1382 5186 1463 5249 sicut
1482 5188 1635 5250 maninus
1655 5196 1764 5252 noster

253 5294 418 5371 Praeterea,
435 5298 522 5356 tunm
536 5290 608 5373 plus
622 5287 962 5371 commendaturquis-
1017 5291 1108 5356 lesus
1131 5286 1274 5351 Christus
1297 5284 1359 5348 luit
1381 5285 1544 5367 speciosus
1567 5284 1671 5349 lorma
1697 5305 1895 5369 precamus.
