4309 6250
449 484 509 550 626
530 504 569 550 nn
590 503 800 550 uuuromrsrn
822 479 917 550 suurn
939 501 1107 550 rcmrrrurs
1127 503 1165 548 nr
1184 500 1354 549 omnnium
1375 502 1516 567 ucncnu,
1539 505 1627 550 umen
1647 504 1693 550 ιιι.
1714 523 1757 534 -
1776 502 1846 548 ιιι.
1869 505 1919 550 rur

448 681 497 738 est
515 676 656 757 perlecta
678 675 788 758 politia
812 683 865 738 aut
888 674 1075 758 gubernatio
1098 674 1197 737 resul-
1211 675 1236 738 Α
1252 673 1394 755 regimen
1409 673 1560 738 Ecclesiae
1574 684 1707 758 negetur
1727 694 1798 738 csse
1819 674 1980 738 monarchi·

449 781 520 836 tans
542 793 580 836 ex
595 774 756 838 omnibus.
1253 792 1326 835 curn
1341 781 1373 835 et
1387 792 1428 835 ne
1443 772 1476 834 in
1492 774 1587 836 aliam
1601 774 1740 855 speciem
1760 772 1980 854 gubernationis

489 874 652 952 Praeterea,
670 873 753 936 sicut
775 873 891 956 saepius
910 892 965 936 ore
979 880 1073 935 tenus
1093 871 1198 934 lassus
1252 879 1403 953 vertatur,
1425 871 1668 954 intelligendum
1689 881 1738 934 est
1758 872 1843 953 quod
1863 890 1921 933 non
1936 873 1981 934 de

450 990 533 1050 sum,
550 972 595 1034 sic
612 991 697 1034 nunc
713 971 832 1054 scripto
847 979 1014 1053 protestor,
1026 971 1128 1033 multo
1143 970 1199 1032 mi·
1252 969 1325 1032 beat
1339 971 1443 1034 solum
1458 990 1528 1034 esse
1549 970 1801 1034 aristocraticnm
1820 977 1874 1031 aut
1888 969 1980 1032 demo

451 1069 483 1131 hi
505 1069 631 1132 lacilius
656 1089 726 1132 esse
749 1069 868 1152 scripta
887 1089 958 1132 mea
977 1088 1050 1132 curn
1071 1068 1199 1150 seriptis
1254 1069 1420 1150 creticum,
1436 1078 1548 1150 utputa
1562 1089 1620 1152 per
1634 1068 1831 1133 monarchici
1844 1067 1981 1130 exclusio

451 1168 638 1232 Cancellarii
653 1170 857 1247 concordare,
875 1187 970 1250 quam
991 1167 1109 1248 scripta
1128 1166 1199 1247 ejus
1253 1185 1328 1229 nem
1350 1167 1527 1250 regiminis.

353 1288 436 1328 m.
451 1268 489 1330 ad
515 1266 665 1330 invicem.
683 1266 721 1330 Ut
742 1267 829 1330 enim
853 1267 968 1348 saepius
992 1267 1112 1328 dictum
1138 1273 1197 1343 est,
1295 1269 1331 1347 (i)
1360 1269 1406 1330 Ad
1439 1269 1564 1330 tertiam
1593 1268 1794 1345 instantiam,
1823 1267 1903 1348 quod
1927 1285 1979 1328 nou

451 1365 519 1447 ipse
534 1366 719 1446 frequenter
732 1363 876 1428 allirmat
890 1365 1032 1446 regimen
1048 1363 1199 1426 Ecclesia
1255 1365 1345 1428 licuit
1358 1365 1448 1449 Papse
1462 1366 1567 1430 lacero
1582 1375 1629 1430 tot
1645 1386 1709 1430 non
1729 1366 1908 1442 abstentius,
1922 1384 1980 1446 qua

451 1465 566 1527 debere
590 1483 660 1527 esse
685 1463 925 1526 monarchicum
949 1470 981 1526 et
1005 1462 1112 1544 regale
1128 1486 1135 1524 :
1153 1462 1200 1524 ni·
1255 1464 1423 1546 praetendit
1450 1465 1534 1546 quud
1563 1464 1735 1528 concilium
1760 1464 1802 1526 sit
1824 1483 1913 1546 super
1937 1463 1981 1524 us

302 1582 437 1638 ummo
450 1562 515 1625 hilo
530 1563 635 1624 minus
650 1561 809 1624 interdum
832 1561 943 1624 scribit
963 1560 1111 1642 generale
1126 1579 1201 1623 con·
1255 1581 1340 1643 pam,
1361 1561 1477 1644 saepius
1499 1580 1686 1645 responsum
1706 1571 1766 1641 est,
1791 1569 1824 1624 et
1845 1561 1920 1623 inira
1942 1580 1981 1622 re
2000 1581 2075 1624 ιιι

451 1660 559 1723 cilium
575 1679 644 1724 esse
659 1659 922 1722 efficacissimam
937 1658 1091 1740 regulam,
1108 1657 1201 1720 sulli·
1255 1660 1463 1742 spondebitur
1483 1661 1612 1723 clarius.
1627 1661 1718 1724 Nunc
1737 1679 1860 1743 quoque
1878 1660 1908 1721 in
1924 1657 2075 1748 unffi

449 1759 587 1822 cientem
602 1777 729 1840 quoque
741 1767 772 1822 at
787 1777 971 1840 supremum
987 1757 1200 1839 legislatorem
1254 1767 1323 1821 tum
1344 1758 1478 1835 dicatur,
1496 1759 1581 1840 quod
1600 1758 1775 1822 concilium
1800 1759 1831 1820 in
1855 1758 1901 1820 his
1921 1770 2079 1838 quassum.

449 1858 488 1922 ad
514 1857 655 1938 regimen
683 1856 778 1919 totius
797 1855 958 1919 Ecclesia.
976 1855 1027 1918 Sic
1052 1874 1127 1937 crgo
1148 1852 1238 1917 ιιι-Β
1255 1856 1294 1918 ad
1309 1874 1402 1918 suum
1418 1855 1538 1919 directe
1552 1856 1843 1938 pertinentiarum,
1857 1840 2040 1918 concedi“''

449 1954 565 2017 menda
590 1963 664 2016 sunt
688 1955 748 2016 ista
772 1961 804 2016 et
827 1954 890 2015 alia
914 1953 1010 2017 verba
1034 1953 1135 2035 ipsius
1160 1952 1200 2015 de
1255 1963 1306 2016 tur
1320 1955 1458 2036 quodam
1473 1954 1567 2018 modo
1581 1974 1651 2018 esse
1672 1955 1900 2036 superPapam.
1915 1953 1981 2016 llur·

450 2054 510 2116 ista
525 2053 712 2131 materia,ut
726 2053 786 2115 sibi
803 2061 913 2117 mutuo
928 2071 993 2116 non
1009 2060 1198 2134 repugnent.
1255 2073 1321 2131 sus,
1331 2052 1504 2115 concilium
1520 2053 1716 2116 incontmcte
1730 2051 1982 2135 acceptumvide·

413 2177 416 2185 ·
448 2151 569 2233 ltaque,
598 2152 681 2232 quod
711 2151 753 2214 ait
781 2150 931 2214 Ecclesia
961 2150 1102 2232 regimen
1130 2169 1200 2212 esse
1255 2150 1330 2213 licet
1346 2171 1418 2213 cum
1434 2151 1561 2230 actuali,
1577 2151 1704 2216 formali
1722 2151 1893 2214 inclusione
1904 2151 1982 2231 Papa

450 2249 703 2329 monarchiam,
713 2250 834 2312 dictum
850 2249 976 2312 videtur
990 2249 1029 2310 de
1044 2248 1201 2329 regimine
1255 2269 1293 2311 ac
1308 2248 1472 2331 dignitatis
1487 2249 1621 2332 papalis,
1633 2259 1682 2312 est
1696 2249 1922 2331 supcrl’apam,
1933 2247 1984 2310 sic·

449 2349 522 2430 ejus
537 2348 640 2429 primo
656 2357 687 2411 et
709 2349 873 2426 contiuuo,
891 2347 1042 2429 simplici,
1060 2365 1152 2428 puro,
1169 2354 1201 2409 et
1256 2357 1291 2410 ut
1311 2347 1483 2429 collegium
1508 2367 1573 2410 una
1594 2367 1669 2411 cnm
1691 2349 1814 2411 decano
1837 2355 1881 2408 est
1901 2364 1984 2426 super

449 2447 540 2528 quasi
566 2465 624 2510 suo
647 2447 740 2510 modo
763 2447 914 2510 humano.
932 2446 981 2508 Sic
1005 2445 1092 2507 enim
1118 2445 1201 2526 Papa
1255 2447 1423 2523 decanum,
1440 2446 1681 2510 ctUnivarsitas
1693 2465 1759 2508 uua
1773 2465 1846 2508 cum
1866 2453 1982 2521 rectora,

450 2553 564 2626 praeest
585 2543 746 2622 Ecclesiae,
763 2553 795 2607 ct
814 2553 967 2626 quantum
991 2543 1062 2606 lieri
1085 2551 1200 2626 potest,
1256 2565 1352 2626 super
1373 2554 1541 2623 rectorem,
1556 2545 1810 2627 generaliterque
1829 2551 1919 2606 tutum
1939 2562 1985 2603 su-

449 2642 682 2726 providendum
697 2651 746 2705 est
761 2651 795 2704 ut
816 2643 903 2705 omni
926 2651 1069 2723 tempore
1084 2642 1201 2722 aliquis
1256 2662 1314 2725 per
1339 2653 1461 2724 partem
1490 2663 1591 2721 suam,
1618 2644 1774 2720 sumendq
1801 2650 1896 2705 tatum
1921 2659 1984 2702 cum

450 2741 493 2804 sit
517 2740 599 2824 Papa
628 2741 660 2803 in
690 2749 774 2804 actu.
801 2740 851 2803 Sic
881 2759 956 2803 vero
985 2759 1048 2803 non
1077 2747 1203 2822 oportet
1256 2741 1373 2804 actuali
1397 2741 1496 2823 partis
1524 2742 1563 2806 de
1592 2761 1654 2823 qua
1681 2742 1786 2822 agitur
1815 2739 1983 2803 inclusione.

450 2858 578 2921 semper
592 2857 662 2901 esse
676 2838 824 2920 generale
846 2837 1029 2919 concilium,
1048 2838 1140 2919 cujus
1155 2857 1202 2900 re·
1255 2841 1386 2918 Rursus,
1414 2841 1447 2901 in
1472 2848 1627 2922 quantum
1652 2840 1735 2922 Papa
1762 2846 1811 2902 est
1838 2835 1986 2900 deviabilis

450 2938 558 3019 gimen
574 2956 639 3000 non
654 2945 703 3000 est
717 2937 863 3019 simplex,
876 2955 1003 3019 purum,
1014 2936 1200 2999 continuum
1256 2937 1493 3021 peccabilisque
1515 2957 1664 3020 persona,
1684 2945 1739 3000 aut
1764 2934 1986 3000 intolerabiliter

451 3045 505 3098 aut
520 3037 622 3100 solum
645 3037 833 3113 humanum,
850 3036 904 3098 sed
926 3034 1032 3117 potius
1053 3035 1198 3112 mixtum,
1219 3034 1329 3098 Greus
1354 3043 1449 3115 esset,
1473 3055 1538 3099 non
1562 3044 1696 3118 negatur
1721 3036 1852 3098 subesse
1875 3032 1986 3098 concilii

450 3136 674 3216 interruptum,
690 3135 846 3212 divinum,
863 3142 1017 3215 quantum
1033 3135 1072 3197 ad
1093 3152 1202 3197 ncces·
1257 3136 1414 3218 generalis
1432 3135 1565 3217 judicio.
1582 3136 1653 3200 Haec
1673 3156 1759 3200 nuno
1779 3135 1914 3217 tetigisse
1932 3132 1986 3195 sul·

451 3234 535 3297 saria
557 3234 677 3297 directe
702 3236 741 3298 ad
770 3234 915 3297 salutem.
943 3233 1070 3297 Constat
1094 3241 1200 3296 autern
1257 3234 1358 3297 liciat.

451 3333 534 3415 quod
551 3332 693 3413 regimen
708 3332 820 3415 papale
835 3331 997 3414 praecessit
1011 3332 1044 3393 in
1059 3331 1202 3393 Ecclesia
1298 3334 1334 3415 (ι)
1356 3334 1403 3396 nd
1426 3333 1519 3396 aliam
1548 3334 1817 3415 respondendum,
1834 3332 1914 3413 quod
1933 3348 1986 3393 non

451 3429 609 3512 generalis
627 3430 756 3493 concilii
780 3430 1043 3494 convocationem
1066 3438 1099 3492 et
1118 3429 1201 3491 cele·
1258 3431 1300 3493 sit
1314 3432 1460 3514 neganda
1473 3452 1492 3494 a
1505 3431 1644 3495 concilio
1658 3431 1821 3493 exsecutio
1843 3428 1987 3513 potestatis

451 3527 632 3590 braticnem
653 3534 683 3590 et
705 3528 1014 3590 determinationem.
1029 3561 1070 3573 -
1084 3528 1121 3609 (l)
1144 3527 1202 3589 Per
1257 3549 1413 3611 supremas
1425 3528 1660 3611 jurisdictionis
1675 3530 1709 3591 in
1722 3529 1775 3591 his
1792 3548 1863 3610 quse
1875 3528 1912 3590 ad
1925 3526 1988 3609 ipsi

455 3626 515 3689 hoc
540 3625 643 3689 soluta
668 3633 717 3687 est
739 3624 842 3706 prima
864 3624 1003 3706 objectio
1026 3626 1058 3687 in
1084 3644 1202 3707 praece-
1257 3648 1294 3691 us
1320 3628 1449 3692 concilii
1475 3628 1775 3692 determinationem
1801 3636 1895 3708 atquc
1918 3624 1988 3707 judi-

452 3724 558 3788 dentis
580 3722 706 3787 articuli
728 3722 814 3785 lacta
834 3723 975 3786 exordio.
1256 3727 1343 3789 cium
1364 3727 1492 3809 proprie
1512 3727 1672 3808 pertinent
1689 3750 1696 3787 ε
1713 3726 1768 3789 cui
1787 3735 1820 3788 ct
1838 3726 1871 3788 in
1889 3723 1987 3787 tahbus

493 3825 529 3905 ll)
548 3824 595 3886 Ad
615 3824 787 3887 secundam
811 3823 922 3887 eadem
946 3831 1047 3886 exstat
1070 3823 1197 3901 solutio,
1256 3825 1428 3888 auctoritas
1442 3824 1620 3887 deliniendi
1641 3824 1897 3905 discutiendique
1915 3840 1987 3885 com

452 3922 527 4003 quia
541 3922 699 4004 generalis
715 3922 844 3985 concilii
860 3930 909 3984 est
924 3922 1097 3984 tenendum
1115 3922 1202 4002 judi·
1256 3923 1346 4004 petit,
1363 3923 1445 3986 sicut
1459 3930 1492 3986 et
1504 3924 1613 3986 Petrus
1627 3924 1668 3986 de
1683 3923 1804 3986 rilliaco
1818 3923 1938 3985 latetur.

453 4022 551 4099 cium,
564 4030 596 4084 et
610 4029 752 4103 tempore
770 4028 950 4103 opportuno
970 4029 1018 4083 est
1037 4021 1202 4083 celebran-
1296 4024 1333 4104 (5)
1357 4022 1403 4084 dd
1428 4030 1613 4103 sequentem
1641 4021 1855 4103 objectionem
1882 4018 1986 4104 patebit

451 4121 527 4183 dum
553 4120 821 4201 conciliumque
845 4118 1022 4201 expeditius
1046 4119 1202 4201 dirigatur
1255 4121 1371 4183 solutio
1393 4120 1426 4183 iu
1448 4121 1592 4203 sequenti
1614 4120 1761 4183 articulo.

451 4218 594 4281 Ecclesia
614 4236 650 4281 ac
674 4217 794 4299 optimc
818 4217 1023 4299 gubernetur,
1041 4217 1200 4298 loquendo
1217 4214 1241 4277 b
1297 4220 1333 4300 (t)
1349 4218 1395 4280 hd
1410 4217 1504 4281 aliam
1520 4220 1636 4283 solutio
1648 4219 1722 4281 data
1736 4226 1795 4295 cst,
1812 4216 2056 4281 declarandcitii‘·

451 4316 491 4377 de
516 4316 576 4380 isto
601 4314 758 4397 regimine
779 4315 876 4379 mixto
898 4335 953 4378 seu
973 4316 1198 4379 democratico.
1255 4317 1392 4399 qualiter
1405 4317 1577 4381 concilium
1593 4335 1690 4398 super
1705 4318 1821 4399 Papam
1840 4336 1911 4379 rere
1927 4332 1985 4377 esse

452 4412 559 4475 Nihilo
579 4414 686 4476 minus
702 4414 829 4495 expedit
843 4421 877 4475 ut
892 4433 1017 4495 semper
1039 4414 1146 4496 praesit
1167 4415 1200 4476 in
1255 4416 1380 4478 dicatur
1396 4438 1403 4476 ε
1420 4414 1505 4477 inlra
1519 4424 1625 4478 tamen
1641 4414 1714 4497 plus
1727 4415 1802 4477 inde
1816 4424 1961 4497 tangetur.

453 4530 489 4574 ea
518 4530 600 4573 unus
628 4511 813 4589 monarcha,
842 4512 897 4593 qui
929 4512 1015 4593 regio
1045 4513 1201 4594 regimine
1296 4515 1333 4594 (ll
1348 4514 1394 4574 dd
1410 4513 1565 4592 ultimam,
1577 4514 1611 4574 in
1627 4533 1690 4595 qua
1703 4512 1804 4575 multa
1818 4520 1985 4593 tanguntur,

453 4607 652 4691 principetur
674 4610 706 4671 in
732 4610 801 4692 ipsa
818 4632 825 4671 t
843 4610 927 4691 quod
953 4610 1093 4691 regimen
1119 4612 1202 4691 opti·
1256 4612 1422 4693 multiplex
1437 4619 1538 4674 exstat
1552 4612 1719 4693 responsio
1735 4634 1743 4672 ι
1759 4630 1831 4693 qum
1846 4612 1878 4673 in
1896 4610 1986 4691 primo

453 4726 541 4771 mum
560 4707 689 4786 dicitur,
710 4708 861 4788 quoniam
884 4707 1000 4770 melius
1022 4718 1070 4771 est
1089 4710 1201 4790 quavis
1256 4709 1411 4791 opusculo
1435 4708 1556 4791 prolixe
1580 4708 1711 4771 inducta
1734 4718 1819 4770 sunt.
1836 4709 1986 4772 Ostensum
2005 4720 2034 4756 su-
2048 4718 2077 4749 ¹¹⁰

453 4806 516 4869 alia
531 4804 638 4887 specie
652 4804 892 4886 gubernationis
912 4805 1088 4868 secundum
1103 4826 1137 4869 sc
1153 4826 1202 4870 so-
1256 4816 1305 4871 est
1323 4808 1420 4886 enim,
1437 4808 1522 4888 quod
1542 4807 1627 4871 sicut
1650 4807 1793 4870 Ecclesia
1817 4828 1875 4871 seu
1896 4788 2034 4871 conci-‘¹²
2103 4883 2104 4890 ἵ

453 4903 515 4966 lam
535 4912 676 4985 accepta,
693 4912 727 4966 ut
746 4922 784 4965 cx
805 4902 897 4965 dictis
917 4904 996 4966 Petri
1021 4904 1060 4965 de
1079 4904 1201 4969 Alliaco
1256 4906 1335 4968 lium
1351 4914 1454 4987 potest
1469 4906 1501 4967 in
1516 4906 1632 4988 Papam
1651 4906 1756 4987 quoad
1777 4926 1816 4969 aa
1836 4907 1868 4967 in
1886 4904 1988 4986 quibus
2103 4939 2104 4986 f

394 5035 436 5066 nv.
453 5000 592 5064 inductis
607 5002 750 5083 patescit.
767 5001 895 5063 lllixtum
911 5002 1016 5083 itaque
1036 5004 1202 5083 synodale·
1256 5013 1304 5067 est
1318 5024 1413 5087 super
1427 5005 1544 5086 ipsum,
1559 5006 1604 5067 ite
1621 5014 1652 5068 et
1673 5006 1756 5087 Papa
1776 5013 1878 5087 potest
1891 5004 1934 5083 (in
1946 5001 1988 5062 his
2103 4989 2104 5004 ³

451 5118 513 5181 que
540 5100 680 5181 regimen
705 5118 769 5163 non
795 5101 889 5162 debet
912 5100 1051 5180 regimen
1075 5121 1202 5164 monar-
1255 5122 1325 5184 quas
1352 5104 1391 5164 ad
1416 5122 1505 5165 suam
1531 5104 1692 5185 pertinent
1719 5103 1913 5180 cathedram)
1934 5109 1987 5161 tam

452 5198 578 5261 obicum
595 5197 706 5278 papale
721 5197 900 5260 excludere.
917 5198 1003 5260 Unde
1018 5200 1103 5280 quod
1122 5199 1201 5262 Can·
1255 5200 1427 5264 universali
1452 5200 1602 5264 Ecclesia
1620 5220 1716 5283 quam
1737 5199 1877 5282 generali
1897 5196 1987 5261 couci·

451 5296 600 5363 cellarius
629 5295 683 5375 sit,
711 5314 833 5359 summe
858 5316 928 5359 csse
952 5298 1129 5360 cavendum
1159 5318 1199 5361 ne
1256 5298 1299 5363 lio
1313 5300 1451 5363 condere
1465 5300 1581 5381 legem,
1598 5300 1707 5381 eisque
1721 5307 1837 5382 praeest
1856 5306 1889 5361 ut
1905 5300 1987 5376 caput
