4309 6250
446 484 507 548 ΞΜ)
798 498 916 545 CONTRA
937 496 1106 543 rnnmnmu
1126 495 1298 558 ΠΑΗΟΜΕΤΙ,
1322 497 1409 542 itanu
1430 498 1449 542 1.
1473 516 1514 526 -
1534 499 1604 544 Aur.
1629 499 1652 544 u

443 674 556 748 fitium
578 679 670 730 tuum
692 687 766 727 cum
787 668 904 727 diuina
925 667 1049 724 uirtute
1068 666 1197 723 venien·
1211 665 1237 724 A
1253 665 1347 734 tium,
1367 667 1423 724 cui
1446 667 1589 726 tradidit
1612 669 1758 727 animam
1784 672 1937 730 mundam
1958 691 1991 731 ac

446 779 521 839 tem,
537 770 661 827 tibrum
676 767 850 842 lepiserum
867 764 1198 841 omnisquemapiste·
1252 763 1463 832 benedictam,
1493 784 1559 843 qua
1578 765 1719 842 juvenes
1754 775 1785 825 et
1817 767 1991 842 infantulos

446 868 494 926 rii
503 865 664 941 peritiam
684 871 715 921 et
736 865 976 923 Testamentum
998 880 1035 918 ac
1049 861 1197 934 Euanpe-
1251 862 1372 935 affatus
1385 867 1443 928 est,
1458 879 1577 920 cacum
1593 871 1707 922 natum
1724 871 1821 940 atque
1839 869 1990 940 leprosum

445 964 529 1022 tium
544 956 932 1028 edocebit.ltle,videlieet
942 956 1095 1034 Christus,
1103 976 1197 1015 cacos
1251 957 1394 1024 curauit,
1415 966 1559 1017 mortuos
1582 961 1766 1029 suscitavit,
1786 980 1879 1039 quem
1902 963 1989 1020 etiam

444 1069 475 1120 et
489 1069 594 1120 mutos
608 1057 992 1130 curabit,morpbeaticos
1006 1075 1044 1113 ac
1057 1058 1197 1128 leprosos
1252 1054 1375 1112 tibrum
1399 1063 1428 1112 et
1454 1056 1649 1130 sapientiam
1673 1066 1704 1116 et
1729 1060 1944 1134 Evanpetium
1965 1069 1990 1118 et

444 1157 630 1224 mundabit,
649 1163 806 1223 mortuos,
822 1155 975 1213 Creatore
994 1159 1196 1226 cooperante,
1254 1151 1491 1210 Testamentum
1506 1153 1646 1222 edocuit,
1661 1157 1784 1230 affatus
1798 1164 1855 1226 est,
1870 1159 1991 1216 dicens:

444 1255 625 1331 vivificabit
640 1272 651 1311 :
666 1271 738 1330 quae
752 1260 870 1309 cuncta
891 1270 911 1307 a
931 1251 1139 1308 credentibus
1160 1249 1197 1306 in
1254 1249 1295 1306 Te
1310 1249 1356 1305 sic
1370 1250 1415 1306 ad
1427 1251 1514 1324 titios
1531 1251 1634 1309 Israel
1647 1270 1723 1310 curn
1740 1253 1919 1314 virtutibus
1932 1275 1990 1314 mec

445 1356 550 1414 Deum
574 1352 739 1410 miracuta
761 1355 945 1407 censentur.
975 1350 1067 1408 Vetus
1094 1349 1197 1406 Testa·
1252 1347 1332 1402 cette
1362 1348 1553 1416 uenientem,
1581 1348 1750 1408 increduli
1779 1370 1909 1427 mapum
1935 1371 1990 1410 esse

445 1459 591 1510 mentum
615 1448 834 1524 confirmabit.
855 1449 960 1523 Seque
983 1464 1056 1503 cum
1080 1446 1196 1503 diuina
1247 1443 1444 1516 perhibeam
1460 1451 1496 1502 tu
1513 1464 1586 1504 vero
1601 1447 1641 1504 de
1656 1448 1748 1507 bonis
1764 1450 1825 1507 tibi
1838 1451 1991 1528 matrique

445 1549 571 1606 uirtute
584 1554 682 1624 atque
689 1545 837 1619 potentia
853 1545 976 1601 venisse
982 1543 1196 1618 patefaciens,
1253 1547 1317 1598 tuce
1337 1541 1501 1600 divinitus
1522 1543 1621 1612 datis,
1638 1545 1724 1604 mibi
1739 1548 1870 1622 pretias
1891 1550 1988 1608 redde.

445 1645 600 1724 inquiet:
617 1646 778 1703 Timentes
798 1644 914 1710 Deum,
930 1660 980 1699 me
999 1641 1195 1718 sequamini.
1291 1636 1373 1699 Eece
1397 1637 1578 1702 testimonia
1602 1639 1662 1702 ista
1683 1642 1859 1705 redduntur
1878 1644 1990 1708 Christo

444 1746 533 1804 Deus
552 1744 652 1811 enim,
668 1743 734 1800 mei
754 1741 917 1817 vestrique
937 1740 1098 1800 Dominus
1119 1746 1164 1796 est
1186 1757 1197 1795 :
1253 1734 1284 1795 in
1314 1734 1480 1814 Alcorano,
1511 1746 1543 1799 et
1571 1738 1737 1803 Sarraceni
1767 1743 1901 1805 credunt
1932 1744 1990 1806 hac

444 1861 539 1920 quem
554 1843 741 1908 adorantes,
758 1847 843 1897 recto
853 1839 1028 1912 procedent
1051 1837 1194 1896 tramite.
1215 1836 1326 1896 Bvera
1347 1853 1427 1896 esse.
1450 1834 1675 1900 Verumtamen
1697 1838 1836 1921 praeiatis
1862 1841 1992 1904 testimo

444 1939 559 1999 Sciens
580 1956 643 2006 eos,
659 1943 734 2016 puta
755 1933 890 2012 tudaeoS,
906 1936 943 1992 in
963 1953 1024 1992 sua
1045 1935 1197 1992 incredu-
1252 1930 1314 1991 niis
1336 1931 1478 2011 quaedam
1503 1931 1583 1995 falsa
1603 1953 1639 1996 ao
1663 1934 1811 1998 fabulosa
1833 1938 1870 1999 in
1893 1940 1992 2022 pssu-

444 2037 538 2095 litate
551 2036 727 2094 obstinatos
742 2052 886 2100 manere,
902 2033 951 2090 ait
967 2033 1069 2097 :Quis
1086 2033 1121 2088 in
1136 2033 1199 2092 Dei
1252 2026 1362 2108 legatis
1393 2029 1542 2111 capitulis
1576 2032 1806 2115 admiscentur,
1832 2054 1905 2116 quse
1938 2037 1990 2100 hoc

444 2134 575 2192 nomine
604 2151 652 2191 me
680 2131 860 2209 sequetur?
886 2131 956 2190 Viri
982 2131 1117 2206 quidam
1147 2149 1196 2186 oe·
1252 2126 1322 2188 loeo
1338 2125 1443 2204 omisi,
1460 2128 1610 2208 quoniam
1633 2129 1716 2192 infra
1731 2132 1765 2192 in
1781 2134 1912 2216 speciali
1933 2143 1991 2196 tau·

444 2232 550 2290 stibus
577 2231 660 2289 albis
695 2229 813 2288 induti
838 2230 1076 2302 respondentes,
1106 2228 1197 2285 ds'ue-
1251 2232 1365 2303 gantur
1379 2225 1524 2289 articulo.
1541 2227 1608 2290 tmo
1622 2237 1654 2290 et
1668 2231 1823 2310 quasdam
1837 2233 1991 2296 hereticas

446 2337 526 2388 runt
542 2348 554 2386 .·
570 2329 637 2390 Nos
651 2329 688 2386 in
702 2329 765 2388 Dei
779 2327 909 2385 nomine
924 2335 953 2384 te
967 2333 1144 2403 sequentes,
1160 2325 1196 2382 in
1251 2321 1422 2401 pravitates
1443 2323 1628 2387 veritatibus
1651 2326 1763 2389 inserit
1786 2331 1990 2411 praeinductis,

444 2428 548 2486 Deum
570 2427 748 2493 credimus,
771 2433 800 2482 te
822 2432 908 2481 teste.
931 2424 1163 2499 Diueruntque
1185 2441 1197 2478 :
1252 2427 1287 2480 ut
1309 2418 1392 2482 inira
1413 2422 1546 2502 patebit.

447 2528 473 2586 0
488 2525 634 2592 Creator,
650 2542 708 2582 nos
722 2523 800 2581 buic
815 2522 910 2590 libro,
927 2518 1075 2581 videlieet
1095 2518 1197 2580 Evan-

444 2621 539 2702 gelio,
554 2625 652 2699 fidem
667 2622 865 2688 exhibentes,
881 2622 1087 2696 tepatumque
1103 2628 1196 2677 tuum

445 2722 625 2789 imitantes,
645 2720 799 2796 fidelibus
819 2718 977 2776 adscribe.
1002 2719 1114 2784 Quem,
1137 2715 1197 2776 sei·
1468 2697 1714 2763 ARTICULUS
1741 2699 1785 2762 II·

446 2816 523 2879 lieet
547 2817 718 2897 Christum,
735 2819 870 2877 Creator
895 2824 939 2874 est
964 2819 1085 2892 affatus
1101 2834 1112 2872 .·
1127 2817 1196 2890 Epo
1251 2846 1417 2904 Resolutio
1446 2847 1611 2905 ,giemum
1638 2849 1821 2908 Makome„
1846 2851 1887 2908 d,
1909 2850 1992 2910 Cym,

445 2919 591 2976 tuomad
605 2935 655 2975 me
666 2917 824 2975 reducens
834 2915 979 2973 animam
990 2921 1021 2972 et
1032 2916 1194 2981 cuattans,
1291 2941 1361 3002 πο).
1375 2943 1405 2992 35
1425 2936 1508 3012 quid
1525 2936 1647 2996 Mapon
1670 2955 1709 2995 αθ
1731 2939 1915 2998 Summi
1931 2957 1993 2998 sen·

445 3023 539 3092 teque
561 3015 602 3073 ab
626 3014 809 3072 incredulis
833 3013 989 3080 liberans,
1012 3012 1142 3088 eosqui
1166 3013 1236 3074 teC
1290 3024 1375 3082 giam
1391 3025 1430 3082 de
1445 3025 1573 3084 Christo
1588 3043 1626 3084 αθ
1640 3027 1852 3087 Christianis·

443 3113 547 3173 secuti
569 3120 658 3183 sunt,
682 3113 734 3171 bis
757 3111 817 3191 qui
840 3111 935 3169 oerbo
960 3118 1014 3170 tuo
1038 3129 1103 3169 uon
1128 3128 1195 3169 cre-

443 3213 617 3280 diderunt,
633 3229 734 3289 usque
755 3212 799 3268 ad
819 3210 907 3268 diem
924 3210 1065 3283 publica
1087 3228 1195 3267 resur·
1323 3208 1474 3271 UAMVIS
1504 3210 1617 3273 Mahon
1647 3210 1762 3275 dixerit
1793 3213 1900 3277 Jesum
1930 3233 1991 3277 esse

444 3311 599 3368 rectionis
614 3325 830 3384 superponam
841 3328 855 3374 ,·
870 3308 1056 3365 incredulos
1070 3326 1196 3385 quoque
1254 3206 1506 3405 OChristum‚
1533 3307 1666 3389 ejusque
1690 3310 1819 3373 Matrem
1843 3312 1991 3394 virginem

443 3408 580 3465 summis
593 3406 796 3465 cruciatibus
816 3405 869 3462 bic
883 3406 1061 3481 sa’cutoque
1079 3404 1196 3478 futuro
1251 3424 1321 3467 esse
1344 3405 1489 3468 docuerit
1515 3428 1523 3467 ε
1548 3424 1613 3468 non
1638 3414 1745 3471 tamen
1769 3410 1903 3473 eredidit
1925 3430 1990 3473 eum

443 3505 609 3580 asstipam,
631 3504 785 3579 fidelibus
808 3521 883 3561 vero
910 3509 941 3559 et
969 3502 1197 3576 benefacienti·
1251 3522 1320 3564 esse
1342 3521 1453 3565 verum
1472 3503 1582 3581 Deum,
1600 3505 1655 3566 scd
1677 3506 1839 3569 hominem
1862 3527 1989 3590 purum;

446 3604 516 3671 bus,
540 3603 659 3661 merita
685 3619 745 3659 sua
769 3620 842 3659 cum
864 3601 988 3676 paudio
1016 3601 1193 3674 conseram.
1251 3620 1310 3662 uec
1334 3600 1461 3663 Matrem
1486 3601 1556 3683 ejus
1581 3602 1717 3665 eredidit
1738 3624 1809 3667 esse
1834 3606 1888 3669 uei
1911 3607 1991 3688 geni·

443 3702 493 3761 De
507 3699 689 3758 virtutibus
703 3707 800 3777 atque
807 3698 956 3774 justitiis
968 3698 1045 3757 Jesu
1059 3698 1124 3755 isto
1135 3698 1197 3755 tibi
1251 3698 1375 3774 tricem,
1392 3697 1447 3759 sed
1469 3698 1607 3761 hominis
1628 3706 1762 3764 tantum.

446 3800 593 3857 revelare
607 3797 819 3855 decrevimus.
1290 3796 1369 3858 Hinc
1393 3796 1582 3860 duodecimo
1605 3798 1754 3861 Aleorani
1784 3801 1924 3883 capitulo
1949 3801 1991 3864 di-

486 3892 643 3975 AmpliuS,
670 3892 809 3974 capitulo
833 3890 1023 3954 duodecimo
1048 3890 1195 3954 Alcoraui
1251 3893 1333 3955 citur
1349 3916 1357 3954 ε
1373 3896 1552 3955 Sciendum
1572 3916 1622 3955 eos
1642 3898 1829 3957 incredulos
1848 3919 1924 3970 csse,
1939 3902 1992 3979 qui

445 3992 537 4075 quasi
552 4010 590 4053 ex
604 3991 659 4053 Dei
674 4009 811 4073 persona
826 3990 1194 4070 proterturzb'bristum,
1248 3993 1505 4061 sesum,Maria¹
1521 3994 1643 4069 titium,
1658 3997 1762 4055 Deum
1784 4016 1850 4055 esse
1870 4000 1989 4057 dicunt.
2100 4066 2101 4079 χ

442 4093 563 4152 Maria
586 4092 709 4167 lilium,
728 4091 784 4148 cui
806 4091 1025 4149 commisimus
1049 4091 1196 4165 Itoanpe·
1249 4088 1287 4150 Et
1302 4088 1448 4150 subditur
1463 4088 1507 4150 ihi
1522 4090 1614 4170 quasi
1629 4102 1855 4172 argumentum
1869 4095 1909 4157 nd
1923 4096 1988 4172 hot,

445 4191 540 4259 lium,
556 4191 643 4267 quod
662 4197 709 4247 est
730 4192 840 4247 tumen
862 4197 892 4246 et
914 4187 1119 4263 confirmatio
1143 4190 1197 4247 Te·
1211 4186 1234 4248 D
1250 4186 1326 4266 quia
1351 4186 1556 4267 subjungitur
1579 4210 1586 4249 :
1611 4191 1690 4257 Quis
1717 4194 1805 4251 enim
1834 4196 1881 4252 eis
1906 4196 1991 4272 quid

444 4290 609 4357 stamenti,
630 4296 659 4347 et
683 4288 878 4363 costipamen
904 4305 942 4344 ac
966 4293 1054 4343 recta
1079 4286 1132 4343 oia
1158 4287 1196 4344 u·-
1249 4306 1347 4363 quam
1372 4287 1449 4345 inde
1471 4288 1607 4362 faceret,
1632 4289 1662 4346 si
1689 4292 1776 4350 Deus
1798 4294 1991 4368 omnipotens

443 4388 607 4446 mentibus
627 4390 744 4454 Deum,
765 4388 810 4443 ad
833 4393 947 4444 vestra
965 4385 1045 4459 lepis
1068 4387 1194 4459 supple·
1250 4384 1414 4444 Cbristum
1437 4387 1693 4463 atqueMariam
1714 4407 1885 4468 omnesque
1906 4410 1991 4451 mun·

444 4494 590 4545 mentum
614 4486 775 4553 misimus,
800 4484 960 4543 cludat.
984 4484 1096 4544 Omnis
1119 4501 1194 4558 erpo
1248 4484 1350 4540 danos
1375 4483 1460 4541 mori
1485 4484 1636 4558 faceret?
1660 4502 1697 4545 ac
1721 4483 1748 4545 si
1772 4484 1859 4549 dicat
1883 4512 1890 4549 :
1916 4488 1990 4551 neus

444 4584 622 4659 annpetii
643 4601 768 4651 servus,
794 4583 898 4658 ipsius
917 4588 1082 4655 praecepta
1098 4580 1194 4657 judi·
1249 4577 1407 4640 Christum
1427 4587 1533 4660 posset
1555 4580 1712 4663 occidere,
1729 4582 1779 4645 vel
1795 4584 1835 4664 (si
1850 4585 1911 4651 hoe
1930 4606 1990 4649 me-

443 4683 547 4742 cando
568 4689 726 4759 sequatur
741 4700 752 4739 .·
767 4681 894 4758 alioqui
914 4682 1020 4737 matus
1040 4679 1117 4740 erit.
1135 4677 1195 4739 Un-
1250 4676 1311 4737 lius
1331 4679 1435 4755 sonat)
1452 4677 1516 4739 vita
1535 4677 1672 4758 privare.
1690 4680 1750 4742 Sed
1772 4693 1988 4763 argumentum

443 4778 571 4842 decimo
594 4796 722 4858 quoque
747 4777 886 4859 capitulo
915 4774 1032 4856 legitur
1057 4798 1064 4837 ι
1089 4777 1194 4845 Iesus,
1249 4775 1309 4837 hoc
1338 4773 1474 4837 faciliter
1502 4776 1667 4839 solvimus.
1694 4777 1761 4842 Nou
1786 4780 1873 4843 enim
1897 4783 1990 4845 ambi-

441 4882 563 4942 Marioe
585 4880 691 4956 fitius,
712 4879 775 4939 Dei
795 4878 946 4946 nuntius,
969 4895 1110 4953 suusque
1130 4874 1195 4949 spi·
1248 4872 1352 4953 gimus
1380 4873 1457 4954 quin
1486 4874 1628 4937 Christus
1662 4896 1720 4958 pro
1754 4879 1852 4942 totius
1887 4882 1989 4944 mundi

443 4981 543 5049 ritus,
565 4988 595 5038 et
617 4979 751 5037 verbum
772 4976 893 5037 Maria
913 4976 1039 5033 entitas
1060 4974 1195 5032 missum
1250 4970 1350 5033 salute
1372 4971 1496 5034 occisus
1512 4972 1578 5049 sit;
1599 4982 1631 5035 et
1651 4975 1753 5038 nihilo
1774 4977 1882 5041 minus
1903 4999 1989 5043 verus

442 5080 583 5139 exsistit.
1250 5076 1297 5130 est
1315 5069 1397 5131 Deus
1419 5092 1425 5131 :
1448 5070 1521 5150 quia
1543 5070 1578 5132 in
1599 5091 1637 5135 ao
1653 5073 1686 5134 in
1708 5075 1830 5138 unitate
1854 5097 1990 5159 persone

483 5176 657 5252 Postremo,
687 5168 907 5233 tertiodecimo
934 5166 1081 5230 Alcorani
1110 5166 1196 5248 capi·
1249 5174 1297 5228 est
1320 5166 1436 5248 duplex
1459 5177 1583 5249 natura,
1606 5179 1715 5253 utpote
1738 5174 1880 5238 humana
1902 5185 1989 5258 atque

444 5274 512 5338 tulo
534 5273 654 5335 dicitur
675 5294 682 5332 ι
702 5273 790 5331 Deus
814 5271 993 5339 Christum,
1014 5270 1134 5329 Maria·
1157 5271 1196 5344 fi·
1250 5264 1483 5346 divina.ltaque
1497 5267 1664 5332 divinitate
1679 5269 1793 5333 Christi
1804 5272 1988 5357 impassibili
