4309 6250
452 507 512 574 646
534 529 573 574 DE
594 529 802 575 acetositate
824 529 918 575 statut
940 526 1106 574 Ponttrtcts
1128 527 1166 572 ut
1186 525 1356 572 cananitis
1377 525 1517 583 GONCEH,
1539 526 1627 572 bruhta
1649 527 1692 571 lli.
1715 544 1757 554 -
1776 525 1845 570 ΛΒΤ.
1867 522 1927 569 xt’tt

451 699 579 762 videtur
593 701 698 764 locum
713 701 831 763 habere
845 699 1039 782 dispensatio
1051 698 1101 761 vel
1117 717 1199 762 oom-
1213 695 1238 758 ll
1253 696 1449 778 primariam,
1465 694 1527 759 luit
1542 695 1755 758 immediatae
1769 694 1981 757 Christodatus

452 798 596 876 mutatio,
613 799 675 861 nisi
700 799 820 881 aliquid
846 799 960 861 melius
984 806 1131 860 occurrat
1153 796 1200 859 fa·
1252 794 1422 876 Apostolis,
1439 795 1524 856 sicut
1544 787 1643 856 statiis
1668 792 1792 876 papalis
1816 793 1910 854 Petro.
1925 792 1981 852 Sta-

374 936 377 940 ·
452 897 600 960 ciendum
627 899 666 960 ad
692 917 894 962 communem
916 897 1097 975 utilitatem,
1114 897 1198 978 qnod
1253 902 1304 956 tus
1319 911 1445 974 quoque
1465 892 1657 973 praelationis
1676 890 1866 973 episcopalis
1885 890 1980 952 habuit

452 995 587 1058 maxime
612 997 771 1078 pertinere
793 997 919 1059 videtur
938 997 977 1058 ad
998 995 1126 1077 Papam,
1143 995 1198 1076 qni
1254 991 1286 1052 in
1298 991 1454 1072 Apostolis
1469 991 1769 1072 successoribusque
1783 1009 1888 1054 eorum
1902 1009 1980 1050 usum

451 1093 547 1156 habet
580 1113 688 1157 euram
724 1093 914 1157 universalis
946 1093 1118 1171 Ecclesiae;
1148 1092 1198 1155 vel
1253 1097 1285 1152 et
1311 1089 1498 1152 exercitium
1526 1109 1591 1153 suae
1624 1089 1788 1172 potestatis
1819 1089 1875 1151 sub
1903 1088 1979 1150 Petro

452 1191 546 1253 etiam
576 1193 720 1255 absoluta
749 1191 909 1269 relaxatio,
938 1191 1022 1273 quod
1055 1191 1131 1252 item
1159 1190 1198 1251 ad
1253 1197 1285 1251 et
1313 1188 1550 1251 suecessoribus
1578 1189 1659 1270 ejus,
1683 1198 1835 1269 tanquam
1859 1187 1912 1249 sub
1934 1187 1980 1248 ba-

452 1289 566 1370 Papam
600 1291 735 1372 pertinet
763 1290 796 1352 in
830 1290 979 1352 omnibus
1011 1288 1201 1370 generaliter
1253 1286 1348 1350 hente
1374 1287 1424 1349 vel
1448 1286 1637 1349 habentibus
1671 1287 1896 1368 plenitudinem
1920 1284 1980 1347 lon·

452 1403 522 1467 quae
549 1388 588 1449 ad
617 1387 884 1470 dispensationem
910 1386 1198 1450 ecclesiasticarum
1254 1385 1349 1447 talem
1364 1385 1554 1467 episcopalis
1570 1385 1778 1449 auctoritatis.
1796 1385 1878 1447 Unde
1890 1385 1977 1466 quoad

451 1486 612 1566 pertinent
633 1505 750 1566 rerum,
765 1505 860 1568 super
884 1505 962 1566 quas
986 1486 1082 1547 habet
1099 1484 1201 1566 pleni·
1254 1485 1329 1546 talia
1344 1485 1484 1548 minores
1500 1484 1632 1566 praelati,
1649 1493 1725 1567 puta
1740 1483 1851 1561 curati,
1864 1484 1977 1544 subsunt

451 1584 595 1648 tudinem
611 1584 785 1666 potestatis,
795 1585 877 1646 sicut
892 1593 923 1646 et
938 1585 977 1646 ad
993 1602 1200 1664 unumquem-
1254 1583 1422 1664 episcopis,
1449 1602 1468 1644 a
1494 1582 1611 1663 quibus
1639 1601 1716 1645 usus
1743 1601 1808 1644 snae
1835 1581 1978 1662 potestatis

450 1701 511 1764 quc
534 1683 669 1763 pertinet
694 1683 818 1744 irritare
843 1683 1058 1764 juramentum
1078 1682 1199 1762 quoda
1254 1681 1424 1762 aliquando
1449 1681 1604 1742 limitatur
1628 1681 1696 1743 sive
1722 1689 1864 1757 arcetur3
1887 1679 1978 1759 sicque

452 1781 518 1843 suis
544 1781 678 1842 subditis
704 1781 860 1844 sancitum
885 1789 933 1844 est
959 1781 1043 1843 circa
1067 1800 1105 1842 ea
1128 1799 1198 1860 quae
1253 1779 1369 1860 aPapa
1383 1799 1476 1861 posse
1496 1779 1567 1841 lieri
1587 1779 1672 1841 circa
1695 1778 1840 1860 praelatos
1860 1778 1978 1858 majores

451 1880 521 1960 ejus
545 1881 690 1960 potestati
711 1880 889 1942 subduntur
906 1903 911 1941 :
930 1879 1013 1940 sicut
1028 1888 1117 1960 pater
1131 1887 1199 1959 pot·
1214 1877 1238 1938 B
1253 1897 1291 1939 ex
1306 1878 1401 1940 certis
1417 1887 1448 1940 et
1468 1877 1709 1940 rationabilibus
1732 1877 1846 1954 causis,
1863 1896 1918 1939 non
1938 1882 1979 1937 est

312 1993 437 2047 mamm,
451 1987 498 2041 est
519 1979 642 2042 irritare
659 1979 874 2061 juramentum
895 1977 1008 2059 puellae
1024 1977 1100 2039 liliae
1121 1997 1196 2056 suae,
1253 1977 1490 2058 ambigendum.

303 2060 396 2113 *Μ’
451 2083 482 2138 et
503 2075 553 2138 vir
573 2076 678 2138 uxoris
699 2095 773 2154 suae,
790 2084 824 2137 ut
845 2075 961 2138 dicitur
983 2075 1014 2136 in
1035 2074 1118 2137 libro
1137 2072 1198 2135 Nn·
1293 2073 1456 2152 Praeterea,
1473 2073 1639 2136 Ubertinus
1659 2072 1741 2136 libro
1761 2071 1979 2135 memoratoad-

450 2193 622 2250 merorum,
639 2174 722 2235 sicut
736 2181 767 2235 et
781 2175 820 2235 de
835 2183 907 2236 voto
929 2173 1047 2235 dictum
1070 2181 1128 2234 est.
1252 2172 1344 2234 ditet
1358 2170 1420 2233 alia
1438 2171 1580 2252 quaedam
1600 2171 1703 2248 utilia,
1713 2171 1979 2244 dicensztluaedam

490 2273 527 2333 Et
542 2271 575 2333 in
595 2272 724 2334 Summa
745 2281 855 2334 contra
874 2291 996 2334 errores
1017 2270 1196 2333 Graecornm
1253 2278 1327 2331 sunt
1342 2271 1469 2351 propria
1485 2270 1691 2332 sacramentis
1707 2268 1978 2350 quibusdamllam

450 2371 494 2432 ait
517 2369 661 2432 :Similis
690 2387 778 2432 orror
805 2378 853 2432 est
880 2369 1054 2431 dicentium
1083 2369 1196 2432 Christi
1252 2370 1396 2450 quaedam
1421 2388 1531 2431 eorum
1560 2369 1749 2450 imprimunt
1773 2369 1977 2439 characterem,

450 2467 617 2544 vicarium,
634 2469 811 2530 llomanum
837 2467 1037 2548 Pontificem,
1054 2487 1117 2530 non
1143 2468 1198 2529 ha·
1252 2467 1284 2528 id
1299 2475 1346 2528 est
1358 2468 1515 2548 quoddam
1531 2466 1693 2549 spirituale
1707 2466 1899 2548 signaculum
1908 2464 1981 2527 Chri-

450 2566 524 2628 here
546 2565 734 2628 universalis
748 2565 898 2628 Ecclesia
914 2566 1095 2646 primatum,
1113 2585 1199 2628 erro·
1253 2574 1301 2626 sto
1321 2565 1575 2646 consignativum
1588 2564 1610 2642 *‚
1627 2573 1659 2627 et
1678 2585 1697 2627 a
1716 2565 1829 2627 ceteris
1843 2563 1979 2626 distincti·
2000 2586 2020 2653 fi
2046 2579 2076 2632 ’ςι

450 2663 476 2724 ri
506 2663 679 2727 dicentium
707 2663 861 2744 Spiritum
895 2664 1043 2726 Sanctum
1073 2683 1092 2725 a
1119 2662 1197 2725 Filio
1253 2683 1326 2724 vum
1345 2687 1352 2724 ε
1370 2663 1453 2725 sicut
1466 2663 1657 2743 Baptismus,
1675 2663 1878 2726 Confirmatio
1894 2671 1921 2724 et
1933 2660 2009 2722 (tr-‘²

449 2781 513 2825 non
543 2763 726 2842 procedere.
757 2762 828 2842 lpse
856 2761 942 2824 enim
972 2762 1113 2824 Christus
1141 2762 1196 2823 Dei
1252 2763 1303 2823 do.
1327 2761 1446 2842 Hisque
1471 2761 1572 2823 tribus
1598 2761 1806 2823 sacramentis
1830 2779 1979 2822 commune

448 2859 546 2922 Filius
566 2879 656 2922 suam
671 2859 843 2922 Ecclesiam
865 2860 1073 2939 consecravit,
1090 2869 1121 2922 et
1135 2859 1196 2921 sibi
1253 2867 1301 2921 est
1325 2860 1407 2940 qnod
1423 2867 1554 2939 ponunt
1574 2859 1738 2922 hominem
1761 2859 1793 2920 in
1814 2867 1889 2921 statu
1906 2869 1981 2920 uota-

449 2957 615 3038 consignat
635 2956 752 3037 Spiritu
767 2957 882 3019 Sancto
901 2957 991 3037 quasi
1012 2976 1068 3020 suo
1089 2958 1197 3018 chara·
1253 2957 1357 3031 bili,a
1379 2957 1492 3020 ceteris
1512 2976 1576 3019 non
1596 2956 1822 3038 recipientibus
1842 2966 1978 3039 separato.

449 3064 534 3119 ctere
558 3063 588 3116 et
614 3054 729 3137 sigillo.
747 3054 783 3116 Et
808 3054 953 3116 similiter
976 3055 1090 3117 Christi
1113 3056 1197 3116 vica·
1215 3051 1237 3112 C
1252 3056 1431 3137 Baptismus
1454 3055 1540 3117 enim
1565 3055 1655 3136 ponit
1677 3056 1838 3117 hominem
1860 3055 1890 3116 in
1908 3063 1979 3115 statu

450 3156 515 3217 rius
541 3172 598 3217 suo
624 3154 761 3235 primatu
785 3172 821 3215 ae
848 3154 1046 3235 providentia
1072 3154 1198 3215 nniver—
1253 3154 1421 3217 filiationis
1450 3154 1586 3230 divinae3
1614 3154 1833 3234 Confirmatio,
1856 3155 1885 3215 in
1909 3162 1980 3215 statu

450 3272 517 3316 sam
543 3252 717 3314 Ecclesiam
745 3260 894 3333 tanquam
921 3252 1027 3314 fidelis
1051 3253 1199 3313 minister
1253 3252 1354 3315 virilis
1379 3252 1500 3314 militiae
1524 3260 1556 3314 et
1586 3271 1699 3333 pugnae
1723 3262 1833 3314 contra
1854 3252 1982 3314 aduersa·

451 3351 563 3415 Christi
580 3350 755 3431 subjectam
772 3360 947 3413 conservat.
961 3351 1197 3413 ostendendum
1254 3350 1318 3413 rios
1333 3350 1402 3428 Dei;
1420 3350 1511 3430 Ordo,
1528 3350 1560 3410 in
1582 3358 1664 3412 statu
1682 3352 1845 3431 dignitatis
1863 3349 1979 3413 eximia.

452 3458 501 3513 est
519 3468 594 3531 ergo
613 3448 853 3511 auctoritatibus
877 3449 1066 3527 oraecorum,
1084 3448 1197 3510 Christi
1254 3448 1291 3510 Et
1315 3448 1391 3530 quia
1412 3448 1451 3509 ab
1474 3449 1523 3510 his
1546 3448 1679 3511 statibus
1703 3449 1811 3511 nullus
1832 3450 1918 3511 debet
1937 3467 1983 3509 er·

452 3547 607 3611 vicarium
638 3548 670 3608 in
699 3555 796 3610 totam
826 3546 999 3609 Ecclesiam
1034 3547 1199 3628 potestatis
1255 3547 1371 3626 cidere,
1396 3554 1489 3628 atque
1518 3546 1716 3627 impossibile
1739 3557 1789 3609 est
1812 3548 1981 3629 impressum

453 3642 684 3728 plenitudinem
701 3653 731 3706 et
753 3644 966 3707 universalem
981 3645 1197 3727 praelationem
1255 3645 1352 3707 deleri
1369 3645 1615 3723 ‚characterem3
1632 3644 1703 3708 ideo
1724 3665 1882 3727 nunquam
1904 3644 1982 3706 reite-
2107 3661 2108 3712 ξ

450 3744 607 3807 obtinere.
634 3742 761 3823 Legitur
785 3742 868 3803 enim
894 3743 924 3803 in
950 3742 1198 3806 Chalcedonensi
1256 3742 1913 3825 rauturhaecsacramentasupereamdem
1926 3762 1983 3823 per-

454 3842 603 3919 coneilio,
635 3842 718 3922 quod
746 3849 811 3903 tota
843 3842 982 3922 synodus
1014 3843 1201 3905 acclamavit
1256 3860 1377 3903 sonam.

454 3941 550 4004 Leoni
574 3941 663 4020 Papae
688 3940 773 4002 :Leo
799 3940 1028 4019 sanctissimus,
1054 3940 1201 4022 apostoli·
1296 3940 1423 4002 Sextum
1448 3948 1681 4002 sacramentum
1706 3948 1754 4002 est
1775 3940 1905 4003 Ordinis.
1919 3940 1983 4018 Sep

456 4059 512 4102 cus
537 4047 568 4100 et
592 4037 781 4099 universalis
806 4038 984 4118 patriarcha
1008 4038 1201 4121 permultos
1257 4045 1321 4099 tem
1346 4046 1451 4099 antem
1479 4046 1554 4098 sunt
1572 4037 1700 4100 ordines
1723 4061 1730 4099 :
1752 4047 1785 4101 et
1802 4039 1983 4120 episcopatus

456 4156 557 4201 annos
578 4136 675 4198 vivat.
693 4136 913 4198 hecatontas
934 4135 1051 4198 ibidem
1070 4160 1076 4197 :
1095 4136 1149 4199 nbi
1172 4145 1203 4198 et
1257 4136 1297 4197 ab
1317 4135 1476 4215 aliquibus
1495 4135 1614 4198 dicitur
1633 4136 1721 4214 ordo,
1738 4138 1815 4217 quia
1836 4135 1982 4218 Dionysius
2005 4143 2076 4219 teta-

458 4244 690 4317 consequenter
718 4233 920 4297 auctoritates
948 4234 1127 4297 Graecorum
1156 4235 1203 4296 in·
1218 4242 1243 4303 D
1258 4234 1348 4315 ponit
1372 4253 1444 4295 eum
1470 4234 1614 4296 ordinem
1639 4235 1919 4316 principalem3ab
1938 4214 2053 4315 ali-21¹²

458 4335 555 4398 ducit.
1258 4331 1374 4412 quibus
1398 4340 1504 4394 autem
1527 4332 1645 4395 dicitur
1667 4333 1841 4396 eminentia
1860 4332 1981 4404 ordinis3

497 4434 640 4514 Insuper,
657 4432 740 4513 quod
762 4430 931 4493 Ubertinus
955 4429 1106 4509 affirmat,
1124 4433 1205 4512 Apo·
1258 4429 1299 4491 ab
1322 4429 1492 4510 aliquibus,
1515 4430 1653 4511 dignitas
1675 4431 1779 4494 ordini
1804 4431 1984 4515 superaddita

459 4531 556 4595 stolos
581 4537 652 4611 post
671 4528 785 4590 Christi
806 4528 1022 4590 ascensionem
1049 4548 1137 4590 snam
1160 4538 1205 4591 te·
1259 4528 1442 4590 sacerdotis.
1472 4528 1520 4589 Ab
1554 4528 1713 4608 aliquibus
1746 4530 1842 4593 etiam
1874 4530 1982 4603 dicitur,

459 4630 568 4692 uuisse
597 4626 816 4690 auctoritatem
845 4646 863 4687 a
891 4626 980 4689 Petro
1010 4634 1042 4688 et
1070 4627 1202 4708 subeo,
1259 4626 1344 4707 quod
1373 4626 1405 4686 in
1430 4626 1667 4688 consecratione
1692 4628 1833 4709 episcopi
1858 4646 1916 4690 non
1939 4628 1986 4688 im-

459 4728 551 4808 eique
567 4725 709 4809 plenarie
725 4723 931 4805 subjacuisse,
945 4724 1069 4787 scilicet
1084 4734 1117 4787 ut
1131 4745 1205 4806 prae
1260 4724 1410 4805 primitur
1433 4742 1535 4786 novus
1560 4724 1734 4802 character,
1757 4728 1813 4788 sed
1837 4727 1986 4807 ampliatur

321 4843 359 4885 nn
372 4842 389 4891 ι,
403 4846 444 4885 an.
460 4825 534 4904 lato,
552 4830 705 4886 consonat
730 4821 779 4882 his
803 4840 872 4902 quaa
898 4821 929 4881 in
956 4821 1068 4903 primis
1088 4821 1205 4885 libellis
1260 4823 1294 4883 in
1318 4841 1357 4885 eo
1382 4823 1545 4886 character
1564 4824 1780 4901 sacerdotalis
1797 4834 1829 4887 et
1846 4825 1939 4906 magis
1960 4824 1985 4883 in

313 4919 444 5017 fiss'f'flfssssg
459 4924 499 4985 de
514 4922 574 4983 hoc
593 4941 631 4983 ex
645 4920 765 4982 Thoma
785 4938 880 5001 super
897 4928 1056 5000 quartum,
1073 4928 1104 4981 et
1119 4940 1205 4983 nnnc
1260 4922 1513 5003 archiepiscopo,
1530 4921 1666 5003 amplius
1688 4921 1720 4982 in
1745 4923 1879 5004 primate
1898 4931 1927 4985 et
1945 4940 1987 5002 pa·

313 5046 326 5074 x
329 5045 410 5079 ¹¹¹¹¹¹¹¹
459 5041 497 5083 ex
520 5020 609 5083 Petro
631 5020 670 5079 de
692 5017 810 5079 rilliaco
833 5018 961 5079 inducta
987 5018 1205 5092 santonibus
1262 5020 1408 5096 biarche,
1426 5020 1660 5100 supermaxime
1678 5020 1710 5081 in
1733 5040 1858 5084 summo
1875 5019 1986 5084 Pontifi-

359 5099 400 5138 Ἀ
416 5110 444 5139 Ν·
459 5127 489 5182 et
504 5115 715 5182 Cancellarius
729 5115 810 5178 libro
825 5117 863 5177 de
879 5116 1107 5178 Ecclesiasticis
1123 5116 1206 5178 stati·
1261 5136 1308 5178 ce.
1335 5118 1394 5179 Sed
1422 5117 1577 5198 quidquid
1601 5117 1641 5178 sit
1668 5117 1708 5179 de
1736 5118 1809 5199 hoc,
1835 5119 1866 5181 in
1893 5137 1986 5181 conse

458 5220 526 5287 bus
544 5215 739 5280 concordans
764 5214 914 5276 disseruit
938 5238 944 5275 :
967 5216 1072 5277 Status
1096 5215 1206 5295 praela-
1260 5214 1402 5277 cretione
1417 5215 1558 5296 episcopi
1574 5233 1638 5277 non
1653 5216 1818 5293 canonica,
1830 5216 1985 5279 secundnm

458 5316 553 5381 tionis
580 5312 771 5397 episcopalis
799 5313 902 5392 quoad
928 5312 975 5375 sni
1002 5312 1204 5375 collationem
1260 5332 1382 5393 omnes,
1398 5314 1490 5375 datur
1508 5332 1591 5376 nova
1609 5321 1748 5394 potestas
1768 5316 1940 5397 presbytero
1958 5312 1984 5372 in
