4309 6250
447 475 508 540 638
542 493 581 539 nn
603 491 809 541 ancrommra
831 495 927 540 suurn
947 494 1113 540 rournrcrs
1135 495 1172 540 nr
1193 494 1362 542 caucasus
1382 493 1523 552 cosunu,
1544 494 1633 542 aman
1653 494 1696 539 ιιι.
1720 512 1761 522 -
1780 495 1851 540 aar.
1873 494 1926 540 mv

492 662 648 746 Amplius,
675 662 757 727 libro
782 664 983 746 praeallegato
1007 664 1144 727 Thomas
1169 664 1201 725 in
1218 664 1241 724 Α
1258 664 1332 728 bere
1348 671 1443 745 eaput
1464 684 1564 727 unum
1585 663 1755 728 conveniat
1775 664 1821 726 eis
1835 671 1869 725 ut
1886 663 1996 744 pariter

453 762 593 825 secundo
608 771 795 844 argumento
818 763 901 825 inter
916 771 1020 826 cetera
1036 763 1200 845 loquitur:
1258 762 1471 844 congregatis,
1496 762 1527 825 id
1549 771 1599 825 est
1618 762 1713 825 simul
1734 761 1873 843 acceptis
1892 781 1947 824 sen
1966 761 1994 822 in

451 861 499 922 Ad
513 860 665 923 unitatem
680 860 830 924 Ecclesiae
845 861 1015 943 requiritur
1036 862 1121 942 quod
1135 881 1203 923 om·
1258 879 1357 923 unum
1382 861 1527 925 collectis
1543 885 1551 921 ι
1568 880 1644 944 ergo
1667 869 1701 922 et
1722 860 1770 922 sic
1795 860 1936 941 presidet
1954 859 1993 922 eis

452 978 508 1022 nes
533 958 647 1022 fideles
669 957 702 1021 in
728 959 791 1021 fido
816 959 1020 1022 conveniant.
1043 959 1081 1022 Et
1101 960 1199 1037 addit,
1257 959 1441 1041 hujusmodi
1456 967 1563 1042 caput.
1580 959 1704 1041 allegat
1724 967 1757 1021 et
1771 958 1902 1021 Thomas
1922 958 1992 1019 illud

451 1056 536 1139 quod
556 1075 613 1139 per
633 1056 850 1121 diversitatem
871 1058 1101 1120 sententiarum
1124 1058 1202 1121 divi·
1257 1057 1398 1137 loannis,
1414 1059 1482 1121 Fiet
1496 1077 1596 1120 unum
1617 1057 1701 1120 ovile
1723 1065 1757 1120 et
1777 1077 1858 1119 unus
1872 1066 1989 1139 pastor:
2012 1080 2095 1127 ιιι-ι

451 1156 579 1218 deretur
593 1154 747 1233 Ecclesia,
763 1154 825 1218 nisi
841 1174 898 1237 per
912 1155 1006 1218 unius
1021 1158 1112 1237 (puta
1126 1157 1204 1218 Pon·
1257 1157 1423 1220 insinuans
1437 1157 1521 1239 quod
1538 1165 1601 1221 tota
1616 1155 1759 1219 Ecclesia
1774 1157 1815 1217 sit
1827 1176 1919 1218 unum
1933 1156 1992 1219 ovi·
2004 1147 2029 1185 ¹⁶·

450 1253 550 1315 tificis
566 1253 697 1332 summi)
712 1254 901 1317 sententiam
924 1254 957 1315 in
980 1254 1057 1316 fidei
1081 1253 1201 1317 unitate
1258 1255 1288 1318 le
1312 1256 1371 1318 sub
1396 1257 1490 1337 Papa,
1512 1265 1545 1318 et
1568 1275 1633 1319 non
1658 1255 1763 1319 solum
1786 1254 1845 1316 sub
1868 1255 1989 1317 Christo.

452 1359 705 1416 conservaretur.
727 1351 849 1415 idcirco
874 1353 913 1415 ad
940 1352 1094 1415 uniutem
1118 1354 1201 1415 banc
1258 1355 1318 1417 Sed
1334 1374 1405 1418 csse
1419 1374 1519 1417 unum
1538 1355 1625 1418 ovile
1643 1353 1798 1436 competit
1810 1353 1949 1418 Ecclesia
1961 1362 1991 1415 ut

451 1450 529 1514 fidei
545 1459 639 1532 atque
657 1450 807 1514 Ecclesia
826 1452 1076 1514 conservandam
1099 1451 1203 1533 requi·
1257 1453 1354 1516 simul
1375 1462 1525 1536 acceptae.

453 1550 533 1612 ritur
553 1551 637 1631 quod
659 1569 742 1612 unus
757 1549 895 1630 (seilicet
907 1549 1002 1632 Papa)
1017 1551 1074 1613 toti
1095 1550 1203 1631 praesit
1297 1552 1427 1616 Possent
1442 1561 1474 1614 et
1487 1553 1550 1616 alia
1564 1551 1701 1635 plurima
1716 1551 1928 1632 hujuscemodi
1946 1572 1989 1614 ar-

452 1649 612 1712 Ecelesiae.
639 1649 684 1711 Ex
711 1647 762 1710 his
787 1647 831 1710 ita
854 1649 998 1730 arguitur
1022 1673 1028 1711 :
1053 1650 1100 1712 Ad
1124 1649 1202 1712 fidei
1258 1660 1409 1733 gumenta
1437 1651 1521 1714 sumi
1545 1671 1584 1714 ex
1608 1651 1749 1728 Thoma3
1776 1650 1831 1713 sed
1858 1650 1988 1713 brevitati

453 1746 607 1808 unitatem
623 1753 687 1809 tota
701 1745 843 1810 Ecclesia
858 1747 1056 1829 conjunctim
1077 1765 1203 1810 omnes-
1259 1751 1387 1812 studore
1402 1769 1461 1832 par
1473 1758 1532 1828 est,
1545 1747 1721 1831 praesertim
1734 1766 1834 1829 quum
1849 1747 1881 1808 in
1893 1767 1989 1810 55555

452 1865 515 1928 que
529 1845 698 1908 Christiani
714 1845 881 1909 collective
904 1855 1061 1926 tenentur,
1078 1855 1110 1908 et
1132 1845 1202 1907 ideo
1221 1850 1300 1912 Bdo
1311 1849 1466 1930 opusculo
1481 1848 1624 1928 quaedam
1643 1846 1771 1908 illorum
1788 1847 1910 1908 inducta
1921 1847 1986 1908 sint.
1999 1870 2095 1911 acce.

455 1947 544 2024 [non]
561 1943 663 2007 solnm
678 1943 819 2006 divisim.
838 1944 940 2019 Quum
962 1963 1037 2025 ergo
1059 1944 1142 2024 Papa
1163 1944 1203 2005 ad
1299 1946 1463 2024 Praeterea,
1479 1947 1564 2028 quod
1583 1944 1616 2006 in
1637 1952 1787 2026 praetacta
1801 1945 1988 2026 responsione
2000 1942 2029 1969 ¹¹¹·

454 2043 514 2107 hoc
535 2042 641 2124 praesit
664 2042 815 2106 Ecclesia
839 2052 875 2105 ut
898 2042 963 2106 hac
989 2043 1020 2104 in
1041 2061 1080 2104 ca
1100 2042 1204 2104 unitas
1260 2047 1516 2125 babetur,totam
1530 2043 1707 2108 Ecclesiam
1723 2042 1820 2105 simul
1835 2051 1986 2124 sumptam,

455 2150 671 2218 conservetur,
686 2149 810 2223 oportet
825 2149 859 2204 ut
875 2141 919 2204 sic
936 2141 1042 2222 praesit
1055 2140 1205 2203 Ecclesia
1261 2145 1293 2206 in
1321 2165 1384 2226 qua
1414 2142 1594 2206 necessario
1622 2142 1705 2225 Papa
1732 2141 1901 2205 includitur
1923 2161 1988 2204 cum

455 2242 613 2323 quomodo
629 2240 730 2323 magis
753 2260 941 2323 congruum,
959 2240 1023 2302 imo
1038 2248 1070 2302 ct
1090 2257 1206 2320 oppor·
1260 2244 1410 2307 omnibus
1432 2242 1583 2305 membris
1597 2240 1805 2319 officialibus,
1821 2240 1926 2303 Christi
1943 2260 1991 2302 cu

456 2349 568 2404 tunum
588 2349 728 2403 osteum
753 2339 801 2401 illi
827 2358 961 2421 praeesse
981 2340 1100 2402 adhoc
1120 2339 1205 2420 quod
1261 2361 1303 2405 rae
1332 2342 1514 2405 immediate
1543 2341 1721 2422 subjacere,
1746 2347 1779 2402 et
1808 2339 1906 2421 ipsum
1930 2357 1990 2401 esse

455 2441 538 2502 hanc
567 2436 642 2501 fidei
669 2437 835 2518 unitatem,
861 2446 1016 2518 quantum
1044 2437 1083 2499 ad
1113 2455 1205 2498 suum
1261 2440 1482 2503 immediatum
1504 2446 1600 2522 caput
1621 2437 1709 2500 illius
1727 2461 1735 2500 ι
1752 2438 1849 2516 istud,
1864 2438 1988 2519 inquam,

457 2544 578 2619 spectat
599 2534 757 2611 officium,
775 2536 808 2596 in
831 2555 868 2597 ea
889 2542 1066 2597 conservet.
1084 2533 1144 2596 Sed
1166 2534 1205 2596 ad
1262 2559 1325 2602 non
1345 2539 1471 2602 videtur
1489 2538 1552 2600 nisi
1572 2537 1705 2600 verbum
1723 2535 1911 2614 intricatum,
1926 2536 1991 2597 irre
2109 2540 2110 2617 ζ

456 2636 517 2698 hoc
545 2653 676 2697 necesse
705 2641 753 2696 est
781 2641 816 2694 ut
842 2632 957 2695 habeat
984 2631 1205 2695 auctoritatem
1262 2637 1413 2714 solutum,
1434 2645 1467 2699 et
1488 2636 1628 2718 plurium
1653 2635 1866 2716 deceptivum.
1881 2634 1990 2696 Constat
2109 2622 2110 2665 i

457 2732 615 2796 condendi
640 2733 755 2814 legem,
771 2731 948 2795 doctrinam
974 2750 1029 2793 sen
1054 2730 1207 2793 constitu·
1262 2738 1381 2818 quippe
1405 2736 1490 2817 quod
1518 2734 1626 2796 nullus
1650 2753 1761 2798 eorum
1784 2733 1840 2816 qui
1866 2742 1989 2814 tempore

459 2835 577 2898 tionem
607 2833 646 2895 ad
674 2851 770 2913 quam
800 2830 941 2894 universi
975 2828 1207 2894 Christilideles
1262 2834 1323 2898 isto
1350 2835 1481 2898 domino
1508 2831 1650 2915 Eugenio
1678 2831 1790 2895 favent
1815 2840 1847 2894 et
1875 2832 1987 2908 herent,

458 2932 555 2996 etiam
584 2929 782 3012 conjunctim
811 2938 906 3011 atque
934 2930 1136 2993 concorditer
1164 2937 1209 2990 te·
1263 2934 1434 2997 asserendo
1448 2932 1532 3014 quod
1548 2930 1631 3012 Papa
1645 2930 1752 3013 praesit
1766 2931 1822 2995 toti
1837 2939 1867 2993 et
1881 2929 1989 2992 univer

458 3039 595 3094 neantur
611 3053 617 3092 :
636 3029 728 3092 aliter
742 3029 896 3092 unitatem
920 3029 1001 3091 hanc
1018 3033 1244 3097 conservareC
1264 3029 1323 3092 sali
1350 3029 1511 3108 Ecclesia,
1541 3029 1620 3092 adeo
1649 3035 1751 3091 exstet
1780 3028 1937 3109 insipiens,
1962 3033 1990 3086 ut

458 3150 522 3194 non
548 3138 664 3211 posset,
681 3149 779 3211 quum
803 3128 843 3191 ad
865 3147 935 3191 eam
960 3146 1070 3190 omnes
1090 3126 1208 3208 pariter
1263 3129 1341 3191 velit
1366 3148 1508 3192 asserere
1522 3130 1607 3209 quod
1630 3128 1714 3210 Papa
1740 3136 1886 3210 tanquam
1911 3134 1990 3207 caput

458 3229 639 3311 obligentur
653 3226 776 3290 fideles.
794 3228 872 3289 Eine
888 3226 1043 3307 sequitur,
1059 3226 1144 3307 quod
1160 3245 1209 3286 su·
1263 3236 1295 3291 et
1313 3228 1456 3310 pontifex
1471 3228 1578 3308 praesit
1591 3227 1812 3291 auctoritative
1826 3224 1989 3305 sibimetipsi
2109 3243 2110 3258 ι

458 3346 516 3410 per
543 3326 725 3389 universam
754 3325 1022 3388 Christianitatem
1057 3323 1207 3386 dominus
1263 3346 1300 3389 ac
1324 3327 1439 3389 ceteris
1463 3325 1634 3405 universis,
1657 3326 1712 3387 sed
1738 3326 1852 3388 ceteris
1874 3322 1991 3387 homini·

458 3426 540 3507 Papa
565 3426 680 3488 habeat
707 3432 906 3506 potestatem,
932 3422 1148 3505 praelationem
1176 3431 1208 3485 et
1264 3426 1322 3488 bus
1346 3426 1442 3489 etiam
1466 3424 1561 3487 simul
1587 3423 1735 3505 sumptis.
1752 3423 1840 3487 Unde
1860 3423 1937 3505 quod
1952 3420 1990 3483 di-

457 3522 713 3604 jurisdictionem
740 3521 812 3603 jure
841 3521 951 3583 divino
980 3520 1041 3584 sibi
1071 3521 1209 3601 desuper
1263 3525 1346 3587 citur
1373 3524 1522 3587 omnibus
1551 3522 1731 3605 presidere,
1757 3542 1814 3603 per
1836 3522 1883 3584 sui
1906 3520 1990 3602 ipsius

459 3621 642 3686 immediate
656 3621 805 3683 collatam
823 3643 829 3681 :
848 3619 930 3681 sicut
950 3639 1014 3682 non
1034 3619 1138 3681 solnm
1153 3618 1208 3681 Pe·
1263 3622 1478 3684 exclusionem
1502 3620 1596 3683 debet
1619 3619 1758 3702 intelligi
1779 3643 1787 3682 :
1807 3620 1991 3701 quemadmo
2109 3659 2110 3662 κ

459 3727 525 3783 trus
541 3721 580 3783 de
595 3719 729 3797 tilliaco,
748 3719 801 3781 sed
825 3728 856 3781 et
870 3718 1046 3781 Alexander
1060 3718 1100 3781 de
1114 3718 1206 3781 Hales
1262 3720 1339 3782 dum
1359 3720 1438 3782 illud
1462 3720 1546 3801 quod
1569 3718 1600 3781 S.
1616 3717 1786 3800 Gregorius
1804 3726 1896 3800 atque
1912 3716 1991 3778 lsido
2109 3775 2110 3800 ,

457 3837 553 3899 snper
576 3817 704 3880 tertium
729 3816 973 3895 Sententiarum,
999 3824 1031 3878 et
1054 3824 1127 3878 ante
1151 3835 1206 3878 eos
1263 3838 1316 3879 rus
1335 3817 1458 3894 dicunt,
1474 3816 1601 3879 Petrum
1622 3814 1723 3877 fuisse
1745 3815 1918 3897 principem
1935 3832 1991 3876 om·
2109 3819 2110 3854 t

455 3918 545 3999 Eugo
559 3916 598 3978 de
620 3916 651 3978 S.
669 3914 794 3977 Victore
816 3914 899 3978 libro
920 3915 959 3977 de
981 3914 1204 3992 Sacramentis,
1262 3916 1351 3978 nium
1376 3914 1598 3996 Apostolorum
1613 3936 1621 3992 ;
1637 3920 1669 3976 et
1693 3913 1777 3976 sicut
1801 3911 1991 3976 communiter

456 4016 623 4081 verissime
645 4021 874 4078 contestantur.
1261 4014 1379 4076 dicitnr
1401 4013 1499 4076 abbas
1528 4029 1664 4093 pmesse
1689 4011 1746 4075 toti
1772 4010 1944 4089 conventui,
1965 4016 1991 4070 et

494 4114 627 4197 insuper
655 4113 792 4175 Thomas
821 4112 934 4193 probat
962 4111 1120 4175 intentum
1149 4131 1206 4193 per
1260 4114 1400 4176 decanus
1415 4112 1472 4175 toti
1487 4110 1634 4192 collegio,
1650 4109 1696 4171 ita
1715 4110 1802 4190 quod
1823 4110 1856 4171 in
1869 4110 1920 4171 tali
1937 4126 1990 4171 ser·

454 4213 514 4276 hoc
536 4214 621 4293 quod
642 4211 784 4275 Ecclesia
800 4210 973 4274 militansa
996 4211 1204 4291 triumphanti
1221 4212 1245 4273 Ι)
1261 4231 1355 4275 mone
1383 4217 1559 4275 conventus
1587 4216 1619 4271 et
1646 4207 1820 4289 collegium
1846 4226 1915 4271 cum
1943 4205 1990 4268 ali-

455 4330 512 4393 per
539 4310 782 4373 similitudinem
811 4308 983 4371 derivatur.
1015 4309 1102 4371 Sicut
1129 4328 1205 4390 ergo
1260 4310 1413 4392 quantula
1441 4306 1641 4371 restrictione
1669 4306 1921 4370 contractionem
1948 4323 1991 4367 sn·
2109 4381 2110 4386 ἵ

454 4410 489 4472 in
504 4408 713 4490 triumphanti
725 4406 868 4471 Ecclesia
882 4427 964 4470 unus
980 4407 1129 4489 praesidet
1142 4426 1207 4469 om·
1261 4418 1402 4487 muntur,
1437 4408 1522 4471 sicut
1552 4425 1591 4470 ex
1626 4406 1696 4488 ipso
1731 4406 1882 4488 adjuncto
1913 4406 1991 4467 datur
2109 4405 2110 4484 g

456 4508 561 4586 nibus,
578 4526 643 4570 non
665 4507 768 4569 solum
788 4506 929 4587 divisim,
947 4507 1001 4569 sed
1018 4514 1049 4568 et
1071 4505 1206 4586 conjun-
1260 4508 1408 4590 intelligi,
1425 4516 1501 4589 puta
1525 4524 1583 4587 pro
1607 4513 1671 4569 toto
1691 4505 1818 4569 residuo
1839 4503 1991 4569 monacho
2109 4513 2110 4592 ᾗ

456 4606 545 4685 ctim,
562 4606 595 4667 in
612 4604 761 4667 militanti
777 4622 903 4685 quoque
918 4603 1059 4666 Ecclesia
1073 4623 1143 4666 esse
1159 4604 1204 4666 sic
1261 4628 1330 4670 rum
1356 4626 1413 4669 seu
1437 4605 1676 4671 canonicorum.
1694 4604 1745 4667 Sic
1763 4612 1796 4666 et
1819 4601 1991 4667 universalis
2109 4605 2110 4682 ᾗ

456 4703 558 4766 decet.
576 4702 737 4766 Postremo
752 4702 791 4764 ad
812 4702 872 4764 ista
891 4701 1055 4783 probanda
1070 4702 1205 4765 Thomas
1261 4726 1296 4769 ac
1323 4714 1387 4768 tota
1406 4703 1548 4767 Ecclesia
1571 4723 1644 4766 cum
1668 4702 1866 4783 aliquantula
1885 4710 1992 4765 contra-
2109 4689 2110 4746 3

324 4822 440 4873 ostatu.
456 4800 573 4884 allegat
597 4800 676 4863 illud
701 4800 779 4863 Osee
806 4824 812 4861 :
839 4799 1122 4882 Congregabuntur
1144 4799 1205 4862 lilii
1261 4805 1366 4869 ctione
1393 4802 1560 4885 accipitur,
1584 4810 1662 4884 puta
1687 4820 1761 4865 cum
1789 4801 1879 4883 Papa
1900 4799 1991 4863 exclu·
2109 4799 2110 4810 ’

421 4895 426 4904 “
456 4902 535 4963 Juda
556 4909 588 4963 et
607 4899 669 4961 lilii
690 4899 785 4962 lsrael
807 4900 935 4982 pariter,
952 4906 983 4961 et
1002 4906 1122 4981 ponent
1143 4899 1204 4962 sibi
1261 4905 1362 4983 sione,
1391 4921 1490 4985 quum
1519 4900 1636 4964 dicitur
1663 4900 1746 4983 Papa
1774 4898 1941 4965 universali
1965 4904 1991 4959 et

457 5008 552 5083 eaput
581 5017 691 5061 unum.
721 4998 874 5073 Quocirca
907 4996 1092 5077 notandum,
1122 4999 1205 5079 quod
1261 5002 1318 5065 toti
1340 5000 1489 5063 Ecclesia
1512 4998 1690 5080 presidere.

455 5100 612 5182 Propheta
635 5098 789 5175 dicturus,
806 5095 927 5159 Ponent
949 5096 1008 5158 sibi
1033 5115 1134 5158 unum
1155 5114 1206 5157 ca·
1301 5099 1466 5181 Quumque
1487 5097 1651 5179 objicitur,
1666 5098 1750 5178 quod
1766 5096 1800 5159 in
1822 5094 1990 5160 totaEccle

456 5207 524 5281 put,
546 5195 699 5280 premisit
721 5195 805 5276 quod
830 5194 1107 5275 congregabuntur
1126 5194 1208 5275 pari·
1262 5198 1309 5261 sia
1332 5197 1426 5261 simul
1449 5204 1575 5278 sumpta
1595 5195 1677 5276 Papa
1701 5196 1880 5259 necessario
1903 5193 1989 5256 inclu-

456 5306 515 5383 ter,
532 5297 571 5360 ad
596 5294 824 5357 insinuandum
848 5293 931 5375 quod
956 5310 1076 5376 ponere
1100 5300 1131 5356 et
1151 5294 1207 5357 ha·
1262 5297 1367 5375 ditur,
1397 5294 1470 5358 dico
1497 5294 1583 5378 quod
1614 5292 1697 5376 Papa
1729 5311 1795 5358 non
1823 5294 1986 5369 exsistente,
