4309 6250
346 503 349 508 '
452 477 511 548 «Ἢ
533 501 573 547 bn
594 501 802 549 auctontrartt
823 501 917 549 sulm
937 501 1105 550 commeta
1126 501 1164 546 ΕΤ
1184 498 1353 546 dannatus
1375 499 1514 558 coacuit,
1537 501 1625 548 athan
1644 503 1667 548 i.
1688 519 1730 532 -
1750 501 1821 548 aut.
1843 501 1932 548 mlx

452 670 601 752 qualibet
616 660 768 754 dignitate
787 673 1035 754 auctoritateque
1057 671 1201 754 prasulis
1215 669 1240 732 Α
1256 670 1296 732 sit
1317 671 1430 755 plenus
1445 671 1559 736 Christi
1579 673 1717 736 vicarius
1734 674 1768 736 in
1788 673 1850 737 boc
1867 675 1979 750 mundo,

453 787 509 832 seu
533 769 688 853 principis
715 771 762 833 sui
786 779 817 834 et
835 790 969 835 numero
988 772 1199 850 subditorum,
1255 789 1386 834 necesse
1400 779 1450 834 est
1464 769 1613 836 confiteri
1628 773 1712 854 quod
1728 773 1825 836 totius
1847 771 1982 835 illiusEc-

453 867 577 930 excedit
600 869 714 931 multas
743 870 951 951 particulares
975 868 1134 932 Ecclesiae
1160 868 1202 930 si·
1255 868 1359 931 alesia
1384 869 1416 931 in
1441 870 1535 932 terris
1556 870 1598 932 sit
1618 871 1766 952 praelatus
1787 879 1820 933 et
1843 880 1941 952 pastor
1958 881 1982 934 et

454 965 520 1028 mul
546 975 691 1047 acceptas
718 986 773 1030 seu
802 967 929 1030 realiter
956 967 1148 1044 unificatas3
1174 965 1201 1028 si
1255 966 1409 1048 pontifex,
1427 967 1519 1048 cujus
1534 967 1677 1030 Christus
1699 977 1747 1030 est
1762 968 1916 1050 princeps,
1930 989 1982 1046 rex,

455 1064 536 1146 Papa
564 1065 712 1146 presidet
739 1065 912 1148 unicuique
937 1066 992 1128 tali
1018 1065 1200 1147 particulari
1255 1072 1362 1146 pastor
1377 1085 1533 1143 summus,
1549 1066 1593 1127 ita
1608 1067 1693 1147 quod
1709 1066 1817 1149 prasit
1831 1067 1884 1130 toti
1898 1086 1982 1148 popu·

454 1161 615 1243 Ecclesia,
641 1182 704 1227 non
731 1165 855 1227 videtur
880 1185 938 1228 cur
965 1174 1099 1246 negetur
1127 1183 1202 1246 pra
1255 1162 1286 1225 lo
1307 1163 1481 1227 christiano
1505 1164 1599 1226 simul
1624 1173 1768 1248 accepto,
1784 1183 1900 1246 suoque
1920 1175 1984 1228 tem

390 1263 393 1270 ’
455 1260 558 1324 sidere
586 1261 738 1324 Ecclesiis
767 1262 1011 1344 particularibus
1040 1262 1147 1344 parvis
1169 1271 1202 1324 et
1255 1276 1331 1338 pore
1355 1259 1529 1337 exsistenti,
1546 1259 1656 1341 sicque
1680 1268 1766 1323 totus
1790 1260 1842 1322 hic
1865 1261 1983 1343 populus

453 1359 562 1422 multis
590 1360 707 1442 pariter
734 1361 880 1444 sumptis.
910 1362 1041 1438 Rursus,
1072 1360 1202 1423 fuerunt
1255 1356 1296 1418 sit
1315 1375 1397 1418 unus
1418 1376 1495 1438 grex
1516 1357 1606 1439 Papa
1628 1358 1803 1439 subiectus,
1821 1359 1909 1439 cujus
1927 1359 1983 1440 ipse

452 1457 583 1540 quidam
610 1459 751 1540 episcopi
780 1478 915 1542 quorum
943 1459 1077 1540 quilibet
1104 1459 1203 1543 pluri·
1255 1461 1304 1518 est
1325 1463 1443 1537 pastor.

453 1556 511 1619 bus
536 1556 782 1638 particularibus
811 1557 1047 1638 episcopatibus
1076 1556 1202 1639 prafuit
1295 1553 1447 1635 Denique,
1466 1553 1580 1635 plenus
1595 1554 1735 1617 vicarius
1756 1554 1877 1617 medius
1891 1556 1983 1616 estiu

453 1654 549 1717 etiam
569 1654 663 1716 simul
684 1674 740 1718 seu
759 1655 924 1720 collective
948 1643 1156 1719 consideratis
1170 1665 1202 1718 et
1256 1659 1303 1714 ter
1317 1651 1539 1732 presidentem
1555 1651 1767 1735 principalem
1786 1661 1819 1715 et
1832 1661 1925 1716 totum
1938 1672 1983 1735 po

453 1753 589 1834 sumptis
607 1775 613 1813 :
631 1770 706 1834 ergo
722 1754 821 1817 multo
837 1754 908 1834 plus
923 1755 983 1817 hoc
998 1762 1103 1836 potest
1116 1773 1203 1816 com-
1256 1749 1367 1830 pulum
1388 1748 1436 1812 illi
1452 1750 1620 1832 principali
1636 1750 1817 1831 subjectum
1837 1751 1924 1814 simul
1937 1771 1983 1814 seu

454 1857 563 1931 petere
588 1849 688 1931 Papa.
1219 1847 1243 1909 Β
1257 1847 1423 1910 collective
1437 1858 1604 1930 acceptum
1622 1872 1629 1912 ε
1646 1850 1739 1912 aliter
1756 1850 1842 1912 enim
1857 1869 1916 1913 nou
1930 1851 1985 1931 ple

493 1946 525 2009 Si
550 1947 646 2028 igitur
669 1948 861 2011 concedatur
880 1948 965 2028 quod
984 1949 1040 2028 sic,
1058 1967 1130 2010 mox
1154 1947 1201 2008 illi
1256 1944 1345 2008 narie
1358 1953 1482 2027 gereret
1496 1946 1583 2010 vices
1599 1947 1788 2030 principalis
1802 1947 1897 2010 illius.
1911 1948 1985 2010 Unde

453 2043 602 2108 Ecclesia
630 2065 667 2107 ex
695 2046 818 2108 duabus
846 2047 1025 2127 conjuncta
1052 2046 1201 2128 adjiciam
1256 2043 1282 2105 si
1308 2063 1362 2105 rex
1386 2051 1530 2106 terrenus
1550 2045 1729 2108 committat
1748 2045 1845 2108 alicui
1865 2046 1985 2127 principi
2104 2058 2106 2139 t

454 2142 589 2221 tertiam,
616 2162 808 2224 arguamque
838 2153 870 2206 ut
898 2151 982 2222 ante,
1003 2152 1035 2206 et
1061 2162 1200 2224 quaram
1256 2161 1388 2223 regnum
1405 2161 1498 2204 suum
1512 2143 1658 2225 plenaria
1671 2144 1893 2208 commissione
1905 2153 1985 2224 atque
2104 2150 2106 2237 l

452 2258 617 2322 quousque
646 2249 741 2321 queat
769 2241 892 2304 admitti
919 2241 990 2303 talis
1016 2241 1146 2304 additio.
1169 2240 1200 2302 Si
1256 2241 1987 2323 compotestatisplenitudine,nullumcstdu-

451 2337 576 2400 dicatur
589 2339 672 2420 quod
688 2358 853 2420 quousque
868 2341 908 2402 ad
924 2339 1126 2402 medietatem
1137 2358 1202 2400 om·
1256 2337 1344 2400 bium
1360 2338 1438 2419 quin
1452 2339 1604 2423 princeps
1624 2339 1678 2402 ille
1698 2359 1835 2422 praeesse
1849 2350 1879 2404 et
1895 2340 1987 2423 prori-
2104 2336 2105 2345 ’

452 2435 541 2498 nium
557 2436 797 2518 particularium
819 2437 1033 2500 Ecclesiarum
1049 2456 1200 2518 pervene—
1255 2436 1330 2498 dere
1353 2437 1469 2499 habeat
1492 2438 1549 2499 toti
1576 2439 1694 2520 populo
1720 2437 1811 2521 regni
1835 2439 1892 2502 sibi
1913 2459 1986 2502 com·
2104 2426 2105 2435 ἵ

452 2553 498 2614 ro,
515 2535 620 2597 dicam
644 2536 728 2615 quod
752 2535 895 2598 Ecclesia
921 2555 958 2598 ex
982 2535 1088 2597 media
1112 2542 1200 2617 parte
1255 2535 1345 2598 missi
1367 2536 1462 2597 simul
1485 2545 1627 2618 accepto,
1644 2540 1821 2601 secundum
1841 2539 1921 2621 quod
1939 2558 1985 2600 rex

451 2632 596 2695 omnium
612 2633 852 2714 particularium
869 2633 1082 2696 Ecclesiarum
1102 2632 1201 2696 resul-
1255 2633 1381 2716 prafuit
1404 2634 1444 2712 ei,
1462 2635 1609 2715 quamvis
1635 2635 1694 2698 iste
1719 2636 1762 2698 sit
1782 2638 1926 2720 princeps
1949 2638 1987 2699 ri·

452 2739 532 2807 tans,
550 2731 653 2793 adhuc
678 2738 726 2793 est
749 2751 814 2793 una
838 2731 1037 2814 particularis
1057 2732 1201 2794 Ecclesia
1254 2732 1391 2795 cerialis.
1408 2733 1509 2807 Ouum
1529 2753 1605 2816 ergo
1626 2734 1708 2816 Papa
1727 2735 1768 2796 sit
1785 2736 1896 2817 plenus
1912 2735 1987 2799 (lhri-

452 2837 597 2910 respcctu
612 2829 708 2893 totius
722 2829 870 2892 Ecclesia
891 2829 1066 2907 militantis
1084 2831 1123 2892 de
1138 2850 1200 2911 qua
1255 2831 1294 2893 sti
1320 2831 1471 2912 vicarius,
1489 2840 1614 2894 constat
1635 2833 1720 2914 quod
1741 2833 1825 2896 inter
1842 2835 1985 2897 Christum

452 2926 518 2989 sola
532 2927 598 3007 jam
614 2945 717 2990 sermo
733 2936 790 2990 est.
808 2929 928 2990 Addam
948 2947 1023 3009 ergo
1043 2928 1072 2990 ei
1095 2929 1199 2990 adhuc
1256 2929 1287 2991 in
1304 2929 1386 2992 coelo
1401 2938 1586 3011 regnantem
1600 2939 1631 2992 et
1647 2937 1745 2993 totum
1760 2933 1907 3015 populum
1920 2933 1988 2995 chri-

452 3045 548 3088 unam
574 3026 796 3106 particularem
821 3027 1017 3106 Ecclesiam3
1037 3036 1068 3089 et
1093 3029 1235 3090 tament}
1255 3028 1393 3090 stianum
1409 3029 1541 3091 interra
1561 3029 1818 3110 peregrinantem
1838 3031 1928 3094 simul
1945 3052 1988 3093 ac·

451 3126 554 3188 adbuc
569 3144 633 3189 non
649 3126 709 3188 erit
728 3134 791 3189 tota
811 3146 867 3189 seu
887 3127 1077 3191 universalis
1092 3127 1200 3189 Eccle-
1255 3127 1483 3209 ceptum,Papa
1498 3128 1540 3190 sit
1555 3128 1688 3207 medius,
1696 3138 1845 3211 tauquam
1858 3150 1989 3193 summus

451 3223 509 3304 sia,
530 3242 606 3305 ergo
631 3224 856 3305 particularis:
876 3244 948 3287 nam
973 3225 1127 3307 quidquid
1153 3233 1201 3287 cst
1254 3234 1286 3287 et
1314 3225 1428 3305 plenus
1456 3225 1571 3288 Christi
1603 3226 1752 3305 vicarius,
1783 3237 1878 3309 atque
1905 3229 1990 3291 totius
2104 3289 2105 3304 ,

452 3322 538 3385 circa
562 3331 673 3399 tatum,
702 3322 827 3385 videtur
852 3342 921 3385 esse
949 3342 1022 3405 pars
1047 3342 1104 3385 seu
1129 3342 1200 3406 par·
1254 3323 1403 3385 Ecclesia
1438 3332 1550 3402 rector,
1577 3333 1685 3407 pastor
1714 3335 1746 3388 et
1778 3327 1926 3407 pontifex.
1950 3326 1990 3389 ld·
2104 3325 2106 3402 ζ

451 3420 534 3483 tialis
563 3418 708 3482 collectio
737 3420 975 3501 comparatione
1005 3421 1112 3483 totius.
1139 3422 1200 3483 Ad·
1254 3421 1340 3484 circo
1364 3441 1383 3483 a
1406 3421 1483 3484 viris
1508 3422 1674 3486 catholicis
1695 3432 1791 3505 atque
1810 3425 1989 3489 doctissimis
2104 3405 2106 3466 i

451 3519 524 3581 dam
548 3534 623 3597 ergo
642 3515 671 3578 ei
691 3516 858 3579 universas
877 3536 947 3598 qua
964 3526 1083 3580 restant
1103 3519 1200 3599 parti·
1254 3520 1409 3601 theologis
1430 3540 1467 3582 ac
1488 3519 1612 3600 juristis
1626 3522 1709 3603 Papa
1723 3522 1842 3586 dicitur
1862 3544 1928 3586 esse
1945 3542 1989 3584 su·
2104 3527 2105 3588 ᾗ

452 3616 574 3678 culares
589 3615 759 3693 Ecclesias,
777 3634 839 3677 una
855 3624 996 3697 excepta,
1013 3624 1045 3678 et
1059 3636 1198 3697 quaram
1255 3637 1311 3700 pra
1332 3618 1494 3681 hominem
1516 3627 1548 3681 et
1569 3618 1654 3681 infra
1676 3621 1787 3684 Deum.

452 3734 492 3775 an
515 3714 543 3776 ei
566 3713 612 3776 sic
638 3712 734 3775 simul
760 3722 897 3795 accepta
920 3714 1086 3795 praesideat
1105 3714 1196 3796 Papa.
1293 3715 1357 3778 Nec
1381 3725 1488 3778 amen
1512 3737 1550 3779 ex
1573 3716 1623 3779 bis
1645 3719 1798 3799 sequitur,
1815 3728 1851 3782 ut
1869 3719 1988 3801 quidam

451 3810 490 3873 Et
513 3818 643 3893 apparet
670 3811 753 3891 quod
783 3812 857 3892 imo,
884 3812 958 3892 quia
984 3813 1126 3874 nondum
1151 3821 1200 3875 est
1254 3813 1343 3894 quasi
1359 3814 1810 3897 derisibiliterarguunt,quod
1822 3818 1903 3898 Papa
1915 3825 1989 3879 esset
2104 3807 2105 3882 l

453 3908 641 3971 universalis
665 3928 702 3971 ae
727 3916 790 3970 tota
813 3909 967 3971 Ecclesia.
985 3910 1092 3991 ltaque
1115 3930 1198 3993 qua·
1254 3912 1401 3993 pralatus
1417 3921 1448 3975 et
1463 3913 1607 3995 pontifex
1626 3914 1676 3975 sui
1693 3916 1803 3996 ipsius.
1819 3916 1936 3998 Nempe
1949 3917 1988 3978 sic
2104 3901 2105 3970 l

453 4027 531 4085 ram,
548 4026 646 4087 quum
668 4006 750 4088 Papa
772 4008 879 4087 prasit
900 4008 956 4070 toti
974 4008 1026 4069 illi
1048 4008 1198 4073 Ecclesia
1253 4019 1515 4093 argumentantur
1532 4036 1538 4073 :
1555 4012 1601 4074 Ad
1626 4012 1687 4075 hoc
1708 4015 1793 4095 quod
1818 4016 1900 4099 Papa
1920 4035 1990 4097 prae
2104 4051 2106 4088 ;

451 4106 498 4168 sic
517 4113 665 4186 accepta,
682 4105 821 4187 itemque
841 4106 1023 4187 particulari
1048 4106 1199 4170 Ecclesia
1254 4108 1370 4171 sideret
1398 4108 1453 4171 toti
1482 4109 1644 4189 Ecclesia,
1675 4112 1891 4193 requireretur
1915 4113 1990 4195 quod

451 4204 585 4267 residua
601 4222 742 4266 seorsum
758 4212 906 4286 accepta,
914 4223 997 4267 anne
1013 4205 1113 4285 possit
1128 4224 1199 4269 con·
1214 4209 1238 4269 D
1253 4205 1436 4287 prasideret
1453 4206 1612 4287 capitibus
1633 4216 1666 4270 et
1685 4210 1840 4273 membris
1857 4214 1991 4278 omnium

450 4302 520 4365 cedi
535 4303 619 4382 quod
640 4302 746 4383 prasit
766 4301 820 4364 toti
842 4301 888 4363 illi
904 4301 1052 4365 Ecclesia
1072 4310 1103 4365 et
1122 4304 1197 4366 huic
1252 4304 1463 4367 Ecclesiarum
1482 4328 1489 4365 ε
1506 4306 1561 4367 sed
1585 4306 1667 4389 Papa
1690 4326 1755 4371 uon
1780 4312 1926 4391 prasidet
1946 4332 1991 4373 ca·
2104 4341 2105 4370 t

450 4400 595 4477 residua,
612 4400 638 4463 si
653 4400 850 4482 accipiantur
866 4400 1074 4481 conjunctim.
1092 4402 1130 4463 Et
1143 4421 1198 4484 ap·
1252 4402 1309 4484 piti
1324 4403 1472 4465 Romana
1487 4403 1647 4482 Ecclesia,
1664 4405 1740 4485 quia
1758 4407 1819 4471 sibi
1838 4409 1899 4492 ipsi
1922 4429 1991 4491 pra
2104 4405 2106 4450 t

450 4508 540 4581 paret
553 4499 636 4581 quod
653 4498 829 4579 imo:quia
844 4498 1029 4580 conjunctio
1045 4500 1104 4561 ista
1119 4520 1198 4581 pra-
1252 4500 1355 4563 sidere
1377 4519 1441 4562 nou
1462 4509 1576 4583 potest.
1593 4502 1675 4565 Ecce
1697 4522 1793 4585 quam
1816 4508 1937 4589 puerile
1959 4528 1990 4569 ac
2104 4518 2106 4584 ξ

449 4596 560 4661 lationi
584 4616 648 4659 non
673 4596 789 4673 obviat,
807 4597 860 4659 sed
887 4596 988 4678 magis
1013 4599 1194 4678 concordat,
1252 4598 1346 4661 facile
1362 4599 1395 4659 in
1410 4608 1474 4661 tam
1488 4599 1588 4663 ardua
1608 4602 1741 4665 materia
1755 4614 1988 4685 argumentum!
2104 4613 2106 4682 ἶ

450 4716 547 4779 quum
576 4694 718 4778 pralatio
743 4695 803 4757 boc
828 4695 981 4771 intendat,
1000 4702 1033 4757 ut
1059 4696 1194 4777 subjecti
1250 4698 1352 4772 Quum
1374 4698 1461 4760 cuim
1480 4698 1596 4762 dicitur
1614 4701 1695 4783 Papa
1713 4722 1733 4765 a
1752 4705 1871 4768 sanctis
1888 4708 1990 4770 Docte
2104 4684 2106 4696 ¹

450 4795 515 4857 siut
536 4814 634 4856 unum
657 4792 813 4874 spirituali
840 4791 1048 4871 connexione,
1073 4802 1105 4855 et
1130 4803 1196 4857 ten·
1251 4796 1339 4859 ribus
1356 4807 1444 4877 pater
1458 4806 1594 4879 patrum,
1612 4808 1719 4880 pastor
1733 4810 1907 4882 pastorum,
1919 4824 1989 4886 pra
2104 4843 2106 4872 t

450 4896 527 4956 dant
548 4893 586 4955 ad
609 4911 718 4954 unum.
1251 4895 1343 4971 latus,
1360 4915 1475 4976 prases
1499 4904 1531 4959 et
1556 4898 1700 4978 pontifex
1724 4900 1822 4962 totius
1846 4902 1988 4965 Ecclesia
2104 4886 2106 4946 i

489 4994 652 5070 Praeterea,
669 5010 766 5071 quum
789 4990 879 5071 juxta
902 4990 1046 5053 omnium
1072 5001 1195 5055 sancto
1250 5013 1305 5056 seu
1320 4994 1465 5057 omnium
1478 4994 1694 5057 Ecclesiarum
1709 4997 1987 5083 universorumque
2104 5011 2106 5076 ;

449 5110 519 5153 rum
535 5090 659 5152 Patrum
676 5096 768 5169 atque
783 5089 948 5151 doctorum
966 5089 1194 5152 catholicorum
1248 5091 1508 5168 Christianorum,
1534 5092 1606 5173 quis
1634 5112 1697 5155 non
1726 5097 1910 5161 consideret
1934 5100 1987 5161 boc
2104 5109 2106 5156 t

313 5219 433 5259 mna..
448 5192 639 5256 documenta
653 5195 684 5249 ct
703 5186 883 5249 testimonia
898 5187 1105 5269 praiuducta‚
1123 5189 1194 5251 bea-
1248 5190 1311 5251 dici
1337 5198 1431 5270 atque
1455 5190 1590 5272 intelligi
1615 5209 1671 5272 per
1692 5192 1741 5254 sui
1767 5194 1871 5276 ipsius
1891 5199 1988 5261 exclu-
2104 5235 2106 5274 3

448 5288 588 5351 tissimus
608 5286 716 5349 Petrus
735 5292 766 5348 et
785 5284 919 5366 quilibet
938 5286 1008 5366 ejus
1028 5305 1194 5350 successor
1247 5287 1674 5368 sionemtquemadmodum
1690 5290 1772 5353 Deus
1791 5293 1912 5358 dicitur
1929 5317 1988 5359 cre
2104 5319 2106 5326 ·
