4309 6250
470 487 531 551 ἢ
567 503 688 552 coum
708 504 792 549 vmlt
814 501 1074 550 sursusmtottmt
1095 501 1202 555 oureus
1224 498 1314 546 traca
1334 499 1450 546 cutm
1470 501 1543 546 Vlllll
1564 501 1616 547 lllll
1636 501 1788 548 mnarum
1806 517 1846 529 -·
1864 499 1935 546 All'l'.
1956 501 2012 546 llll

470 673 574 756 magia
592 673 734 736 inserant
752 671 981 754 multiplicibus
1003 669 1126 750 laqueis
1148 689 1217 751 per·
1232 671 1256 730 Α
1272 677 1327 730 aut
1351 678 1479 751 propter
1502 669 1652 752 conjugia
1676 669 1838 734 socianda.
1860 669 2010 752 Scriptum

470 771 584 835 nicioai
606 770 733 834 erroris.
1272 775 1319 828 est
1348 767 1433 829 enim
1455 791 1461 828 :
1486 768 1598 830 Omnia
1625 787 1834 850 quaecumque
1859 769 1959 831 tacitis
1980 769 2008 828 in
2033 784 2112 828 straet

510 869 627 932 Omnes
649 869 747 950 igitur
770 876 853 930 artes
876 865 1059 947 hujusmodi
1084 865 1134 928 vel
1160 884 1218 926 nu·
1271 866 1368 928 verbo
1382 873 1437 927 ant
1450 884 1557 947 opere,
1574 867 1680 930 omnia
1694 867 1728 928 in
1744 867 1875 929 nomine
1893 865 2010 929 Domini
2022 850 2047 889 ¹²

469 968 598 1051 gateria
616 967 667 1030 vel
691 967 790 1030 noxia
815 964 1062 1047 superstitionis,
1079 983 1117 1026 ex
1141 981 1217 1044 qua·
1271 963 1369 1026 nostri
1395 963 1468 1026 Jesu
1493 963 1608 1026 Christi
1633 965 1739 1027 tacite.
1757 965 1790 1027 Si
1817 965 1890 1046 quis
1914 972 2010 1026 autem

468 1068 542 1128 dam
557 1065 709 1148 pestilera
736 1065 884 1127 societate
908 1064 1075 1126 hominum
1100 1070 1131 1123 et
1155 1062 1216 1124 dae-
1270 1079 1465 1142 paganorum
1488 1063 1754 1125 consuetudinem
1776 1081 1924 1144 sequens,
1939 1063 2012 1123 divi-

467 1182 599 1226 monum
617 1163 709 1244 quasi
731 1171 823 1245 pacta
845 1161 989 1243 quaedam
1009 1159 1149 1222 inlidelis
1170 1167 1215 1221 at·
1271 1177 1327 1220 nos
1343 1158 1410 1220 sive
1430 1159 1596 1240 sortilegos
1613 1160 1644 1220 in
1660 1161 1790 1224 domum
1814 1179 1904 1222 suam
1925 1159 2011 1221 intre

466 1281 528 1344 qne
554 1262 670 1325 dolosa
699 1259 848 1323 amicitiae
876 1260 1056 1333 constituta,
1087 1258 1213 1339 penitus
1269 1256 1404 1335 duxerit,
1421 1266 1455 1317 ut
1470 1257 1590 1318 malum
1605 1256 1690 1320 loras
1704 1258 1843 1336 mittant,
1857 1266 1912 1320 aut
1925 1258 2011 1318 male-

465 1368 540 1422 sunt
563 1359 760 1441 repudianda
780 1377 817 1420 ac
839 1358 990 1439 fugienda
1014 1355 1210 1419 Christianis.
1268 1351 1345 1414 licia
1360 1353 1596 1431 invenientem
1608 1353 1811 1417 lustrationes
1824 1372 2009 1437 paganomm

463 1457 588 1539 llaligni
615 1457 701 1520 enim
730 1457 872 1538 spiritus,
898 1455 953 1536 qui
981 1454 1129 1535 decipere
1158 1472 1212 1515 vo
1268 1449 1398 1529 iaciant,
1415 1452 1556 1532 quinque
1571 1452 1665 1514 annis
1687 1453 1911 1534 poenitentiam
1932 1461 2007 1532 agat.

463 1555 544 1632 lunt,
562 1556 637 1618 talia
651 1562 823 1635 procurant
837 1554 953 1635 cuique
972 1552 1118 1632 qualibus
1138 1571 1210 1613 eum
1266 1547 1449 1610 Mulierihus
1474 1568 1600 1631 quoque
1628 1551 1812 1612 christianis
1837 1567 1903 1614 non
1924 1551 2009 1612 liceat

462 1652 620 1714 irretitum
639 1671 697 1734 per
716 1651 912 1732 suspiciones
934 1659 965 1712 ct
984 1648 1211 1712 consensiones
1267 1646 1300 1706 in
1316 1648 1381 1708 suis
1396 1647 1548 1710 lanificiis
1565 1649 1737 1711 vanitatem
1757 1649 1896 1730 aliquam
1912 1648 2009 1711 obser-

462 1750 533 1830 ejus
554 1750 676 1812 vident.
1267 1762 1351 1823 vare,
1369 1744 1424 1806 sed
1440 1745 1538 1806 Deum
1559 1745 1709 1808 invocent
1731 1746 1922 1827 adjutorem.
1940 1746 2010 1807 PraeL

1229 1840 1252 1901 B
1266 1848 1352 1902 terea
1366 1842 1399 1902 in
1415 1842 1565 1906 Toletano
1580 1844 1717 1908 concilio
1732 1845 1850 1907 dicitur
1867 1868 1874 1905 :
1893 1843 1925 1906 Si
1946 1844 2008 1925 quis
2029 1856 2087 1898 nea
2099 1871 2111 1901 .·.

646 2002 891 2066 ARTICULUS
914 2001 1011 2064 XVII
1267 1939 1436 2021 episcopus
1451 1949 1505 2003 aut
1521 1941 1686 2022 presbyter
1707 1950 1761 2004 aut
1782 1943 1948 2018 diaconus,
1964 1942 2007 2002 vel
2020 1923 2105 2026 ζξῗζῗ

1015 2050 1022 2062 ·
1265 2037 1457 2118 quicumque
1479 2038 1518 2100 de
1542 2039 1652 2102 ordine
1677 2040 1877 2118 clericorum,
1895 2041 2010 2121 aruspi-

545 2153 593 2211 ορ
615 2151 726 2207 eadem
751 2149 891 2207 materia
914 2168 955 2206 ex
978 2151 1124 2208 Decreco,
1267 2154 1331 2212 ees,
1347 2144 1402 2197 aut
1422 2137 1646 2214 incantatores,
1668 2146 1723 2199 aut
1743 2139 1873 2217 ariolos,
1890 2140 1941 2200 vel
1961 2158 2009 2200 au-

1265 2251 1371 2312 gures,
1396 2234 1463 2295 sive
1488 2235 1665 2315 sortilegos
1690 2244 1745 2298 aut
1767 2236 1889 2316 aliquid
1910 2237 2008 2298 simile

500 2334 645 2398 Nveteri
666 2334 866 2395 Testamento
881 2340 1069 2395 consuetum
1093 2331 1151 2394 luit
1172 2351 1207 2393 ac
1265 2339 1459 2410 exercentes,
1489 2332 1688 2395 consuluisse
1717 2334 1813 2396 luerit
1839 2334 2009 2416 deprehen-

513 2433 638 2496 licitum
657 2431 797 2494 sortibus
822 2431 881 2508 uti,
904 2438 939 2492 ut
958 2438 1044 2511 patet
1068 2430 1101 2491 in
1127 2429 1208 2493 libro
1265 2448 1330 2506 sus,
1348 2430 1387 2492 ab
1406 2429 1526 2492 honore
1552 2451 1617 2492 suae
1637 2431 1801 2511 dignitatis
1827 2451 2006 2514 suspensus,

326 2553 445 2606 amne,
460 2530 564 2608 losue,
579 2529 745 2612 primoque
760 2528 889 2609 Regum.
903 2528 1097 2608 Augustinus
1112 2528 1207 2589 etiam
1264 2528 1446 2590 monasterii
1472 2547 1580 2590 curam
1606 2529 1753 2611 accipiat,
1781 2531 1890 2611 ibique
1915 2532 2008 2614 poeni-

312 2617 445 2723 {3¹¹¹‘l'’
461 2629 505 2691 ait
521 2653 528 2691 ε
545 2630 619 2691 Sors
635 2645 699 2690 nou
715 2635 763 2688 est
776 2625 898 2706 aliquid
920 2626 1006 2702 mali,
1024 2626 1079 2688 sed
1103 2645 1152 2687 res
1174 2625 1206 2687 in
1228 2705 1233 2715 ·
1263 2627 1369 2688 tentlae
1387 2635 1546 2708 perpetua
1561 2628 1696 2706 deditus,
1720 2629 1824 2691 scelus
1843 2649 1937 2692 suum
1953 2631 2007 2692 sol·

339 2711 345 2725 ⁸
459 2726 621 2790 dubietate
648 2725 788 2786 humana
811 2723 953 2786 divinam
982 2723 1128 2785 indicans
1153 2742 1208 2785 vo
1262 2733 1325 2785 vat.
1357 2725 1392 2786 ln
1425 2725 1596 2805 Agathensi
1630 2726 1760 2788 demum
1794 2729 1933 2793 concilio
1965 2739 2005 2791 est
2020 2751 2098 2792 mnu

460 2821 1206 2904 luntatem.Curergononlicetnuncsortibus
1263 2829 1414 2884 statutum
1428 2831 1463 2884 ut
1478 2821 1584 2885 clerici
1600 2833 1631 2886 et
1644 2823 1718 2886 laici
1735 2826 1794 2888 ista
1808 2837 1951 2907 agentes,
1971 2829 2007 2890 ab
2113 2817 2114 2842 ³

459 2922 505 2984 uti
522 2931 585 2984 tam
601 2921 720 3003 passim
736 2921 819 2982 sicut
832 2920 865 2981 in
881 2921 951 3001 lege
966 2920 1098 3001 lloysisl
1261 2920 1403 2982 Ecclesia
1424 2920 1602 2983 habeantur
1621 2924 1774 2986 extranei.

498 3021 544 3081 Ad
559 3020 620 3082 hoc
634 3018 800 3082 Gratianus
821 3018 989 3098 respondet
1005 3018 1037 3079 in
1053 3018 1203 3098 Decretis,
1221 3015 1243 3078 G
1302 3018 1395 3080 Multa
1409 3019 1459 3079 his
1475 3019 1592 3082 similia
1612 3020 1644 3082 in
1665 3022 1865 3104 praeallegato
1888 3025 2004 3088 llecreti

325 3142 409 3189 nam.
421 3160 444 3201 p,
459 3137 555 3181 causa
568 3115 608 3181 26
625 3141 632 3179 :
649 3118 729 3179 Ante
744 3116 934 3198 evangelicae
957 3117 1034 3197 legis
1055 3117 1206 3198 praedica·
1262 3115 1332 3180 loco
1347 3137 1385 3179 ex
1404 3117 1558 3180 institutis
1579 3120 1776 3199 generalium
1799 3123 2004 3187 conciliorum

310 3212 445 3325 'gfff-²¹⁶·
460 3217 578 3279 tionem
600 3215 700 3277 multa
720 3215 985 3297 permittebantur
1005 3233 1075 3294 quae
1096 3223 1206 3297 postea
1261 3224 1355 3295 atque
1370 3235 1567 3279 summorum
1588 3218 1780 3281 Pontificum
1803 3220 2006 3285 introducun-

363 3304 368 3322 '
395 3303 400 3315 ’
429 3303 435 3315 ’
459 3322 583 3377 exstant
596 3312 766 3395 prohibita.
780 3312 831 3373 Sic
846 3320 878 3373 et
892 3312 1029 3374 sortibus
1044 3312 1124 3374 nihil
1140 3333 1205 3374 ma·
1261 3320 1323 3375 tur.
1334 3313 1389 3376 Ubi
1404 3322 1436 3375 et
1450 3315 1600 3377 Martinus
1615 3316 1697 3397 Papa
1712 3318 1758 3380 sic
1773 3320 1816 3380 ait
1829 3344 1836 3380 :
1850 3318 1920 3384 Non
1937 3322 2005 3383 licet
2025 3346 2061 3388 ran
2076 3344 2102 3397 q:

458 3412 481 3475 li
507 3412 611 3474 inesse
635 3410 813 3475 ostenditur
839 3434 845 3471 :
870 3410 1079 3491 prohihentur
1099 3419 1204 3473 tamen
1262 3412 1294 3473 in
1320 3411 1424 3493 aliqua
1454 3412 1606 3494 religione
1634 3414 1759 3495 iniquas
1788 3413 2069 3483 observantias‘·¹³·

457 3510 621 3590 fidelibus,
638 3528 679 3571 ne
700 3508 760 3571 suh
783 3508 843 3571 hac
868 3508 973 3589 specie
997 3509 1205 3572 divinationis
1260 3529 1353 3591 agere
1378 3510 1596 3589 Calendarum,
1618 3532 1678 3575 nce
1703 3514 1776 3577 otiis
1803 3536 1927 3597 vacare,
1950 3538 2003 3581 nee

456 3608 495 3671 ad
511 3607 658 3688 antiquos
673 3605 857 3669 idololatriae
871 3606 1002 3668 redeant
1015 3607 1131 3668 cultus.
1148 3608 1206 3669 De·
1260 3608 1350 3671 lauro
1371 3617 1426 3671 aut
1445 3609 1603 3672 viriditate
1628 3613 1776 3675 arhomm
1800 3614 1931 3697 cingere
1955 3618 2005 3679 do

457 3704 555 3787 nique
578 3704 611 3766 in
635 3705 764 3767 decreto
787 3701 929 3785 Gregorii
953 3703 1087 3766 minoris
1110 3703 1206 3766 habe·
1261 3725 1345 3784 m0s;
1361 3706 1466 3770 omnis
1481 3708 1568 3769 enim
1583 3709 1763 3773 observatio
1783 3712 1851 3775 haec
1870 3734 2006 3797 pagano

318 3820 374 3864 ma
386 3832 408 3875 q.
422 3822 443 3872 a,
457 3812 509 3865 tur
540 3825 547 3864 :
578 3802 610 3864 si
638 3801 710 3883 quis
738 3799 855 3863 ariolos
882 3807 936 3862 aut
963 3802 1126 3882 aruspices
1154 3805 1205 3864 vel
1260 3823 1331 3866 rum
1346 3813 1403 3867 est.
1421 3805 1472 3867 xit
1487 3806 1561 3868 item
1581 3808 1748 3871 Zacharias
1771 3811 1915 3892 Papa:Si
1937 3816 2005 3894 quis
2017 3834 2107 3875 ranan

311 3895 331 3927 ⁰·
345 3886 366 3925 ¹·
458 3901 672 3964 incantatores
694 3898 921 3976 observaverit,
942 3898 975 3960 id
998 3908 1056 3977 est,
1078 3910 1205 3963 secutus
1260 3902 1412 3966 Calendas
1426 3904 1564 3966 lanuarii
1588 3906 1650 3967 ritu
1672 3926 1867 3988 paganorum
1890 3913 2004 3992 colere,

458 3997 555 4061 luerit
575 4017 611 4061 ac
635 3996 682 4060 eis
707 3996 889 4076 intenderit,
910 3996 1078 4059 anathema
1103 3998 1205 4060 sitin
1259 4001 1309 4063 vel
1332 4002 1452 4081 aliquid
1475 4002 1546 4083 plus
1571 4004 1646 4066 novi
1670 4004 1776 4067 lacere
1801 4018 1933 4091 propter
1955 4030 2005 4073 an-

457 4094 597 4177 generali
613 4113 739 4176 quoque
753 4095 891 4175 quodam
906 4094 1043 4156 concilio
1063 4097 1205 4158 contine·
1260 4118 1336 4160 num
1352 4118 1482 4179 novum,
1499 4109 1554 4162 aut
1572 4120 1699 4164 mensas
1714 4123 1787 4171 cnm
1806 4106 1942 4188 dapibus
1957 4109 2002 4171 vel

329 4206 383 4251 rura.
394 4209 442 4252 aa.
457 4202 509 4255 tur
530 4216 537 4255 ι
558 4192 615 4267 Qui
636 4192 829 4255 divinatores
854 4199 1006 4274 expetunt
1028 4201 1060 4255 et
1083 4212 1203 4256 morem
1220 4204 1244 4264 D
1260 4197 1369 4278 epulas
1386 4198 1419 4259 in
1434 4198 1580 4260 domibus
1595 4218 1782 4282 praeparare,
1796 4211 1827 4265 et
1846 4208 2004 4285 pervices

456 4290 624 4373 gentilium
641 4289 888 4370 subsequuntur,
897 4290 947 4352 vel
962 4290 995 4351 in
1010 4291 1120 4354 domos
1132 4312 1204 4354 suas
1260 4302 1291 4356 et
1305 4296 1425 4375 plateas
1440 4296 1604 4359 cantiones
1620 4305 1652 4360 et
1670 4298 1783 4362 choros
1800 4302 1919 4365 ducere
1930 4324 2005 4386 prae

455 4389 640 4471 hujusmodi
668 4387 815 4451 homines
850 4388 1066 4468 introducunt,
1096 4391 1205 4471 exqui-
1260 4394 1441 4474 sumpserit,
1458 4394 1625 4457 anathema
1640 4396 1689 4458 sit.
1703 4398 1846 4479 Denique
1860 4402 2004 4482 Augusti·
2112 4436 2113 4491 p

456 4486 546 4549 rendi
578 4485 698 4566 aliquid
727 4494 794 4547 arte
823 4485 946 4566 magica
973 4493 1028 4547 aut
1056 4487 1203 4568 expiandi
1259 4510 1318 4552 nus
1336 4514 1343 4551 ε
1360 4492 1558 4554 Admoneaut
1576 4491 1705 4573 (inquit)
1725 4494 1839 4559 fideles
1861 4501 2004 4563 sacerdo
2017 4520 2075 4563 ιω(
2090 4492 2113 4557 a

455 4602 561 4663 causa,
579 4581 639 4644 sub
655 4580 762 4663 regula
776 4580 987 4662 quinquennii
1003 4582 1077 4660 sint,
1091 4603 1203 4645 secun·
1259 4598 1305 4651 tes
1334 4589 1477 4651 subditos
1505 4610 1590 4668 soca,
1622 4600 1656 4653 ut
1688 4595 1836 4657 noverint
1863 4600 2002 4679 magicas
2018 4588 2044 4625 '⁶'

453 4682 531 4744 dum
545 4681 661 4761 gradus
677 4679 872 4761 poessllessliae
893 4678 1054 4743 definitos·
1070 4682 1203 4762 Insuper
1258 4696 1341 4749 artes
1356 4687 1647 4769 incantationesque
1661 4690 1857 4771 quibuslibet
1871 4696 2003 4760 infirmi-

320 4790 374 4835 um
388 4804 407 4835 e.
418 4796 438 4837 a.
454 4779 489 4842 in
504 4778 641 4841 concilio
655 4776 776 4839 Martini
798 4776 888 4857 Papae
909 4778 955 4840 sic
977 4779 1116 4859 legitur:
1133 4780 1201 4842 Non
1258 4784 1372 4846 tatibus
1388 4784 1553 4848 hominum
1569 4786 1650 4849 nihil
1671 4808 1764 4870 posse
1787 4791 1935 4857 conferre
1958 4816 2003 4857 rc

454 4875 550 4939 liceat
563 4874 750 4938 Christianis
765 4883 873 4937 tencre
896 4876 1079 4939 traditiones
1101 4878 1202 4959 genti·
1257 4883 1366 4961 medii,
1382 4902 1441 4946 nec
1457 4884 1552 4945 etiam
1568 4884 1760 4949 animalibus
1777 4888 2002 4971 languentibus

453 4974 543 5053 lium,
553 4982 585 5036 et
598 4973 767 5036 observare
781 4973 832 5035 vel
849 4974 953 5036 colere
968 4975 1136 5055 elementa,
1147 4985 1202 5038 aut
1257 4981 1549 5044 claudicantibusve
1564 4992 1618 5045 aut
1632 4983 1842 5065 moribundis,
1860 4991 1916 5051 sed
1937 4991 2000 5053 hcc

451 5073 536 5135 lunae
565 5071 614 5134 vel
643 5070 808 5133 stellarum
836 5091 959 5151 cursus,
989 5081 1043 5135 aut
1070 5074 1199 5137 inanem
1256 5099 1325 5141 esse
1341 5080 1470 5159 laqueos
1485 5088 1579 5162 atquc
1594 5082 1727 5145 insidias
1742 5084 1841 5148 hostis
1855 5090 1999 5170 antiqui:

450 5171 615 5253 signorum
640 5168 813 5247 fallaciam,
839 5188 897 5251 pro
922 5171 1017 5233 domo
1038 5170 1196 5252 iacienda,
1255 5186 1286 5239 et
1307 5177 1333 5238 si
1354 5177 1425 5257 quis
1443 5176 1510 5240 haec
1532 5180 1718 5260 exercuerit,
1735 5182 1761 5243 si
1784 5182 1922 5249 clericus
1943 5197 1999 5267 est,

450 5269 501 5334 vel
516 5276 645 5352 propter
665 5276 789 5348 segetes
806 5268 975 5331 arboresve
996 5268 1195 5352 plantandas,
1254 5276 1457 5355 degradetur;
1470 5277 1495 5337 si
1511 5277 1621 5355 laicus,
1638 5281 1933 5348 anathematizetur.
1947 5287 2002 5349 lte
