4309 6250
432 507 472 556 li!
492 507 655 556 oronnam
678 507 714 552 FF
735 503 883 552 munibus
905 504 931 549 ll.
956 503 984 549 F.
1007 502 1125 560 lhllffl,
1147 503 1236 550 blm
1256 503 1278 550 l.
1300 523 1341 534 -
1361 503 1430 550 altr.
1453 503 1516 550 ΧΠ
1711 481 1751 548 57

240 679 349 744 Refert
364 679 475 744 beatus
490 688 522 743 et
535 676 769 744 illustrissimus
790 675 947 753 Clemens,
967 675 991 740 A
1009 675 1153 757 pucritiae
1167 675 1248 758 ejus,
1265 677 1392 758 quando
1406 683 1558 740 ereatura
1576 675 1756 739 servierunt

201 780 286 862 quod
319 780 396 842 dum
424 778 582 861 gloriosus
610 777 759 861 princeps
787 775 953 857 Apostolo-
1007 775 1035 837 ei
1057 784 1092 838 ut
1109 774 1243 839 creatori
1263 794 1342 853 suo;
1358 775 1486 858 quando
1505 774 1590 838 idola
1612 774 1757 838 obmutu-

203 896 274 940 rum
303 875 412 940 Petrus
447 884 518 959 post
544 875 657 940 Christi
687 873 950 938 resurrectionem
1008 883 1101 936 erunt
1121 882 1154 936 et
1171 873 1310 957 plurima
1332 880 1521 938 corruerunt
1543 874 1583 936 ad
1608 874 1680 954 ejus
1702 873 1757 934 ad·

205 975 430 1038 recordabatur
465 973 659 1038 dulcissima
700 969 951 1036 conversationis
1008 981 1139 1034 ventum
1154 974 1188 1034 in
1203 973 1351 1056 AEgypto3
1367 974 1494 1054 quando
1508 972 1589 1054 hfagi
1605 972 1757 1056 predixe-

203 1073 316 1136 Ghristi
341 1091 450 1136 secum
475 1073 600 1151 habitas,
616 1071 764 1135 lacrimas
789 1069 952 1133 continere
1008 1080 1083 1133 runt
1102 1071 1218 1134 Filium
1237 1091 1344 1134 meum
1365 1089 1554 1154 magnomm
1575 1071 1755 1135 futurorum

205 1170 361 1252 nequivit.
379 1171 410 1232 Si
427 1179 491 1233 tam
507 1170 645 1234 dulciter
658 1169 801 1232 Christus
817 1167 849 1230 in
867 1167 950 1230 virili
1007 1170 1160 1234 exsistere
1188 1169 1337 1251 signum3
1363 1171 1491 1252 quando
1518 1177 1550 1232 et
1578 1169 1756 1232 ministeria

203 1277 295 1332 astate
310 1288 382 1332 cum
397 1268 555 1351 Apostolis
570 1267 866 1348 versabatur,quam
882 1285 952 1329 sua·
1007 1267 1194 1348 angelorum
1208 1286 1391 1348 supereum
1406 1276 1640 1348 apparuerunt3
1656 1286 1756 1348 quan-

205 1367 335 1429 vissimc
351 1366 430 1430 vixit
448 1386 521 1430 cum
543 1379 600 1428 sua
619 1364 825 1429 dilectissima
843 1363 950 1442 ldatre,
1007 1367 1048 1429 do
1067 1384 1128 1428 nec
1146 1365 1253 1446 aliqua
1272 1365 1474 1428 immunditia
1492 1365 1637 1429 ascendit
1659 1385 1757 1448 super

205 1465 378 1548 presertim
412 1465 446 1527 in
480 1465 615 1546 pueritia
650 1467 728 1526 sual
757 1461 888 1545 Nempe,
918 1469 952 1524 ut
1007 1483 1093 1541 eum,
1119 1483 1179 1527 nec
1204 1463 1393 1545 perplexitas
1417 1464 1450 1526 in
1469 1463 1593 1545 capillis
1611 1463 1683 1545 ejus
1701 1482 1758 1545 ap·

36 1583 72 1624 rs.
87 1597 145 1634 ιιιι,
166 1587 189 1627 a.
204 1563 299 1626 lsaias
315 1563 470 1644 praedixit,
482 1581 547 1626 non
562 1571 630 1626 erat
644 1561 756 1641 tristis,
769 1580 828 1624 nec
844 1560 952 1622 turbu·
1008 1562 1124 1646 paruit.
1154 1561 1260 1640 Porro,
1289 1581 1387 1644 quum
1416 1563 1505 1626 venit
1531 1564 1569 1625 ad
1600 1561 1754 1643 majorem

205 1661 321 1724 lentus.
338 1661 411 1724 Erat
429 1680 504 1724 vero
528 1660 753 1724 disertissimus
778 1667 809 1722 et
833 1657 952 1722 suavis·
1006 1669 1142 1738 etatem,
1163 1659 1197 1722 in
1221 1659 1418 1723 orationibus
1441 1668 1509 1722 erat
1531 1659 1703 1738 continuis,
1724 1667 1757 1722 ct

204 1758 287 1822 sima
311 1759 477 1822 decoratus
504 1757 664 1836 facundia,
689 1755 951 1836 delectabilisque
1007 1759 1160 1822 obediens
1174 1758 1319 1822 ascendit
1333 1759 1501 1822 nobiscum
1523 1760 1558 1822 in
1579 1757 1754 1821 Jerusalem
1769 1775 1897 1826 amicta

203 1856 328 1935 alfatu;
344 1875 403 1920 nec
418 1855 588 1920 verborum
604 1855 675 1937 ejus
690 1853 866 1937 sapientiali
883 1852 951 1914 dul·
968 1859 991 1921 B
1007 1859 1045 1922 ad
1062 1857 1143 1920 festa
1157 1865 1283 1919 statuta.
1300 1857 1397 1937 Cujus
1412 1857 1499 1921 visus
1521 1865 1616 1938 atoue
1637 1856 1755 1920 locutio

205 1955 319 2018 ccdine
335 1953 563 2034 benignissima
578 1954 673 2017 hlater
688 1961 810 2035 poterat
831 1950 949 2014 satiari.
1007 1956 1054 2018 sic
1076 1954 1230 2017 mirabilis
1250 1953 1321 2032 fuit,
1336 1963 1371 2016 ut
1390 1955 1481 2017 multi
1506 1955 1645 2018 tribulati
1672 1954 1757 2016 inter

45 2071 188 2120 mansi.
246 2053 379 2135 lnsuper
392 2051 538 2115 subditus
553 2050 614 2114 fuit
633 2051 866 2133 promptissime
887 2058 951 2112 tam
1008 2051 1357 2116 sedicerentzliamus
1376 2053 1416 2115 ad
1434 2052 1553 2132 lesum,
1570 2052 1675 2114 filium
1695 2052 1756 2114 hla-

205 2149 333 2232 optimre
347 2149 434 2212 ldatri
448 2167 544 2230 quam
560 2149 630 2231 ejus
652 2149 808 2212 ministro.
825 2149 879 2210 Est
899 2148 954 2210 de-
1008 2151 1074 2230 riae,
1090 2170 1109 2212 a
1132 2168 1197 2232 quo
1220 2169 1389 2232 possumus
1414 2149 1582 2213 consolari.
1604 2151 1876 2214 crescensionis.

206 2267 294 2310 mum
310 2247 483 2330 probabile,
500 2247 584 2328 quod
606 2247 747 2310 studiose
768 2265 804 2309 ac
826 2245 954 2308 docilis·
1007 2267 1084 2312 vero
1098 2256 1187 2310 aare
1202 2256 1233 2310 et
1247 2247 1391 2325 scientia,
1407 2267 1469 2329 qua
1483 2248 1524 2311 ab
1538 2248 1627 2311 initio
1643 2248 1756 2329 plenus

205 2345 288 2408 sima
302 2345 410 2426 Virgo,
428 2346 532 2408 sciens
548 2345 734 2427 sapientiam
750 2343 818 2406 Filii
841 2344 901 2424 sui,
920 2344 951 2405 in
1007 2355 1086 2423 erat,
1113 2346 1276 2410 laborabat
1303 2346 1452 2409 manibus
1474 2345 1542 2408 suis
1566 2346 1757 2427 quandoque

35 2460 190 2512 caunas.
205 2462 271 2525 quo
290 2453 421 2508 novarat
439 2462 551 2507 omnes
571 2443 733 2526 sapientie
752 2461 789 2506 ao
813 2442 953 2506 scientim
1007 2465 1045 2509 ca
1063 2463 1135 2527 que
1153 2451 1244 2506 erant
1261 2444 1429 2522 decentia;
1445 2453 1477 2506 et
1495 2445 1684 2526 loquebatur
1702 2463 1759 2507 no-

206 2541 372 2604 thesauros
387 2561 457 2604 essa
471 2541 686 2618 absconditos,
704 2541 768 2604 imo
782 2559 877 2622 quem
893 2539 954 2602 sci·
1007 2543 1058 2607 bis
1072 2541 1243 2623 separatim
1259 2543 1357 2605 verba
1371 2542 1587 2605 consolatoria
1608 2550 1638 2604 et
1660 2542 1758 2605 verba

205 2641 253 2702 vit
281 2640 493 2704 essentialiter
517 2640 691 2721 sapientem
716 2648 747 2701 et
770 2638 872 2720 ipsam
900 2639 954 2700 Sa·
1008 2640 1150 2719 Deitatis,
1172 2640 1216 2702 ita
1240 2648 1275 2702 ut
1299 2639 1456 2702 indicibili
1480 2639 1597 2721 gaudio
1621 2641 1759 2722 replere-

206 2739 360 2820 pientiam
375 2757 456 2816 esse,
468 2737 676 2819 interrogavit
690 2755 762 2798 eum
777 2737 817 2799 de
833 2735 952 2814 multis,
1008 2757 1091 2800 mur.
1108 2738 1208 2813 Quum
1224 2755 1300 2800 vero
1322 2738 1355 2800 in
1377 2745 1572 2820 paupertate,
1589 2738 1758 2800 timoribus

206 2845 239 2898 et
266 2835 521 2899 informationem
550 2835 590 2898 ab
619 2835 687 2916 ipso
716 2833 865 2915 suscepit.
896 2833 953 2908 Oui
1008 2835 1317 2916 difficultatibusque
1341 2855 1495 2912 essemus,
1512 2855 1577 2898 non
1601 2835 1680 2898 fecit
1703 2853 1759 2898 no-

206 2953 308 3015 usque
322 2934 361 2997 ad
377 2933 575 2996 tricesimum
595 2933 723 2996 circiter
742 2951 859 2994 annum
881 2951 953 2994 cum
1008 2934 1058 2996 bis
1072 2953 1184 2997 aumm
1199 2942 1230 2996 ct
1244 2941 1423 3015 argentum,
1439 2935 1494 2996 sed
1514 2934 1698 2998 hortabatur
1718 2935 1757 2996 ad

206 3051 264 3095 sua
291 3039 504 3094 commoratus
533 3039 582 3094 est
609 3029 869 3112 tranquillissima
898 3031 953 3092 lla·
970 3033 992 3097 C
1010 3031 1206 3113 patientiam,
1231 3039 1263 3094 et
1286 3031 1476 3094 mirabiliter
1500 3031 1682 3113 praeservati
1707 3051 1759 3094 su·
1816 3085 1823 3096 .

206 3140 265 3207 tre,
282 3130 332 3193 cui
355 3130 496 3193 universi
518 3148 634 3207 mores,
650 3130 807 3209 incessus,
823 3128 952 3205 affatus,
1009 3149 1081 3192 mus
1105 3130 1145 3193 ab
1168 3131 1303 3193 aemulis.
1329 3130 1515 3194 Necessaria
1543 3139 1759 3212 provenerunt

206 3230 376 3310 adspectus
399 3237 431 3290 et
450 3236 540 3290 actus
564 3227 611 3289 sui
638 3225 860 3308 precarissimi
885 3226 953 3289 Filii
1009 3229 1102 3291 nobis
1127 3248 1166 3291 ex
1190 3228 1313 3311 piarum
1338 3230 1494 3291 mentium
1522 3230 1755 3312 compassione,

205 3334 297 3390 erant
311 3344 435 3389 summe
454 3325 590 3407 accepti,
608 3324 715 3406 placiti
739 3344 775 3387 ac
796 3325 928 3405 jucundi
944 3348 952 3403 3
1008 3326 1199 3407 quandoque
1213 3345 1251 3388 ex
1265 3335 1374 3389 nostro
1390 3326 1509 3390 labore.
1525 3328 1598 3391 Post
1616 3328 1683 3390 brac
1703 3348 1759 3390 au·

125 3458 189 3487 aa.
206 3444 387 3507 quanquam
402 3426 584 3505 (attactum
604 3432 652 3485 ast
670 3424 779 3503 supra)
800 3422 955 3485 affectuo-
1007 3432 1072 3487 tem
1089 3424 1273 3487 conferebat
1287 3424 1386 3486 Filius
1405 3444 1496 3487 meus
1515 3425 1549 3487 in
1567 3426 1663 3489 domo
1684 3444 1756 3488 cnm

204 3523 330 3586 sissima
349 3530 444 3603 atque
466 3522 611 3605 piissima
625 3520 721 3603 Virgo
743 3520 886 3583 vicissim
908 3520 955 3584 af·
1009 3521 1253 3584 advenientibus
1273 3521 1386 3584 amicis
1411 3522 1612 3586 familiariter
1629 3524 1669 3585 de
1688 3523 1758 3604 lege

205 3620 295 3684 flicta
309 3620 402 3683 sitae
417 3620 589 3701 plurimum
606 3620 791 3683 contristata
805 3638 894 3681 suum
910 3620 955 3681 Fi·
1009 3620 1126 3700 atejus
1141 3618 1435 3701 significationibus
1453 3628 1485 3683 et
1504 3620 1629 3702 figuris.
1645 3620 1759 3703 Dispu-

206 3718 283 3781 lium
310 3718 474 3797 intuendo,
495 3736 534 3781 ex
558 3718 814 3781 consideratione
839 3718 954 3780 future
1009 3718 1096 3780 tabat
1116 3736 1244 3799 quoque
1268 3736 1341 3779 cum
1366 3718 1563 3800 sapientibus
1587 3718 1758 3799 aliquando

205 3817 363 3899 passionis
384 3816 485 3897 ipsius
502 3839 510 3877 ε
527 3816 578 3879 cui
600 3816 703 3878 nihilo
725 3816 829 3877 minus
851 3815 952 3880 dolori
1010 3816 1042 3877 in
1058 3824 1178 3897 aperto,
1195 3816 1240 3878 ita
1254 3824 1289 3878 ut
1303 3816 1505 3895 mirarentur,
1517 3817 1659 3879 dicentes
1676 3840 1683 3876 :
1700 3816 1758 3879 Ec-

205 3934 313 3977 rursus
329 3912 505 3977 consolatio
519 3912 580 3976 fuit
594 3913 743 3990 admixta,
757 3932 794 3975 ax
810 3913 955 3975 conside-
1010 3933 1046 3977 ce
1066 3914 1156 3976 filius
1174 3914 1289 3995 loseph
1313 3915 1406 3977 docet
1430 3914 1620 3995 magistros3
1642 3914 1758 3996 aliquis

204 4013 327 4075 ratione
343 4012 585 4075 resurrectionis
600 4010 670 4073 Filii
686 4012 734 4073 sui
750 4021 781 4075 et
801 4012 954 4093 copiosis-
1010 4031 1144 4093 magnus
1168 4012 1300 4094 spiritus
1326 4012 1466 4093 loquitur
1490 4012 1523 4073 in
1548 4032 1597 4076 eo·
1613 4013 1756 4095 Insuper,

204 4112 276 4173 simi
304 4110 428 4173 fructus
456 4128 522 4171 sum
551 4108 707 4172 salvificae
736 4108 904 4191 passionis.
929 4110 952 4171 0
1010 4118 1072 4172 tam
1095 4111 1248 4173 obediens
1272 4111 1343 4185 fuit,
1360 4119 1395 4173 ut
1418 4130 1516 4191 quum
1541 4111 1657 4193 loseph
1682 4131 1757 4173 casu

204 4207 465 4289 incomparabilis
490 4206 749 4288 praeelectissima
772 4207 813 4270 ab
835 4216 952 4269 eterno
966 4208 993 4275 D
1008 4209 1129 4270 diceret
1143 4208 1185 4285 ei,
1196 4210 1255 4270 Fac
1272 4209 1332 4271 hoc
1348 4217 1401 4271 aut
1415 4209 1587 4288 illud,mox
1602 4210 1755 4272 faciebat:

204 4307 310 4384 llario,
326 4308 366 4369 ad
386 4306 468 4368 hanc
488 4304 785 4385 familiarissimam,
802 4305 953 4368 suavissi·
1008 4306 1083 4387 quia
1098 4308 1143 4369 sio
1157 4306 1331 4369 occultavit
1345 4326 1410 4370 snae
1424 4308 1551 4371 deitatis
1570 4308 1755 4390 potentiam,

204 4424 300 4483 mam,
315 4404 568 4481 saluberrimam,
581 4404 774 4480 diuturnam,
785 4404 954 4466 amorosis-
1008 4412 1041 4465 ut
1067 4403 1129 4465 nisi
1148 4424 1167 4466 a
1186 4424 1237 4467 me
1256 4413 1288 4467 et
1307 4406 1496 4487 quandoque
1515 4426 1534 4468 a
1552 4406 1667 4487 loseph
1683 4406 1757 4469 sciri

203 4504 318 4565 simam
347 4522 383 4565 ac
412 4510 588 4564 maternam
616 4500 846 4565 habitationem
879 4520 951 4563 cum
1008 4520 1071 4565 non
1088 4511 1205 4583 posset.
1221 4503 1278 4578 Oui
1294 4503 1433 4566 vidimus
1448 4505 1555 4567 lumen
1570 4505 1757 4568 admirabile

206 4603 271 4665 Deo
293 4602 457 4664 incarnato
479 4600 709 4681 praeordinata!
1008 4619 1082 4662 eum
1097 4601 1258 4664 multoties
1273 4601 1537 4679 circumfulsisse,
1550 4610 1582 4665 et
1595 4603 1757 4685 angelicas

244 4701 323 4763 Hinc
346 4698 379 4762 in
400 4698 657 4761 Revelationibus
673 4698 704 4761 S.
721 4698 860 4780 Brigittaa
882 4697 953 4761 feli·
1008 4717 1104 4762 voaes
1118 4718 1301 4781 supereum
1317 4709 1481 4763 cantantes
1496 4702 1686 4764 audivimus.
1705 4702 1757 4764 Vi-

203 4800 333 4861 cissima
356 4798 448 4879 virgo
472 4796 568 4860 hlaria
591 4797 630 4858 ad
656 4796 757 4878 ipsam
787 4796 951 4878 Brigittam
1008 4798 1114 4859 dimus
1138 4798 1227 4876 item,
1253 4800 1337 4879 quod
1363 4798 1494 4880 spiritus
1519 4799 1675 4860 immundi
1700 4799 1755 4879 qui

203 4897 305 4961 femur
319 4897 424 4960 locuta
441 4918 448 4956 :
465 4894 555 4957 Nunc
569 4913 711 4976 quaerere
730 4894 860 4977 potaris,
876 4896 950 4975 quid
1008 4914 1065 4976 per
1079 4895 1250 4957 exorcistas
1266 4895 1298 4956 in
1315 4896 1384 4976 lege
1400 4904 1507 4959 nostra
1521 4896 1668 4976 probatos
1680 4896 1756 4978 ejici

201 4994 303 5076 egerit
325 4992 426 5055 Filius
453 5012 544 5055 meus
568 4992 601 5055 in
625 5000 691 5057 toto
717 5002 858 5073 tempore
887 5012 952 5055 suae
1008 5012 1071 5055 non
1097 4992 1255 5070 valebant,
1282 4993 1528 5074 egrediebantur
1550 4995 1589 5056 ad
1619 5014 1757 5077 presan-

200 5093 303 5156 aatatis
339 5100 507 5172 antequam
544 5098 713 5171 pateretur.
752 5090 949 5171 despondeo,
1008 5091 1084 5151 tiam
1106 5090 1179 5153 Filii
1201 5090 1276 5153 mei.
1293 5091 1364 5152 flac
1386 5090 1443 5153 ibi.

48 5220 104 5265 ru,
119 5234 141 5271 u,
151 5224 186 5264 51,
200 5192 286 5275 quod
301 5190 398 5271 (sicut
412 5189 552 5271 loquitur
565 5188 786 5271 Evangelium)
806 5187 951 5251 subditus
1046 5188 1211 5267 Praeterea,
1232 5191 1317 5269 quod
1342 5189 1376 5251 in
1395 5191 1456 5253 hac
1476 5190 1669 5253 revelatione
1689 5191 1755 5270 jam

200 5297 270 5355 erat
293 5287 491 5372 parentibus.
508 5286 571 5351 Nec
598 5286 758 5351 mirabilia
779 5284 952 5352 defuerunt
1007 5296 1127 5352 tactum
1142 5295 1201 5365 est,
1217 5289 1302 5369 quod
1317 5287 1459 5351 Christus
1480 5308 1579 5371 quum
1598 5289 1638 5352 ad
1656 5289 1757 5369 maio-
