4309 6250
445 480 507 547 tm
544 501 585 548 ns
604 499 812 549 lumomrsrn
833 502 927 549 snm
946 502 1120 550 romrrrcrs-
1132 502 1170 549 nr
1190 502 1359 549 osnsnsns
1380 501 1521 564 concurr,
1544 501 1632 549 umen
1653 502 1672 547 ι.
1695 520 1737 531 -
1756 502 1827 547 aar.
1850 500 1921 547 xxix

446 671 569 735 ordinis
601 671 844 752 Melchisedech,
874 675 995 737 ratione
1028 673 1193 755 dignitatis
1208 676 1234 737 Α
1249 682 1380 756 queunt,
1415 674 1671 755 congregandum
1707 673 1975 754 celebrandumque

447 770 563 849 Aaron,
580 770 700 833 ratione
714 771 909 834 auctoritatis
924 771 1054 853 Moyses,
1071 771 1193 835 ratione
1249 792 1318 835 esse
1333 792 1444 836 omnes
1458 772 1712 847 fatentur.Porro
1723 772 1771 834 hm
1786 791 1886 835 cause
1899 782 1973 833 sunt:

445 868 620 950 judiciarie
631 869 825 932 auctoritatis
837 870 1100 950 Samuel‚ratione
1112 878 1196 951 pote-
1248 872 1432 952 exstirpatio
1460 870 1616 934 heretice
1643 871 1808 953 pravitatis
1842 891 1876 933 ac
1908 871 1975 933 schi-

447 966 536 1029 statis
551 966 794 1047 Petrus,ratione
810 968 968 1031 unctionis
983 976 1031 1031 est
1041 968 1191 1031 Christus
1249 971 1371 1048 smatiS,
1387 970 1558 1033 declaratio
1582 969 1659 1032 fidei
1681 978 1775 1052 atque
1794 969 1886 1032 editio
1903 969 1976 1050 Sym-

488 1066 566 1129 llino
591 1067 719 1129 demum
744 1067 774 1129 S.
795 1065 941 1150 cyrillus,
963 1066 1193 1129 Alexandrinus
1249 1069 1313 1133 boli
1334 1070 1417 1150 ejus,
1433 1068 1624 1131 universalis
1643 1067 1825 1131 reformatio
1846 1066 1975 1129 Ecclesia

448 1165 718 1247 archiepiscopus,
738 1165 771 1227 in
793 1165 875 1229 libro
895 1165 1127 1229 thesaurorum
1150 1174 1195 1228 te·
1250 1167 1401 1249 incapite
1421 1168 1504 1230 etin
1526 1167 1678 1230 membris
1701 1166 1814 1248 ipsius.
1829 1166 1936 1247 ltaque,
1949 1165 1975 1225 in

449 1273 548 1329 statur
571 1266 657 1347 :lpsi
680 1266 764 1329 beati
786 1266 928 1350 Apostoli
954 1267 985 1327 in
1012 1266 1194 1348 Evangeliis
1249 1266 1450 1347 expeditione
1464 1265 1596 1328 istorum
1613 1265 1715 1346 maior
1729 1264 1847 1327 dicitur
1857 1272 1975 1344 potestas

448 1372 542 1445 atque
576 1363 727 1447 Epistolis
754 1364 1007 1445 affirmaverunt,
1038 1366 1071 1427 in
1106 1365 1194 1428 omni
1250 1364 1374 1429 concilii
1405 1363 1563 1446 generalis
1591 1382 1686 1445 quam
1715 1363 1817 1445 Papae,
1845 1361 1976 1443 quoniam

447 1463 593 1525 doctrina
610 1462 736 1526 Petrum
758 1482 828 1526 esse
850 1463 918 1527 loco
933 1463 1047 1526 Christi
1069 1463 1102 1525 in
1124 1463 1194 1545 ejus
1251 1464 1393 1527 Christus
1422 1462 1569 1546 promisit
1596 1461 1747 1525 Ecclesiae
1774 1480 1830 1523 seu
1856 1459 1976 1524 concilio

446 1560 601 1639 Ecclesia,
617 1561 706 1624 Petro
728 1562 834 1624 locum
855 1570 1039 1643 prestantes
1054 1562 1089 1624 in
1109 1562 1195 1626 omni
1250 1562 1350 1643 ipsam
1367 1560 1615 1643 representanti,
1633 1558 1837 1622 infallibilem
1850 1558 1977 1621 directio

447 1660 584 1723 concilio
608 1669 641 1722 et
665 1679 834 1742 synagoga,
850 1660 895 1722 ·in
923 1660 1010 1723 omni
1038 1660 1195 1724 electione
1251 1680 1324 1722 nem
1348 1665 1380 1722 et
1402 1659 1573 1741 gloriosam
1598 1657 1817 1721 adsistentiam
1836 1656 1978 1719 incessan-

446 1768 479 1821 et
498 1758 753 1822 confirmatione.
769 1758 891 1822 Idcirco
913 1768 947 1821 ut
968 1759 1110 1822 membra
1130 1778 1195 1822 ma·
1251 1764 1313 1821 tem
1332 1781 1339 1820 :
1358 1758 1400 1819 ita
1421 1758 1505 1839 quod
1527 1776 1632 1819 errare
1653 1776 1718 1819 non
1741 1763 1842 1837 potest
1861 1754 1891 1816 in
1909 1754 1976 1831 fide,

447 1877 580 1920 neamus
595 1856 629 1918 in
644 1856 748 1939 capite
763 1866 882 1935 nostro,
895 1857 1069 1940 apostolico
1083 1859 1196 1921 ltoma-
1214 1860 1237 1920 B
1251 1874 1355 1936 neque
1369 1855 1401 1917 in
1416 1854 1466 1916 his
1480 1874 1551 1935 quae
1566 1855 1603 1916 ad
1619 1853 1726 1917 ,bonos
1749 1852 1903 1934 pertinent
1921 1870 1977 1913 mo-

447 1975 561 2019 norum
579 1956 772 2019 Pontificum
792 1956 952 2034 throno,a
973 1975 1036 2037 quo
1051 1965 1195 2019 nostrum
1251 1972 1313 2033 res,
1343 1972 1380 2017 eo
1409 1954 1493 2036 quod
1521 1953 1554 2015 in
1588 1952 1699 2014 talium
1734 1949 1977 2013 determinatione

446 2062 496 2117 est
518 2072 658 2135 quaerere
683 2054 757 2135 quid
782 2055 911 2116 eredere
935 2062 967 2115 et
989 2054 1065 2136 quid
1089 2062 1196 2116 tenere
1251 2060 1379 2135 regatur
1399 2051 1579 2114 immediate
1601 2050 1753 2131 aSpiritu
1769 2050 1889 2111 Sancto.
1903 2048 1979 2109 llnde

448 2151 632 2232 debeamus,
649 2152 755 2234 ipsum
774 2161 961 2215 venerantes
981 2161 1012 2214 et
1027 2152 1131 2234 ipsum
1148 2170 1197 2215 ro·
1251 2160 1283 2213 et
1303 2151 1385 2232 Papa
1408 2150 1441 2212 in
1466 2150 1580 2213 talibus
1601 2157 1727 2211 tenetur
1747 2156 1830 2211 stare
1850 2146 1980 2211 determi-

448 2258 560 2332 gantes
579 2270 644 2332 pras
664 2250 813 2314 omnibus
830 2274 837 2312 :
854 2251 1004 2332 quoniam
1027 2249 1128 2331 ipsius
1148 2269 1197 2313 se
1251 2249 1372 2313 nationi
1387 2249 1548 2326 Ecclesiae,
1561 2268 1618 2311 seu
1633 2248 1758 2313 statutis
1776 2245 1911 2323 concilii,
1923 2254 1980 2307 tan

448 2348 510 2411 lius
529 2356 579 2411 est
598 2348 841 2430 reprehendere,
859 2348 1028 2429 corrigere,
1046 2355 1194 2425 statuere,
1251 2367 1346 2430 quem
1375 2346 1568 2412 ordinationi
1596 2366 1633 2408 ac
1668 2345 1834 2409 sententie
1860 2343 1980 2425 Spiritus

448 2446 629 2530 disponere,
647 2446 770 2509 solvere
785 2455 816 2507 et
837 2446 934 2527 ligare
949 2446 1019 2509 loco
1040 2446 1127 2509 illius
1142 2446 1195 2528 qui
1252 2446 1369 2509 Sancti.
1399 2446 1563 2526 Quumque
1592 2445 1674 2526 Papa
1703 2444 1804 2526 possit
1830 2461 1928 2506 errem
1952 2442 1980 2502 in

448 2544 553 2627 ipsum
572 2544 754 2621 edificavit,
771 2553 803 2607 et
823 2545 903 2608 nulli
925 2544 977 2607 alii
999 2546 1084 2626 quod
1104 2564 1195 2607 suum
1251 2546 1317 2611 lide
1342 2554 1373 2608 et
1397 2544 1549 2623 moribus,
1569 2563 1606 2606 ac
1632 2542 1746 2605 ceteris
1771 2562 1841 2623 quae
1863 2550 1931 2604 sunt
1948 2541 1980 2601 de

448 2652 497 2705 est
525 2641 666 2726 plenum,
694 2642 749 2706 sed
777 2642 837 2724 ipsi
866 2642 925 2705 soli
954 2643 1085 2706 donavit
1111 2666 1118 2704 :
1145 2643 1196 2706 cui
1252 2644 1438 2706 necessitate
1467 2642 1588 2721 salutis,
1614 2642 1683 2723 ejus
1710 2640 1833 2721 judicio
1860 2659 1918 2703 non
1944 2638 1982 2699 vi·

447 2760 560 2805 omnes
575 2742 646 2823 jure
660 2741 770 2804 divino
791 2750 886 2823 caput
905 2741 1070 2819 inclinant,
1088 2750 1119 2804 et
1134 2741 1198 2824 pri·
1252 2745 1344 2807 detur
1358 2742 1501 2804 ultimate
1516 2760 1553 2804 ac
1568 2739 1833 2803 certitudinaliter
1851 2738 1981 2801 standum

448 2849 549 2903 mates
574 2840 686 2902 mundi
706 2848 856 2920 tanquam
882 2839 943 2921 ipsi
969 2839 1103 2903 Domino
1124 2839 1197 2903 Jesu
1253 2842 1286 2905 in
1308 2841 1387 2919 istis,
1405 2860 1502 2922 quum
1525 2859 1589 2903 non
1611 2840 1652 2902 sit
1673 2838 1855 2901 infallibilis
1875 2837 1981 2919 regula,

448 2939 571 3001 Christo
592 2938 755 3001 obediunt.
1253 2958 1356 3021 neque
1378 2938 1570 3001 indeviahile
1592 2937 1848 3000 fundamentum.

489 3037 544 3099 llis
559 3038 730 3099 concordat
743 3037 828 3117 quod
847 3036 880 3097 in
901 3055 1047 3099 sermone
1062 3038 1101 3099 de
1116 3038 1197 3118 Apo-
1216 3042 1238 3104 C
1292 3038 1528 3114 Verumtamen,
1545 3036 1628 3099 sicut
1649 3035 1856 3117 praehabitum
1875 3042 1929 3111 est,
1944 3032 1983 3093 in·
1994 3056 2067 3095 mua

449 3135 537 3198 stolis
562 3135 702 3217 loquitur
725 3135 920 3216 Augustinus
938 3158 945 3197 ε
962 3135 1037 3210 Quis
1062 3136 1197 3217 piscato·
1252 3136 1395 3199 fallibilis
1411 3137 1470 3198 ista
1485 3136 1618 3200 directio
1633 3155 1651 3198 a
1666 3135 1786 3217 Spiritu
1802 3135 1983 3213 Sancto,non

450 3254 516 3297 rem
531 3235 676 3297 crederet
686 3234 908 3314 Apostolorum
920 3232 991 3296 fieri
1003 3235 1194 3316 principem,
1252 3235 1377 3298 videtur
1405 3235 1565 3316 pertinere
1600 3234 1638 3296 ad
1672 3232 1884 3315 majoritatem
1910 3239 1985 3312 pote

449 3341 481 3395 et
497 3333 623 3414 regibus
643 3331 807 3410 obsistere,
826 3351 915 3412 reges
936 3332 1150 3412 sanctificare,
1167 3342 1198 3394 et
1253 3335 1341 3397 statis
1363 3353 1398 3396 ac
1419 3332 1651 3415 jurisdictionis
1673 3329 1923 3414 praesidentialis,
1938 3327 1984 3390 sed

449 3432 556 3513 regnis
580 3430 730 3494 omnibus
754 3430 922 3512 imperare,
940 3433 1095 3493 mundum
1121 3430 1198 3512 legi·
1253 3433 1357 3516 potius
1382 3441 1430 3494 est
1458 3430 1697 3512 supernaturale
1721 3431 1840 3493 donum
1865 3427 1985 3510 Spiritus

449 3531 508 3593 bus
532 3529 703 3606 refrenare,
731 3530 890 3591 demones
916 3529 1047 3610 pedibus
1069 3529 1199 3592 concul-
1253 3529 1371 3608 Sancti,
1388 3530 1511 3593 actuale
1530 3529 1633 3610 magis
1653 3547 1748 3610 quam
1764 3526 1932 3590 habituale.
1945 3524 1987 3586 ld·

449 3631 543 3692 caret
557 3629 668 3708 llagna
684 3635 821 3709 potestas
835 3636 895 3707 est,
911 3628 986 3709 quia
999 3628 1095 3691 totius
1111 3629 1197 3691 orbis
1253 3631 1339 3694 circo
1359 3647 1397 3691 ex
1416 3629 1476 3691 hoc
1500 3647 1563 3691 non
1590 3627 1666 3690 satis
1691 3625 1843 3708 probatur
1862 3633 1986 3707 potestas

448 3727 571 3791 obtinet
593 3726 820 3808 principatum.
1255 3727 1404 3792 Ecclesiae
1426 3745 1495 3790 esse
1517 3745 1614 3808 super
1634 3733 1822 3807 potestatem
1839 3725 1934 3804 Papae,
1949 3720 1987 3782 sic

488 3826 532 3888 Ex
551 3825 668 3907 quibus
688 3824 778 3905 sequi
798 3825 933 3906 videtur,
949 3824 1035 3907 quod
1054 3825 1198 3888 absolute
1253 3827 1337 3908 quod
1353 3827 1455 3907 major
1470 3825 1510 3886 sit
1530 3824 1631 3906 gratia
1646 3833 1741 3905 atquc
1763 3822 1914 3904 perfectio
1928 3819 1988 3882 uni-

449 3934 480 3988 et
502 3924 623 4005 absque
644 3923 847 3986 distinctione
867 3923 1038 3987 dicendum
1060 3943 1124 3987 non
1146 3923 1196 4004 sit,
1254 3923 1385 3988 versalis
1399 3922 1561 3986 Ecclesiae.
1578 3923 1665 3986 Unde
1680 3923 1713 3984 B.
1731 3923 1821 3984 Petro
1835 3920 1985 3994 defuncto,

449 4030 638 4104 potestatem
660 4021 788 4085 concilii
810 4041 880 4084 esse
902 4042 999 4104 super
1016 4022 1132 4104 Papam
1154 4029 1199 4084 at·
1254 4032 1285 4086 et
1304 4024 1335 4086 S.
1353 4022 1513 4085 Clemente
1538 4040 1593 4083 seu
1617 4021 1696 4083 Lino
1721 4021 1836 4083 Sedem
1855 4016 1987 4100 papalem

448 4142 510 4203 que
526 4121 680 4202 majorem
697 4128 850 4202 potestate
864 4140 901 4183 ac
916 4121 1069 4203 dignitate
1081 4120 1196 4203 papali,
1255 4130 1393 4202 tenente,
1418 4120 1545 4183 vivente
1571 4119 1674 4182 adhuc
1699 4117 1883 4181 beatissimo
1905 4133 1989 4179 esau·

450 4220 595 4301 quamvis
620 4220 653 4282 in
678 4219 837 4301 aliquibus
863 4219 904 4281 sit
929 4239 1026 4300 super
1050 4239 1134 4297 eum,
1152 4239 1200 4281 se·
1216 4220 1367 4302 Dgelista
1396 4219 1527 4298 Ioanne,
1557 4217 1610 4299 qui
1642 4216 1851 4280 confirmatus
1878 4215 1934 4277 fuit
1960 4213 1988 4274 in

356 4372 361 4382 .
451 4320 591 4382 cundum
614 4319 744 4382 modum
767 4318 986 4399 praehabitum.
1254 4319 1365 4402 gratia,
1383 4326 1504 4380 certum
1526 4324 1575 4379 est
1596 4316 1789 4379 Clementem
1812 4335 1868 4377 seu
1885 4314 1987 4376 Linum

1255 4418 1410 4500 majorem
1424 4417 1523 4479 fuisse
1543 4417 1663 4480 Ioanne
1678 4423 1833 4498 potestate
1851 4435 1886 4477 ao
1905 4413 1990 4496 juris·

625 4547 869 4611 AquGULUS
899 4547 1025 4609 XXIX·
1255 4517 1394 4579 dictione
1410 4515 1666 4598 praelationisque
1688 4513 1853 4595 dignitate,
1869 4513 1946 4576 sicut
1964 4517 1990 4572 et

1255 4614 1363 4677 Petrus
1385 4613 1488 4694 major
1509 4613 1570 4675 fuit
1584 4613 1704 4676 loanne
1721 4635 1728 4674 z
1745 4613 1890 4694 quamvis
1910 4611 1991 4672 loan-

1256 4733 1312 4776 nes
1327 4713 1432 4775 fuerat
1454 4712 1557 4794 major
1577 4711 1737 4774 Clemente
1759 4731 1796 4773 ac
1811 4711 1889 4774 hino
1910 4707 1992 4771 infal-

1256 4812 1336 4875 libili
1353 4811 1529 4874 directione
1544 4810 1681 4892 Spiritus
1703 4810 1822 4886 Sancti,
1839 4829 1894 4872 seu
1915 4807 1992 4870 indr-

1257 4910 1367 4974 viabili
1388 4909 1633 4974 confirmatione
1648 4908 1681 4969 in
1695 4908 1826 4972 caritate
1846 4918 1877 4972 et
1890 4907 1989 4990 gratia.

1295 5010 1458 5088 Praeterea,
1489 5027 1588 5089 quum
1623 5007 1706 5089 Papa
1738 5007 1927 5070 constitutus
1958 5003 1992 5064 sit

513 5107 690 5174 ONClLlUld
717 5107 866 5189 gencrale
894 5126 958 5171 non
989 5106 1048 5169 nisi
1073 5115 1203 5189 propter
1256 5108 1353 5171 totius
1372 5105 1522 5169 Ecclesiae
1543 5125 1687 5168 summus
1708 5107 1927 5187 generalisque
1947 5121 1992 5166 cu·

527 5227 639 5271 causas
655 5207 859 5288 singulariter
873 5225 1004 5287 magnas
1025 5215 1055 5268 et
1074 5206 1199 5285 arduas,
1257 5213 1332 5283 stos,
1349 5213 1455 5286 pastor
1470 5212 1501 5265 et
1522 5202 1676 5284 pontifex,
1693 5201 1835 5285 fideique
1856 5203 1992 5266 defensor

451 4681 530 4748 Quae
554 4687 630 4737 sunt
656 4679 716 4736 illa
741 4678 919 4754 inquibus
939 4686 1079 4752 potestas
1104 4685 1201 4756 atquc

491 4769 672 4827 auctoritas
686 4768 819 4825 concilii
830 4767 997 4841 petieratis
1014 4768 1143 4826 dicitur
1156 4788 1201 4826 es-

491 4878 524 4916 se
538 4875 637 4932 super
648 4864 839 4932 potestatem
858 4865 888 4915 et
903 4857 1130 4915 auctoritatem
1145 4875 1202 4932 pa-

488 4951 609 5022 palera.

451 5316 563 5390 utputa
590 5326 661 5389 quae
688 5307 780 5370 aliter
803 5325 943 5388 congrue
968 5305 1110 5388 expediri
1136 5323 1200 5368 non
1257 5323 1293 5366 ac
1322 5302 1555 5385 praecipuarum
1590 5301 1819 5364 difficultatum
1854 5300 1991 5364 Ecclesia
