4309 6250
414 474 453 540 56
650 495 689 543 ΒΕ
709 497 874 546 nromrartt
894 498 932 544 ΕΤ
952 497 1102 544 muninus
1122 498 1150 542 n.
1174 499 1205 544 V.
1228 497 1344 556 unuln,
1368 499 1455 544 trouu
1476 501 1496 545 l.
1518 519 1559 530 -·-
1578 501 1648 546 aar.
1671 502 1735 548 m

416 663 441 727 Α
469 671 500 728 te
526 673 642 747 autem,
667 686 738 749 quaa
763 687 889 750 semper
916 667 1106 732 familiarius
1133 667 1203 732 eid
1404 701 1649 768 ARTICULUS
1671 704 1780 768 XXX⁸

416 761 506 825 luisti
532 764 704 846 conjuncta
722 773 754 828 et
775 775 969 830 secretorum
994 767 1064 848 ejus
1089 785 1164 830 cou-

417 859 495 938 scia,
522 862 668 925 desidero
692 883 729 926 ex
753 863 858 927 animo
882 864 955 927 lieri
980 865 1097 928 certior
1124 865 1163 926 de

417 958 543 1022 auditis.
570 959 692 1038 Valeas,
720 969 751 1023 et
779 962 929 1044 neophyti
955 963 1009 1044 qui
1036 982 1162 1025 mecum

416 1065 501 1137 sunt,
528 1077 565 1122 ex
589 1066 621 1122 te
651 1067 682 1122 et
708 1079 767 1143 per
793 1068 824 1123 te
853 1069 885 1124 et
912 1060 945 1122 in
977 1069 1007 1124 te
1037 1061 1162 1125 contor-

414 1162 532 1218 lontur.
1216 1155 1439 1318 INTRANS
1460 1161 1496 1218 in
1519 1162 1651 1220 domum
1676 1182 1792 1231 meam,
1817 1165 2121 1242 cooperio-Sapere,

454 1253 609 1336 Amplius,
638 1255 671 1317 in
705 1255 839 1337 epistola
871 1255 927 1319 illa
960 1256 1094 1320 notabili
1122 1259 1162 1319 de
1268 1275 1354 1315 scam
1374 1277 1449 1316 cam
1474 1256 1736 1337 sapientiaznon
1759 1263 1845 1320 enim
1870 1262 1966 1321 babet

413 1351 564 1433 martyrio
584 1362 764 1417 sanctorum
785 1355 1001 1436 apostolorum
1025 1354 1107 1418 Petri
1131 1363 1162 1417 et
1215 1355 1476 1414 amaritudinem
1489 1359 1691 1415 conversatio
1712 1359 1816 1428 itlius,
1832 1378 1890 1417 aec
1911 1367 1966 1418 ια’-

413 1449 513 1529 Pauli,
526 1469 596 1530 quae
610 1451 758 1533 Dionysio
774 1460 883 1516 sancto
898 1452 1099 1530 adscribitur,
1115 1453 1163 1514 in·
1216 1452 1311 1511 dium
1343 1454 1509 1512 convictus
1538 1455 1643 1522 illiue,
1671 1457 1727 1514 sed
1754 1457 1905 1515 terlitium
1933 1465 1966 1516 at

413 1555 461 1610 ter
481 1556 586 1610 cetera
606 1548 707 1611 lertur
727 1551 995 1630 quemadmodum
1016 1551 1160 1613 conversi
1213 1550 1385 1625 paediam.
1403 1548 1524 1630 Cogitet
1547 1550 1763 1632 unusquisque
1779 1571 1875 1633 quarn
1894 1553 1965 1614 dul-

413 1647 452 1708 ad
468 1645 564 1708 lidem
581 1646 664 1710 inter
678 1665 711 1710 se
725 1648 831 1710 dicore
847 1647 1162 1712 consueveruntzlla-
1218 1664 1265 1722 ce,
1282 1663 1377 1725 quam
1398 1646 1656 1726 consolatorium,
1673 1668 1768 1729 quam
1790 1650 1964 1732 appetibile

411 1763 483 1806 mus
500 1745 631 1807 Romam
646 1745 754 1810 videre
769 1746 938 1828 magistros
953 1755 984 1810 et
998 1747 1161 1829 principes
1217 1742 1277 1804 sibi
1292 1752 1386 1821 esset,
1403 1763 1460 1825 per
1480 1764 1577 1806 unam
1596 1746 1706 1809 horam
1728 1748 1835 1810 videre
1856 1748 1964 1811 lesum

412 1850 536 1905 nostros
556 1842 681 1906 Petrum
706 1853 736 1906 et
755 1844 897 1907 Paulum.
914 1845 1035 1919 Quanto
1059 1846 1160 1927 magis
1175 1846 1199 1908 B
1216 1842 1250 1902 in
1264 1861 1302 1904 ea
1315 1842 1535 1923 dispositione,
1553 1855 1705 1925 apparatu
1719 1866 1756 1908 ac
1772 1846 1963 1926 maturitate,

411 1939 635 2022 profundiores
659 1960 697 2004 er
717 1941 781 2004 illis
803 1943 986 2023 frequenter
1010 1941 1160 2006 collocuti
1215 1939 1330 2020 quibus
1355 1940 1497 2022 quotidie
1522 1941 1554 2002 in
1578 1962 1642 2005 suaa
1668 1943 1860 2024 dignissima
1886 1965 1965 2026 prra-

412 2037 561 2101 oredendi
586 2047 671 2118 sunt,
697 2039 812 2102 Eamus
835 2041 867 2101 in
889 2040 1028 2102 ludaeam
1053 2039 1160 2102 videre
1216 2037 1318 2100 sentia
1331 2038 1436 2100 Matris
1452 2039 1518 2101 ibat
1531 2048 1563 2102 et
1577 2041 1834 2121 conversabatur,
1851 2050 1914 2104 tam
1930 2042 1964 2104 in

412 2135 672 2216 gloriosissimam
706 2137 760 2198 Dei
794 2145 825 2200 et
859 2137 1031 2200 Salvatoris
1060 2138 1160 2200 nostri
1216 2154 1273 2197 sua
1295 2134 1429 2198 infantia
1447 2156 1543 2218 quam
1563 2137 1596 2198 in
1616 2139 1764 2220 pueritia,
1781 2138 1965 2203 adolescen-

412 2232 562 2296 Matreml
578 2233 617 2295 At
632 2252 706 2297 vero
726 2234 861 2316 ipsemet
879 2235 1004 2313 PauluS,
1020 2254 1076 2297 vas
1098 2235 1162 2298 ele·
1216 2233 1259 2295 tia
1287 2253 1324 2296 ac
1351 2234 1531 2315 juventute.
1557 2235 1656 2309 Quam
1685 2236 1873 2300 delectabile
1901 2237 1964 2299 luit

267 2329 539 2407 ruminationis,
556 2331 644 2394 dese
661 2331 730 2412 ipso
750 2331 866 2395 latetur
884 2356 890 2394 :
908 2332 986 2395 Veni
1007 2333 1162 2414 lerosoly-
1216 2331 1401 2412 conspicere
1423 2331 1558 2394 Puerum
1577 2333 1669 2396 illum
1695 2335 1875 2416 speciosum
1899 2336 1964 2399 lor·
1977 2365 2119 2412 Panum.

412 2446 498 2489 mam
518 2427 625 2490 videre
644 2429 780 2508 Petrum,
799 2437 829 2492 et
851 2429 953 2492 mansi
978 2429 1061 2510 apud
1087 2448 1160 2491 eum
1214 2446 1267 2490 ma
1287 2448 1351 2510 prae
1369 2428 1448 2490 liliis
1468 2429 1646 2511 bominum,
1662 2433 1750 2495 omni
1773 2434 1885 2496 morali
1911 2454 1964 2496 ve-

411 2523 524 2586 diebus
548 2525 744 2605 quindecim.
773 2527 804 2589 Si
828 2535 923 2589 tantm
951 2526 1160 2610 reputationis
1214 2534 1340 2588 nustate
1363 2527 1650 2607 decoratissimum,
1673 2530 1706 2591 in
1732 2531 1855 2593 cunctis
1879 2531 1964 2595 ordi·

411 2630 443 2684 et
471 2623 651 2686 eminentiae
679 2625 798 2687 exstitit
825 2625 1079 2708 archiapostolus
1107 2626 1161 2688 re
1214 2623 1376 2686 notissime
1410 2642 1444 2686 se
1478 2625 1672 2688 babenteml
1701 2627 1740 2689 Et
1773 2637 1869 2707 certe,
1899 2648 1963 2709 quo

411 2727 489 2800 trus,
507 2729 542 2782 ut
556 2721 758 2803 coapostolus
773 2723 843 2803 ejus
858 2723 984 2802 PauluS,
1001 2723 1160 2787 desiderio
1213 2721 1474 2802 prestantissima
1488 2722 1577 2804 virgo
1592 2723 1687 2786 llaria
1702 2727 1833 2788 unicum
1848 2726 1962 2788 Filium

411 2818 541 2882 videndi
555 2827 678 2883 tantum
693 2820 806 2883 Christi
823 2821 1016 2902 vioarium,a
1030 2822 1160 2885 remotis
1214 2838 1307 2881 suurn
1323 2838 1387 2900 prae
1402 2820 1525 2881 cunctis
1540 2820 1776 2886 ferventissime
1796 2823 1961 2906 diligebat,

410 2915 490 2979 locis
504 2916 628 2980 venerit
649 2916 876 2998 lerosolymam
894 2943 901 2982 ε
918 2929 1037 3000 quanto
1057 2920 1160 3001 magis
1213 2922 1278 2977 tam
1297 2917 1432 2978 naturali
1453 2937 1547 2998 quam
1569 2918 1675 2983 inluso
1694 2921 1851 3002 spirituali
1877 2941 1963 2986 amo·

411 3015 606 3077 credendum
635 3022 694 3094 est,
723 3023 788 3077 tam
817 3016 947 3079 Paulum
981 3015 1159 3096 apostolum
1178 3015 1259 3093 Cre,
1275 3032 1339 3094 quo
1365 3014 1440 3076 item
1466 3016 1688 3079 excellentiam
1712 3020 1864 3082 adorandi
1889 3021 1961 3083 Filii

410 3131 505 3194 quam
525 3112 604 3176 alias
618 3113 869 3195 quamplurimas
890 3115 1052 3195 utriusque
1068 3134 1160 3177 sexus
1213 3111 1261 3174 sui
1276 3111 1393 3175 clarius
1414 3122 1546 3177 noverat
1560 3116 1597 3177 'et
1615 3115 1771 3179 sincerius
1786 3127 1879 3199 atque
1896 3139 1963 3201 pro

411 3218 536 3273 sanctas
550 3218 582 3273 et
601 3211 865 3293 contemplativas
886 3231 1037 3294 personas
1056 3211 1096 3274 ad
1116 3212 1160 3274 lo
1212 3209 1344 3273 lundius
1366 3212 1651 3294 contemplabatur,
1668 3234 1706 3277 eo
1726 3217 1962 3296 praecordialius

411 3328 484 3371 cum
509 3309 683 3391 praesentiae
708 3308 847 3391 Virginis
876 3309 1051 3373 benedicte
1079 3310 1160 3372 mul·
1213 3308 1247 3370 in
1261 3309 1332 3390 ejus
1347 3310 1514 3390 prasentia
1528 3318 1560 3373 et
1574 3312 1736 3392 adspectu,
1754 3313 1788 3374 in
1807 3314 1878 3395 ejus
1898 3315 1963 3377 col·

410 3406 502 3470 toties
536 3407 715 3485 advenisse,
747 3407 906 3471 desiderio
942 3408 1159 3489 conspiciendi
1214 3407 1321 3488 loquio
1346 3416 1378 3469 et
1396 3408 1555 3487 convictu,
1572 3409 1605 3470 in
1630 3409 1700 3490 ejus
1724 3413 1962 3494 exemplaritate

411 3506 580 3568 eamdeml
830 3526 831 3531 ¹
1213 3513 1245 3567 et
1269 3505 1435 3568 sanctitate
1456 3506 1683 3587 delectabatur,
1700 3516 1731 3571 et
1754 3510 1827 3590 quia
1848 3530 1963 3593 cogno

449 3603 622 3681 Postremo,
638 3603 678 3665 ad
694 3603 884 3668 beatissima
899 3604 1089 3685 praedilecta
1102 3604 1161 3666 lla-
1213 3603 1260 3664 vit
1278 3622 1311 3665 se
1331 3611 1394 3665 tam
1411 3603 1622 3684 praelectam,
1640 3605 1866 3686 praedilectum,
1883 3629 1962 3691 prar-

410 3702 463 3764 riae
488 3709 611 3782 spectat
634 3702 839 3782 preconium,
865 3702 949 3782 quod
974 3701 1159 3764 Ptolemaeus
1213 3708 1353 3779 ventam,
1371 3709 1478 3782 totque
1498 3722 1536 3764 ac
1555 3703 1650 3765 tantis
1672 3703 1841 3767 beneficiis
1862 3707 1961 3770 adim-

410 3800 490 3863 libro
516 3798 652 3881 septimo
672 3800 855 3880 Almagesti,
872 3798 1061 3861 Albumasar
1084 3817 1161 3880 quo-
1213 3798 1343 3880 pletam,
1361 3798 1426 3861 imo
1446 3799 1738 3882 incomparabiliter
1757 3803 1960 3869 sublimatam

409 3916 472 3978 que
486 3897 663 3978 astrologus
679 3896 712 3958 in
728 3896 959 3960 introductorio
978 3896 1104 3978 maiori,
1121 3896 1160 3958 li·
1213 3916 1250 3959 ac
1265 3896 1495 3978 dignificatam,
1513 3906 1545 3960 et
1560 3898 1654 3978 paulo
1669 3908 1740 3980 post
1761 3904 1861 3965 multo
1882 3923 1961 3985 prae-

410 3996 467 4059 bro
496 4003 594 4075 sexto,
621 4002 776 4058 testantur
800 3997 897 4077 (quod
927 4004 957 4059 et
985 3995 1159 4059 astronomi
1214 3994 1331 4057 clarius
1364 3995 1550 4058 elevandam
1584 4005 1616 4058 et
1648 3998 1891 4078 glorificandam
1920 4003 1960 4066 ab

410 4094 545 4175 AEgyptii
560 4112 597 4156 ac
612 4092 748 4156 Chaldaei
764 4095 978 4157 communiter
992 4102 1066 4156 sunt
1080 4092 1160 4156 ella·
1213 4092 1295 4174 ipso.
1311 4092 1465 4172 Denique,
1481 4093 1580 4155 Filius
1595 4093 1735 4177 Virginis
1750 4098 1837 4160 mitis
1851 4108 1883 4163 et
1903 4102 1961 4163 bu-

410 4191 459 4271 ti),
475 4191 616 4254 dicentes
631 4191 714 4271 quod
731 4191 765 4253 in
780 4192 881 4273 prima
896 4192 977 4255 lacie
993 4192 1072 4273 signi
1090 4193 1160 4254 Vir·
1174 4187 1200 4249 D
1214 4190 1310 4269 milis,
1335 4190 1545 4271 universaque
1572 4191 1700 4255 intuens
1728 4202 1823 4276 atoue
1851 4200 1961 4263 certis-

408 4290 493 4372 ginis
513 4290 613 4353 oritur
633 4290 667 4351 in
687 4297 770 4352 terra
790 4290 880 4372 virgo
906 4292 1035 4370 munda,
1052 4291 1159 4372 puella
1213 4289 1293 4351 sime
1307 4288 1411 4351 sciens
1426 4308 1491 4352 sua
1504 4290 1704 4354 electissimae
1726 4312 1763 4356 ac
1784 4295 1960 4375 purissima

410 4388 625 4468 immaculata,
642 4407 774 4469 corpore
790 4388 943 4470 speciosa,
955 4388 1046 4450 vultu
1060 4408 1158 4465 venu-
1213 4386 1318 4448 llatris
1341 4387 1540 4468 dignitatem,
1566 4388 1808 4471 virtuositatem,
1834 4394 1961 4459 ferven-

410 4494 457 4549 sta
477 4486 651 4567 habituque
671 4487 823 4563 modesta,
841 4487 928 4549 crine
952 4486 1087 4568 prolixo,
1104 4486 1158 4548 ha·
1213 4484 1369 4546 tissimum
1395 4485 1569 4565 caritatem,
1586 4487 1757 4551 maximam
1780 4510 1908 4574 quoque
1928 4504 1960 4558 et

409 4586 488 4649 bens
509 4584 541 4647 in
561 4604 658 4647 manu
677 4584 802 4665 spicas3
819 4592 850 4646 et
863 4585 932 4666 ipsa
953 4586 1042 4647 sedet
1062 4603 1158 4664 super
1214 4581 1425 4644 humillimam
1441 4584 1653 4647 reverentiam
1668 4587 1707 4648 ad
1723 4607 1768 4667 se,
1776 4589 1914 4654 reddidit
1929 4594 1959 4655 ei

409 4684 517 4747 sedem
542 4692 682 4761 stratam,
709 4681 851 4744 nutriens
881 4701 1014 4763 puerum
1043 4689 1074 4745 et
1103 4702 1158 4763 pa·
1213 4680 1327 4758 vicem,
1340 4687 1372 4742 et
1386 4699 1541 4760 amorosa,
1553 4681 1755 4747 familiariter
1769 4706 1807 4749 ac
1823 4688 1962 4754 benevo-

409 4802 502 4845 scens
521 4781 555 4843 in
575 4789 658 4843 terra
682 4780 798 4842 Judaea.
816 4778 999 4861 Vocantque
1022 4799 1157 4861 puerum
1213 4778 1389 4841 lentissimo
1409 4778 1519 4841 habuit
1538 4799 1572 4842 se
1594 4782 1633 4843 ad
1658 4801 1740 4863 eam,
1755 4804 1854 4866 quum
1878 4807 1960 4853 nun·

409 4880 536 4961 qnidam
566 4878 708 4961 gentium
736 4878 854 4957 Jesum,
885 4896 980 4959 quem
1014 4896 1072 4940 nos
1101 4878 1158 4956 (ait
1212 4896 1308 4959 quam
1324 4876 1475 4939 intereos
1490 4877 1608 4959 aliquid
1630 4881 1773 4945 eveniret
1790 4902 1854 4965 qno
1875 4906 1959 4950 unus

407 4979 609 5056 Albumasar)
633 4975 731 5039 Graeci
754 4975 890 5038 dicimus
913 4974 1082 5038 Christum.
1099 4978 1158 5039 Ve-
1211 4975 1302 5039 alteri
1326 4974 1520 5057 displiceret,
1545 4986 1600 5039 aut
1622 4978 1752 5042 alterius
1779 4981 1960 5049 offenderet

408 5084 587 5140 rumtamen
611 5075 696 5137 circa
719 5074 786 5137 haee
815 5073 915 5135 multa
943 5073 1039 5136 verba
1067 5074 1157 5137 dilli-
1210 5073 1331 5150 coulos,
1349 5073 1413 5135 imo
1433 5072 1467 5133 in
1487 5092 1521 5135 se
1540 5073 1678 5137 invicem
1695 5084 1728 5138 et
1747 5078 1872 5142 actibus
1892 5082 1957 5145 suis

407 5175 479 5238 eilia
497 5180 628 5257 possent
647 5171 780 5250 moveri,
797 5190 867 5253 quta
888 5171 940 5234 hic
962 5171 1067 5235 locum
1089 5191 1154 5236 non
1210 5170 1474 5253 complacentiam
1489 5179 1633 5235 mutuam
1648 5174 1882 5258 maximamque
1901 5179 1957 5242 ha-

406 5272 534 5337 habent.
1207 5270 1323 5334 borant
1342 5269 1482 5333 assidue.

1216 833 1264 892 De
1282 832 1485 902 dulcissima,
1499 833 1669 908 familiari
1686 853 1724 892 ac
1741 843 1855 893 sancta
1872 835 1967 894 coba-

1257 921 1414 980 bitatioae
1436 923 1561 981 Christi
1579 941 1616 980 ac
1634 923 1756 983 Matris
1774 943 1842 982 suoe
1863 924 1966 1000 cirpi-

1256 1028 1324 1068 aeoe
1339 1010 1376 1068 ira
1389 1013 1505 1070 saecuto
1520 1012 1591 1071 iste.
