4309 6250
441 493 480 541 llll
502 493 666 542 cremara
687 492 724 538 ΜΤ
744 491 893 539 murreus
909 490 936 537 a.
959 490 990 534 V·
1012 490 1130 548 ΜΔΜΙΕ,
1154 489 1241 538 alm
1260 491 1294 538 ll.
1315 508 1357 522 -··
1376 491 1449 538 ΛΒΤ.
1469 493 1505 540 111
1706 471 1747 538 73

956 657 981 722 Α
999 659 1059 724 tias
1078 660 1286 743 perfectionis
1299 670 1333 725 et
1345 661 1535 726 sanctitatis.
1551 661 1639 726 Unde
1657 661 1746 726 olici-

399 719 644 786 ARTICULUS
670 719 730 784 m·
997 766 1060 840 tur,
1081 760 1166 839 quod
1191 759 1274 822 sicut
1295 759 1392 822 Maria
1414 759 1561 842 piissima
1584 759 1746 824 universis

283 872 331 931 De
358 871 552 928 excellentia
580 869 660 928 doni
687 868 857 944 sapientire
997 857 1122 920 Sanctis
1143 866 1215 940 posi
1228 857 1387 922 Christum
1401 857 1609 922 ineffabiliter
1628 859 1749 922 exstitit

292 959 539 1035 plorr'osr‘srr'me
553 957 697 1034 vtrytnta
710 957 842 1019 Murice.
997 955 1149 1032 sanctior,
1166 955 1210 1018 ita
1234 964 1266 1018 et
1283 955 1316 1018 in
1336 956 1420 1020 dono
1440 955 1605 1039 sapientie
1629 957 1745 1038 major,

999 1052 1172 1136 perfectior
1203 1063 1298 1136 atque
1334 1055 1542 1136 splendidior.
1579 1053 1748 1136 Propterea

39 1161 182 1217 Sermi-
258 1153 435 1218 Al’lEll'l'lA
450 1157 487 1216 in
502 1157 631 1216 animas
648 1163 776 1215 sanetas
791 1174 823 1214 se
838 1161 944 1212 trans·
999 1171 1063 1234 pre
1092 1152 1242 1216 omnibus
1270 1152 1544 1232 inestimabiliter,
1572 1153 1749 1216 secretissi-

273 1256 350 1330 sert.
369 1253 555 1316 Sanctorum
577 1252 703 1315 Patrum
723 1259 754 1314 et
773 1249 945 1314 catholico
999 1269 1061 1327 me,
1079 1251 1278 1327 suavissime,
1295 1250 1561 1332 frequentissime,
1574 1253 1748 1315 exuberan-

199 1371 269 1414 rum
290 1351 455 1414 doctorum
481 1351 625 1414 doctrina
643 1359 702 1428 est,
720 1357 842 1431 septem
862 1348 946 1412 dona
998 1348 1121 1412 tissime
1153 1349 1305 1431 gustavit,
1334 1348 1558 1430 experiebatur
1584 1357 1616 1412 et
1643 1349 1895 1431 sapuitrrar.n.a

198 1449 334 1531 Spiritus
358 1449 464 1512 Sancti
494 1447 749 1531 inseparabiliter
771 1465 841 1510 esse
866 1445 947 1510 cari·
999 1447 1095 1529 pleno
1118 1447 1234 1510 mentis
1256 1466 1322 1522 ore,
1339 1465 1435 1528 quam
1459 1447 1564 1511 dulcis
1587 1447 1630 1510 sit
1651 1448 1746 1530 Deus,

199 1549 254 1611 tati
279 1547 470 1629 conjuncta3
486 1555 519 1610 et
536 1554 654 1629 quanto
673 1547 745 1628 quis
764 1546 797 1608 in
817 1545 946 1608 carimte
999 1562 1095 1625 quarn
1110 1545 1213 1608 bonus
1226 1545 1309 1608 lleus
1323 1545 1418 1608 lsrael
1434 1545 1485 1608 his
1504 1545 1560 1626 qui
1580 1545 1658 1608 recti
1674 1554 1748 1608 sunt
1761 1566 1896 1618 erimar.

199 1646 307 1709 divina
339 1653 440 1709 exstat
474 1645 657 1729 perfectior,
686 1652 774 1708 tanto
802 1643 834 1707 in
862 1644 947 1706 dono
1000 1643 1107 1720 corde,
1122 1663 1219 1724 quarn
1242 1644 1345 1707 bonus
1368 1643 1521 1706 Dominus
1546 1643 1748 1726 sperantibus
1764 1665 1848 1710 ram,
1864 1677 1895 1716 m,

199 1743 363 1826 sapientie
386 1743 577 1807 eminentior
594 1761 664 1806 esse
685 1749 843 1806 censetur.
859 1742 945 1818 ldeo,
1000 1740 1033 1802 in
1049 1760 1096 1820 se,
1105 1741 1218 1804 anime
1232 1741 1386 1823 querenti
1402 1741 1509 1818 illum,
1521 1761 1617 1823 quam
1633 1760 1748 1824 magna
1762 1732 1896 1839 'figam

198 1843 281 1906 sicut
305 1841 494 1906 suavissima
512 1841 602 1924 virgo
627 1841 720 1904 llaria
745 1840 808 1903 fnit
832 1839 864 1901 in
889 1837 944 1901 Dei
960 1833 983 1896 B
1001 1838 1042 1900 sit
1057 1838 1227 1902 multitudo
1248 1839 1428 1902 dulcedinis
1448 1838 1540 1920 ejus3
1556 1857 1652 1920 quam
1673 1859 1747 1902 vere
1761 1863 1794 1907 n.
1805 1875 1853 1912 ιιι.
1863 1864 1895 1904 rs.

197 1961 306 2006 amore
323 1941 585 2004 inestimabiliter
599 1940 727 2004 fervens
746 1957 810 2022 pre
832 1939 946 2002 ceteris
1000 1936 1069 2018 ipse
1095 1935 1136 1997 sit
1158 1935 1241 1998 beas
1265 1936 1482 2014 absconditus,
1507 1937 1595 2000 omni
1625 1945 1748 2000 sacrem

198 2039 323 2104 Sanctis
342 2049 375 2102 et
393 2039 566 2102 viatoribus
592 2038 760 2114 universis,
779 2037 821 2099 ita
846 2037 878 2098 in
898 2055 947 2098 sa-
999 2033 1162 2111 secretior,
1191 2034 1276 2096 intus
1304 2033 1529 2098 candidissime
1557 2036 1692 2114 micans,
1717 2043 1750 2098 et

198 2137 320 2220 pientia
339 2157 410 2218 que
428 2145 476 2199 est
497 2137 627 2213 donum,
645 2153 709 2218 pre
727 2134 875 2199 omnibus
894 2152 947 2196 ex·
1000 2131 1099 2194 menti
1115 2139 1255 2213 purgate
1268 2132 1308 2195 ad
1324 2131 1512 2195 intuendum
1527 2152 1564 2196 ac
1578 2133 1749 2214 degustan-

199 2234 430 2299 cellentissima
451 2233 524 2296 fuit.
999 2229 1088 2307 dum,
1108 2229 1288 2311 dignanter,
1309 2230 1483 2294 clementer
1505 2239 1538 2294 et
1561 2232 1689 2314 copiose
1714 2251 1749 2295 so

238 2332 333 2396 Porro
347 2339 469 2414 septem
484 2331 568 2394 dona
586 2330 722 2413 Spiritus
743 2329 848 2393 Sancti
872 2337 946 2392 sunt
1000 2329 1155 2410 pandens.

198 2430 326 2494 babitus
354 2428 611 2510 supernaturales
641 2427 752 2504 inlusi,
782 2447 839 2510 per
865 2444 946 2509 quos
1038 2426 1202 2504 Preterea,
1231 2424 1473 2490 Proverbiorum
1504 2427 1675 2491 undecimo
1702 2427 1748 2491 ait

197 2547 290 2591 mens
311 2537 416 2589 ereata
441 2525 479 2588 frt
504 2534 649 2608 prompte
672 2524 798 2602 docilis,
818 2524 946 2588 mobilis
1000 2523 1163 2606 Scriptura
1180 2547 1188 2584 ι
1204 2523 1261 2587 Ubi
1277 2522 1374 2586 fuerit
1389 2524 1564 2604 humilitas,
1581 2523 1626 2587 ibi
1647 2532 1679 2587 et
1700 2545 1750 2589 sa-
1763 2551 1866 2598 rme.
1876 2551 1897 2592 α.

197 2646 235 2689 ac
250 2624 420 2708 dirigibilis
434 2645 453 2688 a
468 2623 587 2707 Spiritu
607 2625 743 2701 Sancto;
761 2621 948 2704 perficiunt·
1001 2619 1130 2702 pientia.
1142 2620 1230 2695 Quod
1244 2621 1284 2684 de
1299 2621 1455 2702 sapientia
1470 2619 1531 2684 iste
1544 2639 1615 2702 que
1628 2622 1748 2685 donum

197 2743 260 2806 que
279 2724 362 2788 dona
386 2723 453 2786 hec
479 2722 563 2803 ipsas
587 2721 781 2803 theologicas
802 2729 864 2784 tres
884 2721 947 2783 vir·
1000 2729 1059 2799 est,
1076 2719 1244 2801 potissime
1259 2719 1459 2802 intelligitur.
1476 2719 1643 2784 llumilitas
1657 2719 1751 2802 quip

197 2831 294 2901 tutes,
324 2819 530 2902 exmdiendo,
558 2819 753 2883 habilitando
783 2828 815 2882 et
842 2837 948 2899 prom·
1001 2837 1041 2900 pe
1066 2825 1205 2880 mentem
1230 2818 1293 2880 Deo
1318 2817 1438 2881 directo
1462 2817 1597 2899 subjicit
1614 2838 1652 2882 ac
1676 2819 1752 2881 sub-

197 2919 375 3002 ptilicando
411 2937 464 2980 eas
499 2918 537 2980 ad
577 2918 755 2980 exeundum
789 2915 822 2978 in
858 2925 947 2978 aetus
1001 2915 1114 2979 sternit
1134 2915 1174 2977 ad
1194 2916 1434 2998 suscipiendum
1453 2916 1494 2979 ab
1517 2935 1556 2980 eo
1581 2916 1689 2979 lumen
1712 2936 1750 2980 ac

197 3019 350 3100 ipsarum.
368 3016 475 3097 ltaque
494 3035 553 3096 per
570 3017 689 3078 donum
711 3013 874 3095 sapientie
895 3033 947 3076 eo·
965 3019 986 3082 C
1003 3013 1108 3076 radios
1122 3013 1287 3095 sapientie
1305 3013 1463 3076 salutaris.
1479 3013 1750 3088 Quemadmodum

197 3115 323 3199 gnoscit
337 3126 369 3179 et
383 3114 616 3196 contemplatur
631 3133 721 3176 mens
736 3112 835 3175 Deum
857 3122 889 3176 et
909 3132 946 3177 ea
1002 3131 1078 3193 ergo
1093 3112 1323 3176 amabilissima
1337 3113 1427 3195 virgo
1447 3112 1541 3177 llario
1560 3114 1683 3177 cunctis
1704 3113 1753 3177 in-

197 3234 269 3295 que
284 3213 338 3276 Dei
354 3222 428 3275 sunt
443 3232 516 3275 curn
530 3220 625 3293 gustu
640 3211 777 3291 interno,
785 3220 816 3274 et
830 3210 946 3274 discer-
1002 3211 1233 3274 estimabiliter
1252 3211 1313 3274 fuit
1332 3210 1495 3290 humilior,
1513 3212 1579 3275 imo
1598 3212 1632 3274 in
1657 3212 1752 3275 totius

198 3313 247 3375 nit
261 3331 299 3375 ea
313 3312 353 3375 ab
372 3311 456 3389 aliis,
473 3330 509 3373 ac
529 3310 610 3373 bene
623 3308 746 3391 judicat
760 3310 799 3371 de
814 3308 945 3387 eisdem,
1003 3309 1194 3373 humilitatis
1215 3309 1329 3392 abysso
1349 3309 1540 3392 profundior
1559 3330 1596 3373 ac
1622 3329 1752 3392 prorsus

198 3429 272 3474 curn
293 3409 515 3473 conformitate
535 3416 566 3471 et
585 3407 846 3471 connaturalitate
868 3406 948 3469 affe
1003 3408 1221 3483 constantior;
1237 3407 1281 3470 ita
1296 3408 1330 3471 in
1344 3408 1429 3471 dono
1444 3408 1609 3490 sapientie
1627 3408 1753 3471 radian-

197 3516 269 3572 ctus
284 3508 322 3571 ad
338 3526 386 3585 ea,
403 3514 525 3587 utputa,
542 3506 625 3587 quod
641 3504 701 3568 soli
721 3504 784 3567 Deo
804 3505 844 3568 sit
863 3524 948 3567 sum·
1003 3506 1128 3569 tissima
1160 3524 1197 3569 ac
1227 3506 1483 3587 splendidissima
1511 3505 1583 3585 fuit,
1617 3507 1650 3569 in
1680 3525 1753 3589 pro-

197 3626 346 3688 me,pure
361 3624 398 3667 ac
413 3604 947 3684 finaliterinherendum,quodque
1004 3604 1216 3687 pinquissimo
1241 3612 1327 3667 stans
1351 3611 1499 3668 contactu
1521 3604 1689 3686 Sapientie
1708 3606 1753 3667 in·

198 3703 387 3786 spiritualia,
413 3702 536 3780 divina,
561 3710 689 3777 eterna,
716 3700 949 3782 incomparabi-
1004 3711 1128 3781 create,
1154 3704 1194 3766 ad
1223 3703 1442 3784 recipiendum
1470 3702 1687 3766 indesinenter
1714 3722 1752 3766 ae

198 3801 274 3865 liter
292 3801 416 3864 cunctis
431 3799 555 3877 creatis,
572 3798 674 3875 vanis,
691 3798 895 3861 sensibilibus
917 3808 948 3862 et
1004 3800 1226 3864 liberalissime
1250 3800 1290 3863 ab
1314 3801 1426 3863 eadem
1451 3800 1625 3882 Sapientia,
1652 3801 1750 3883 rivos,

198 3899 328 3963 caducis
344 3898 408 3962 sint
421 3896 743 3981 preferenda.ltaque
759 3897 792 3959 in
806 3896 949 3961 habenti-
1004 3899 1257 3962 illuminationes
1277 3908 1432 3977 recentes,
1449 3899 1603 3979 assiduas,
1624 3899 1753 3962 lucidis-

199 3998 259 4061 bus
273 3998 392 4061 donum
407 3994 583 4077 sapientie,
600 3994 739 4076 cognitio
754 4003 847 4076 atque
869 3994 950 4058 affo-
1003 3998 1100 4061 simas
1124 4006 1157 4061 et
1180 3998 1353 4075 ferventes,
1380 3996 1497 4079 quibus
1520 3996 1752 4079 benignissima

197 4098 264 4161 ctio
284 4096 399 4159 mentis
417 4094 503 4157 eirca
521 4092 631 4157 divina
653 4111 803 4157 connexe
822 4102 897 4157 sunt
916 4102 948 4156 et
1002 4104 1097 4179 atque
1124 4096 1305 4158 humillima
1332 4116 1423 4160 mens
1452 4097 1586 4161 Deifere
1611 4099 1751 4181 Virginis

198 4195 404 4259 concordant.
963 4198 987 4259 D
1003 4214 1038 4257 ac
1054 4194 1206 4275 virginee
1221 4193 1327 4257 listris
1345 4195 1565 4260 indesinenter
1585 4197 1752 4261 reficieba-

238 4291 509 4367 Quemadmodum
534 4290 628 4353 etiarn
653 4290 855 4372 assignantur
878 4310 947 4372 gra·
1002 4302 1065 4369 tur,
1083 4292 1285 4355 recreabatur
1305 4302 1337 4356 et
1358 4294 1555 4358 exuberavit.

197 4394 257 4456 dus
274 4400 337 4453 tres
352 4388 504 4467 caritatis,
515 4388 558 4452 ita
572 4395 604 4451 et
617 4396 681 4451 tres
696 4396 771 4451 sunt
785 4388 947 4471 sapientie
1040 4392 1184 4473 Insuper,
1204 4390 1291 4453 lsaie
1315 4391 1440 4469 ultimo,
1460 4392 1549 4473 juxta
1573 4394 1751 4459 translatio·

197 4490 295 4572 hujus
323 4488 440 4571 gradus
468 4510 475 4549 :
503 4487 547 4549 ita
575 4488 661 4567 quod
691 4486 803 4550 tertius
830 4489 946 4570 gradus
1001 4508 1075 4552 nem
1101 4489 1278 4569 antiquam,
1293 4491 1338 4552 ait
1360 4490 1451 4553 Pater
1470 4500 1607 4555 eternus
1625 4516 1632 4555 z
1650 4494 1752 4576 Super
1765 4522 1795 4566 1„
1809 4534 1864 4571 rm,
1875 4523 1897 4565 ς,

198 4588 341 4653 caritatis
355 4605 393 4649 ac
408 4584 573 4667 sapientie
591 4584 674 4648 inest
695 4584 856 4667 perfectis,
873 4604 948 4649 con·
1001 4607 1097 4669 quem
1113 4588 1290 4668 requiescet
1305 4588 1440 4669 Spiritus
1456 4609 1557 4667 meus,
1574 4591 1636 4653 nisi
1655 4612 1752 4675 super

197 4688 349 4769 venitque
369 4684 514 4767 personis
533 4682 681 4747 heroicis.
699 4684 798 4746 llabet
821 4702 947 4765 quoque
1001 4686 1145 4766 quietum
1165 4693 1197 4748 et
1217 4686 1392 4749 humileml
1407 4687 1676 4762 Quemadmodum
1696 4710 1751 4754 au·

198 4786 252 4848 hic
267 4785 381 4847 tertius
396 4782 471 4846 doni
491 4782 653 4864 sapientie
672 4782 788 4863 gradus
808 4781 948 4845 latitudi·
1001 4790 1065 4845 tem
1081 4782 1282 4845 divinissima
1301 4783 1396 4846 Μανία
1416 4783 1479 4847 fuit
1498 4785 1689 4865 humillima,
1706 4790 1751 4853 ita

197 4902 273 4945 nem
292 4882 459 4964 grandem,
474 4887 506 4941 et
526 4878 680 4960 speciales
705 4880 821 4962 gradus
845 4880 948 4943 diver·
1002 4882 1071 4943 sine
1086 4881 1184 4944 dubio
1203 4881 1400 4963 quietissima
1418 4882 1481 4945 fuit
1499 4894 1617 4964 monte,
1633 4886 1697 4950 imo
1719 4896 1751 4950 et

197 5000 262 5059 sos,
280 4988 373 5062 atque
388 4975 599 5059 multiplicem
615 4976 820 5058 perfeetionis
835 4978 948 5041 distin·
1002 4996 1146 5060 corpore,
1162 4987 1317 5060 quantum
1332 4980 1361 5042 ei
1379 4979 1441 5042 fuit
1461 4982 1625 5062 possibile,
1642 4984 1750 5047 solita-

196 5080 336 5142 ctionem
352 5084 385 5139 et
398 5072 555 5151 ordinem,
573 5075 748 5137 secundum
763 5074 849 5155 quod
864 5094 946 5138 unus
1001 5076 1049 5139 ria
1063 5076 1200 5158 diligens
1215 5078 1285 5141 loca
1298 5078 1387 5141 velut
1404 5086 1509 5141 turtur
1529 5081 1747 5163 pudicissima,

196 5184 327 5240 sanctus
341 5182 391 5237 est
409 5172 549 5235 sanctior
568 5172 642 5251 alio,
660 5172 835 5235 secundum
855 5173 948 5236 innu·
1001 5194 1060 5238 nec
1085 5174 1155 5238 sino
1179 5176 1354 5258 pregnanti
1379 5195 1475 5240 causa
1502 5196 1635 5258 usquam
1663 5179 1749 5243 foras

195 5273 368 5340 morabiles
382 5269 736 5353 distinctiones,gradus
749 5290 785 5335 ac
797 5270 947 5335 differen-
1001 5274 1191 5356 egrediens3
1207 5293 1302 5358 porro
1323 5282 1430 5339 mente
1454 5275 1653 5357 quietissima
1674 5276 1748 5358 fuit,
