4309 6250
221 521 263 568 nn
282 521 491 570 anmonrrxrn
513 524 608 572 sunau
629 523 795 572 romulus
816 525 854 571 rr
873 524 1042 574 emmaus
1064 526 1204 586 conorari,
1226 527 1314 574 crana
1334 527 1378 574 ιιι.
1401 545 1443 559 -
1461 528 1532 576 aar.
1556 529 1630 576 xxrx
1664 509 1722 576 ddi
1803 505 1806 512 ’

174 691 256 755 lium
274 717 281 756 ε
299 694 391 759 aliter
405 694 484 759 illud
499 714 563 760 non
585 703 746 760 teneretur
766 697 824 759 sub
845 697 963 780 prae-h
979 717 1053 761 nem
1069 698 1166 763 habet
1180 719 1275 782 super
1288 699 1388 782 illam,
1405 709 1437 764 et
1451 720 1547 783 super
1566 701 1727 764 universa·

175 801 270 874 cepto
303 794 343 858 ad
376 794 496 884 aliquid
525 815 543 857 a
570 813 771 876 quocumque
799 815 923 860 summo
980 797 1043 860 lem
1062 797 1235 860 Ecclesiam
1260 799 1459 881 conjunctim
1482 800 1723 864 consideratam.

176 890 334 955 Pontifioe
362 893 580 957 constitutum.
611 893 679 957 Non
707 894 793 956 enim
822 895 924 976 major
980 895 1012 956 Si
1029 915 1104 959 vem
1118 897 1242 959 dicatur
1256 898 1340 979 quod
1356 917 1432 977 non,
1448 899 1509 961 hoc
1528 899 1663 962 absurde
1677 891 1724 978 (ni

175 989 240 1052 fuit
259 999 397 1073 potestas
416 991 648 1074 jurisdictionis
668 992 700 1054 in
720 992 809 1056 Petro
827 1012 922 1074 qnam
979 994 1087 1074 fallor)
1102 1005 1238 1074 sonaret,
1247 998 1422 1078 presertim
1436 1018 1535 1080 quum
1548 997 1637 1079 juxta
1651 1018 1727 1081 prce

176 1088 209 1150 in
223 1108 426 1172 quocumque
442 1090 543 1172 ipsius
558 1108 752 1154 successore.
770 1091 806 1152 Et
825 1091 851 1153 si
870 1111 924 1172 ge·
980 1092 1097 1173 habita,
1123 1095 1343 1157 communitati
1368 1104 1400 1158 et
1427 1096 1623 1158 multitudini
1651 1115 1727 1159 con·
1740 1121 1781 1160 ec
1795 1130 1853 1160 mv.

175 1187 285 1250 nerale
300 1189 473 1251 concilium
489 1197 633 1252 teneatur
648 1189 839 1272 temporibus
854 1189 923 1252 istis
977 1190 1116 1272 junctim
1138 1201 1276 1275 accepta>
1294 1194 1400 1276 potius
1425 1202 1584 1276 competat
1608 1195 1726 1258 habere

174 1286 214 1346 ad
230 1306 268 1348 ea
282 1306 352 1368 qum
366 1287 475 1350 Petrus
490 1287 664 1369 etquidem
679 1287 780 1370 ipsius
799 1307 923 1350 succes·
979 1290 1108 1352 easdem
1123 1292 1210 1372 leges
1225 1300 1257 1353 et
1270 1291 1499 1371 ordinationes,
1515 1311 1610 1375 quam
1625 1293 1653 1355 si
1673 1313 1726 1356 su-

173 1401 263 1447 sores
282 1384 488 1448 instituerunt
506 1385 727 1448 universaliter
747 1386 921 1466 observari,
980 1397 1085 1452 matur
1104 1388 1244 1452 divisim.

173 1483 271 1545 simili
297 1485 419 1547 ratione
444 1483 577 1567 parique
605 1493 759 1566 potestate
786 1503 823 1547 ac
850 1485 922 1565 jure
1019 1487 1165 1551 Secundo
1180 1487 1400 1570 interrogo,an
1414 1486 1497 1570 Papa
1511 1489 1727 1572 possitindul-

173 1600 318 1643 summus
333 1581 475 1645 Pontifex
490 1591 631 1664 tempore
646 1581 706 1646 isto
721 1583 817 1645 habet
835 1589 922 1664 pote-
979 1585 1103 1666 gentias
1118 1586 1224 1650 facere
1238 1587 1378 1668 generali
1394 1587 1541 1651 coneilio.
1555 1588 1587 1650 Si
1602 1588 1726 1650 dicatur

172 1687 299 1758 statem,
316 1680 532 1762 praelationem
547 1699 584 1744 ac
597 1680 851 1763 jurisdictionem
872 1701 924 1744 su·
979 1685 1063 1766 quod
1089 1685 1147 1764 sic,
1173 1683 1309 1749 infertur
1335 1686 1420 1768 quod
1447 1686 1666 1750 auctoritatem
1694 1696 1727 1750 et

172 1796 232 1859 per
245 1778 394 1858 generale
409 1777 593 1857 concilium,
609 1786 763 1860 quantum
778 1780 817 1842 ad
833 1799 923 1842 suam
977 1782 1235 1864 jurisdictionem
1260 1784 1375 1848 habeat
1397 1804 1494 1867 super
1517 1784 1596 1846 illud
1621 1809 1628 1848 ι
1650 1803 1728 1866 quo

174 1875 314 1958 pertinet
332 1875 526 1954 cathedram,
543 1883 620 1958 puta
639 1877 672 1938 in
690 1877 740 1939 his
765 1897 836 1959 qum
860 1877 921 1958 ipsi
940 1879 1067 1944 liniam
1093 1883 1268 1945 secundum
1296 1883 1439 1946 omnium
1464 1882 1726 1947 scholasticorum

173 1973 313 2036 concilio
328 1981 452 2036 exstant
466 1975 670 2038 accommoda
689 1985 721 2038 et
740 1976 832 2039 saluti
852 1995 923 2060 pro
980 1979 1146 2043 doctorum
1171 1980 1347 2043 doctrinam
1370 2000 1467 2063 super
1485 1989 1632 2062 quartum
1651 1981 1728 2044 Sen-

173 2071 262 2134 ficua
290 2071 518 2155 evidenterque
546 2071 641 2152 bona,
667 2074 709 2135 ita
736 2075 820 2156 quod
849 2075 925 2138 talia
980 2077 1162 2156 tentiamm,
1188 2078 1268 2140 nulli
1294 2079 1423 2160 praelato
1447 2080 1600 2160 competit
1623 2079 1843 2143 indul-emax.

174 2179 281 2252 potest
299 2171 436 2234 concilio
455 2172 595 2253 generali
616 2173 798 2256 precipere.
816 2173 921 2252 Perre,
980 2176 1120 2256 gentiam
1139 2176 1298 2257 aliquibus
1318 2177 1423 2238 facere
1447 2176 1510 2238 nisi
1535 2177 1596 2239 sibi
1621 2177 1728 2258 subje-

175 2269 202 2332 si
224 2269 348 2332 dicatur
372 2271 457 2350 quod
482 2270 521 2332 ad
548 2270 671 2333 nullum
700 2273 923 2354 predictorum
981 2273 1114 2351 etis,vel
1130 2274 1317 2337 auctoritate
1331 2274 1403 2356 ejus
1417 2275 1471 2356 qui
1488 2275 1636 2356 presidet
1650 2275 1726 2338 illis.

175 2376 322 2430 teneatur
343 2368 526 2446 concilium,
544 2367 605 2432 hoc
625 2369 726 2450 prima
746 2370 828 2433 facie
847 2371 924 2433 satis
980 2372 1012 2433 Si
1035 2380 1142 2434 autem
1160 2371 1276 2434 dicitur
1293 2374 1378 2452 quod
1397 2390 1472 2450 non,
1489 2373 1550 2436 hoo
1569 2373 1730 2437 videbitur

174 2465 360 2528 mirabiliter
375 2465 618 2548 terribiliterque
634 2477 839 2548 sonaret,nec
855 2489 926 2550 per·
980 2489 1050 2532 esse
1070 2478 1183 2533 contra
1203 2471 1387 2533 eorumdem
1407 2471 1527 2553 scripta
1550 2471 1726 2550 doctorum,

175 2584 261 2629 sonae
282 2565 469 2628 conciliares
491 2574 660 2648 peccarent
685 2567 836 2648 predicta
860 2587 923 2630 non
980 2569 1155 2631 dicentium
1181 2568 1265 2650 quod
1286 2569 1432 2633 Pontifex
1456 2588 1601 2631 summus
1627 2578 1730 2652 potest

173 2664 385 2728 observando.
409 2663 441 2726 Si
465 2683 541 2727 vero
565 2665 690 2728 dicatur
713 2666 796 2747 quod
818 2667 925 2729 eonci—
980 2667 1243 2730 universaliteret
1257 2667 1480 2748 ubique,omni
1497 2667 1618 2750 totique
1634 2687 1730 2751 popu·

174 2762 255 2824 lium
270 2780 334 2825 non
349 2771 475 2825 tenetur
494 2763 533 2825 ad
554 2761 625 2842 ista,
641 2763 791 2844 quoniam
808 2771 924 2828 statuta
981 2763 1011 2826 lo
1026 2763 1201 2826 christiano
1219 2763 1433 2846 indulgentias
1454 2764 1572 2842 facere,
1589 2784 1627 2828 eo
1643 2765 1729 2846 quod
1762 2823 1766 2830 .

174 2879 373 2924 summorum
388 2860 580 2924 Pontificum
597 2870 701 2942 potest
719 2881 879 2941 revocare,
897 2863 924 2925 si
979 2861 1096 2924 babeat
1118 2860 1294 2944 plenariam
1319 2870 1507 2945 potestatem
1537 2883 1634 2945 super
1662 2863 1729 2925 the·

175 2959 293 3023 viderit
307 2958 455 3041 expedire
473 2982 479 3019 :
497 2978 572 3042 ergo
588 2960 699 3023 saltem
716 2968 863 3023 tenentur
885 2961 923 3023 ad
980 2979 1109 3023 saurum
1124 2961 1285 3040 Ecclesia,
1300 2962 1340 3023 de
1355 2979 1417 3042 qno
1433 2961 1637 3043 indulgentiae
1653 2981 1729 3024 con-

176 3059 237 3121 ista
272 3057 424 3142 quamdiu
459 3076 522 3121 non
559 3057 698 3121 occurrit
728 3059 960 3132 rationabilisc
980 3059 1135 3121 feruntur.
1153 3059 1300 3139 Rursum,
1317 3060 1728 3141 secundumhocsequere·

175 3178 272 3221 causa
301 3178 338 3221 ea
368 3158 537 3221 revocandi
566 3165 598 3220 et
626 3176 690 3221 non
719 3158 921 3221 observandi.
980 3167 1031 3220 tur
1044 3159 1129 3239 quod
1144 3158 1494 3239 conoilinm,quantum
1509 3159 1548 3221 ad
1564 3158 1729 3237 boe,esset

175 3257 242 3319 lmo
274 3256 345 3319 talis
373 3264 480 3337 posset
508 3274 675 3319 occurrere
704 3276 809 3336 causa,
840 3258 923 3338 quod
979 3256 1099 3339 pejoris
1127 3264 1158 3318 et
1188 3254 1376 3319 infelicioris
1407 3255 1602 3319 conditionis
1630 3275 1728 3337 quam

175 3355 271 3418 etiarn
287 3373 495 3436 quaecumque
511 3354 634 3435 privata
649 3374 785 3437 persona
800 3375 864 3420 non
879 3363 924 3417 te·
979 3374 1188 3437 quecumque
1211 3355 1273 3417 alia
1295 3355 1495 3436 particularis
1513 3354 1657 3417 Ecclesia
1677 3354 1728 3417 vel

175 3460 306 3517 neretur
326 3453 364 3515 ad
387 3452 457 3516 ista.
979 3472 1126 3535 persona,
1143 3452 1294 3533 quoniam
1314 3472 1412 3535 capax
1433 3472 1497 3516 non
1518 3461 1602 3515 esset
1620 3452 1728 3535 gratian

214 3552 377 3625 Praeterea,
394 3552 570 3613 secundum
585 3551 703 3633 scripta
718 3553 849 3616 istorum
864 3572 922 3635 pro
981 3560 1087 3630 tantae,
1112 3571 1211 3633 quurn
1236 3560 1341 3614 tamen
1365 3551 1507 3633 indigeat
1530 3570 1568 3613 ea
1592 3552 1674 3615 sicut
1697 3560 1730 3614 et

174 3650 421 3732 congregatione
434 3649 607 3712 basileensi
628 3650 845 3730 scribentium,
862 3652 923 3714 sie·
981 3649 1079 3712 ceteri
1100 3649 1258 3712 homines.
1275 3650 1438 3727 Prmterea,
1455 3648 1481 3711 si
1501 3650 1626 3712 dicatur
1643 3650 1727 3732 quod

175 3758 210 3812 ut
223 3749 307 3830 Papa
322 3747 442 3810 nullam
458 3748 552 3811 babet
566 3749 799 3828 atteteritatem,
816 3750 923 3831 prasi·
981 3748 1153 3829 ipsummet
1176 3747 1325 3829 generale
1353 3748 1525 3809 concilium
1553 3755 1657 3829 potest
1681 3748 1729 3809 in-

174 3848 317 3911 dentiam
333 3855 365 3909 et
377 3846 635 3928 jurisdictionem
651 3868 746 3930 super
761 3849 924 3911 universa·
979 3846 1159 3927 dulgentias
1183 3846 1259 3908 dare
1282 3846 1377 3909 etiam
1409 3845 1600 3927 sibimetipsi
1628 3869 1636 3908 ι
1664 3846 1729 3928 pri-

175 3947 238 4011 lem
263 3945 439 4009 Ecclesiam
459 3946 658 4028 conjunctim
678 3946 920 4025 consideratam,
980 3963 1043 4021 mo,
1061 3946 1121 4007 hoc
1136 3963 1200 4007 non
1221 3944 1385 4007 invenitur
1401 3944 1434 4005 in
1454 3944 1637 4007 doctoribus
1652 3944 1728 4007 scri-

175 4046 219 4108 ita
243 4064 304 4107 nec
329 4062 425 4125 super
451 4047 599 4125 generale
628 4046 799 4108 concilium
827 4070 834 4109 ι
860 4065 923 4127 quo
978 4051 1077 4125 ptum,
1095 4044 1178 4124 quod
1198 4044 1236 4105 ad
1256 4043 1405 4124 generale
1420 4042 1591 4106 concilium
1607 4052 1729 4126 spectet

174 4161 341 4221 concesso,
357 4160 430 4206 mox
444 4142 653 4205 concludetur
671 4144 754 4224 quod
775 4145 922 4225 generale
979 4142 1192 4224 indulgentias
1206 4142 1281 4204 dare
1296 4142 1425 4222 propria
1437 4142 1726 4223 auctoritate,quia,

174 4243 349 4307 concilium
364 4241 403 4303 ad
419 4241 542 4303 nullum
559 4242 779 4323 praedictorum
795 4244 835 4305 sit
849 4243 961 4309 obli-l)
980 4242 1156 4306 secundum
1180 4260 1291 4304 omnes
1310 4242 1467 4317 doctores,
1484 4240 1651 4304 thesaurus
1670 4243 1728 4305 Ec-

174 4352 307 4426 gatum3
332 4340 478 4405 similiter
501 4360 560 4403 nec
585 4349 649 4404 tota
672 4342 922 4405 Christianorum
980 4342 1087 4405 clesiaa
1101 4340 1291 4404 commissus
1306 4348 1355 4402 est
1369 4340 1463 4421 plene
1477 4340 1605 4403 domino
1624 4341 1725 4421 Papae,

174 4440 387 4505 communitas
409 4438 608 4522 conjunctim
630 4448 769 4521 accepta.
981 4460 1040 4503 nec
1062 4440 1180 4521 legitur
1204 4438 1393 4501 commissus
1415 4438 1555 4520 generali
1577 4439 1726 4519 concilio,

215 4542 301 4604 Pono
329 4558 404 4621 ergo
429 4558 486 4621 per
511 4538 718 4619 impossibile,
745 4539 829 4620 quod
855 4539 925 4601 uni·
980 4560 1040 4602 nec
1061 4540 1191 4621 antiqua
1215 4538 1350 4602 concilia
1370 4539 1584 4619 indulgentias
1604 4540 1728 4603 dedisse

176 4638 261 4703 versi
284 4647 315 4701 et
335 4637 453 4719 singuli
476 4635 644 4699 Christiani
670 4637 723 4717 qui
750 4646 823 4699 sunt
847 4638 924 4700 citra
982 4634 1140 4721 leguntur,
1157 4646 1192 4700 ut
1210 4638 1393 4715 aestimatur,
1410 4637 1471 4699 nisi
1486 4637 1568 4701 forte
1587 4658 1625 4701 ex
1644 4658 1729 4701 sum-

175 4738 348 4821 Papam,in
364 4737 471 4817 aliquo
486 4754 550 4799 uno
565 4734 717 4797 latissimo
733 4756 845 4818 campo
861 4738 927 4799 sint
982 4739 1025 4801 mi
1052 4737 1216 4801 Pontificis
1240 4736 1449 4799 ordinatione.
1471 4736 1599 4816 lterum,
1620 4738 1730 4799 dicunt

177 4836 375 4920 congregati,
404 4843 437 4899 et
465 4835 504 4897 ad
533 4834 766 4897 observandum
795 4836 925 4917 prefata
983 4835 1504 4917 doctoressuperquartum,quod
1521 4836 1731 4916 nemopossit

178 4954 375 4998 summorum
391 4932 581 4996 Pontificum
598 4940 713 4993 statuta
727 4932 807 4997 bene
822 4935 926 5017 dispo·
982 4935 1043 4997 sibi
1064 4935 1126 5016 ipsi
1146 4934 1360 5015 indulgentias
1379 4932 1496 5009 facere,
1513 4934 1596 4996 sicut
1615 4954 1674 4996 nec
1695 4953 1729 4996 se

179 5035 232 5097 siti
251 5058 258 5094 :
276 5043 351 5096 tunc
377 5050 484 5114 quaero
504 5050 544 5094 an
565 5040 628 5095 tota
649 5031 703 5093 illa
723 5034 925 5114 congregatio
983 5034 1088 5114 ipsum
1103 5032 1173 5112 quis
1189 5040 1289 5112 potest
1305 5031 1469 5093 absolvere
1483 5054 1490 5091 :
1504 5039 1610 5093 tamen
1625 5032 1730 5094 indul-

179 5132 274 5196 simul
301 5140 430 5214 pensata
458 5140 489 5193 et
512 5138 649 5212 sumpta,
676 5150 731 5194 seu
760 5132 926 5194 collective
983 5131 1122 5212 gentiam
1139 5130 1271 5208 faciens,
1289 5137 1389 5209 potest
1409 5128 1615 5209 indulgentiae
1634 5148 1729 5211 quam

180 5238 322 5311 accepta,
338 5238 485 5293 teneatur
502 5231 541 5293 ad
564 5230 634 5293 ista.
652 5228 684 5291 Si
699 5229 824 5293 dicatur
841 5232 926 5311 quod
983 5230 1055 5292 aliis
1079 5228 1166 5307 facit,
1187 5227 1346 5309 particeps
1370 5245 1451 5289 esse.
1473 5227 1559 5289 Unde
1584 5228 1643 5290 sibi
1668 5227 1728 5291 soli

181 5330 259 5407 imo,
280 5348 355 5411 ergo
377 5327 459 5410 Papa
481 5335 665 5409 potestatem
685 5336 717 5391 et
734 5328 929 5410 jurisdictio·
984 5347 1048 5392 non
1063 5336 1166 5410 potest
1180 5324 1407 5409 indulgentiam
1422 5324 1537 5406 facere,
1545 5335 1640 5409 prout
1653 5325 1730 5391 Tho
