4309 6250
329 503 479 551 ambobus
500 504 729 551 otsrttxartottts
751 502 842 551 lll'fflll
862 502 1069 549 cantsttatttt!
1090 504 1128 549 ΒΤ
1147 502 1363 550 stuatosum.
1384 520 1425 533 ···
1444 502 1515 549 altr.
1538 503 1570 549 vt
1666 484 1723 549 46¹

175 674 342 737 tenebatur
356 674 472 756 loseph
486 674 583 737 mum
605 673 770 737 nominare
785 682 839 737 aut
852 674 962 754 ejusd
1017 672 1168 737 Subditur
1190 672 1224 735 in
1247 673 1403 738 alcorano
1429 697 1436 735 ε
1463 672 1577 755 loseph
1606 672 1724 735 allatus

173 772 340 835 actualiter
353 772 515 835 reminisci
530 774 562 834 in
578 790 671 855 prece
682 772 920 853 hujuscemodi:
976 778 1024 833 est
1039 790 1145 852 regem
1162 795 1169 833 :
1186 772 1270 834 Pone
1288 792 1340 834 me
1358 772 1522 835 custodem
1541 789 1638 852 super
1657 790 1724 834 om-

172 879 205 933 et
228 870 375 951 quamvis
396 871 429 933 in
451 871 511 934 hoc
533 871 640 934 forsan
664 870 830 933 venialiter
851 888 924 951 pec·
977 868 1030 931 nia
1044 869 1191 951 granaria
1205 870 1454 952 atquedeposita
1468 869 1557 951 regni
1573 869 1722 932 tuilstud

172 978 288 1047 cassat,
305 988 369 1033 non
388 977 493 1032 umen
513 970 554 1033 ob
575 970 635 1033 hoc
655 978 718 1031 tam
741 969 921 1031 diuturnam
977 976 1025 1031 est
1039 969 1226 1032 vicesimum
1242 979 1390 1050 quartum
1405 969 1607 1031 mendacium
1624 991 1631 1029 :
1648 967 1724 1049 quia

172 1067 377 1131 sustinuisset
400 1068 694 1133 incarcerationem.
718 1067 756 1130 Et
779 1068 853 1149 quia
877 1067 922 1130 lo
976 1067 1025 1145 (ut
1046 1065 1147 1129 lertur
1165 1067 1197 1129 in
1216 1067 1343 1146 Genesi)
1362 1067 1477 1149 loseph
1496 1066 1657 1130 consuluit
1677 1086 1724 1129 re
1752 1084 1808 1128 cea.
1827 1100 1869 1139 au,

172 1166 330 1247 quehatur
343 1166 516 1231 idololatra
532 1185 642 1229 verum
657 1167 756 1229 Deum
775 1166 922 1248 ignoran-
976 1166 1007 1248 gi
1028 1173 1063 1227 ut
1080 1166 1261 1247 provideret
1285 1166 1390 1229 vimm
1409 1165 1612 1245 industrium,
1627 1185 1724 1246 quem
1738 1151 1812 1194 ³³⁴⁴·

171 1266 281 1344 ti,non
296 1273 363 1328 crat
377 1274 591 1348 opportunum
604 1272 638 1327 ut
652 1265 681 1327 ei
697 1266 794 1327 Deum
810 1284 919 1327 verum
977 1265 1185 1329 constituerat
1204 1264 1410 1347 praepositum
1431 1263 1555 1345 AEgypti
1573 1264 1614 1326 ad
1635 1264 1725 1326 colli-

171 1364 205 1426 in
229 1363 283 1425 tali
307 1363 519 1445 postulatione
539 1362 741 1444 exprimeret.
976 1364 1116 1445 gendum
1144 1371 1176 1425 et
1200 1363 1454 1425 conservandum
1484 1361 1667 1441 frumenta,
1693 1372 1725 1425 et

212 1462 361 1543 Sequitur
382 1462 414 1523 in
433 1462 583 1526 Alforcan
601 1484 607 1524 :
625 1462 712 1523 Tunc
734 1463 773 1524 de
794 1480 921 1525 carcere
976 1470 1052 1525 tunc
1077 1481 1132 1524 rex
1155 1461 1195 1524 de
1220 1460 1411 1542 sapientium
1435 1480 1568 1524 suorum
1590 1461 1725 1525 consilio

170 1561 325 1624 liberatus
340 1560 503 1641 (videlicet
517 1560 667 1643 princeps
682 1557 921 1641 pincernarum)
977 1558 1120 1641 praefecit
1137 1560 1243 1640 ipsum
1264 1559 1379 1642 loseph
1399 1568 1491 1623 terrae
1506 1560 1641 1642 AEgypti.
1658 1560 1724 1624 lmo

170 1659 252 1721 dixit
279 1660 318 1721 ad
346 1677 453 1740 regem
483 1659 529 1739 (id
557 1667 606 1721 est
633 1658 838 1738 Pharaonem,
865 1677 922 1721 sua
977 1657 1117 1738 speciem
1138 1656 1322 1721 ambitionis
1343 1666 1374 1720 et
1395 1658 1577 1740 cupiditatis
1596 1657 1724 1720 habuis-

169 1757 296 1821 somnia
311 1757 497 1820 recitantem
512 1765 543 1821 et
557 1757 672 1840 exponi
686 1760 893 1838 querentem)
911 1780 918 1819 ε
977 1764 1035 1837 set,
1053 1756 1079 1817 si
1103 1756 1218 1839 Joseph
1243 1758 1433 1838 postulasset
1456 1757 1516 1820 hoc
1542 1756 1656 1838 primo.

169 1857 201 1919 Si
221 1857 261 1919 ad
281 1856 397 1937 Joseph
416 1875 468 1919 me
488 1856 627 1934 miseris,
644 1875 751 1919 veram
772 1856 847 1919 hinc
868 1876 921 1918 ex·
938 1852 962 1915 B
1017 1854 1164 1937 Sequitur
1183 1855 1217 1917 in
1237 1854 1387 1918 Aliorcan
1404 1878 1412 1917 ι
1429 1855 1545 1937 loseph
1560 1856 1649 1918 fratri
1665 1874 1723 1919 suo

169 1954 365 2038 positionem
382 1954 437 2016 tibi
453 1954 600 2018 reseram.
617 1954 663 2018 Ad
683 1954 799 2037 loseph
814 1955 921 2036 itaque
973 1954 1139 2033 (videlicet
1160 1954 1340 2035 Beniamin)
1365 1953 1425 2016 sihi
1450 1962 1649 2036 presentato,
1676 1974 1724 2018 rc·

169 2053 276 2117 nuntii
301 2052 403 2133 missi,
423 2052 539 2116 somnii
563 2054 792 2135 expositionem
817 2054 921 2135 requi·
975 2054 1094 2116 velavit
1122 2072 1156 2115 se
1184 2072 1254 2115 esse
1282 2053 1412 2116 tratrem
1438 2072 1543 2115 suum.
1568 2054 1634 2115 lloc
1658 2072 1723 2117 non

168 2161 254 2215 runt.
285 2150 488 2233 Expositione
516 2158 622 2214 antem
650 2150 781 2215 domino
809 2150 921 2214 Phara·
976 2152 1147 2215 concordat
1172 2151 1337 2233 scripturas
1360 2150 1518 2215 Geneseos
1538 2174 1546 2213 ι
1568 2150 1640 2215 ideo
1664 2151 1723 2215 lal-

167 2251 222 2315 cni
245 2250 387 2330 recitata,
403 2250 517 2313 adduci
539 2268 612 2312 cum
633 2250 792 2332 pracepit.
809 2250 842 2312 ln
868 2250 920 2313 his
976 2268 1046 2313 sum
1069 2257 1230 2313 censetur.

168 2350 277 2413 verbis
302 2357 376 2412 sunt
403 2349 462 2411 tria
490 2348 656 2411 mendacia
679 2373 686 2411 :
710 2348 861 2430 quoniam
886 2344 918 2411 in
1015 2346 1165 2429 Sequitur
1178 2346 1212 2409 in
1226 2347 1362 2411 Alcoran
1379 2370 1386 2408 :
1403 2346 1486 2410 Dixit
1499 2347 1616 2431 Joseph
1633 2371 1640 2411 :
1659 2348 1720 2413 Vas
1837 2432 1844 2441 ι

76 2480 96 2507 ι.
115 2479 155 2516 aa.
168 2448 284 2511 Genesi
310 2448 463 2530 scriptum
489 2456 548 2527 est,
568 2448 652 2529 quod
677 2447 837 2511 Pharaone
862 2467 919 2511 sua
975 2446 1097 2529 regium
1121 2446 1267 2529 quisquis
1291 2445 1422 2509 abstulit
1447 2446 1537 2527 mihi,
1563 2448 1720 2513 sarcinam

49 2534 87 2573 '²'
169 2548 295 2611 somnia
320 2554 529 2629 proponente,
555 2555 586 2609 et
613 2546 838 2629 pincernarum
853 2566 918 2610 ma·
973 2545 1088 2609 cameli
1114 2545 1164 2607 sui
1187 2544 1355 2627 accipiam,
1371 2552 1404 2608 et
1427 2546 1560 2628 insuper
1582 2546 1648 2610 vim
1674 2548 1721 2613 la-

167 2649 267 2729 gistro
282 2654 430 2709 narrante
444 2640 841 2729 quemadmodnm'loseph
856 2646 916 2709 sihi
973 2646 1055 2707 ciam
1080 2643 1140 2707 illi.
1160 2644 1217 2707 llic
1242 2654 1317 2707 sunt
1339 2645 1402 2708 duo
1426 2646 1622 2710 mendacia:
1645 2650 1721 2729 quia

167 2744 351 2827 exposuerit
379 2743 539 2807 somnium
568 2764 673 2823 suum,
698 2744 816 2808 Pharao
845 2764 918 2809 mox
972 2746 1020 2823 (ut
1044 2742 1176 2807 Genesis
1201 2743 1311 2823 relert)
1336 2745 1547 2825 perscrutatio
1574 2746 1630 2808 illa
1657 2746 1720 2810 lra-

167 2845 321 2927 praacepit
351 2844 457 2925 ipsum
488 2842 604 2924 loseph
638 2842 700 2905 sihi
732 2844 845 2907 adduci
877 2846 916 2907 de
972 2850 1054 2905 trum
1070 2841 1187 2924 loseph
1201 2841 1285 2905 facta
1298 2850 1347 2905 est
1361 2850 1448 2905 extra
1463 2843 1586 2925 urbem,
1603 2844 1719 2928 loseph
1742 2866 1866 2921 raama.

166 2962 308 3023 carcerc,
338 2951 369 3005 et
397 2962 470 3005 eum
499 2941 559 3004 sibi
588 2943 818 3024 repraesentari.
850 2942 916 3018 Ouo
972 2941 1120 3016 ahsente;
1138 2940 1251 3003 tratres
1265 2958 1391 3022 quoque
1405 2941 1521 3023 loseph
1536 2961 1720 3007 noncame·
1734 2934 1754 2974 ⁴·

165 3043 264 3120 lacto,
281 3042 400 3105 Pharao
425 3061 496 3105 mox
522 3042 730 3122 personaliter
753 3041 860 3105 retulit
885 3042 914 3105 ei
936 3038 1031 3119 Clos,
1049 3038 1103 3101 sed
1125 3037 1232 3101 asinos
1254 3057 1363 3101 secum
1384 3038 1510 3101 duxisse
1532 3040 1692 3122 leguntur.
1746 3064 1804 3109 ma.
1817 3079 1866 3118 ιω,

167 3143 295 3207 somnia
322 3160 390 3220 sna,
420 3159 593 3222 eorumque
622 3141 915 3222 interpretationem
1012 3138 1132 3202 Deinde
1164 3137 1197 3200 in
1226 3145 1376 3219 praetacto
1403 3137 1551 3202 Alcorani
1579 3142 1719 3223 capitulo
1734 3131 1768 3174 ²⁶·

167 3241 285 3304 didicit
297 3247 330 3302 et
343 3238 464 3302 audivit
477 3238 660 3302 immediate
674 3259 692 3302 a
706 3239 834 3323 Joseph.
850 3241 917 3304 Sic·
972 3237 1139 3300 mendacia
1158 3243 1206 3299 tot
1226 3244 1413 3318 sequuntur,
1429 3238 1514 3317 quod
1538 3239 1631 3302 taedet
1652 3240 1719 3304 haac

167 3359 232 3422 que
255 3358 329 3402 eum
351 3338 457 3401 eduxit
475 3339 516 3401 de
538 3357 665 3400 carcere
686 3346 758 3402 ante
779 3340 917 3403 somnio
972 3354 1151 3398 numerare.
1177 3335 1256 3397 Nam
1281 3334 1428 3398 subditur
1451 3335 1496 3398 ibi
1522 3339 1719 3403 :adstantes

167 3458 242 3502 rum
263 3456 393 3501 suorum
415 3435 720 3519 interpretationem.
971 3433 1101 3516 quidam
1125 3433 1284 3513 dixerunt,
1309 3432 1379 3496 Non
1403 3433 1520 3496 mirum
1544 3436 1570 3498 si
1598 3435 1718 3502 lurtum

209 3536 404 3600 Vicesimum
433 3536 608 3598 secundum
637 3535 840 3598 mendacium
868 3544 916 3600 cst
973 3531 1129 3612 lecemnt,
1145 3531 1200 3613 qui
1225 3531 1314 3614 prins
1337 3530 1468 3595 tratrem
1493 3552 1584 3596 suum
1603 3537 1720 3600 subdu-

166 3637 255 3718 quod
283 3635 317 3697 in
345 3634 494 3697 Allorcan
528 3633 732 3715 subjungitur
761 3658 768 3695 :
799 3633 914 3718 loseph
973 3639 1096 3694 xerunt.
1112 3631 1177 3694 lloc
1192 3629 1308 3693 lalsum
1328 3638 1388 3709 est,
1404 3631 1481 3712 quia
1499 3632 1658 3696 adstantes
1674 3635 1719 3698 illi

166 3735 317 3798 nuntium
333 3733 371 3795 ad
386 3732 549 3796 dominum
565 3751 657 3794 suum
668 3732 832 3812 (videlicet
843 3733 917 3796 Pha·
973 3729 1076 3792 adhuc
1097 3728 1178 3791 nihil
1200 3727 1344 3790 sciebant
1364 3728 1404 3790 de
1421 3728 1483 3791 hcc
1502 3731 1587 3810 quod
1605 3731 1720 3797 iratres

166 3834 313 3911 raonem)
338 3831 441 3895 redire
466 3830 627 3913 praecepit,
644 3839 678 3894 ut
701 3830 917 3895 sciscitaretur
972 3827 1018 3892 illi
1044 3826 1149 3910 primo
1172 3826 1388 3889 subduxerant
1408 3826 1538 3891 tratrem
1560 3849 1663 3895 suum.
1680 3869 1720 3879 -

166 3933 207 3996 ab
227 3950 267 3994 eo
286 3950 343 3993 cur
363 3929 520 4011 praedictae
537 3927 688 3991 mulieres
707 3949 821 3992 manus
843 3949 915 3994 suas
972 3926 1121 4008 Sequitur
1144 3925 1178 3988 in
1197 3925 1352 3987 Alcorano
1369 3947 1376 3985 :
1393 3925 1491 4005 ldaJ'or
1514 3926 1648 3992 fratrum
1673 3932 1721 3994 di-

165 4032 210 4094 ita
226 4029 387 4093 secabant.
401 4028 469 4090 Jam
484 4028 569 4091 enim
585 4027 686 4109 patuit
700 4029 785 4110 quod
800 4029 915 4111 Joseph
972 4025 1017 4088 xit
1031 4023 1182 4088 iratribus
1197 4023 1334 4086 suis2Ad
1349 4031 1472 4106 patrem
1487 4025 1599 4106 redite,
1611 4029 1720 4093 dicen-

164 4129 230 4192 luit
255 4128 388 4190 eductus
411 4127 451 4189 de
476 4145 604 4188 carcere
628 4135 797 4208 antequam
822 4146 916 4209 expo
973 4133 1019 4187 tes
1037 4148 1043 4186 :
1062 4125 1161 4201 Pater,
1179 4122 1267 4185 lilius
1287 4130 1358 4184 tuus
1377 4122 1498 4186 lurtum
1514 4128 1717 4208 perpetravit.

165 4228 232 4290 suit
254 4226 412 4290 somnium
437 4225 532 4306 regis,
548 4233 579 4288 et
607 4225 691 4306 quod
716 4226 830 4308 loseph
851 4246 915 4290 non
932 4225 956 4286 D
971 4223 1097 4286 Falsum
1116 4231 1164 4285 est
1188 4221 1283 4299 istud,
1299 4221 1375 4302 quia
1393 4241 1453 4285 nec
1474 4222 1588 4286 fratres
1609 4225 1721 4308 Benja-

163 4327 229 4390 luit
250 4343 356 4388 coram
374 4323 563 4386 mulieribus
583 4323 792 4403 introductus,
808 4332 844 4387 ut
865 4345 916 4388 su·
972 4322 1037 4384 min
1064 4321 1265 4384 crediderunt
1286 4339 1360 4382 eum
1379 4319 1496 4384 fecisse
1515 4321 1647 4405 lurtum,
1664 4328 1719 4389 sed

164 4445 223 4508 pra
249 4430 408 4486 narratum
431 4431 490 4484 est.
971 4420 1126 4502 scyphum
1151 4418 1322 4482 credebant
1351 4418 1505 4483 insidiose
1533 4421 1718 4504 impositum

205 4522 358 4604 Sequitur
385 4521 419 4584 in
447 4521 602 4584 Alcorano
629 4543 635 4582 :
663 4521 801 4583 Tandem
830 4521 914 4602 regis
971 4537 1063 4582 sacco
1078 4518 1189 4600 ipsius,
1207 4525 1242 4579 ut
1256 4524 1342 4599 patet
1354 4537 1393 4579 ex
1407 4517 1586 4582 Genesi—
1600 4521 1719 4588 llnrsus
1745 4543 1865 4600 ramma,

163 4622 284 4685 mulier
306 4621 352 4701 (id
377 4629 426 4682 est
450 4637 529 4682 uxor
557 4619 741 4696 Pharaonis)
766 4619 809 4682 ait
835 4644 842 4682 :
867 4621 913 4684 Ad
970 4617 1003 4678 in
1015 4616 1129 4680 Genesi
1144 4616 1343 4698 apertissime
1358 4614 1510 4698 scriptum
1524 4624 1672 4702 est,quod
1685 4623 1716 4685 in
1733 4610 1752 4649 ⁸·

162 4719 309 4784 veritatis
333 4717 535 4798 evidentiam,
552 4716 710 4780 confiteor
733 4736 785 4779 me
806 4737 914 4800 preca·
970 4715 1110 4778 secundo
1129 4715 1276 4796 ingressu
1290 4715 1424 4778 fratrum
1439 4716 1554 4799 loseph
1574 4718 1607 4780 in
1628 4721 1718 4802 AEgy-

162 4829 229 4884 tam
248 4817 453 4881 concubitum
472 4816 600 4898 loseph,
616 4834 753 4896 eumque
772 4835 914 4880 recusas-
969 4822 1069 4895 ptum,
1084 4813 1152 4895 ipse
1166 4814 1280 4895 loseph
1296 4814 1512 4877 manifestavit
1526 4835 1560 4878 se
1575 4815 1650 4897 illis,
1662 4838 1717 4880 an·
1731 4833 1865 4890 tauma.

163 4939 208 4982 se.
225 4917 313 4980 Istud
338 4925 386 4978 est
410 4914 598 4978 vicesimum
629 4913 756 4976 tertium
785 4916 914 4978 menda·
969 4921 1097 4994 tequam
1122 4911 1284 4974 redierunt
1302 4913 1340 4975 ad
1365 4921 1487 4994 patrem
1508 4933 1611 4978 suum.
1630 4917 1716 4981 Unde

163 5017 267 5093 cium,
282 5015 405 5077 nullum
430 5013 551 5076 hahens
576 5011 714 5076 colorem
732 5036 739 5074 :
757 5013 829 5094 quia
853 5015 911 5076 etsi
969 5014 1002 5076 in
1018 5011 1147 5074 Actibus
1161 5011 1383 5093 Apostolorum
1404 5011 1549 5094 habetur,
1563 5016 1647 5095 quod
1667 5016 1717 5080 Jo-

162 5115 278 5197 regina
298 5121 426 5195 precata
446 5111 561 5175 luisset
581 5111 681 5193 ipsius
701 5111 815 5193 loseph
839 5132 913 5175 con·
968 5111 1046 5191 seph
1063 5109 1199 5173 secundo
1209 5109 1345 5189 (scilicet
1359 5108 1508 5190 adventu)
1519 5113 1657 5192 cognitus
1668 5124 1717 5178 est
1730 5133 1863 5186 nassau.

162 5214 320 5294 cubitum,
337 5231 401 5276 non
426 5219 532 5274 tamen
554 5209 600 5272 sic
622 5218 734 5292 sponte
757 5211 913 5292 prodidis-
967 5211 1008 5273 ab
1031 5209 1090 5272 eis.
1107 5210 1187 5271 llinc
1205 5227 1334 5289 prorsus
1355 5211 1543 5274 mendosum
1565 5215 1715 5294 estquod

162 5322 212 5377 set
233 5332 269 5375 se
291 5311 405 5394 ipsam.
967 5309 1001 5371 in
1016 5309 1172 5371 Alcorano
1191 5305 1405 5389 subjungitur,
1421 5309 1506 5390 quod
1525 5308 1556 5370 in
1576 5313 1716 5377 secundo
