4309 6250
938 708 1024 807 DE

309 1012 872 1167 DIGNITATE
933 1011 1061 1164 ET
1126 1007 1650 1163 LAUDIBUS

666 1388 757 1541 B.
793 1388 888 1539 V.
923 1384 1301 1539 MARIAE

591 2088 882 2213 LIBER
952 2086 1370 2212 TERTIUS

432 2414 484 2467 DE
521 2413 768 2467 VlRTU'l'lBUS
797 2412 1120 2467 GLOlllOSlSSlMAE
1157 2412 1339 2465 VIRGlNlS
1375 2412 1533 2465 MARIAE.

450 2776 698 2843 PROOEMIUM
969 2734 1126 2799 Asummi
1140 2736 1239 2819 ‚Regis
1258 2736 1422 2818 amplexus
1446 2736 1636 2819 purissimos
1660 2739 1759 2803 intro-

666 2826 677 2841 ‘
703 2826 709 2839 '
1007 2836 1169 2899 ducuntur
1185 2859 1192 2898 ε
1209 2844 1338 2918 propter
1357 2836 1442 2917 qnod
1466 2837 1584 2917 reginae
1607 2856 1672 2902 non
1698 2838 1759 2901 im-

278 2938 340 3001 NA
367 2945 412 2997 est
437 2936 583 2995 columba
606 2954 688 3004 men,
701 2936 848 3011 perfecta
871 2955 952 2995 mea.
1009 2934 1123 2997 merito
1151 2942 1401 3016 nuncupantur;
1430 2943 1462 2996 et
1489 2934 1577 3015 item,
1603 2937 1757 3017 quoniam

295 3034 382 3097 Cant.
400 3032 487 3107 v1,8.
1009 3032 1097 3095 carni
1129 3041 1161 3095 et
1191 3032 1460 3115 concupiscentiis
1488 3052 1526 3097 ac
1553 3035 1758 3115 passionibus

251 3133 290 3196 Ut
317 3133 436 3215 optime
470 3139 598 3194 sanctus
628 3129 772 3193 affirmat
802 3131 953 3212 Hierony·
1008 3131 1215 3193 dominantur
1233 3139 1296 3193 tam
1321 3130 1415 3213 plene
1440 3140 1476 3194 ut
1498 3140 1583 3196 recte
1603 3143 1759 3198 vocentur

205 3252 291 3310 mus,
315 3231 397 3293 sicut
425 3230 660 3312 comparatione
687 3228 742 3291 Dei
772 3229 880 3292 nullus
907 3237 955 3291 est
1010 3229 1138 3309 regine.
1155 3227 1260 3291 Nihilo
1282 3229 1388 3291 minus
1410 3229 1493 3291 inter
1516 3249 1570 3292 eas
1594 3239 1642 3293 est
1665 3232 1755 3312 ordo,

207 3331 321 3406 bonus,
342 3327 575 3410 quantumlibet
595 3326 768 3404 virtuosus,
785 3327 829 3389 ita
850 3346 955 3409 respe
1009 3328 1184 3391 secundum
1198 3329 1283 3408 quod
1299 3347 1362 3390 una
1375 3337 1423 3390 est
1442 3329 1582 3392 sanctior
1600 3330 1673 3393 alia.
1689 3332 1758 3394 Est-

207 3436 263 3491 ctu
277 3427 378 3490 llariae
392 3425 600 3489 sanctissime
621 3425 709 3488 nulla
730 3432 779 3488 est
801 3425 952 3508 perfecta,
1008 3443 1070 3506 que
1085 3424 1315 3506 gloriosissima
1328 3426 1419 3508 virgo
1433 3426 1528 3489 llaria
1541 3428 1684 3490 omnium
1706 3449 1759 3492 ea-

207 3524 441 3607 quantumlibet
473 3523 644 3586 virtutibus
678 3523 810 3605 praedita
839 3545 846 3584 :
876 3523 953 3603 imo,
1009 3542 1080 3585 rum
1094 3522 1216 3603 regina,
1233 3522 1427 3604 imperatrix,
1444 3531 1476 3585 ct
1494 3522 1758 3607 incomparabilis

207 3626 293 3688 sicut
307 3625 382 3686 luna
401 3631 433 3686 et
451 3623 554 3686 sidera
573 3641 610 3686 ac
631 3622 764 3704 planetae
784 3621 816 3684 in
833 3641 866 3685 se
885 3623 955 3705 pul·
1009 3619 1160 3695 domina3
1185 3627 1217 3682 et
1237 3629 1350 3683 ceterae
1374 3621 1463 3683 velut
1485 3621 1665 3703 pedisequae
1688 3623 1759 3705 ejus

206 3724 286 3787 chra
299 3741 336 3786 ac
355 3721 532 3804 splendida,
549 3720 786 3802 comparatione
808 3719 884 3783 solis
903 3739 956 3784 oc·
1010 3725 1096 3794 sunt,
1111 3717 1195 3780 sicut
1207 3717 1252 3779 ait
1266 3716 1430 3780 Psalmista
1447 3741 1454 3780 ι
1472 3718 1676 3782 Adduccntur
1690 3721 1757 3802 regi
1771 3740 1904 3790 memes.

206 3821 363 3885 cumbunt
383 3837 487 3900 neque
505 3825 679 3900 apparent;
696 3817 742 3879 sic
763 3817 904 3898 virgines
925 3825 956 3880 et
1013 3814 1154 3896 virgines
1176 3823 1247 3897 post
1268 3833 1349 3879 eam.

206 3916 336 3982 femina
350 3917 457 3980 multae
473 3916 602 3979 fuerunt
622 3915 745 3978 eximie
766 3915 953 3993 sanctitatis,
973 3913 996 3975 B
1049 3913 1144 3977 Porro
1163 3933 1220 3996 per
1238 3913 1433 3976 concubinas
1452 3914 1673 3997 intelliguntur
1690 3918 1759 3981 ani·

206 4027 240 4082 et
262 4017 419 4098 usquead
439 4013 582 4096 martyrii
602 4013 832 4075 beatitudinem
856 4013 956 4076 victo-
1009 4031 1068 4074 mre
1093 4011 1332 4094 proficientium
1355 4035 1362 4073 z
1384 4031 1454 4094 quae
1475 4015 1616 4076 nondum
1640 4034 1758 4098 sponso

206 4116 291 4180 riose
324 4113 523 4195 viriliterque
556 4120 701 4194 egerunt,
731 4119 870 4174 attamen
899 4131 956 4194 per
1009 4111 1130 4175 coelesti
1161 4119 1224 4172 tam
1253 4110 1427 4174 familiares
1455 4120 1486 4174 et
1514 4132 1600 4194 pnrae
1633 4114 1759 4179 effectae

205 4219 386 4295 respectum
412 4212 452 4275 ad
476 4209 700 4274 electissimam
729 4208 783 4272 Dei
813 4209 952 4287 lintrem,
1010 4217 1085 4272 sunt
1098 4217 1133 4270 ut
1149 4208 1265 4290 reginae
1279 4209 1438 4288 dicantur,
1455 4212 1510 4273 sed
1527 4211 1628 4274 instar
1642 4231 1760 4277 concu-

205 4311 402 4394 imperfectae
424 4309 613 4373 consistunt.
1009 4307 1156 4370 binarum
1171 4307 1277 4369 minus
1291 4307 1485 4390 principales
1505 4309 1682 4389 exsistunt3
1698 4331 1759 4375 nec

247 4411 323 4472 ilinc
357 4409 396 4472 ad
425 4407 649 4470 insinuandam
678 4405 954 4487 preclarissimam
1009 4413 1073 4468 tam
1093 4405 1219 4467 assidue
1239 4413 1274 4467 ut
1293 4405 1409 4486 reginae
1428 4406 1545 4487 cupitis
1569 4427 1606 4470 ac
1630 4410 1758 4472 mundis

205 4507 472 4573 benedictissima
500 4503 634 4586 virginis
662 4503 763 4566 llariae
798 4502 955 4566 excelleo·
1008 4502 1159 4566 fruuntur
1171 4503 1381 4584 amplexibus.
1398 4503 1520 4566 Etenim
1537 4505 1570 4567 in
1586 4507 1757 4589 Scriptnris

204 4607 294 4684 tiam,
311 4624 448 4688 sponsus
463 4603 602 4667 coelestis
617 4602 725 4664 verbis
739 4602 805 4684 jam
825 4621 862 4664 ex
877 4601 955 4664 Can·
1009 4601 1194 4663 concubine
1213 4600 1360 4663 feruntur
1373 4619 1438 4663 non
1453 4601 1555 4665 solnm
1578 4601 1757 4668 fornicariae

38 4725 188 4772 canam.
205 4707 279 4770 ticis
303 4703 448 4784 allegatis
474 4700 626 4784 praemisit
654 4723 660 4762 :
689 4700 858 4781 Sexaginta
882 4709 956 4764 sunt
1008 4707 1040 4762 et
1055 4698 1229 4779 illegitime
1245 4697 1434 4777 contorales,
1452 4700 1507 4762 sed
1526 4701 1622 4762 etiam
1644 4721 1757 4765 secun-

206 4804 335 4885 reginae,
351 4810 383 4863 et
401 4799 563 4880 octoginta
581 4798 779 4874 concubinas,
796 4806 828 4859 et
850 4798 955 4861 adole·
1008 4797 1105 4861 dariae
1124 4815 1162 4858 ac
1183 4796 1290 4858 minos
1304 4796 1498 4878 principales
1519 4817 1632 4862 uxores
1650 4823 1656 4860 :
1673 4800 1757 4862 sicut

205 4899 423 4964 scentularum
445 4917 510 4961 non
529 4906 577 4959 est
600 4915 763 4959 numerus.
780 4895 814 4958 ln
838 4895 954 4976 quibus
1008 4895 1041 4958 in
1057 4895 1170 4958 Genesi
1185 4895 1260 4957 Bala
1274 4904 1306 4956 et
1319 4895 1436 4976 chpha
1455 4897 1615 4958 interdum
1634 4917 1757 4961 nuncu·
1786 4930 1902 4978 amm,

32 5147 336 5273 1’Μωννινινίεὴ
356 5191 505 5276 perfecta
531 5213 539 5253 ε
565 5209 635 5272 quta
658 5189 772 5254 ceteris
797 5189 950 5267 eminent,
1007 5209 1052 5268 ra,
1069 5208 1154 5251 nunc
1170 5207 1294 5266 uxores,
1311 5189 1468 5250 interdum
1484 5188 1669 5252 concubinae
1685 5209 1757 5252 san-
1770 5195 1819 5232 ¹¹¹·
1834 5186 1854 5230 ¹·
1867 5183 1887 5223 ⁶·

203 5295 290 5359 sicut
313 5291 429 5373 regina
451 5289 598 5368 ancillis3
625 5297 719 5372 atque
743 5287 782 5351 ad
808 5285 951 5352 assiduos
1006 5286 1048 5350 cti
1063 5285 1196 5349 Abraba
1211 5284 1244 5348 in
1257 5285 1372 5350 Genesi
1389 5286 1605 5350 nominantur.
