4309 6250
512 526 632 574 carras
652 526 820 574 rmrrnurr
840 525 1015 586 manum,
1037 527 1125 574 cura
1146 529 1179 575 u.
1200 547 1241 558 -
1260 527 1332 575 aar.
1354 528 1398 576 au
1665 509 1726 576 295

47 709 163 756 lint-ut
176 697 305 762 Custodi
320 697 523 781 temetipsum
537 706 570 763 et
582 699 723 763 animam
737 707 824 764 tuam
838 698 927 763 eolli-
941 698 967 762 A
980 699 1045 783 legi
1059 700 1267 781 contrarium,
1283 701 1349 764 imo
1368 707 1400 765 et
1418 699 1608 781 sibimetipsi
1629 717 1727 782 oppo-

177 795 252 860 cite.
267 797 323 860 llis
342 806 497 862 consonat
514 798 649 862 verbum
667 797 803 881 apostoli
822 797 923 876 Pauli,
980 798 1092 862 situm!
1108 799 1266 864 Naturalis
1290 798 1377 864 euim
1403 799 1483 862 ratio
1506 797 1606 862 dictat
1629 805 1664 860 ut
1687 798 1727 861 de

51 905 162 960 teiln-¹¹·
177 895 233 977 qui
248 895 433 960 exhortatur
447 919 456 959 ι
468 895 546 959 Cum
565 905 663 974 metu,
680 897 793 960 timore
811 905 844 960 et
863 905 926 960 tre-
980 897 1053 960 cibo
1073 907 1107 960 et
1127 907 1204 980 potu
1224 897 1362 980 amplius
1381 915 1444 960 nou
1470 905 1613 960 sumatur
1630 915 1727 976 quam

47 971 74 1010 '³'
176 1011 267 1056 more
294 1002 434 1057 vestram
461 994 596 1058 salutem
625 993 813 1076 operamini.
843 995 925 1058 licce
980 995 1058 1060 utile
1081 1005 1129 1058 est
1152 1005 1283 1078 natura,
1299 1005 1394 1078 atque
1419 995 1592 1078 expediens
1612 995 1728 1058 animae

176 1092 315 1174 qualiter
329 1092 442 1156 ldabou
460 1093 605 1156 doctrine
622 1093 824 1157 documentis
838 1093 926 1158 Cbri·
979 1095 1019 1156 ad
1042 1094 1124 1158 bene
1148 1096 1319 1178 agendum.
1345 1095 1405 1158 Sed
1431 1103 1496 1158 tota
1522 1112 1605 1175 pene
1633 1101 1727 1158 nocte

175 1191 230 1268 sti,
255 1191 479 1272 Apostolorum
508 1211 546 1255 ac
569 1191 796 1274 Prophetarum
826 1200 927 1256 exstat
980 1191 1019 1255 ad
1033 1191 1161 1256 libitum
1177 1193 1311 1274 epulari,
1328 1194 1419 1257 valde
1438 1201 1550 1274 gravat
1568 1201 1726 1270 naturam,

176 1290 349 1353 contraria.
980 1299 1014 1354 et
1026 1290 1160 1374 impedit
1174 1292 1313 1354 animam
1329 1290 1369 1355 ab
1386 1291 1546 1356 exercitiis
1568 1290 1725 1354 virtuosis.

214 1388 362 1472 Amplius
374 1387 475 1453 dicit:
491 1391 677 1454 Noctumoa
690 1411 765 1452 cum
778 1391 926 1451 mutieri-
980 1389 1122 1472 [lenique
1147 1389 1197 1454 lex
1223 1390 1314 1472 jubet
1340 1390 1452 1453 diviua
1479 1398 1513 1454 ut
1541 1389 1729 1453 sensualitas

175 1489 679 1550 buscoitueDeuacommuniter
687 1489 779 1550 nodia
789 1489 928 1564 permit·
981 1489 1182 1571 reprimetur,
1205 1497 1237 1552 et
1259 1507 1333 1554 caro
1359 1489 1418 1552 sub
1443 1487 1575 1552 rationis
1600 1489 1729 1552 domata

176 1587 232 1656 tit,
250 1605 354 1665 wem
381 1586 573 1664 hujusmodi
597 1587 831 1648 abstinentiam
856 1595 926 1646 tum
981 1595 1136 1668 servetur,
1153 1607 1212 1650 uec
1234 1587 1451 1670 temperantiae
1473 1586 1632 1649 tramitem
1657 1585 1728 1668 quis

175 1685 365 1762 difficilem,
389 1693 459 1744 tum
488 1686 718 1762 impossibiles
744 1685 837 1746 nebia
863 1703 928 1744 ease
981 1685 1266 1750 transcendat.Sed
1280 1692 1327 1749 tot
1341 1685 1426 1750 horis
1441 1685 1480 1748 ad
1496 1683 1620 1748 libitum
1635 1685 1729 1748 edere

175 1791 342 1858 aqnoecat.
368 1781 457 1844 Fatui
483 1781 601 1846 medici
630 1801 665 1845 se
687 1782 775 1864 ipsos
804 1780 928 1845 iaciunt
981 1793 1014 1848 et
1032 1793 1152 1867 potere,
1170 1792 1202 1848 et
1222 1783 1419 1848 sensualitati
1439 1783 1529 1847 lreua
1549 1782 1665 1860 laxare,
1681 1790 1731 1846 est

176 1878 333 1961 regulam.
350 1879 402 1943 Sic
415 1888 448 1942 et
465 1879 796 1944 incontinentissimae
814 1879 926 1944 Haben
945 1883 1112 1948 Bcarnem
1135 1882 1321 1945 indomitam
1347 1881 1538 1964 relinquere,
1554 1889 1586 1945 et
1609 1891 1730 1964 tempe·

175 1977 406 2042 abstinentiam
425 1997 444 2040 a
463 1979 651 2042 mulieribus
671 1979 829 2061 judicavit
851 1979 928 2042 viris
982 1982 1094 2046 rautiae
1117 1981 1257 2044 medium
1274 1980 1403 2046 violare.
1420 1980 1555 2060 Interea,
1569 1980 1730 2062 jejunium

175 2097 249 2142 esse
286 2078 529 2160 impossibilem.
566 2077 635 2143 Nou
669 2079 757 2142 euim
798 2079 929 2162 agnovit
982 2081 1148 2146 ordinatur
1165 2081 1204 2142 ad
1227 2079 1379 2143 vitiorum
1397 2099 1434 2142 ac
1456 2077 1731 2164 coucupiscentia·

176 2176 317 2258 qualiter
343 2196 418 2240 vere
445 2175 558 2240 lideles
586 2196 643 2259 per
676 2177 928 2260 supernaturalia
983 2197 1054 2241 rum
1070 2176 1330 2256 refrenationem,
1346 2177 1469 2242 etitem
1488 2177 1527 2241 ad
1543 2176 1732 2241 satisfactio

176 2274 300 2337 auxilia
314 2275 423 2356 gratia
436 2293 474 2338 aa
488 2275 646 2340 donorum
665 2275 801 2357 Spiritus
820 2261 927 2338 Sancti
983 2295 1055 2340 uem
1069 2294 1128 2360 pro
1143 2275 1246 2359 culpis
1261 2275 1439 2358 preteritis,
1447 2283 1539 2356 atque
1554 2273 1593 2338 ed
1608 2274 1732 2358 expedi·

174 2373 334 2454 juventur
355 2373 394 2436 ad
419 2371 644 2436 refrenandum
666 2373 833 2436 universas
854 2393 929 2437 cou-
983 2375 1097 2439 tiorem
1114 2375 1231 2437 mentis
1245 2373 1484 2456 dispositionem
1499 2375 1538 2436 ad
1553 2373 1731 2436 vacandum

176 2471 396 2554 cupisceutias
410 2471 528 2547 carnis,
543 2481 640 2553 atque
653 2472 693 2534 ad
712 2471 928 2556 mperaudum
958 2487 966 2502 ·
983 2471 1306 2554 contemplationibus
1334 2471 1528 2550 divinorum,
1555 2469 1732 2534 meditatio-

176 2570 259 2633 vitia
281 2578 408 2648 cuncta,
422 2569 463 2632 ad
483 2568 667 2634 laciendum
685 2589 812 2653 quoque
832 2589 930 2653 opera
984 2573 1080 2635 uibus
1104 2571 1223 2634 sanctis
1248 2569 1510 2652 orationibusque
1535 2568 1669 2632 devotis.
1685 2569 1734 2632 ld·

176 2669 335 2747 virtuosa,
352 2667 385 2729 iu
410 2675 533 2730 tautum
556 2676 592 2730 ut
615 2688 654 2731 ea
673 2687 744 2750 quae
764 2687 822 2751 per
842 2678 931 2731 natu·
985 2670 1083 2750 circo,
1100 2676 1173 2752 post
1190 2669 1341 2732 diurnum
1361 2668 1520 2750 jejunium
1540 2669 1615 2732 dare
1635 2667 1733 2732 liceu-

177 2786 247 2830 ram
265 2763 418 2828 ‹titttcitia
435 2774 570 2844 essunt,
587 2784 645 2848 per
662 2765 825 2829 cariutem
844 2764 930 2828 inlu·
985 2770 1060 2832 tiam
1091 2767 1240 2850 epulandi
1270 2775 1301 2830 et
1329 2765 1546 2849 ingurgitandi
1579 2785 1613 2830 ae
1642 2765 1733 2848 quasi

176 2884 247 2928 sam
269 2872 301 2926 et
320 2864 429 2944 gratiae
453 2883 547 2945 opem
567 2883 640 2928 cum
659 2865 746 2926 omui
766 2863 929 2928 alacritate
984 2887 1042 2950 per
1065 2875 1162 2931 tetam
1189 2873 1326 2944 noctem,
1343 2873 1391 2927 est
1416 2883 1452 2928 ea
1474 2863 1641 2928 admittere
1662 2881 1733 2944 que

175 2961 445 3045 iucunditateque
459 2960 549 3024 iiaut.
562 2961 650 3025 Unde
664 2971 695 3024 et
708 2961 862 3042 Christus,
874 2963 929 3045 qui
985 2965 1168 3048 impeditius
1189 2971 1262 3025 suut
1287 2961 1381 3025 valde
1403 2961 1547 3024 omnium
1571 2969 1733 3044 pretecto-

48 3081 162 3131 aaran
177 3069 303 3126 arctam
322 3059 401 3123 dixit
414 3059 498 3123 viam
516 3079 586 3123 esse
605 3061 729 3143 salutis,
745 3060 846 3126 nibilo
870 3061 929 3124 mi-
946 3059 969 3124 e
985 3083 1055 3127 rum
1071 3063 1238 3139 bonorum,
1255 3062 1379 3143 adque
1398 3059 1565 3124 ordinatur
1584 3067 1731 3123 sanctum

44 3149 115 3250 224„
129 3212 163 3251 ξι
177 3180 241 3223 nus
267 3179 377 3223 rursus
401 3159 435 3221 in
459 3157 630 3240 Evangelio
654 3159 697 3222 ait
722 3182 730 3221 ι
754 3160 866 3223 Venite
889 3161 930 3221 ad
983 3161 1156 3245 jejunium.
1174 3160 1197 3223 Ο
1212 3178 1307 3241 quam
1327 3158 1450 3223 discors
1471 3166 1521 3221 est
1541 3158 1601 3221 ista
1619 3157 1732 3221 blabon

43 3274 71 3311 ³⁰·
118 3242 124 3257 ’
176 3278 243 3337 me,
261 3278 374 3321 omncs
392 3256 448 3338 qui
472 3256 623 3320 laboratis
642 3267 673 3320 et
690 3258 813 3321 onerati
839 3258 927 3333 estis,
984 3259 1127 3323 doctrina
1147 3279 1165 3321 a
1188 3257 1406 3322 saluberrimis
1426 3256 1541 3319 Christi
1562 3258 1733 3319 documen-

175 3366 209 3421 et
229 3375 293 3439 ego
311 3356 455 3419 reficiam
475 3372 532 3419 vos
545 3378 554 3433 3
569 3355 672 3419 tollite
689 3356 803 3437 jugum
822 3375 928 3419 meum
985 3358 1037 3435 tis,
1054 3358 1087 3419 in
1113 3356 1287 3437 Evangelio
1312 3354 1537 3437 precipientis,
1556 3354 1666 3418 Videte
1692 3374 1732 3417 ue
1753 3380 1807 3424 ιω,
1835 3392 1879 3431 m,

175 3475 278 3537 super
292 3472 361 3532 voa,
375 3461 408 3517 ot
421 3453 634 3517 disciteame
652 3454 729 3535 quia
748 3454 835 3516 mitis
857 3472 927 3516 sum
983 3462 1155 3537 graventur
1189 3454 1284 3517 corda
1319 3460 1423 3516 vestra
1455 3452 1488 3514 in
1518 3453 1648 3533 crapula
1681 3452 1731 3515 vel
1747 3446 1781 3487 ²⁴·

174 3564 208 3617 et
237 3552 374 3615 bumilis
397 3552 504 3631 eorde,
531 3560 563 3615 et
587 3552 756 3615 invenietis
785 3552 927 3633 requiem
983 3552 1148 3631 ebrictate,
1166 3560 1219 3615 aut
1240 3552 1324 3614 curis
1345 3550 1441 3632 hujus
1461 3551 1569 3613 saeculi
1584 3558 1591 3613 1
1607 3550 1664 3625 Qui
1680 3551 1733 3613 de-

176 3648 350 3713 animabus
378 3648 493 3711 vestris
524 3672 531 3709 :
561 3648 673 3729 jugum
706 3648 791 3711 enim
822 3668 928 3710 meum
984 3650 1473 3732 uuoloquitur:l'revobisqui
1494 3650 1622 3712 saturati
1643 3650 1877 3729 estis,1tnt=1.2s.

176 3767 280 3812 suave
304 3754 363 3825 cst,
389 3756 421 3809 et
445 3766 527 3810 onus
552 3766 659 3809 meum
683 3747 763 3810 leve.
787 3748 844 3809 Per
868 3748 927 3811 boc
983 3750 1058 3831 quia
1084 3749 1241 3811 esurietis.
1269 3748 1400 3829 Semper
1424 3766 1511 3829 ergo,
1535 3748 1658 3809 scilicet
1681 3748 1731 3809 die

177 3845 425 3928 supernaturale
459 3845 614 3908 auxilium
650 3844 928 3926 supersuavissimi
984 3866 1021 3910 ac
1042 3854 1147 3924 nocte,
1165 3846 1361 3928 implendum
1382 3855 1429 3909 est
1449 3846 1532 3927 quod
1559 3844 1732 3908 sacratissi-

177 3956 211 4011 et
233 3944 555 4028 supergraticsissimi
577 3943 645 4021 Dei,
661 3941 752 4006 multi
777 3962 868 4025 reges
891 3962 929 4005 ac
984 3965 1056 4010 mus
1069 3945 1114 4009 ait
1129 3945 1237 4007 Petrus
1251 3944 1412 4025 apostolus
1431 3943 1623 4023 :carissimi
1636 3944 1732 4007 abati·
1759 3968 1840 4014 ipa„
1854 3982 1877 4023 ,,,

179 4046 347 4129 principes
375 4043 471 4107 etiam
501 4044 534 4105 in
562 4042 714 4124 conjugio
743 4051 929 4124 perpetuam
984 4054 1057 4106 nete
1076 4062 1094 4106 a
1114 4042 1293 4106 carnalibus
1313 4042 1488 4122 desideriis,
1505 4060 1574 4123 que
1596 4042 1733 4104 militant
1747 4036 1779 4077 ¹¹·

178 4144 413 4210 continentiam
434 4149 653 4217 servaverunt,
668 4149 763 4221 atque
784 4141 931 4203 innume-
984 4143 1136 4205 adversus
1156 4140 1305 4205 animam.
1322 4140 1400 4203 Nam
1420 4147 1452 4203 et
1469 4140 1584 4203 Paulus
1607 4148 1732 4222 aposto·

177 4244 300 4307 rabiles
323 4241 487 4321 utriusque
508 4258 602 4301 sexus
622 4238 851 4301 Cbristilidcles
875 4259 930 4302 eu·
944 4240 970 4303 b
984 4242 1034 4303 lus
1051 4265 1058 4303 :
1075 4240 1107 4303 Si
1134 4240 1310 4303 secundum
1336 4258 1464 4301 carnem
1489 4238 1621 4319 (iuquit)
1646 4238 1731 4302 vixe-
1753 4266 1816 4307 flam.
1833 4276 1877 4315 ne,

177 4342 373 4417 stodiemnt,
389 4356 475 4401 nuuc
498 4356 625 4420 quoque
649 4336 845 4416 custodiunt,
865 4340 929 4401 vir·
984 4340 1066 4416 ritis,
1094 4338 1273 4402 moriemini
1302 4340 1416 4417 (morte
1446 4336 1567 4419 peccati
1591 4336 1624 4397 iu
1653 4356 1729 4418 prar-
1747 4332 1779 4370 ¹³·

176 4440 350 4523 ginitatem
364 4456 402 4501 ac
418 4436 640 4501 castimoniam
655 4436 857 4518 virginalem,
872 4437 927 4499 sed
984 4438 1078 4514 senti,
1109 4445 1140 4500 et
1169 4444 1269 4500 morte
1298 4436 1512 4498 damnationis
1545 4444 1669 4498 aetemae
1698 4435 1731 4497 iu

177 4549 211 4603 et
234 4535 377 4601 timorati
403 4534 588 4618 conjugales
616 4534 714 4597 sacris
738 4554 775 4598 ac
804 4533 928 4599 iestivis
985 4537 1122 4615 luturo);
1140 4536 1165 4597 si
1182 4544 1287 4597 autem
1303 4534 1415 4615 spiritu
1431 4532 1514 4595 lacte
1528 4532 1634 4596 carnis
1650 4552 1733 4597 mor-

178 4636 382 4719 temporibus
409 4635 450 4699 ab
477 4634 564 4697 omni
593 4632 751 4696 abstineut
782 4653 816 4696 se
844 4652 929 4697 coru·
984 4633 1193 4713 tilicaveritis,
1223 4632 1336 4695 vivetis
1365 4632 1442 4711 (vita
1471 4632 1578 4712 gratiae
1611 4632 1643 4694 in
1672 4632 1733 4694 bac

178 4738 289 4820 plexu.
984 4734 1061 4811 vita,
1085 4740 1116 4795 ct
1137 4732 1201 4793 vita
1222 4731 1330 4813 gloriae
1351 4729 1470 4792 coelesti
1494 4730 1527 4791 in
1549 4730 1671 4811 patria).

221 4835 358 4915 iusuper
375 4832 443 4896 ait:
462 4834 540 4893 Tota
554 4833 609 4891 dte
619 4831 826 4908 jejunantes,
841 4840 931 4891 nocte
1026 4832 1198 4909 Postremo,
1218 4832 1257 4893 de
1279 4828 1337 4891 hac
1364 4847 1397 4890 re
1422 4828 1468 4890 sic
1491 4828 1523 4889 iu
1547 4846 1603 4891 sua
1624 4828 1735 4892 scribit

173 4934 351 5015 jejunium
373 4932 499 4999 solvite,
515 4938 594 4991 tunc
613 4932 811 4989 comedentes
830 4939 860 4990 et
886 4931 932 4989 bi·
985 4928 1118 5011 epistola
1148 4928 1258 4990 doctor
1287 4926 1470 5007 frequenter
1503 4926 1732 5008 praeallegatus,

183 5035 296 5092 bentea
320 5037 482 5110 quantum
507 5028 656 5097 libeurit,
669 5029 741 5103 sere
765 5048 866 5107 usque
888 5031 933 5087 aci
986 5028 1152 5107 alloquens
1172 5027 1379 5087 Sarraceuum
1399 5024 1540 5087 :Forsan
1560 5024 1664 5103 aliqua
1678 5023 1734 5087 bo-

178 5130 396 5209 principium
406 5128 495 5186 torre
509 5144 582 5205 qaus
596 5126 673 5185 eolis
686 5135 796 5185 ortum
809 5135 932 5185 antece·
988 5146 1029 5187 ua
1050 5126 1081 5187 in
1105 5125 1260 5186 Alcorano
1281 5122 1448 5201 habentur,
1464 5120 1551 5184 verbi
1573 5122 1682 5201 gratia,
1700 5129 1735 5183 ut

181 5228 247 5289 dit.
274 5225 355 5287 liece
379 5242 476 5305 quam
504 5220 720 5285 irrationabile
748 5222 934 5305 fatuumque
988 5223 1159 5303 aliquando
1177 5220 1400 5302 jejunetur,.ut
1419 5228 1536 5295 oretur,
1553 5227 1584 5280 et
1599 5218 1735 5281 eleemo-

184 5331 397 5409 praeceptum,
427 5328 492 5399 nm
520 5320 657 5385 naturali
688 5340 785 5403 quam
817 5322 935 5387 divine
990 5340 1076 5405 syna
1104 5319 1195 5383 liant.
1222 5318 1270 5399 Et,
1297 5336 1316 5381 o
1345 5317 1467 5381 novitas
1496 5322 1622 5381 reruntl
1648 5335 1735 5381 nuno
