4309 6250
511 501 631 548 coum
652 499 822 548 emmiu
841 499 1014 558 neroum,
1036 500 1125 548 anan
1146 501 1166 546 r.
1189 519 1229 530 -
1249 501 1319 548 aar.
1343 501 1375 548 rx
1662 483 1723 550 253

165 670 295 734 nemrio
323 669 445 751 scribit,
470 671 556 752 quod
584 670 749 734 Sarraceni
778 669 920 734 latentur
933 671 959 733 ll
975 669 1052 734 bum
1066 671 1267 736 incarnatum
1282 669 1432 752 intelligit
1446 669 1604 734 Christum
1618 693 1624 732 :
1637 670 1721 752 quod

165 767 323 831 loannem
351 769 579 850 evangelistam
603 778 676 850 post
701 770 808 832 lesum
832 769 920 830 Chri·
972 769 1054 831 nulli
1088 769 1290 852 evangelium
1319 769 1350 832 S.
1382 769 1510 832 ioannis
1546 767 1722 850 perlegenti

165 873 253 928 stum
279 873 312 927 et
330 865 488 928 Abraham
509 884 547 928 ae
566 866 693 947 lloysen
712 874 744 929 et
762 865 922 929 ldahome·
973 875 1077 948 potest
1101 886 1171 930 esse
1200 866 1396 948 ambiguum.
1423 865 1494 928 llmc
1518 874 1624 928 autem
1648 883 1723 928 vera

164 970 235 1025 tum
270 962 374 1026 luisse
406 963 521 1027 ceteris
550 964 754 1044 sanctiorem,
784 963 919 1046 ejusque
973 983 1038 1027 non
1053 971 1171 1040 essent,
1188 965 1215 1026 si
1237 963 1379 1027 Christus
1394 971 1478 1026 esset
1499 964 1595 1028 borno
1610 982 1720 1045 purus.

163 1059 373 1142 evangelium
395 1081 466 1124 esse
490 1062 620 1144 plenum
641 1080 717 1124 reru
737 1069 769 1124 et
789 1061 918 1124 salutari
973 1061 1061 1122 'l'unc
1076 1061 1164 1123 euim
1179 1069 1252 1124 ante
1263 1061 1390 1124 Mariam
1406 1079 1496 1124 suam
1508 1069 1642 1124 matrem
1658 1079 1722 1124 nou

162 1158 325 1236 doctrina,
345 1158 516 1241 ipsumque
540 1159 694 1222 loannem
719 1158 919 1222 illuminasse
973 1157 1097 1236 luisset,
1119 1159 1174 1222 sed
1196 1178 1234 1222 ex
1255 1179 1292 1222 ea
1314 1159 1502 1242 sumpsisset
1526 1159 1688 1224 exordium
1713 1182 1720 1222 :

163 1274 282 1335 cecos,
298 1257 470 1318 mundasse
490 1255 648 1339 leprosos,
663 1264 696 1318 et
710 1263 852 1319 mortuos
867 1275 921 1318 su·
973 1256 1082 1338 sicque
1098 1257 1131 1318 in
1148 1256 1306 1338 principio
1320 1275 1384 1320 nou
1399 1256 1526 1336 luisset,
1539 1275 1599 1320 nec
1614 1257 1724 1320 omnia

163 1355 313 1432 scitasse,
328 1363 423 1436 atque
437 1355 470 1417 in
485 1354 584 1418 coelos
599 1354 723 1417 volasse
743 1354 917 1416 viventem.
972 1353 1058 1416 lacta
1086 1362 1193 1416 essent
1221 1373 1278 1436 per
1307 1355 1425 1436 ipsum,
1453 1355 1517 1418 imo
1546 1355 1663 1418 coelurn
1691 1363 1723 1418 et

163 1451 253 1515 Unde
278 1451 306 1513 si
329 1453 457 1533 quando
480 1452 645 1515 Sarraceui
672 1461 800 1515 teneant
824 1471 921 1514 evan·
973 1459 1142 1514 termento
1158 1452 1368 1515 bocVerbum
1383 1451 1721 1516 luissentcreata.Nec

162 1549 289 1631 gelium
307 1550 341 1613 S.
357 1549 498 1628 loannis,
514 1550 641 1612 elevant
663 1549 743 1613 illud
763 1549 919 1613 ambobus
972 1549 1114 1612 Christus
1150 1549 1366 1632 praecessisset
1400 1549 1558 1612 Abrabam
1590 1549 1722 1632 patriar-

162 1645 331 1722 comibus,
348 1665 406 1729 pro
427 1647 606 1710 reverentia
626 1666 724 1730 super
737 1647 841 1730 capita
862 1664 920 1709 sua
973 1647 1077 1710 cham.
1094 1647 1191 1728 Cuius
1215 1647 1398 1729 oppositum
1423 1645 1557 1730 ipsemet
1580 1646 1722 1710 Christus

161 1753 194 1806 et
209 1763 311 1826 super
324 1744 435 1810 oculos
449 1763 524 1808 suos
546 1744 625 1808 illud
645 1754 812 1828 ponentes,
828 1763 921 1808 oscu-
973 1743 1127 1822 allirmat,
1153 1744 1289 1808 dicende
1321 1769 1327 1806 :
1358 1745 1534 1825 Antequam
1563 1745 1721 1809 Abrabam
1735 1773 1868 1825 amn,

161 1842 338 1922 lanturque
351 1840 432 1904 illud
447 1861 530 1924 saepe
544 1861 619 1904 cum
633 1842 816 1905 devotione.
833 1842 918 1904 lstud
934 1839 958 1902 B
974 1839 1080 1921 lieret,
1096 1859 1155 1923 ego
1170 1861 1252 1906 sum.
1736 1839 1770 1879 ⁵⁸·

161 1957 227 2003 non
249 1939 360 2002 scribo
381 1940 443 2001 nisi
463 1939 640 2016 recitative,
655 1940 732 2020 quia
747 1959 788 2003 an
810 1957 920 2002 rerum
1013 1939 1147 2022 insuper
1165 1939 1300 2003 loannes
1319 1939 1515 2022 evangelista
1535 1939 1567 2002 in
1587 1959 1722 2024 evauge-

161 2038 205 2100 sit
219 2037 346 2100 nescio.
362 2037 395 2099 Si
415 2038 503 2100 euim
524 2039 727 2120 evangelium
741 2038 773 2100 S.
790 2037 921 2101 loannis
973 2035 1018 2099 lio
1032 2054 1091 2100 suo
1105 2037 1150 2099 ait
1168 2037 1208 2100 de
1222 2037 1346 2100 Christo
1363 2060 1370 2100 :
1392 2040 1587 2114 Uniqeaitus
1600 2041 1721 2112 Filius,
1737 2065 1818 2118 ma,
1830 2069 1863 2110 η,

161 2135 209 2196 sic
232 2143 368 2197 sumunt
390 2143 422 2198 et
445 2134 634 2217 approbant,
649 2133 788 2216 qualiter
805 2134 920 2197 Christi
974 2135 1035 2214 qui
1057 2145 1103 2194 eat
1129 2135 1165 2196 ia
1189 2137 1265 2200 siaa
1290 2137 1417 2206 Patris,
1444 2137 1511 2212 ipse
1538 2139 1719 2199 enarravit.

162 2234 352 2316 passionem
380 2233 515 2314 ejusque
550 2233 754 2296 divinitatem
787 2240 922 2316 possunt
975 2230 1056 2295 Ecce
1081 2231 1240 2294 Christum
1265 2240 1358 2296 vocat
1380 2231 1581 2314 unigenitum
1605 2233 1722 2298 Filium

161 2350 298 2414 negare,
314 2350 413 2412 quum
436 2351 500 2414 prm
514 2332 630 2394 ceteris
644 2331 857 2412 Evangelistis
872 2332 923 2395 io·
976 2329 1029 2392 [lei
1049 2329 1159 2392 Patris.
1176 2329 1295 2393 Eodem
1313 2349 1440 2412 quoque
1461 2329 1600 2412 capitulo
1615 2330 1646 2392 S.
1663 2330 1723 2394 Na·

161 2449 268 2494 annes
291 2429 408 2492 Christi
436 2429 588 2492 deitatem
616 2430 797 2492 evidentius
821 2428 922 2492 abun·
975 2427 1101 2490 thauael
1122 2427 1262 2510 loquitur
1275 2427 1398 2491 Christo
1414 2451 1421 2490 ε
1437 2429 1554 2498 Rabiri,
1571 2437 1608 2490 tu
1622 2449 1655 2490 es
1668 2432 1722 2492 Fi·
1736 2455 1794 2500 ura
1807 2459 1841 2501 u.

163 2528 364 2608 dantiusque
384 2526 569 2590 describatt
974 2529 1041 2587 tius
1053 2528 1129 2596 Dei,
1145 2535 1180 2586 tu
1196 2547 1229 2588 es
1241 2530 1314 2590 Rea
1329 2529 1444 2588 Israel.
1462 2526 1524 2589 Sed
1540 2533 1573 2589 et
1585 2527 1722 2590 loannes

203 2626 374 2702 Praeterea,
389 2625 543 2705 queniam
555 2624 645 2706 juxta
660 2633 811 2688 contenta
826 2625 859 2688 in
874 2625 922 2688 Al·
973 2621 1050 2686 alibi
1066 2623 1179 2686 asserit
1196 2647 1202 2685 :
1216 2625 1411 2694 Quaerebant
1424 2627 1535 2686 ledet
1548 2624 1655 2688 iesum
1671 2627 1722 2686 irt-
1737 2651 1861 2706 neap„

163 2742 300 2802 corano,
316 2723 499 2786 Sarracenis
523 2722 708 2806 precipitur
730 2745 747 2782 a
771 2731 806 2786 ut
830 2723 921 2786 libris
974 2725 1132 2798 terfieere,
1148 2723 1228 2802 quta
1247 2741 1313 2782 aon
1332 2726 1436 2783 sotum
1455 2723 1594 2782 solvebat
1613 2725 1723 2784 sabba-

162 2822 282 2904 hloysis
304 2828 338 2884 et
350 2821 465 2882 Christi
486 2827 730 2902 ceterorumque
752 2821 921 2904 Propheta·
973 2829 1056 2890 tum,
1071 2823 1128 2880 sed
1147 2830 1177 2879 et
1193 2822 1329 2882 Putrem
1348 2841 1444 2881 suum
1464 2822 1589 2880 dicebat
1604 2823 1721 2893 Deum,

162 2939 237 2982 rum
259 2918 392 2981 firmam
416 2918 589 2981 adhibeant
612 2917 712 2981 iidem
739 2941 768 2997 u,
790 2919 857 3001 jam
882 2937 920 2982 ea
973 2921 1131 2996 aequatem
1146 2937 1179 2978 se
1192 2919 1319 2994 faciens
1332 2921 1409 2981 Deo.
1426 2917 1490 2980 lloc
1515 2925 1564 2980 ost
1585 2919 1671 2999 quod
1689 2927 1722 2982 et

161 3019 258 3081 libris
273 3017 391 3080 borum
404 3016 518 3080 Christi
532 3017 633 3080 deitas
647 3026 696 3080 est
709 3018 884 3100 probanda.
936 3015 959 3078 C
973 3013 1086 3076 Paulus
1100 3015 1262 3096 apostolus
1276 3013 1321 3076 ait
1334 3015 1373 3076 de
1387 3014 1512 3077 Christo
1524 3038 1531 3077 ε
1545 3017 1610 3084 cat
1619 3035 1720 3096 quum
1743 3041 1868 3100 primm,

203 3117 348 3181 loannes
362 3115 448 3179 enim
462 3114 658 3199 evangelista
672 3116 706 3179 in
726 3116 775 3179 sui
791 3116 920 3180 exordio
974 3113 1010 3172 in
1022 3113 1133 3189 forma
1147 3115 1210 3175 Dei
1223 3122 1315 3183 estet,
1331 3132 1395 3173 '2⁰²2
1412 3115 1565 3191 rapinam
1580 3115 1722 3175 arbitra·
1736 3107 1755 3155 ⁶·
1772 3107 1794 3149 ⁷·

105 3278 111 3287 ,
131 3258 147 3297 .,
160 3213 329 3297 evangelii
343 3214 504 3295 loquitur:
517 3216 740 3291 Inprineipio
753 3225 826 3275 erat
846 3218 919 3278 Ver·
974 3220 1028 3270 tut
1047 3218 1093 3269 ert
1117 3230 1181 3270 erre
1206 3230 1238 3271 re
1257 3214 1414 3289 oequalem
1433 3214 1522 3279 Deo,·
1536 3214 1591 3271 sed
1608 3222 1721 3273 semet-

57 3339 63 3349 ·
161 3316 257 3383 lmm,
268 3323 301 3373 et
321 3314 456 3375 Verbum
469 3322 541 3373 erat
555 3316 647 3389 apud
659 3316 776 3383 Deum,
787 3322 819 3373 et
833 3316 921 3375 Deus
975 3309 1083 3383 ipsum
1107 3308 1306 3378 eminanioit,
1325 3309 1466 3384 sormam
1492 3310 1581 3369 servi
1604 3312 1723 3387 accipi·

160 3422 237 3471 erat
266 3412 413 3473 Verbum.
431 3412 585 3471 Hocerat
600 3412 636 3469 in
647 3412 817 3487 principio
829 3414 921 3487 apud
974 3425 1040 3465 ens.
1053 3404 1133 3467 ilinc
1151 3404 1295 3468 Christus
1313 3404 1474 3483 disseruit,
1491 3408 1560 3483 Epo
1574 3416 1604 3467 et
1619 3410 1723 3470 Pater
1749 3434 1831 3479 tanea.
1846 3450 1868 3489 ι,

159 3512 284 3571 Deum.
313 3509 431 3570 Omnia
451 3526 512 3583 per
534 3510 641 3584 ipsum
664 3510 865 3584 factasunt,
889 3519 920 3569 et
975 3522 1080 3563 unum
1104 3523 1227 3573 sumus,
1249 3511 1343 3585 prout
1366 3504 1503 3566 loannes
1528 3504 1649 3567 scribit.
1666 3506 1723 3567 De-
1737 3498 1771 3540 ³⁰·

159 3610 235 3667 sine
251 3610 326 3682 ipso
338 3608 465 3681 saetam
480 3616 526 3665 eet
542 3607 639 3666 nitit.
655 3604 737 3668 Ecce
758 3605 792 3668 in
814 3606 921 3669 verbis
975 3600 1073 3681 nique
1093 3600 1126 3663 in
1145 3600 1248 3683 prima
1267 3620 1324 3663 sua
1345 3600 1480 3683 epistola
1500 3601 1611 3664 scribit
1631 3602 1724 3665 loan-

160 3704 236 3765 istis
274 3702 482 3765 beatissimus
516 3703 653 3765 loannes
687 3704 850 3785 apostolus
889 3712 922 3767 et
976 3716 1033 3761 nes
1054 3698 1251 3780 evangelista
1268 3722 1274 3760 :
1291 3702 1422 3762 Scimus
1440 3703 1594 3779 quoniam
1613 3702 1723 3763 Filius
1749 3720 1869 3778 traaas,

159 3798 368 3883 evangelista
380 3800 617 3880 testatur,quod
631 3822 649 3859 a
664 3800 698 3863 in
713 3800 873 3883 principio
889 3824 919 3880 n,
975 3799 1039 3857 Dei
1052 3800 1153 3867 venit,
1164 3806 1193 3857 et
1204 3800 1295 3857 dedit
1312 3799 1551 3868 mittentem,
1569 3808 1605 3859 ut
1614 3818 1723 3876 copae
1738 3786 1772 3825 ²⁰·

159 3900 224 3963 boc
251 3907 305 3962 est
329 3906 403 3961 aute
427 3898 535 3961 omnia
562 3898 649 3961 entia
671 3907 788 3979 creata,
812 3924 829 3959 a
854 3908 922 3963 erat
975 3914 1102 3954 mamus
1129 3914 1243 3955 verum
1267 3898 1384 3965 Deum,
1408 3905 1438 3955 et
1462 3897 1565 3956 simut
1589 3898 1625 3957 itt
1649 3916 1724 3957 vero

160 3999 311 4061 Verbum
328 4018 361 4074 »3
375 4004 408 4058 et
421 3996 521 4074 addit,
536 3996 622 4077 quod
637 4018 654 4055 a
672 3996 812 4059 Verbum
828 4020 845 4057 u
860 3999 922 4061 boc
976 3992 1065 4053 Filio
1086 3992 1169 4069 ejus,
1182 3993 1258 4053 lecu
1280 3992 1417 4053 Christo.
1435 3994 1511 4062 Hic,
1532 3992 1656 4056 scilicet
1675 3993 1725 4055 Je-

161 4119 179 4155 a
195 4104 273 4158 erat
293 4094 378 4156 Deus
393 4117 423 4173 n,
441 4093 582 4174 itemque
602 4094 689 4175 quod
704 4118 721 4153 a
738 4114 795 4176 per
816 4096 922 4177 ipsum
977 4108 1031 4151 sus
1049 4088 1204 4165 Christus,
1221 4099 1267 4150 est
1287 4110 1384 4149 verae
1398 4094 1484 4153 Deus
1499 4100 1529 4149 et
1549 4093 1618 4151 vita
1631 4101 1724 4152 aeter·

162 4193 252 4256 laeta
271 4200 346 4255 sunt
359 4193 467 4254 omnia
482 4192 608 4265 »Quod
622 4200 728 4255 autem
742 4212 801 4275 per
814 4216 832 4253 a
848 4194 923 4257 ver.
937 4192 962 4253 Ι)
978 4205 1030 4246 na.
1048 4184 1142 4247 llulta
1164 4185 1282 4248 similia
1301 4204 1340 4248 ex
1361 4186 1527 4268 evangelio
1546 4188 1577 4251 S.
1593 4187 1724 4251 loannis

160 4292 243 4355 bum
263 4289 922 4372 1»intelligatchristum,constatperuoe
977 4300 1105 4365 possem
1130 4284 1285 4365 prolerre,
1301 4291 1333 4345 et
1356 4302 1394 4345 ex
1418 4284 1567 4366 Epistolis
1588 4286 1619 4349 S.
1636 4286 1724 4349 Pauli

51 4407 102 4452 aa.
115 4413 146 4454 n.
161 4390 252 4471 quod
270 4388 312 4451 de
328 4388 431 4451 l'erbo
447 4388 508 4451 isto
528 4387 625 4469 paulo
645 4397 719 4470 post
732 4390 840 4452 subdit
856 4414 863 4451 :
881 4394 923 4452 Ia
977 4380 1127 4463 apostoli,
1144 4400 1181 4443 ac
1197 4381 1312 4443 ceteris
1326 4382 1549 4463 Evangelistis.

155 4488 311 4566 propria
325 4488 427 4555 venit,
437 4496 468 4546 et
482 4488 538 4547 sui
549 4507 623 4547 eum
638 4507 704 4547 non
720 4498 922 4563 receperunt,
1018 4479 1124 4558 Porro,
1141 4480 1167 4541 si
1188 4480 1353 4542 sarraceni
1373 4480 1481 4543 dicant
1500 4498 1558 4544 1108
1576 4482 1727 4545 Christia-

161 4585 223 4649 Ubi
244 4602 309 4666 per
329 4601 384 4647 eos
404 4582 460 4665 qui
481 4582 619 4647 Verbum
638 4584 731 4647 boc«
753 4602 819 4647 non
839 4603 924 4647 rece·
978 4596 1037 4641 nos
1051 4596 1116 4641 non
1132 4578 1249 4640 babere
1265 4596 1372 4639 veram
1387 4578 1552 4661 Evangelii
1575 4580 1724 4661 litteram,

161 4690 292 4766 perunt
318 4704 347 4759 u,
374 4680 597 4763 intelliguntur
623 4682 721 4745 ludaei
749 4705 756 4743 :
782 4701 863 4763 quos
892 4692 924 4745 et
977 4678 1033 4739 sed
1057 4684 1260 4759 corruptam3
1286 4676 1347 4739 boc
1372 4679 1563 4759 precedenti
1591 4679 1726 4743 articulo

161 4782 330 4845 llahomet
351 4781 470 4843 latetur
492 4799 511 4842 a
531 4780 595 4843 lleo
615 4779 755 4861 relictos,
771 4780 924 4860 quoniam
978 4776 1093 4857 partim
1110 4784 1157 4837 est
1173 4776 1387 4857 reprobatum,
1400 4784 1429 4837 et
1447 4775 1531 4839 inira
1545 4778 1727 4859 reprobabi-

163 4880 283 4943 Jesurn
296 4879 342 4941 eis
357 4878 492 4941 missum
506 4896 571 4941 nou
587 4887 786 4961 receperunt.
804 4879 924 4942 llursus
979 4882 1030 4935 tur
1043 4874 1180 4955 plenius.
1198 4874 1235 4935 Et
1250 4874 1323 4935 dato
1338 4874 1422 4955 quod
1437 4874 1547 4937 dicant
1560 4875 1632 4955 boc,
1649 4877 1724 4957 quid

162 4980 205 5041 de
220 4976 332 5040 l'erbo
346 4978 406 5040 boc
421 4976 621 5058 apertissime
643 4994 717 5040 mox
730 4978 897 5060 subjungit
914 5002 921 5039 :
978 4972 1216 5053 respondebunt
1236 4971 1274 5034 ad
1295 4972 1468 5053 scripturas
1483 4973 1599 5035 veteris
1619 4974 1723 5037 'lesta-

49 5102 100 5146 ιω,
115 5106 149 5147 η,
173 5078 319 5139 Verbum
338 5096 416 5135 caro
433 5076 560 5151 sactum
580 5084 639 5143 est,
653 5085 684 5136 et
704 5078 865 5136 habitauit
887 5080 924 5137 in
979 5072 1076 5136 ruenti
1097 5071 1213 5153 quibus
1233 5071 1347 5134 Christi
1363 5072 1512 5135 deitatem
1527 5073 1721 5153 probamusl

163 5176 289 5243 nobis;
300 5182 332 5233 et
355 5174 501 5233 vidimus
517 5175 661 5251 pluriam
684 5175 768 5251 ejus,
780 5176 924 5250 pluriam
977 5174 1136 5255 Scriptum
1155 5180 1204 5234 est
1222 5171 1309 5233 euim
1329 5190 1386 5251 per
1404 5170 1517 5234 lsaiam
1535 5194 1541 5233 :
1559 5174 1652 5234 Puer
1666 5192 1721 5233 na·
1736 5194 1767 5241 le.
1782 5200 1840 5251 ma,

163 5274 271 5354 quasi
287 5272 461 5351 b'niqeniti
477 5290 498 5330 a
512 5274 626 5334 Patre.
642 5270 751 5353 ltaque
771 5290 828 5353 per
848 5272 924 5334 Ver·
977 5281 1030 5333 tus
1043 5280 1088 5331 est
1106 5273 1208 5339 uobis,
1227 5280 1257 5330 et
1276 5272 1369 5348 fitius
1387 5274 1485 5331 datus
1499 5279 1543 5331 est
1563 5271 1677 5340 nobis,·
1690 5281 1721 5334 et
