4309 6250
488 502 634 550 uetstota
654 502 698 549 Ao
718 503 876 551 euinctus
896 504 1091 553 cambucas
1113 523 1155 537 -·
1176 508 1244 555 ultr.
1268 508 1396 557 ott'tltts
1654 492 1714 557 517

167 672 297 753 reticos,
314 672 494 738 mitteretur
511 674 607 753 foras,
624 684 719 758 atque
738 683 911 755 aresceret3
928 678 953 739 Α
970 676 1050 741 citer
1070 698 1107 740 ea
1129 678 1263 761 probare
1285 700 1354 763 que
1376 687 1485 765 patent
1504 682 1544 743 ad
1566 680 1715 745 oculuml

165 772 193 833 si
210 772 370 837 violentus
386 772 766 852 inimicus,absconderet
780 774 913 838 forsitan
968 776 1038 839 iam
1062 777 1149 839 enim
1171 777 1209 840 ad
1232 786 1296 840 tam
1318 786 1490 842 extremam
1512 788 1543 841 et
1566 780 1717 843 lamenta·

164 870 310 933 Ecclesia
332 891 366 933 se
388 871 498 936 abeo.
521 871 611 935 Nouo
638 891 714 935 vero
737 891 832 954 quem
855 873 915 953 eji-
970 874 1160 937 bilissimam
1189 875 1466 955 deformationem,
1498 876 1634 955 ruinam,
1665 896 1718 939 ex·

166 969 242 1045 ciet,
258 977 313 1032 ant
327 989 345 1031 a
360 988 423 1051 quo
442 988 477 1033 se
496 970 691 1034 abscondetl
706 970 821 1034 Omnes
835 971 915 1033 ami·
970 973 1173 1036 necationem
1190 983 1221 1036 et
1235 974 1448 1056 corruptionis
1469 975 1716 1038 consuetudines

164 1066 208 1143 ci,
231 1076 263 1130 et
285 1086 396 1130 omnes
420 1067 566 1143 inimici3
591 1086 702 1131 omnes
726 1069 911 1147 necessarii,
969 1071 1099 1135 devenit
1112 1072 1362 1154 Ecclesia,quod
1378 1072 1616 1153 fornicationes,
1628 1073 1717 1137 adul·

166 1174 199 1227 et
213 1184 325 1229 omnes
344 1166 517 1229 adversarii
532 1190 540 1244 3
557 1186 669 1229 omnes
687 1168 865 1243 domestici,
882 1177 915 1230 et
969 1169 1060 1248 teria,
1076 1170 1255 1251 sacrilegia,
1273 1180 1392 1253 stupra,
1410 1178 1441 1233 et
1455 1170 1636 1235 consimilia
1658 1172 1717 1235 cri·

33 1278 85 1319 ets
117 1292 149 1328 n,
165 1265 249 1327 nulli
274 1264 414 1351 pacifici.
432 1264 548 1327 Omnes
567 1284 638 1346 qua
656 1285 714 1328 sua
735 1275 809 1329 sunt
830 1285 915 1346 quae-
970 1266 1057 1329 mina
1080 1287 1189 1332 eorum
1215 1268 1270 1349 qui
1295 1268 1406 1332 ceteris
1434 1267 1662 1351 spiritualiores
1686 1277 1718 1332 et

45 1373 50 1383 “
164 1371 252 1425 runt.
269 1362 403 1425 llinistri
427 1362 543 1426 Christi
569 1373 734 1443 vocantur,
757 1365 915 1427 serviunt·
969 1366 1178 1447 perfectiores
1204 1386 1272 1431 esse
1296 1374 1456 1446 tenentur,
1473 1368 1525 1431 vix
1550 1368 1717 1432 attendun-

163 1479 230 1541 que
243 1460 452 1525 Antichristo.
471 1462 621 1525 Honorati
641 1463 794 1525 incedunt
806 1464 845 1525 de
862 1464 916 1526 bo-
970 1471 1032 1527 tur.
1049 1465 1093 1527 Oe
1108 1465 1489 1529 excommunicationibus
1504 1475 1536 1529 et
1550 1466 1717 1549 preceptis

163 1558 218 1621 nis
248 1559 385 1637 Domini,
415 1560 471 1640 qui
499 1560 634 1623 Oomino
662 1560 815 1623 honorem
849 1580 914 1625 non
971 1561 1087 1623 summi
1103 1561 1266 1624 Pontificis
1282 1580 1393 1643 parum
1408 1570 1463 1625 aut
1480 1562 1560 1624 nihil
1575 1583 1594 1626 a
1608 1563 1716 1626 multis

163 1655 326 1720 deferunt.
355 1656 437 1719 Olim
465 1658 651 1740 praedictum
679 1668 739 1736 est,
769 1668 801 1721 et
828 1679 914 1723 nunc
971 1667 1110 1737 curatur,
1127 1666 1159 1721 et
1173 1658 1353 1722 obedientia
1373 1660 1463 1740 quasi
1484 1660 1621 1723 totaliter
1636 1660 1717 1742 perit

33 1780 88 1844 ..u
104 1779 150 1817 vm.
164 1762 294 1836 tempus
309 1754 505 1836 impletionis
520 1756 650 1818 advenit
668 1780 675 1818 :
691 1756 773 1819 Ecce
788 1757 822 1819 iu
837 1776 915 1839 pace
971 1756 1004 1819 in
1028 1756 1171 1819 Ecclesia
1195 1757 1260 1821 Dei.
1277 1758 1415 1833 Quorum
1440 1759 1583 1823 omnium
1607 1758 1718 1840 preci-

45 1860 50 1871 ’
162 1853 346 1915 amaritudo
360 1872 432 1915 mea
445 1852 776 1917 amarissimahmara
791 1854 824 1916 in
836 1857 954 1919 mor-B
971 1872 1034 1936 pua
1048 1874 1145 1917 causa
1159 1864 1217 1934 est,
1227 1856 1311 1938 quod
1327 1856 1463 1920 concilia
1477 1857 1639 1939 generalia
1652 1876 1717 1920 non

162 1950 251 2013 tibus
266 1959 452 2032 martyrum,
468 1951 604 2014 amarior
628 1953 659 2014 in
679 1952 834 2016 conflictu
854 1953 917 2015 hai·
971 1953 1173 2017 celebrantur
1198 1954 1337 2036 legitime
1366 1963 1510 2038 tempore
1540 1974 1609 2033 suo,
1636 1956 1719 2019 sicut

161 2050 355 2127 reticorum;
375 2068 461 2112 nuile
492 2050 691 2113 amarissima
715 2051 748 2143 ip
774 2050 916 2114 moribus
970 2052 1011 2114 ab
1026 2052 1105 2133 ipsis
1120 2052 1313 2116 conciliariis
1328 2061 1377 2115 est
1392 2054 1560 2117 sancitum.
1578 2054 1719 2116 Certum·

161 2148 426 2226 domesticorum,
453 2146 485 2209 id
514 2156 563 2209 est
591 2148 624 2210 in
652 2149 861 2212 abusionibus
885 2156 917 2211 et

162 2246 255 2307 vitiis
280 2245 452 2327 impiorum
475 2244 725 2309 Christianorum
748 2247 916 2310 :invalue-

50 2367 146 2401 aum.
162 2352 240 2406 runt
254 2353 287 2406 et
301 2343 504 2428 multiplicati
525 2354 599 2407 sunt
617 2364 714 2428 super
733 2366 913 2409 numerum.

162 2444 232 2506 l'ox
261 2442 443 2525 plangentis
471 2443 620 2506 Ecclesiae
649 2454 791 2527 tempore
820 2446 880 2509 isto
906 2470 913 2507 :

86 2563 145 2605 ...a
161 2542 264 2604 Filios
278 2542 415 2603 enutrivi
429 2549 462 2603 et
476 2541 621 2621 exaltavi,
631 2542 691 2624 ipsi
707 2552 813 2606 autem
829 2564 917 2627 sprc-

161 2647 283 2703 verunt
308 2658 369 2702 me.
396 2639 592 2722 Spreverunt
616 2648 648 2702 et
675 2642 916 2705 maculaverunt

161 2758 217 2801 me
242 2759 261 2801 a
282 2739 366 2819 turpi
387 2738 500 2815 vitn‚a
523 2738 607 2820 turpi
633 2748 807 2820 quaestus
831 2740 914 2822 turpi

161 2836 372 2901 commercio.
389 2836 480 2913 ilinc,
497 2843 532 2897 ut
553 2836 630 2898 alibi
652 2837 764 2899 scribit
784 2838 916 2900 Remur-

160 2936 238 3013 dus,
255 2934 325 3017 ipsa
345 2934 488 2997 Ecclesia
509 2933 718 3017 spiritualiter
739 2956 860 3018 pauper
885 2947 917 2999 et

162 3034 262 3115 inops
277 3051 313 3095 ac
333 3033 418 3095 nuda
439 3032 639 3113 relinquitur,
656 3031 739 3096 facie
763 3033 954 3097 miseran-C

162 3136 219 3211 da,
237 3133 368 3212 inculta,
383 3131 523 3213 hispida,
540 3132 719 3214 exsanguis.
736 3133 775 3196 Et
789 3153 853 3197 non
868 3143 916 3197 est

163 3241 313 3313 tempore
336 3231 397 3292 isto
421 3248 582 3312 sponsam,
600 3231 632 3292 id
658 3239 706 3292 est
726 3232 913 3312 Ecclesiam,

162 3349 295 3406 ornare,
315 3330 370 3391 sed
395 3328 554 3410 spoliare3
574 3347 638 3391 non
667 3329 838 3409 custodire,
859 3332 914 3394 sed

163 3428 324 3509 perdere3
350 3444 414 3487 non
439 3425 609 3504 instruere,
633 3428 687 3488 sed
713 3429 913 3507 prostituere.

163 3525 236 3588 Non
261 3532 311 3586 est
334 3541 465 3605 pascere
485 3542 626 3605 gregem,
643 3525 698 3588 sed
723 3533 861 3588 mactare
884 3534 916 3588 et

163 3625 334 3686 devorare.

206 3721 253 3783 De
268 3719 330 3782 ista
344 3719 476 3781 materia
491 3719 523 3780 in
539 3719 796 3785 Revelationibus
811 3723 841 3784 S.
854 3723 917 3784 Bri·

162 3819 256 3902 gittae
271 3816 370 3880 multa
386 3817 546 3898 leguntur,
563 3818 699 3898 qualiter
722 3819 845 3882 scilicet
858 3821 917 3883 Oo

163 3919 278 3981 minus
305 3917 395 3979 iesus
423 3915 563 3978 Christus
600 3916 632 3977 in
665 3919 834 3998 presentia
860 3919 915 3981 Oei

162 4016 281 4093 Patris,
303 4014 529 4076 circumstante
554 4013 693 4076 exercitu
718 4017 914 4097 angelorum,

163 4133 278 4179 coram
292 4113 381 4176 Patre
401 4121 591 4194 conquestus
607 4113 647 4174 sit
668 4133 751 4196 sepe
772 4115 812 4177 de
828 4115 918 4177 ritio-

970 2159 1116 2233 quaest,
1142 2151 1226 2231 quod
1251 2159 1369 2232 quanto
1394 2170 1479 2215 nunc
1507 2150 1599 2233 plura
1623 2160 1717 2233 atque

971 2249 1093 2329 maiora
1115 2249 1197 2311 mala
1217 2268 1253 2312 ac
1274 2250 1415 2332 pericula
1435 2249 1468 2311 in
1487 2248 1629 2312 Ecclesia
1650 2249 1720 2311 uni-

971 2347 1086 2409 uersali
1113 2357 1289 2425 versantur,
1307 2356 1394 2411 tanto
1418 2348 1521 2429 major
1541 2355 1590 2410 est
1610 2368 1716 2427 causa,

972 2446 1037 2507 imo
1058 2445 1243 2525 necessitas,
1261 2445 1443 2509 celebrandi
1470 2446 1541 2507 sine
1566 2444 1719 2507 dilatione

971 2544 1126 2625 synodum
1142 2544 1323 2625 generalem
1341 2566 1347 2605 :
1366 2562 1531 2626 perquam
1547 2551 1592 2606 tot
1607 2550 1639 2605 et
1653 2552 1721 2605 tan·

972 2650 1002 2704 ta
1017 2641 1132 2704 fierent
1147 2641 1241 2719 bona,
1251 2642 1335 2723 quod
1350 2642 1501 2705 Dominus
1516 2642 1598 2703 Oeus
1613 2649 1720 2705 noster

972 2740 1243 2819 reconciliaretur,
1271 2738 1473 2803 misereretur
1500 2747 1531 2803 et
1559 2759 1720 2803 succurre-

971 2848 1019 2901 ret
1038 2839 1141 2917 nobis,
1159 2838 1269 2899 saltem
1290 2838 1323 2899 in
1346 2837 1465 2919 multis,
1482 2846 1516 2901 et
1537 2839 1637 2901 multo
1660 2838 1720 2901 nti·

970 2955 1033 3018 que
1054 2936 1156 3019 magis
1179 2955 1273 3017 quam
1296 2935 1385 2999 alias.

1106 3199 1350 3264 ARTICULUS
1382 3200 1583 3264 ULTIMUS.
1648 3210 1658 3224 ‘

970 3345 1166 3419 Sequuntur
1191 3347 1256 3398 tres
1283 3339 1495 3398 revelationes
1518 3340 1549 3396 ei
1572 3339 1632 3417 qni
1653 3340 1720 3399 bec

1011 3430 1125 3488 scribit
1140 3429 1305 3488 diuinitus
1318 3430 1427 3503 saetae,
1439 3445 1501 3503 per
1515 3447 1596 3506 quos
1610 3429 1719 3487 ornnia

1013 3538 1115 3594 supra
1130 3519 1218 3578 dieta
1237 3519 1417 3576 etiamnum
1429 3519 1561 3593 plenius
1578 3536 1719 3594 compro·

1012 3611 1143 3668 dotatur.

1183 3767 1376 3822 llEVELllTlO
1396 3766 1516 3822 l’lllllll.

977 3914 1162 4114 OUthll
1187 3916 1365 3998 religiosus,
1388 3915 1422 3978 in
1451 3916 1640 3982 solennitate
1663 3918 1722 3980 Pu·

1061 4014 1249 4078 rificationis
1284 4015 1475 4077 beatissimae
1508 4016 1658 4098 Virginis,
1688 4019 1719 4079 in

975 4133 1100 4176 summa
1124 4113 1227 4192 llissa,
1249 4121 1313 4175 toto
1336 4121 1495 4176 conventu
1516 4123 1670 4196 praesente
1692 4122 1723 4176 et

164 4234 199 4276 sa
224 4220 260 4274 et
280 4211 467 4273 scandalosa
486 4211 729 4273 conversatione
755 4221 818 4274 tam
841 4214 957 4294 praeli
976 4212 1178 4292 inspiciente,
1195 4212 1234 4272 ab
1257 4211 1466 4274 exterioribus
1486 4212 1633 4274 sensibus
1648 4213 1724 4274 alie-

164 4312 308 4375 latorum
322 4329 417 4391 quam
432 4309 611 4392 principum
625 4319 657 4372 et
671 4310 919 4374 ministrantium

163 4410 226 4486 eis,
258 4415 290 4469 et
311 4407 448 4487 qualiter
472 4407 614 4469 Christus
637 4408 834 4470 maledixerit
859 4409 918 4484 eis,

163 4529 202 4571 ac
232 4505 331 4568 variis
352 4503 455 4567 modis
477 4505 621 4567 districte
641 4505 797 4586 juraverit
818 4507 921 4568 vindi-

163 4613 318 4668 caturum
339 4622 373 4664 se
395 4601 579 4664 terribiliter
600 4603 639 4664 de
661 4603 793 4666 eisdem.

206 4702 260 4765 Ad
275 4701 358 4763 idem
374 4700 474 4762 multa
496 4719 623 4782 possem
644 4701 796 4764 inducere
815 4723 853 4764 er
874 4703 920 4764 di-

163 4802 229 4865 ctis
262 4798 420 4861 Guillelmi
450 4797 636 4861 Parisiensis
662 4799 695 4860 in
724 4819 782 4863 suo
812 4801 921 4863 Sacra-

164 4897 315 4975 mentali,
345 4917 384 4960 ex
410 4897 546 4959 dirersis
574 4916 700 4979 quoque
735 4899 920 4962 tractatibus

163 4996 294 5062 domini
319 4996 400 5058 Petri
421 4997 461 5058 de
481 4995 601 5058 tilliaco
623 4997 804 5074 cardinalis,
821 5005 853 5060 et
872 4999 922 5061 lo

166 5099 266 5162 annis
291 5097 331 5158 de
360 5094 490 5172 liemon,
510 5094 693 5157 cancellarii
723 5095 919 5174 Parisiensis,

166 5198 310 5277 aliisque
323 5193 461 5256 diversis
476 5193 662 5256 Sanctorum
678 5213 713 5257 ac
733 5195 921 5258 devotorum

167 5293 349 5379 opusculis.
365 5293 426 5355 Sed
454 5291 529 5373 quid
552 5311 681 5356 necesse
703 5302 751 5356 est
769 5294 922 5377 multipli-

975 4320 1067 4372 natus
1097 4318 1190 4390 atque
1222 4309 1255 4371 in
1286 4309 1398 4391 spiritu
1428 4309 1530 4372 factus
1559 4319 1590 4373 et
1617 4319 1723 4374 mente

975 4410 1013 4470 ad
1044 4409 1211 4470 Oomlnum
1241 4417 1360 4489 ruptuS,
1390 4417 1460 4489 post
1494 4409 1723 4490 aliquantulam

976 4508 1123 4569 increat‘e
1149 4507 1230 4569 lucis
1255 4527 1290 4569 ac
1316 4507 1600 4588 superbeatissimee
1622 4509 1725 4572 Trini-

975 4606 1048 4667 tatis
1077 4605 1393 4686 coutemplationem,
1425 4625 1510 4668 moro
1540 4605 1599 4668 sibi
1629 4608 1724 4670 solito

976 4705 1074 4786 coepit
1098 4723 1171 4766 mox
1197 4703 1270 4766 totis
1294 4703 1476 4785 precordiis
1504 4705 1646 4768 divinam
1672 4727 1724 4768 ex·

975 4823 1066 4866 orare
1091 4801 1293 4865 clementiam
1324 4821 1380 4883 pro
1404 4810 1468 4865 tota
1491 4803 1639 4866 militanti
1666 4804 1723 4868 Eo-

976 4901 1085 4978 etesia,
1103 4909 1134 4963 et
1160 4901 1229 4982 ejus
1255 4899 1478 4962 reformatione
1504 4901 1536 4963 in
1560 4902 1719 4965 omnibus.

976 5000 1030 5062 Cui
1056 4998 1210 5061 Dominus
1237 4997 1411 5079 majestatis
1433 4997 1463 5058 in
1488 4998 1609 5062 visione
1632 5001 1724 5062 intel-

978 5097 1105 5160 lectuali
1130 5106 1163 5159 et
1192 5097 1363 5178 anagogica
1394 5096 1498 5158 statim
1525 5098 1687 5177 respondit
1714 5122 1721 5161 :

978 5221 994 5256 c
1007 5197 1086 5271 Ouid
1102 5197 1167 5258 visi
1184 5195 1305 5277 etquid
1320 5213 1391 5257 oras
1410 5213 1467 5275 pro
1483 5194 1623 5258 Ecclesia
1642 5200 1676 5257 »l
1687 5198 1726 5260 El

980 5295 1034 5358 ille
1051 5318 1093 5356 :c
1114 5295 1137 5358 O
1162 5293 1392 5377 benignissime
1416 5293 1510 5372 Deus,
1526 5301 1561 5356 ut
1583 5295 1725 5376 digneris
