4309 6250
459 488 519 553 tat
805 506 923 555 coarat
943 504 1111 552 rsnrmrarr
1131 503 1303 565 annonari,
1326 504 1415 551 arran
1435 504 1475 551 rr.
1498 522 1539 533 -
1559 504 1629 550 aar.
1652 504 1717 549 arn

461 676 603 755 avaritia,
626 677 744 757 acedia,
769 677 910 757 ambitio,
934 677 1095 760 superbia,
1120 675 1210 738 rani-
1224 674 1250 737 h
1264 675 1444 757 obligamur
1464 696 1558 758 quarn
1580 675 1744 759 proprium
1765 692 1876 755 corpus
1896 690 1993 753 corpo

460 784 520 856 tas,
545 776 723 840 dissolutio.
750 777 891 858 Denique
916 776 970 858 qui
995 776 1101 838 taliter
1125 783 1210 837 amat
1267 774 1428 857 ralemque
1450 774 1559 838 vitam.

462 894 496 937 se
520 874 552 937 in
578 894 623 955 se,
649 875 725 955 odit,
748 876 906 955 abhorret,
927 882 959 938 et
982 875 1021 954 (si
1045 882 1148 956 potest
1171 892 1208 936 ac
1305 872 1412 954 ltaque
1435 874 1475 935 ab
1498 874 1585 937 omni
1612 874 1735 956 privato
1759 891 1864 935 amore
1887 878 1994 932 mentes

462 973 569 1052 audet)
584 973 784 1055 persequitur
798 992 851 1036 eos
867 993 884 1035 a
899 973 1015 1054 quibus
1030 973 1088 1035 sibi
1103 972 1210 1035 adver·
1265 979 1388 1033 nostres
1415 970 1558 1051 quotidie
1587 970 1760 1052 purificare
1789 988 1944 1044 conemur,
1969 976 1994 1029 et

461 1091 496 1133 sa
519 1079 614 1151 atque
638 1071 762 1152 injuriae
788 1072 969 1133 inferuntur
996 1094 1003 1133 ε
1031 1070 1142 1151 sicque
1170 1089 1208 1131 ex
1266 1069 1474 1151 simplificare
1488 1089 1542 1131 eas
1564 1069 1597 1130 in
1611 1071 1686 1145 Deo,
1703 1077 1799 1150 atque
1820 1068 1924 1129 divino
1936 1085 1994 1127 suc-

459 1169 521 1232 isto
535 1168 680 1252 improbo
695 1169 743 1231 sui
766 1188 873 1232 amore
895 1177 1070 1231 nascuntur
1084 1169 1206 1247 odium,
1265 1168 1441 1230 cendamur
1473 1186 1593 1246 amore,
1622 1186 1818 1249 omnemque
1849 1164 1992 1228 hominem

459 1267 516 1345 ira,
527 1256 737 1349 impatientia,
751 1266 841 1346 ultio,
851 1266 1015 1343 detractio,
1030 1266 1117 1328 laesio
1131 1264 1210 1328 alio-
1265 1266 1373 1328 saeculi
1388 1266 1484 1347 hujus
1505 1266 1538 1327 in
1552 1267 1616 1329 Deo
1628 1266 1830 1348 ‚diligamus3
1847 1271 1876 1327 et
1890 1264 1928 1325 ab
1939 1282 1994 1325 orn

457 1384 539 1427 rum.
557 1367 597 1426 At
619 1384 693 1427 vero
719 1383 809 1427 amor
832 1364 898 1444 Dei,
916 1373 964 1426 est
988 1382 1077 1427 amor
1100 1382 1209 1444 super·
1264 1365 1359 1427 nibus
1384 1364 1672 1429 inordinationibus
1698 1365 1879 1447 passionum
1902 1380 1936 1424 ac
1957 1362 1994 1422 n'-

457 1462 620 1540 naturalis,
648 1462 834 1545 spiritualis,
861 1461 999 1540 infusus,
1021 1480 1084 1543 quo
1109 1462 1207 1523 Deum
1265 1463 1381 1526 tiorum
1398 1471 1529 1545 purgata
1544 1463 1610 1525 sint
1624 1464 1720 1526 corda
1735 1470 1852 1541 nostra,
1867 1462 1907 1523 ab
1919 1458 1993 1522 omni

457 1580 553 1643 super
566 1561 674 1624 omnia
686 1569 717 1623 et
731 1579 789 1623 nos
804 1561 891 1643 ipsos
906 1560 939 1623 in
952 1560 1015 1623 Deo
1030 1559 1206 1640 diligimus,
1265 1561 1424 1643 superbia,
1450 1562 1507 1639 ira,
1535 1561 1745 1643 impatientia,
1771 1560 1910 1638 avaritia,
1931 1577 1993 1620 con-

456 1659 564 1723 omnia
579 1658 634 1721 illa
654 1658 877 1737 desiderando,
894 1659 1064 1739 quaerendo
1087 1677 1123 1720 ac
1142 1676 1209 1719 am·
1265 1660 1472 1741 cupiscentia,
1499 1660 1619 1723 acedia.
1643 1660 1710 1734 Quo
1732 1659 1829 1738 facto,
1853 1658 1930 1719 fleus
1950 1677 1993 1718 su-

457 1758 637 1839 plectend0,
654 1776 725 1839 quaa
745 1755 837 1820 nobis
857 1757 1065 1820 accommoda
1080 1764 1154 1818 sunt
1168 1756 1208 1818 ad
1264 1756 1382 1838 blimis,
1403 1758 1492 1820 dives
1517 1766 1548 1821 et
1572 1757 1725 1838 liberalis,
1742 1758 1797 1839 qui
1821 1764 1868 1819 est
1890 1754 1933 1818 sol
1952 1754 1994 1834 iu·

458 1855 723 1937 complacendum
737 1854 870 1918 Domino
882 1854 1058 1935 Deo,atque
1074 1861 1108 1916 ut
1123 1852 1247 1919 unia-B
1265 1854 1357 1917 stitia
1391 1854 1502 1937 solque
1537 1853 1700 1935 sapientiae
1735 1852 1882 1929 infinitae,
1915 1851 1993 1912 valde

458 1973 530 2016 mur
552 1953 581 2016 ei
603 1952 867 2035 perfruamurque
890 1972 938 2017 eo.
959 1953 996 2015 Et
1018 1952 1060 2015 ita
1086 1972 1125 2015 ex
1148 1953 1209 2015 isto
1265 1951 1504 2032 munificenter,
1521 1952 1657 2035 gratiose
1678 1970 1714 2014 ac
1735 1951 1859 2014 fortiter
1875 1949 1993 2031 fulgebit

457 2071 565 2115 amore
583 2071 678 2115 omne
699 2052 817 2115 honum
839 2052 1050 2134 progreditur,
1070 2059 1206 2133 utputa:
1264 2052 1296 2113 in
1312 2052 1460 2115 cordibus
1474 2052 1602 2131 nostris,
1619 2050 1817 2113 intellectum
1832 2048 1995 2110 illuminan-

459 2151 595 2213 libenter
617 2169 719 2228 orare,
747 2150 907 2227 meditari,
930 2149 1102 2227 abstinere,
1126 2148 1208 2211 velle
1264 2151 1316 2228 do,
1334 2148 1488 2212 affectum
1509 2148 1751 2228 inflammando,
1770 2146 1945 2209 memoriam
1968 2145 1995 2204 in

458 2249 632 2326 contemni,
648 2249 725 2330 pati,
743 2248 872 2330 corripi,
889 2247 1048 2329 castigari,
1065 2256 1097 2311 et
1111 2247 1208 2309 ceteri
1265 2267 1299 2310 se
1327 2249 1526 2328 stabiliendo,
1552 2249 1726 2329 gratiarum
1754 2246 1936 2309 charismata
1957 2244 1993 2305 ibi

457 2356 547 2410 actus
573 2347 735 2409 virtutum.
763 2346 850 2409 Unde
873 2364 963 2409 amor
988 2346 1036 2407 sui
1062 2364 1209 2407 crescens
1264 2347 1352 2410 omni
1377 2348 1428 2409 die
1452 2347 1607 2428 augendo,
1625 2356 1657 2408 et
1676 2345 1838 2409 hominem
1863 2362 1995 2426 superse

457 2447 613 2528 usquead
634 2445 934 2528 contemptumDei,
951 2444 1027 2507 lacit
1046 2444 1209 2507 hominem
1265 2445 1370 2527 ipsum
1399 2445 1537 2507 totaliter
1565 2444 1730 2507 elevando.
1756 2445 1803 2506 Ad
1832 2443 1910 2505 istud
1936 2460 1996 2523 per-

457 2561 584 2605 servum
614 2539 784 2623 filiumque
813 2540 952 2619 diabon3
982 2558 1071 2603 amor
1103 2547 1208 2602 autern
1264 2545 1352 2607 ducit
1367 2544 1512 2607 doctrina
1533 2542 1725 2625 evangelicae
1741 2542 1832 2623 legis.
1848 2541 1908 2604 Nec
1926 2540 1994 2620 lrngi

457 2640 512 2704 Dei
537 2658 685 2702 crescens
709 2657 810 2719 usque
836 2639 875 2701 ad
901 2646 1120 2721 contemptum
1145 2637 1206 2716 sui,
1264 2651 1369 2725 potest
1383 2642 1486 2724 legem
1502 2642 1598 2705 talem
1614 2661 1676 2704 non
1692 2661 1762 2704 esse
1777 2640 1994 2719 divinamque

457 2736 943 2803 constituithominemservum
960 2736 1209 2818 adoptivumque
1264 2740 1384 2803 scilicet
1414 2741 1509 2803 talem
1543 2740 1666 2803 homini
1700 2739 1868 2821 praestituit
1896 2737 1993 2808 finem,

455 2837 560 2900 filium
577 2835 641 2898 [lei.
657 2835 777 2916 ltaque,
794 2844 912 2915 quanto
928 2835 961 2895 in
982 2834 1208 2916 exstirpatione
1264 2849 1295 2902 et
1320 2840 1357 2901 ad
1382 2839 1529 2901 etlnldenl
1552 2858 1610 2920 per
1633 2838 1739 2901 media
1765 2847 1829 2899 tam
1850 2845 1918 2918 apta
1936 2854 1995 2916 per·

457 2934 574 3019 privati
598 2934 716 2996 amoris
743 2933 942 3016 proficimus,
965 2942 1052 2996 tanto
1077 2932 1148 3013 plus
1174 2932 1206 2993 in
1264 2938 1350 2999 ducit
1374 2938 1489 3018 ipsum.

456 3032 512 3095 Dei
534 3051 643 3096 amore
667 3032 901 3111 excrescimus3
918 3052 1016 3114 quum
1043 3050 1119 3095 vero
1143 3031 1208 3113 pri·
1227 3037 1250 3101 c

457 3140 565 3194 vatum
580 3131 672 3193 illum
688 3149 827 3194 amorem
839 3131 981 3213 plenarie
997 3129 1206 3209 eradicamus,

456 3239 533 3295 tunc
551 3232 584 3294 in
603 3230 659 3293 Ilei
681 3248 788 3293 amore
811 3230 944 3311 perfecti
968 3228 1140 3292 efficimur.
1157 3231 1210 3292 Et·
1447 3202 1691 3266 ARTICULUS
1719 3202 1829 3265 XVII·

456 3329 542 3392 essflfl
558 3347 716 3392 venenum
734 3328 848 3390 &molis
863 3327 1130 3406 defllf,OSfam0f
1140 3326 1206 3408 suf3
1392 3347 1440 3404 De
1465 3344 1590 3403 aclibus
1614 3343 1725 3402 divini
1747 3343 1880 3402 amoris,

455 3427 626 3491 minoratio
640 3433 747 3490 autem
762 3426 876 3508 privati
898 3426 1026 3505 amoris,
1044 3435 1092 3488 est
1106 3426 1206 3490 divini

456 3526 572 3590 amoris
587 3524 771 3609 profectus;
788 3524 977 3588 annihilatio
999 3543 1075 3588 vero
1091 3526 1206 3608 privati
1335 3531 1475 3594 UAllfl'lS
1489 3549 1579 3593 amor
1599 3530 1737 3593 carnalis
1758 3531 1801 3592 sit
1822 3529 1947 3593 vitiosus
1963 3545 1994 3588 ac

456 3625 587 3704 amoris,
604 3633 652 3687 est
676 3623 777 3687 divini
802 3625 919 3688 amoris
945 3623 1111 3706 perfectio.
1128 3625 1207 3687 Hinc
1266 3530 1331 3733 Ο
1349 3630 1464 3710 foedus,
1482 3638 1587 3692 umen
1602 3648 1660 3711 per
1673 3629 1744 3709 ejus
1760 3629 1958 3711 proprietates
1969 3634 1995 3686 et

456 3722 624 3786 Christiani
638 3722 671 3784 in
686 3723 740 3784 Dei
757 3740 864 3785 amore
880 3723 1025 3804 perfecti,
1043 3723 1075 3786 in
1097 3725 1209 3786 adver·
1263 3740 1352 3792 actus
1368 3727 1654 3810 congruentissime
1674 3727 1883 3791 notificantur
1899 3746 1933 3789 ac
1949 3725 1995 3786 de·
2105 3750 2106 3753 ¹

457 3821 603 3884 sitatibus
631 3821 723 3902 quasi
752 3820 786 3882 in
816 3821 963 3883 omnihus
991 3821 1114 3884 divitiis
1141 3822 1209 3904 glo
1264 3827 1447 3890 scribuntur
1460 3827 1669 3908 proprietates
1680 3833 1712 3888 et
1724 3835 1815 3889 actus
1826 3823 1992 3907 spiritualis,

458 3920 592 3998 riantur,
617 3918 651 3980 in
677 3917 934 3981 tribulationibus
958 3928 991 3981 et
1013 3921 1209 4002 persecutio
1262 3926 1362 3988 divini
1385 3924 1590 4007 costaticique
1611 3924 1739 3987 amoris.

459 4018 552 4081 nibus
581 4016 645 4080 Deo
674 4016 905 4098 regratiantnr;
931 4018 969 4078 ad
997 4017 1207 4081 insistendum
1302 4023 1409 4104 ltaque
1432 4023 1554 4104 primus
1579 4020 1716 4084 effectus
1735 4022 1854 4085 amoris
1875 4018 1995 4084 carnalis
2104 4016 2105 4043 l

459 4115 592 4198 vigiliis,
613 4113 821 4193 orationihus,
842 4114 1052 4196 abstinentiis,
1075 4118 1209 4180 medita·
1263 4120 1534 4203 praedominantis,
1551 4120 1605 4201 qui
1625 4137 1715 4183 amor
1733 4122 1803 4206 ἔρως
1821 4119 1994 4203 appellatur,
2103 4192 2104 4203 ἵ

428 4213 435 4222 ’
459 4213 611 4292 tionibus,
624 4211 817 4293 disciplinis,
830 4213 1164 4294 contemplationibus,
1177 4224 1208 4277 ct
1223 4220 1248 4282 l)
1264 4228 1312 4283 est
1333 4219 1515 4282 concavitas
1537 4217 1715 4281 oculorum.
1731 4219 1839 4281 Solent
1860 4219 1941 4281 enirn
1960 4224 1996 4276 ta-

459 4310 618 4374 nniversis
634 4310 793 4373 exercitiis
809 4310 957 4373 virtuosis
979 4331 1015 4374 ac
1032 4314 1149 4374 sanctis
1164 4314 1209 4376 la·
1264 4319 1337 4381 liter
1359 4317 1497 4381 amorosi
1522 4316 1640 4379 hahere
1665 4317 1776 4381 oculos
1801 4335 1950 4381 concavos
1970 4323 1996 4375 ct

460 4409 600 4489 boribus,
610 4408 838 4489 infatigabiles,
848 4409 1008 4472 ferventes
1024 4410 1207 4494 alacresque
1262 4417 1462 4500 profundos:
1480 4416 1631 4499 quoniam
1653 4415 1737 4479 oculi
1760 4425 1930 4498 sequnntur
1946 4413 1996 4494 spi·
2102 4466 2103 4469 ,

459 4507 650 4572 consistunt.
1264 4517 1342 4578 ritus
1376 4535 1445 4578 sese
1479 4515 1675 4578 retrahentes
1706 4523 1802 4596 atque
1833 4515 1874 4577 ad
1904 4515 1995 4576 locum

498 4605 661 4682 Praeterea,
678 4604 775 4666 Deum
799 4604 902 4686 primo
924 4615 955 4668 et
977 4606 1208 4690 incomparabi-
1262 4615 1459 4677 aestimativa
1482 4620 1719 4676 concurrentes.
1735 4611 1942 4676 conformiter
1958 4610 1996 4671 in·
2102 4648 2103 4703 ἶ

458 4702 532 4767 liter
554 4703 708 4765 debemus
733 4701 877 4784 diligere,
893 4705 1056 4786 potissime
1079 4716 1209 4790 propter
1263 4714 1394 4776 teriores
1409 4712 1493 4775 oculi
1509 4710 1649 4773 hominis
1663 4711 1774 4774 divino
1789 4731 1895 4776 amore
1908 4719 1995 4772 cesta·
2102 4714 2103 4719 ’

460 4821 571 4886 puram
593 4809 624 4864 et
646 4801 808 4864 infinitam
831 4802 1004 4867 bonitatem
1027 4806 1138 4888 ipsius,
1155 4811 1209 4872 de·
1263 4810 1325 4873 tico
1342 4809 1532 4872 inflammati
1547 4808 1781 4890 profundantur
1795 4810 1829 4871 in
1844 4810 1951 4892 capite,
1965 4807 1992 4868 id

321 4919 443 4972 troanno,
459 4901 534 4963 inde
558 4899 708 4980 quoniam
733 4900 820 4980 prior
842 4901 953 4965 dilexit
977 4922 1045 4982 nos,
1067 4905 1208 4988 itemque
1263 4919 1311 4972 est
1334 4909 1367 4971 in
1392 4909 1486 4971 corde
1512 4932 1519 4969 :
1545 4907 1694 4989 qnoniam
1719 4908 1807 4970 intus
1834 4917 1882 4970 est
1905 4915 1991 4971 totum

313 4986 346 5026 lt.

460 5005 588 5081 propter
607 4997 764 5060 beneficia
783 5007 814 5060 et
834 5001 988 5082 promissa
1008 5002 1120 5084 ipsius.
1136 5005 1208 5069 Post
1262 5008 1345 5089 quod
1361 5007 1484 5088 quaerit,
1501 5013 1600 5069 toturn
1616 5007 1698 5087 quod
1713 5006 1839 5088 diligit3
1856 5017 1938 5070 extra
1955 5004 1992 5066 nil

458 5097 559 5160 Deum
585 5115 659 5160 vero
684 5096 837 5159 debemus
861 5118 966 5162 amare
986 5102 1151 5184 nosipsos
1173 5105 1206 5167 in
1262 5107 1351 5187 cupit
1374 5105 1435 5166 nisi
1456 5106 1498 5168 ob
1522 5104 1682 5167 interiora.
1699 5104 1783 5166 Talis
1805 5106 1922 5188 quippe
1940 5103 1994 5164 sin·

457 5196 533 5276 Dec,
563 5195 655 5258 tertio
691 5195 861 5276 prosimos,
893 5207 1005 5278 quarto
1039 5202 1205 5284 proprium
1262 5224 1355 5268 cerus
1369 5211 1400 5266 et
1415 5211 1542 5266 sanctus
1563 5211 1685 5266 amator
1699 5204 1943 5266 secretissimum
1961 5219 1991 5263 ac

457 5311 583 5377 corpus,
610 5293 653 5354 ita
682 5293 765 5374 quod
791 5295 950 5376 proximos
974 5298 1046 5380 plus
1075 5300 1205 5383 diligere
1262 5302 1593 5385 superquietissimum
1608 5303 1706 5366 Deum
1722 5311 1787 5366 toto
1801 5304 1913 5386 quaerit
1924 5300 1993 5364 alle·
