4309 6250
254 505 295 555 ER
315 506 524 555 auctentum
544 508 639 557 Sffll
659 510 826 558 PONTIFIGIS
847 512 886 559 ΒΤ
905 512 1075 563 ambustis
1097 516 1237 576 coacturi,
1260 518 1348 567 trulla
1369 520 1390 566 1.
1413 536 1454 549 ·-
1474 520 1544 567 altr.
1566 521 1623 569 xlll
1651 502 1711 570 549

163 678 378 742 committunt.
393 679 501 761 ltaque
520 679 553 741 in
575 681 663 744 omni
685 682 817 745 matoria
832 684 909 747 lidei
925 684 950 746 ll
965 684 1167 766 inquantum
1186 687 1329 752 Ecclesia
1348 690 1530 754 manifestat
1545 700 1638 774 atque
1660 695 1713 757 de-

162 786 196 840 ct
223 779 259 840 in
286 778 513 842 ecclesiasticis
541 781 666 843 cunctis
693 781 841 863 negotiis,
870 784 910 845 ad
965 785 1115 848 terminat
1135 786 1330 869 Scripturam
1352 808 1422 852 esse
1443 809 1462 852 a
1480 790 1544 854 Deo
1566 814 1572 853 :
1594 792 1710 873 alioqui

162 876 385 939 auctoritatem
405 876 555 941 Ecclesia
576 880 667 958 qnasi
691 880 731 941 ad
755 898 910 943 canonem
966 902 1056 945 sacra
1080 882 1242 967 Scriptura
1271 886 1397 949 realiter
1425 905 1489 951 non
1511 888 1551 951 ab
1575 888 1713 952 bomini-

164 974 320 1038 divinitns
342 974 532 1057 inspiratum
551 996 625 1039 eum
646 978 735 1040 omni
756 986 804 1040 est
825 998 914 1041 reve-
965 980 1037 1062 bns,
1067 982 1123 1045 sed
1151 1002 1170 1045 a
1196 983 1316 1066 Spiritu
1343 986 1459 1049 Sancto
1493 987 1712 1052 auctoritatem

166 1074 269 1136 nentia
290 1075 528 1137 recurrendum.
967 1080 1107 1143 sortitur.

204 1172 301 1235 Porro
320 1172 369 1234 bis
390 1182 545 1237 consonat
564 1175 649 1255 quod
668 1194 764 1257 snper
784 1177 911 1239 tertium
1006 1178 1139 1260 lnsuper
1165 1180 1300 1243 l'bomns
1328 1181 1362 1244 in
1386 1184 1525 1246 secunda
1553 1185 1711 1264 secunda,

43 1292 48 1301 ·
92 1305 148 1333 un.
163 1270 399 1333 Sententiarum
413 1270 458 1333 ait
471 1271 637 1336 llnrandus
651 1274 691 1335 do
705 1274 737 1335 S.
754 1274 910 1353 tertiano,
965 1276 1140 1358 quastione
1159 1278 1281 1359 quinta,
1298 1279 1426 1343 disserit
1443 1304 1450 1343 ι
1467 1280 1633 1363 Objeotum
1649 1281 1713 1346 lor·
1727 1314 1797 1355 „ge

163 1368 340 1450 quastione
350 1387 414 1450 qua
427 1370 538 1451 quarit
551 1390 592 1433 an
603 1370 685 1433 Deus
700 1372 742 1433 sit
754 1371 913 1453 objectum
967 1374 1049 1437 male
1077 1374 1155 1437 lidei
1184 1384 1233 1439 est
1260 1376 1378 1439 veritas
1406 1378 1509 1460 prima
1537 1381 1712 1443 seeundum

163 1466 256 1545 lidei,
281 1467 393 1530 dicens
418 1491 426 1529 :
452 1466 531 1542 Quia
559 1470 723 1552 complexa
746 1489 817 1552 qua
846 1490 913 1533 cre-
966 1473 1051 1553 quod
1066 1474 1287 1537 manifestatur
1309 1475 1341 1536 in
1361 1476 1532 1559 Scripturis
1555 1487 1586 1541 et
1604 1478 1637 1539 in
1659 1480 1713 1542 do-

163 1567 294 1643 duntur‚
321 1575 395 1629 sunt
422 1568 525 1649 plura,
550 1568 633 1631 inter
655 1588 693 1631 ca
720 1578 768 1632 est
792 1570 911 1652 aliquid
967 1571 1068 1633 ctrina
1096 1572 1267 1649 Ecclesia3
1293 1579 1325 1636 et
1352 1574 1545 1656 quicumque
1572 1594 1637 1639 non
1666 1575 1714 1639 in-

164 1665 270 1748 prime
294 1665 463 1744 creditum,
478 1668 563 1746 qnod
588 1676 636 1730 est
659 1668 738 1731 ratio
762 1669 912 1731 credendi
967 1669 1065 1731 haret
1084 1670 1232 1733 Ecclesia
1256 1672 1338 1735 sicut
1359 1672 1476 1737 divina
1497 1682 1529 1736 et
1551 1674 1712 1738 infallibili

162 1764 238 1842 alia,
254 1772 287 1826 et
309 1764 349 1826 ad
372 1764 457 1845 quod
481 1763 522 1826 lit
542 1764 654 1827 ultima
674 1765 825 1830 resolutio
845 1786 913 1829 cre·
969 1767 1096 1848 regula,
1114 1767 1185 1830 telis
1200 1787 1264 1832 non
1279 1769 1375 1833 babet
1394 1768 1492 1833 iidem
1512 1772 1551 1834 de
1570 1772 1714 1835 articulis

161 1862 322 1924 dibilium.
334 1862 399 1925 llcc
413 1870 518 1926 autem
532 1871 581 1925 est
594 1865 723 1927 credere
737 1864 912 1928 Ecclesiam
929 1862 952 1925 B
968 1862 1057 1942 lidei,
1073 1866 1129 1927 sed
1151 1865 1335 1947 opinionem
1358 1869 1533 1931 secundum
1553 1870 1714 1952 propriam

162 1961 230 2043 regi
255 1979 275 2022 a
297 1960 417 2043 Spiritu
441 1960 566 2023 Sancto.
587 1960 751 2025 Credimus
774 1982 912 2044 namque
968 1963 1175 2026 voluntatem.
1192 1964 1375 2047 Rursusque
1390 1966 1433 2027 eit
1450 1990 1457 2029 z
1474 1966 1627 2031 Omnibus
1642 1968 1861 2035 arti-uraaean.

162 2061 265 2122 Deum
289 2078 360 2121 esse
381 2078 480 2121 unum
505 2079 542 2122 ac
566 2059 697 2139 trinum,
718 2060 833 2125 Filium
857 2063 912 2125 Dei
968 2061 1049 2123 culis
1074 2060 1152 2123 fidei
1174 2062 1313 2125 adbaret
1330 2062 1413 2125 tides
1436 2072 1565 2147 propter
1583 2064 1715 2129 unicum

163 2176 237 2221 esse
272 2157 472 2220 incarnatum
501 2167 533 2220 et
565 2178 705 2240 ριιεειιιιι,
735 2168 810 2239 etc,
838 2162 913 2242 qnia
968 2160 1121 2241 medium,
1152 2160 1275 2225 scilicet
1302 2172 1431 2245 propter
1458 2164 1622 2228 veritatem
1651 2164 1717 2247 pri-

163 2255 328 2337 Scriptnra
352 2256 413 2319 boc
431 2256 520 2337 dicit,
535 2276 632 2339 quam
652 2258 812 2321 credimus
833 2260 914 2321 divi·
968 2278 1053 2321 mam
1074 2258 1268 2341 propositam
1293 2260 1326 2322 in
1347 2260 1519 2343 Scripturis
1541 2263 1715 2326 secundum

162 2356 252 2417 nitus
273 2354 459 2436 inspiratam
483 2363 515 2418 et
539 2356 710 2419 revelatam
727 2381 734 2418 ι
752 2376 828 2439 ergo
846 2378 915 2421 cre·
968 2356 1146 2420 doctrinam
1161 2358 1311 2421 Ecclesia
1331 2359 1513 2423 intellectis
1529 2360 1628 2423 —Ex
1648 2362 1718 2443 qui-

162 2454 241 2517 derc
256 2453 451 2535 Scripturam
472 2453 627 2516 divinitus
641 2454 827 2537 inspiratam
843 2475 913 2519 esse
967 2453 1028 2516 bns
1043 2454 1256 2535 concluditur,
1273 2456 1447 2521 Ecclesiam
1469 2476 1533 2522 non
1555 2478 1648 2541 posse
1670 2479 1718 2523 er-

162 2553 276 2630 alleo,
292 2559 341 2613 cst
365 2551 445 2615 ratio
465 2552 614 2615 credendi
633 2572 671 2615 ea
691 2572 761 2635 qua
783 2554 815 2615 in
831 2554 914 2617 Seri·
968 2572 1038 2616 rare
1053 2553 1086 2615 in
1102 2552 1152 2615 his
1167 2571 1237 2634 qua
1252 2562 1326 2617 sunt
1346 2554 1424 2618 lidei
1439 2574 1475 2619 ac
1490 2556 1613 2619 salutis.
1630 2557 1718 2621 Unde

163 2658 258 2731 ptura
271 2650 450 2712 traduntur
467 2650 587 2711 llnrsus
602 2650 760 2718 credimus
775 2652 914 2735 Scriptu—
968 2651 1072 2732 major
1087 2650 1253 2714 videtur'
1224 2672 1295 2733 eJns
1314 2653 1485 2716 auctoritas
1504 2673 1599 2736 quam
1615 2654 1715 2737 Papa,

163 2767 233 2810 ram
258 2747 411 2811 divinitus
435 2747 633 2831 inspiratam,
659 2751 734 2831 quia
757 2750 911 2832 Ecclesia,
967 2750 1023 2831 qui
1039 2749 1071 2811 in
1088 2749 1154 2813 lide
1168 2769 1205 2813 ac
1222 2750 1364 2814 moribus
1379 2759 1483 2833 potest
1496 2770 1602 2815 errare
1623 2762 1718 2836 atque

162 2864 236 2927 qua
258 2845 379 2927 regitur
396 2866 415 2907 a
433 2846 554 2929 Spiritu
572 2846 699 2924 Sancto,
717 2848 818 2910 boc
799 2868 913 2931 appro-
968 2867 1103 2911 ermnee
1124 2848 1280 2930 judicare.

161 2944 229 3007 bat
254 2944 356 3019 Quum
385 2946 470 3007 enim
499 2946 590 3009 multi
616 2946 803 3027 scripserint
825 2957 913 3029 gesta
1007 2948 1047 3008 nt
1067 2946 1195 3023 veroS.
1211 2946 1427 3010 Ambrosius
1420 2966 1452 3009 m
1474 2947 1610 3029 epistola
1635 2947 1718 3011 vice-

162 3044 349 3126 Salvatoris,
367 3051 401 3105 ut
422 3043 613 3106 Nicodamus
634 3054 665 3107 et
686 3043 835 3126 Nazarai,
858 3047 913 3110 illa
929 3045 993 3107 C
968 3064 1049 3107 sima
1074 3044 1177 3129 prium
1200 3053 1334 3108 testatur
1360 3068 1367 3108 ι
1391 3044 1492 3120 Quum
1517 3046 1636 3129 aliquid
1660 3067 1717 3131 per

162 3145 232 3208 sola
261 3143 447 3226 evangelica
478 3142 635 3226 scriptura
668 3145 818 3227 recipitur
845 3154 913 3208 tan·
968 3146 1124 3228 synodum
1152 3144 1250 3206 luerit
1277 3144 1458 3223 delinitum,
1490 3147 1636 3209 standum
1669 3157 1717 3210 est

162 3261 262 3325 qnam
291 3240 472 3305 authentica
499 3250 594 3322 atquc
623 3243 788 3322 canonica,
819 3244 912 3326 eique
968 3263 1064 3325 super
1093 3243 1149 3306 illo
1177 3242 1304 3324 cuique,
1335 3243 1430 3305 etiam
1461 3243 1488 3305 si
1516 3243 1648 3324 angelus
1676 3246 1715 3308 de

163 3343 270 3405 solum
286 3341 367 3403 lides
381 3341 559 3418 adhibetur,
576 3359 672 3422 quam
687 3343 841 3423 approbat
855 3343 912 3404 Ec·
966 3343 1049 3405 coelo
1076 3350 1170 3404 essct.
1198 3341 1329 3421 Rursus,
1359 3341 1443 3405 circa
1472 3342 1550 3404 illud
1578 3344 1715 3406 Actuum

163 3442 275 3506 clesia.
291 3441 372 3502 llinc
386 3447 496 3502 contra
515 3439 702 3502 llanicbaos
724 3442 837 3503 asserit
851 3443 912 3504 Αιι-
966 3447 1090 3522 quarto,
1114 3439 1300 3520 Congrcgati
1324 3447 1415 3502 erant
1434 3440 1574 3521 Apostoli
1601 3439 1634 3502 in
1659 3459 1715 3504 no-
1728 3463 1860 3514 actaea.

161 3537 311 3625 gostinu's
322 3538 541 3620 :Evangelinm
552 3537 767 3602 Nazareorum
782 3560 846 3603 non
862 3542 913 3602 ad·
967 3539 1052 3600 minc
1075 3538 1160 3617 Jesn,
1176 3537 1294 3600 latetur
1310 3560 1316 3598 :
1333 3537 1380 3600 Ab
1401 3538 1460 3599 bec
1481 3538 1619 3619 gloriosa
1640 3556 1714 3601 con-

163 3637 427 3720 mitto‚quoniam
437 3636 580 3699 Ecclesia
594 3655 658 3698 non
675 3638 912 3720 admittit.Ergo
966 3637 1151 3718 gregatione
1174 3635 1355 3718 dependent
1379 3643 1536 3698 catervata
1564 3637 1712 3715 concilia,

162 3739 295 3802 credere
309 3737 393 3818 quod
408 3735 551 3797 Ecclesia
565 3754 629 3798 non
649 3743 744 3814 erret,
759 3745 909 3817 tanquam
967 3735 1000 3797 in
1024 3735 1139 3816 quibus
1161 3734 1243 3796 Dens
1263 3733 1353 3796 Pater
1372 3742 1420 3796 est
1444 3734 1593 3798 Ecclesia
1617 3742 1712 3814 tutor,

162 3858 181 3900 a
207 3836 330 3918 Spiritu
358 3835 475 3896 Sancto
501 3833 632 3911 directa,
663 3842 712 3895 cst
739 3835 819 3897 ratio
847 3854 912 3897 me-
966 3833 1064 3896 Eilius
1094 3841 1141 3894 est
1176 3842 1210 3894 nt
1238 3851 1385 3914 sponsus,
1415 3833 1550 3914 Spiritus
1579 3833 1712 3895 Sanctus

161 3937 318 4016 diemque
342 3931 490 3995 credendi
521 3933 709 4014 scripturam
735 3951 829 4014 quam
858 3953 913 4014 ap
966 3940 1001 3993 ut
1027 3939 1139 3994 rector.
1167 3931 1230 3992 Nec
1256 3931 1449 3993 credendum
1474 3933 1630 4013 estquod
1654 3931 1710 4008 ibi,

161 4035 278 4117 probat
301 4051 372 4094 esse
396 4030 549 4093 divinitus
572 4029 779 4112 inspiratam3
800 4040 830 4094 et
856 4032 913 4094 ite·
967 4030 1066 4092 idest
1086 4031 1118 4092 in
1138 4028 1275 4093 concilio
1295 4029 1446 4110 generali,
1470 4030 1509 4091 sit
1530 4031 1713 4112 dependens

161 4153 248 4210 rum,
273 4131 334 4193 boc
362 4129 502 4206 credere,
525 4136 574 4190 est
599 4127 677 4191 ratio
702 4130 850 4192 credendi
875 4150 912 4192 ea
966 4137 1021 4192 aut
1035 4129 1214 4191 mendicata
1233 4128 1414 4208 auctoritas,
1431 4127 1485 4190 ubi
1506 4128 1615 4192 divina
1637 4150 1716 4212 pra·

159 4230 292 4314 quain
321 4247 411 4290 sacra
437 4227 599 4309 Scriptura
627 4228 803 4290 traduntur.
829 4229 912 4310 Ergo
928 4227 952 4288 D
967 4228 1049 4290 sidet
1063 4228 1223 4309 majestas.
1239 4227 1337 4288 -Ex
1351 4226 1468 4308 quibus
1490 4227 1595 4290 verbis
1609 4237 1715 4292 osten·

159 4330 301 4412 aprime
315 4328 356 4389 ad
370 4325 531 4402 ultimum,
547 4325 686 4406 primum
708 4325 791 4387 iuter
812 4327 912 4389 credi·
966 4327 1062 4403 ditur,
1079 4326 1227 4407 generale
1246 4325 1417 4388 concilium
1440 4326 1576 4408 desuper
1597 4326 1716 4390 inlelli-

159 4428 253 4506 bilia,
269 4425 354 4507 quod
378 4432 427 4486 est
450 4424 531 4486 ratio
557 4424 706 4486 credendi
731 4423 805 4502 alia,
822 4433 853 4487 et
871 4427 911 4488 ad
967 4425 1075 4487 bilitcr
1098 4424 1204 4506 dirigi,
1231 4443 1289 4486 nec
1319 4423 1508 4506 simpliciter
1535 4425 1715 4507 dependere

161 4527 249 4610 quod
269 4524 308 4587 lit
329 4523 442 4585 ultima
463 4521 614 4585 resolutio
636 4523 848 4603 credibilium,
864 4533 913 4586 est
967 4542 1070 4604 neque
1096 4522 1315 4605 principaliter
1342 4521 1561 4584 auctoritatem
1589 4543 1608 4586 a
1632 4525 1715 4607 Papa

161 4627 294 4689 credere
319 4621 493 4685 Ecclesiam
514 4621 579 4701 regi
604 4641 623 4682 a
644 4621 761 4703 Spiritu
783 4623 909 4685 Sancto.
967 4623 1094 4684 babere.
1123 4621 1201 4682 ilinc
1228 4620 1423 4701 Augustinus
1453 4621 1485 4682 in
1514 4621 1646 4702 epistola
1674 4623 1712 4685 ad

159 4727 233 4788 Eae
249 4719 541 4785 [turandus-Ex
562 4719 612 4780 bis
633 4719 761 4800 quidam
783 4721 912 4783 conclu·
965 4720 1150 4784 ianuarium
1179 4719 1289 4781 scribit
1320 4743 1326 4780 :
1354 4719 1565 4782 conciliorum
1596 4720 1627 4783 in
1657 4721 1714 4783 Ec-

159 4824 254 4902 dunt,
270 4820 355 4902 quod
380 4817 482 4899 maior
505 4818 546 4879 sit
569 4817 740 4880 auctoritas
761 4819 911 4882 Ecclesia
967 4820 1065 4884 elesia
1089 4818 1143 4880 llei
1171 4817 1379 4880 saluberrima
1407 4826 1507 4880 exstat
1530 4820 1710 4900 auctoritas,

159 4940 258 5004 quam
284 4919 465 5000 Scriptura,
492 4917 655 4998 magisque
684 4920 910 4981 recurrendum
965 4918 1082 5001 quibus
1109 4915 1215 4979 omnia
1242 4916 1391 4978 Ecclesia
1420 4917 1631 4980 terminantur
1657 4937 1712 4982 ne-

160 5021 202 5084 sit
218 5020 258 5082 ad
274 5016 494 5081 auctoritatem
509 5015 658 5078 Ecclesia
671 5034 766 5097 quam
781 5017 820 5078 ad
832 5017 911 5079 Scri·
965 5016 1060 5100 gotia.

160 5128 290 5203 pteram
318 5115 499 5179 dianam:
529 5115 614 5195 qnod
643 5113 777 5196 intelligi
808 5124 911 5196 potest
1005 5114 1127 5190 Adbuc,
1158 5113 1191 5175 B.
1217 5112 1425 5194 Hieronymus
1454 5111 1531 5175 ait.
1557 5113 1711 5177 Omnibus
1740 5131 1823 5176 noma

160 5225 318 5300 qnantum
333 5216 372 5277 ad
388 5212 687 5293 manifestationem,
701 5222 735 5276 nt
749 5215 911 5296 Scriptura
966 5212 1185 5288 consideratis,
1203 5219 1279 5294 pute
1302 5231 1352 5273 mc
1374 5231 1436 5274 non
1462 5219 1580 5274 temere
1604 5210 1772 5276 dicere¹'·¹¹

160 5319 290 5382 dicatur
312 5315 353 5378 ab
373 5313 515 5376 Ecclesia
537 5313 756 5376 auctoritatem
780 5313 908 5394 babere,
965 5312 1046 5376 alios
1063 5311 1107 5374 ita
1131 5330 1200 5373 esse
1225 5311 1257 5371 in
1282 5310 1376 5373 domo
1400 5309 1467 5388 Dei,
1483 5309 1544 5372 ut
1536 5309 1597 5393 ipsi
1617 5312 1711 5375 etiam
1725 5263 1817 5315 Μ
1804 5261 1859 5304 ²⁰
