4309 6250
413 454 473 519 {20
659 474 698 521 ll!
718 473 882 521 aldomaro
902 473 940 519 li'l'
959 472 1108 519 iaculans
1128 472 1157 516 a.
1181 472 1209 515 V.
1232 471 1349 529 natat,
1371 470 1459 519 alban
1479 472 1524 519 lll.
1545 491 1587 503 -
1605 473 1676 519 aar.
1697 472 1720 519 Χ

414 642 561 724 quamvis
587 643 707 726 absque
732 642 917 725 hujusmodi
942 640 1090 706 exteriori
1115 641 1164 703 in·
1178 639 1204 704 Δ
1219 640 1282 720 nis,
1294 643 1470 705 secundum
1483 642 1722 725 Philosophum,
1733 645 1796 706 hoc
1808 651 1859 707 est
1871 642 1979 706 timor

415 740 524 805 diciol
1219 739 1402 802 incurrendi
1425 740 1504 821 quid
1528 740 1719 805 confusione
1746 741 1975 823 condignum

456 837 613 921 Amplius,
628 848 739 921 gustus
758 849 791 903 et
815 847 917 902 tactus
942 838 1165 902 vehementius
1218 845 1324 918 atque,
1349 846 1385 899 ut
1407 838 1520 901 asserit
1546 838 1770 918 Damascenus,
1796 847 1847 902 est
1872 839 1979 902 timor

417 935 452 998 in
479 936 663 1001 hominihus
688 945 762 1000 sunt
784 937 908 1017 infecti,
934 936 1165 1018 difficiliusque
1219 936 1259 998 de
1283 944 1356 998 actu
1380 936 1477 1017 turpi,
1502 943 1653 1018 tanquam
1678 938 1777 1001 arduo
1800 939 1841 1002 ad
1866 937 1978 1001 vitan-

418 1044 578 1098 curantur.
598 1035 721 1099 Idcirco
744 1035 916 1099 virtutibus
941 1034 1057 1117 quibus
1081 1034 1166 1096 dele-
1218 1033 1307 1096 dum.
1323 1034 1460 1097 luvencs
1483 1042 1589 1097 autem
1614 1036 1827 1099 communiter
1851 1037 1977 1117 imper-

417 1132 570 1195 ctationes
589 1140 621 1195 θῖ
640 1141 729 1195 actus
747 1141 860 1215 gustus
885 1141 917 1195 et
941 1139 1043 1195 tactus
1068 1131 1167 1195 refre-
1220 1130 1296 1193 fecti
1325 1138 1400 1194 sunt
1423 1140 1455 1194 et
1477 1132 1570 1213 proni
1592 1133 1633 1195 ad
1660 1134 1745 1195 mala
1768 1133 1871 1215 culpa
1898 1152 1976 1214 quae

417 1239 534 1292 uantur
557 1250 594 1293 ae
619 1232 835 1309 moderantur,
861 1237 972 1311 utputa
997 1228 1165 1292 sobrietate
1220 1229 1325 1311 turpia
1340 1237 1425 1308 sunt,
1440 1248 1511 1310 quaa
1524 1230 1625 1293 vitare
1639 1239 1687 1293 est
1708 1232 1786 1314 ipsis
1806 1231 1973 1294 difficile:

417 1336 450 1391 θῖ
463 1328 620 1407 castitate,
635 1347 706 1409 quae
722 1336 796 1391 sunt
809 1336 915 1410 partes
937 1327 1164 1408 temperantiae,
1220 1336 1388 1410 propterea
1411 1328 1666 1391 commendabile
1685 1329 1785 1391 estin
1807 1328 1899 1412 ipsis,
1916 1349 1977 1392 ve-

417 1424 480 1488 fuit
493 1426 724 1508 gloriosissima
739 1426 829 1507 virgo
850 1426 957 1504 ldaria,
974 1425 1089 1487 mulier
1108 1424 1168 1486 sal-
1220 1426 1396 1489 recundum
1424 1426 1585 1489 exsistere.
1616 1426 1714 1489 Senes
1746 1446 1822 1490 vero
1850 1428 1977 1489 dehent

417 1524 535 1602 votiva,
566 1543 603 1585 ac
626 1524 722 1586 totius
748 1523 980 1604 spiritualitatis
1004 1522 1164 1603 magistra,
1220 1542 1290 1585 esse
1306 1524 1337 1584 in
1353 1522 1524 1585 virtutibus
1539 1523 1683 1601 stabiliti,
1698 1532 1732 1585 et
1750 1524 1856 1606 turpia
1874 1544 1975 1606 posse

419 1620 590 1703 specialius
619 1628 713 1701 atque
743 1619 925 1701 praeclarius
954 1619 1132 1683 decoranda
1157 1642 1164 1680 :
1221 1619 1359 1682 faciliter
1379 1619 1508 1682 vincere
1522 1639 1559 1683 ac
1574 1620 1684 1683 vitare.
1702 1621 1775 1684 ldeo
1796 1639 1861 1684 non
1883 1640 1976 1685 com-

418 1718 536 1800 quippo
557 1736 627 1801 quae
651 1718 781 1781 Fontem
806 1717 902 1780 totius
927 1716 1103 1794 munditia,
1120 1716 1168 1777 lu·
1221 1718 1435 1780 mendaturiu
1449 1718 1497 1781 eis
1515 1719 1708 1781 verecundia
1726 1718 1787 1782 ista
1803 1742 1811 1780 r
1827 1737 1900 1800 quaa
1920 1720 1976 1781 ni-

317 1826 327 1843 ·
419 1834 492 1878 men
517 1815 676 1894 aeternale,
693 1816 848 1879 universae
873 1813 1049 1877 sanctitatis
1072 1814 1167 1894 origi·
1183 1814 1207 1875 B
1221 1816 1288 1878 hilo
1307 1815 1411 1877 minus
1431 1815 1464 1877 in
1488 1816 1536 1878 eis
1559 1816 1660 1879 multo
1684 1818 1977 1881 commendabilior

418 1932 492 1975 nem
505 1914 684 1996 concipere,
691 1913 949 1995 parere‚lactare,
957 1919 1165 1990 contrectare,
1221 1921 1270 1975 est
1290 1932 1385 1993 quarn
1409 1913 1479 1975 sine
1504 1914 1695 1977 verecundia
1715 1933 1870 1996 peccare3
1886 1915 1977 1977 sicut

418 2011 580 2093 amplecti,
612 2010 791 2075 deosculari
821 2020 852 2073 et
879 2010 1019 2073 enutrire
1048 2009 1168 2072 exstitit
1221 2018 1295 2072 sunt
1310 2010 1401 2072 multi
1417 2009 1513 2073 etiam
1535 2030 1627 2074 sones
1646 2012 1680 2073 in
1699 2011 1818 2094 quibus
1836 2011 1975 2076 affectio

419 2108 596 2189 praelecta.
1221 2108 1296 2170 boni
1312 2108 1436 2171 honesti
1452 2127 1534 2190 pene
1555 2109 1787 2189 sopita1est,et
1806 2109 1892 2173 bono
1914 2111 1976 2173 ho-

458 2206 481 2268 0
503 2205 755 2287 supernaturalis
770 2214 801 2268 θῖ
820 2204 995 2268 ineffabilis
1017 2204 1086 2266 laus
1106 2205 1167 2265 lla-
1221 2214 1311 2269 nesto
1339 2206 1512 2287 praeferunt
1539 2206 1616 2268 utile
1640 2226 1677 2269 ac
1702 2208 1889 2271 delectabile
1915 2208 1976 2271 bo

419 2304 484 2381 riae,
508 2322 527 2366 o
547 2303 833 2366 exuberantissima
856 2303 965 2384 gratiae
989 2301 1165 2383 plenitudo,
1222 2324 1311 2384 num,
1327 2304 1387 2367 hoo
1402 2312 1450 2366 est
1468 2305 1635 2367 commoda
1653 2313 1748 2386 atque
1767 2305 1879 2367 solatia
1898 2325 1972 2385 sua,

418 2420 438 2465 o
467 2400 662 2464 inviolabilis
691 2400 988 2481 ordinatissimeque
1015 2398 1167 2461 discretio
1221 2402 1368 2482 quamvis
1381 2402 1489 2463 virtuti
1506 2402 1849 2465 contrariaErercitati
1863 2412 1975 2466 autem

418 2499 451 2560 in
476 2500 626 2577 vivendo,
643 2498 728 2579 quod
753 2497 942 2560 felicissima
966 2504 1109 2558 creatura
1133 2496 1167 2556 in
1221 2498 1439 2561 invirtutibus
1460 2508 1492 2561 et
1512 2499 1659 2581 perfecti,
1676 2501 1770 2563 rebus
1791 2501 1975 2564 inhonestis

419 2596 514 2660 rebus
548 2604 580 2659 et
612 2596 736 2658 actibus
765 2614 801 2657 ac
831 2595 1074 2658 necessitatibus
1103 2593 1167 2656 illis
1222 2616 1259 2658 ac
1282 2595 1426 2678 turpibus
1446 2596 1584 2659 faciliter
1600 2606 1723 2679 queunt
1746 2598 1904 2661 resistere.
1921 2598 1976 2661 ld-

418 2694 612 2777 quotidianis
627 2712 790 2773 nunquam
811 2692 957 2772 excessit,
974 2712 1033 2755 nec
1053 2692 1087 2753 in
1109 2692 1168 2753 mi·
1222 2694 1308 2757 circo
1323 2713 1387 2756 non
1402 2694 1497 2756 habet
1516 2694 1549 2756 in
1569 2696 1616 2757 eis
1635 2696 1828 2757 verecundia
1848 2696 1972 2776 locum,

418 2793 507 2855 nimo
522 2800 570 2854 est
583 2792 743 2874 prolapsa,
753 2809 916 2873 nunquam
932 2790 965 2851 in
981 2790 1064 2869 cibo,
1078 2798 1166 2871 potu,
1222 2792 1397 2854 secundnm
1412 2792 1507 2853 istum
1523 2793 1672 2872 loquendi
1687 2794 1867 2872 modum,et
1879 2793 1975 2874 juxta

419 2908 543 2969 somno,
560 2889 670 2967 verbo,
687 2889 827 2970 cogitatu
851 2898 904 2951 aut
925 2888 1098 2950 omissione
1122 2907 1169 2948 re
1222 2888 1446 2969 Philosophum
1465 2912 1471 2950 :
1488 2889 1562 2968 quia
1581 2909 1645 2951 non
1666 2891 1908 2971 apprehendunt
1922 2891 1975 2953 in-

419 2988 548 3050 cessite
565 2987 684 3049 mediol
697 2987 776 3049 llinc
790 3005 920 3067 prorsus
935 2985 1167 3049 honestissimae
1186 2982 1354 3047 Chonesta
1378 2994 1409 3047 et
1433 2986 1538 3066 turpia
1556 2994 1591 3048 ut
1608 2988 1707 3049 ardua
1725 2987 1765 3049 ad
1789 2988 1970 3049 vitandum.

419 3084 481 3147 fuit
504 3084 646 3164 vitaa3et
666 3084 822 3147 modestia
840 3084 910 3166 ejus
929 3084 1077 3147 omnibus
1102 3090 1169 3145 erat
1223 3082 1328 3146 Nihilo
1367 3084 1473 3146 minus
1507 3084 1711 3147 habitualiter
1744 3085 1788 3148 ita
1821 3085 1972 3167 dispositi

420 3190 506 3262 nota,
530 3202 589 3245 nec
615 3181 678 3244 fuit
701 3183 755 3264 qui
780 3181 898 3244 malum
924 3182 1107 3263 loqueretur
1129 3181 1169 3242 de
1224 3189 1309 3258 sunt,
1325 3183 1409 3261 quod
1424 3181 1450 3242 si
1465 3181 1643 3244 inciderent
1656 3183 1771 3264 turpia,
1788 3201 1860 3246 mox
1880 3203 1974 3246 vere-

421 3301 468 3344 ca.
486 3280 617 3361 ruitque
634 3279 812 3361 sapientiali
827 3279 948 3360 pudore
967 3287 1106 3341 extreme
1120 3297 1170 3340 or·
1224 3279 1448 3341 cundarentur.
1468 3278 1549 3341 llinc
1573 3287 1606 3342 et
1628 3281 1748 3343 loanne
1772 3289 1973 3344 contestante

421 3387 506 3456 nata,
522 3397 617 3441 omne
636 3377 721 3458 quod
744 3376 891 3457 probitati
915 3376 1045 3456 derogat
1067 3384 1100 3439 θῖ
1122 3374 1170 3439 of·
1224 3376 1377 3458 apostolo,
1395 3376 1536 3458 perfecta
1560 3377 1674 3440 caritas
1700 3377 1785 3441 foras
1809 3379 1908 3441 mittit
1932 3381 1974 3441 ti·
1990 3401 2121 3445 rama.

421 3476 580 3538 fensivum
596 3483 645 3537 est
659 3473 776 3536 divina
792 3474 977 3554 praesentiae,
994 3474 1169 3536 totocorde
1224 3493 1357 3538 morem.
1383 3474 1502 3555 ltaque,
1531 3475 1682 3556 quoniam
1709 3474 1973 3539 benedictissima
1990 3467 2030 3507 ¹⁸·

421 3575 593 3637 detestans.
611 3572 730 3655 Nempe
750 3573 919 3634 honestum
938 3572 1055 3634 dieitur
1079 3572 1169 3653 quasi
1224 3573 1316 3653 virgo
1330 3573 1426 3635 Maria
1441 3573 1480 3634 ad
1494 3573 1648 3635 virtutum
1665 3572 1896 3654 perfectionem
1917 3575 1974 3637 de-

421 3679 522 3733 status
536 3670 688 3749 honoris3
705 3671 808 3734 honor
821 3688 897 3732 vero
918 3670 1051 3732 debetur
1072 3670 1171 3731 virtu·
1225 3670 1312 3732 venit
1327 3670 1503 3747 celerrime,
1514 3689 1578 3732 non
1593 3670 1720 3733 videtur
1733 3670 1762 3733 ei
1777 3672 1973 3734 verecundia

420 3771 445 3832 ti
464 3795 471 3832 :
488 3770 573 3850 ideo,
589 3769 672 3832 sicut
685 3768 881 3832 electissima
895 3769 985 3850 virgo
999 3768 1095 3830 Maria
1109 3768 1171 3829 fuit
1224 3787 1282 3850 pro
1311 3776 1387 3830 tunc
1411 3769 1539 3849 proprie
1566 3769 1769 3850 competisse,
1793 3771 1972 3852 praesertim

422 3868 667 3945 virtuosissima,
694 3867 740 3930 sie
765 3875 797 3929 et
820 3866 1046 3929 honestissima
1068 3864 1169 3927 fuisse
1224 3865 1376 3947 quoniam
1404 3865 1500 3928 scivit
1532 3885 1566 3929 se
1599 3866 1633 3927 in
1666 3867 1768 3947 gratia
1799 3868 1973 3932 confirma-

422 3974 580 4029 censetnr.
597 3967 743 4028 Attamen
764 3965 914 4027 honestas
932 3964 972 4025 ad
992 3973 1170 4045 temperan-
1222 3973 1299 4028 tam.
1316 3964 1475 4026 Interdum
1491 3973 1596 4026 tamen
1616 3964 1809 4027 verecundia
1828 3985 1888 4047 pro
1909 3968 1974 4030 vir-

421 4065 498 4126 tiam
521 4062 700 4146 specialiter
717 4063 877 4144 pertinere
900 4061 1169 4142 assensumque
1224 4071 1289 4127 tute
1308 4071 1363 4126 aut
1381 4081 1438 4143 pro
1462 4061 1616 4142 pudicitia
1639 4062 1724 4125 hona
1747 4063 1918 4147 accipitur,
1940 4073 1974 4128 et

420 4162 507 4224 niam
529 4162 612 4224 sicut
630 4161 664 4222 in
684 4159 772 4221 vitiis
791 4166 823 4221 et
841 4157 1105 4221 delectationibus
1124 4167 1169 4221 ta-
1183 4159 1208 4220 Ι)
1223 4162 1269 4225 aie
1283 4160 1428 4240 gloriosae
1443 4158 1544 4221 blariae
1559 4177 1632 4222 vere
1646 4160 1847 4224 adscribitur.

419 4267 489 4323 ctus
525 4267 556 4320 et
589 4265 700 4338 gustus
728 4263 777 4318 est
805 4255 943 4316 maxima
970 4253 1167 4336 inhonestas,
1261 4256 1518 4337 Postremo,quia
1532 4258 1707 4320 seeundum
1722 4259 1902 4340 theologica
1916 4262 1973 4324 do-

418 4357 594 4439 turpitudo,
625 4352 803 4432 brutalitas,
841 4352 884 4413 ita
918 4352 950 4414 in
986 4352 1104 4415 virtute
1137 4361 1169 4415 et
1223 4364 1381 4433 cumeum,
1403 4356 1435 4416 ln
1461 4356 1645 4436 laqueorum
1671 4357 1777 4421 medio
1802 4377 1972 4422 conversa·
2003 4385 2125 4429 accan

419 4455 543 4518 actibus
579 4451 796 4533 temperantiae
830 4450 989 4532 praecipua
1023 4451 1170 4514 consistit
1222 4472 1305 4529 mur,
1320 4452 1425 4533 justus
1443 4469 1569 4532 quoque
1594 4451 1711 4532 septies
1736 4453 1821 4516 cadit
1846 4454 1880 4516 in
1905 4455 1968 4536 die,
1987 4449 2120 4552 {Nm

418 4550 675 4617 honestasUnde
691 4557 723 4611 et
736 4548 814 4610 casti
829 4567 865 4610 ac
879 4548 974 4612 sobrii
988 4549 1170 4631 specialiter
1223 4551 1373 4631 atquem
1402 4549 1511 4613 multis
1536 4549 1733 4612 offendimus
1760 4570 1883 4632 omnes,
1901 4572 1970 4616 -nec
1989 4574 2026 4614 re.
2066 4543 2072 4549 ’
2122 4541 2128 4553 ’

419 4648 622 4732 appellantur
640 4647 780 4710 honesti.
1223 4648 1292 4711 sine
1313 4649 1464 4712 continuo
1483 4649 1600 4712 auxilio
1624 4649 1734 4731 gratia
1751 4649 1807 4712 Dei
1826 4652 1971 4715 valemus
1986 4633 2129 4677 ‘mm‘

459 4749 621 4824 Praeterea,
651 4745 842 4808 verecundia
871 4746 997 4828 proprie
1029 4753 1166 4827 sumpta,
1223 4753 1353 4826 peccata
1376 4745 1540 4826 effugere;
1556 4755 1681 4828 oportet
1698 4767 1757 4812 nos
1775 4747 1896 4830 jugiter
1918 4769 1971 4813 co

420 4846 520 4908 fertur
553 4842 721 4906 laudabilis
756 4843 873 4925 passio,
903 4853 936 4906 et
963 4862 1027 4906 non
1056 4843 1166 4919 virtus
1224 4862 1291 4904 ram
1316 4844 1379 4906 Deo
1403 4844 1442 4904 de
1466 4844 1562 4906 tantis
1590 4844 1886 4910 defectuositatihus
1914 4866 1971 4911 no-

421 4944 476 5007 sed
490 4941 655 5024 dispositio
669 4942 709 5004 ad
725 4941 869 5018 virtutes,
887 4942 1170 5020 retrahensapec-
1224 4941 1297 5003 stris
1325 4948 1357 5003 et
1384 4941 1487 5021 culpis
1522 4944 1741 5019 verecundari,
1772 4963 1810 5007 ac
1837 4946 1969 5028 speciali

420 5043 508 5106 catis.
526 5041 654 5122 Estque,
669 5041 758 5122 juxta
778 5038 1015 5120 Philosophum,
1040 5037 1171 5099 laudan·
1224 5040 1344 5121 pudore
1379 5039 1576 5100 incessanter
1605 5040 1723 5119 ornari,
1754 5062 1795 5105 ne
1825 5043 1859 5104 in
1894 5063 1971 5107 con-

420 5143 461 5205 da
481 5141 513 5203 in
536 5139 710 5222 juvenibus
729 5138 833 5219 potius
853 5155 950 5218 qnam
969 5135 1002 5196 in
1024 5134 1166 5197 senibus.
1223 5144 1334 5217 spectu
1355 5135 1461 5198 vultus
1482 5136 1583 5199 divini
1606 5136 1773 5202 inhoneste
1793 5159 1853 5204 nos
1873 5142 1970 5206 habe-

418 5240 472 5304 Est
492 5239 612 5322 quippe
638 5233 830 5299 verecundia
854 5234 949 5297 timor
974 5232 1168 5314 ingloriatio-
1223 5253 1325 5297 amus.
