4309 6250
421 479 482 547 292
757 494 877 546 conam
896 494 1066 543 rmnmrarr
1086 492 1259 557 ιιιιιοιιιιιι,
1282 493 1370 542 arara
1392 494 1426 540 ιι.
1447 513 1489 526 -
1508 494 1579 543 aar.
1601 493 1634 542 ιι

336 724 339 727 .
422 667 519 732 etiarn
532 666 567 730 in
585 666 734 749 prasenti
753 664 975 748 multipliciter
992 664 1169 728 declaravit
1183 663 1209 726 ll
1224 662 1332 728 aterni
1352 683 1370 726 a
1388 663 1452 728 Deo
1471 663 1572 743 Patre,
1587 663 1691 746 primo
1707 670 1857 743 tractatu,
1872 680 1973 744 quun-
1984 686 2054 728 mn

422 765 500 847 quie
514 764 548 826 in
569 764 630 827 ista
645 763 860 828 controversia
878 763 921 826 sit
938 763 1141 826 sentiendum
1159 785 1165 824 :
1223 769 1292 824 turn
1314 761 1385 825 fieri
1407 762 1520 845 potuit,
1537 770 1586 825 est
1606 769 1781 826 ostensum.

422 863 571 947 quoniam
587 861 655 926 hec
673 870 737 926 tarn
756 863 906 926 diuturna
926 880 964 925 ac
983 860 1094 924 finalis
1116 859 1169 923 Ju-
1263 861 1415 923 Prmterea
1429 859 1569 942 capitulo
1584 858 1644 924 isto
1659 860 1810 923 asseritur
1823 883 1830 922 :
1843 861 1973 939 Siquis

422 963 561 1026 deorum
586 960 720 1041 relictio,
741 960 983 1043 christianaeque
1008 958 1089 1042 legis
1112 977 1170 1040 per
1225 968 1336 1019 nostra
1360 957 1523 1038 (videlicet
1549 957 1711 1038 Aleorani)
1739 959 1894 1020 doctrina
1924 960 1973 1017 irr-

422 1060 531 1125 divina
544 1060 698 1122 miracula
713 1058 941 1142 comprobatio,
958 1057 1073 1121 Christi
1092 1075 1170 1138 quo-
1223 1064 1380 1128 structus,
1394 1059 1545 1118 imitator
1559 1059 1639 1134 lepis
1651 1059 1759 1134 suerit
1775 1059 1897 1134 faetus,
1911 1057 1977 1118 Dei

420 1177 483 1242 que
502 1159 635 1222 assertio
653 1166 747 1240 atque
761 1157 983 1239 Apostolorum
998 1155 1166 1234 sententia,
1224 1157 1429 1216 dilectionem
1452 1165 1482 1215 et
1510 1159 1633 1216 danum
1657 1158 1794 1216 amittet.
1816 1155 1863 1218 Ad
1886 1153 1973 1216 istud

421 1256 697 1321 sufficientissime
710 1256 847 1338 probant
866 1256 989 1320 iudaeos
1004 1273 1121 1333 errare,
1138 1261 1169 1316 et
1225 1259 1310 1333 patet
1324 1271 1363 1314 ex
1376 1253 1581 1334 praeinductis
1600 1252 1767 1335 responsio
1784 1275 1792 1315 ι
1808 1253 1883 1334 quia
1906 1269 1974 1314 cer·

420 1353 617 1418 Christianos
631 1372 740 1416 verum
756 1371 909 1415 asserere.
921 1349 1062 1414 Christus
1076 1349 1169 1432 quip-
1224 1349 1347 1412 tissime
1381 1369 1492 1414 omnes
1521 1351 1685 1414 Sarraceni
1718 1359 1793 1413 sunt
1823 1350 1855 1412 in
1887 1357 1975 1412 statu

274 1470 407 1522 amau,
421 1470 461 1535 pe
475 1452 509 1515 in
523 1450 697 1533 Evangelio
710 1451 790 1514 dixit
803 1450 937 1513 iudeis:
950 1450 1013 1511 Vos
1027 1468 1066 1512 ex
1081 1455 1169 1530 patre
1225 1447 1436 1511 damnationis
1455 1457 1591 1529 aeterna,
1603 1456 1754 1531 tanquam
1769 1447 1928 1512 increduli
1944 1457 1976 1511 et

274 1538 310 1586 “³
324 1537 358 1578 ²¹·
421 1550 548 1614 diabolo
566 1549 654 1628 estis,
671 1558 704 1612 et
722 1549 755 1610 in
775 1556 907 1630 peccato
926 1557 1031 1611 vestro
1054 1545 1169 1610 morie
1224 1555 1312 1610 extra
1327 1545 1501 1609 Ecclesiam
1517 1546 1712 1629 Christi,nec
1727 1547 1845 1610 habent
1859 1548 1977 1610 carita-

270 1667 360 1720 ruea,
373 1671 407 1713 u.
421 1648 499 1711 ruini
512 1672 521 1728 3
534 1649 692 1730 itemque:
705 1647 771 1728 Ego
785 1646 858 1709 reni
875 1646 907 1708 in
923 1646 1054 1708 nomine
1067 1645 1168 1708 Patris
1226 1653 1288 1707 tenr
1312 1644 1366 1708 Dei
1390 1645 1529 1708 infusam
1554 1665 1591 1708 ac
1617 1644 1905 1729 supernaturalem,
1935 1645 1977 1708 si-

419 1747 496 1827 mei,
512 1755 545 1811 et
557 1766 623 1811 non
637 1745 823 1828 suscepistis
838 1763 899 1808 me.
913 1744 1028 1807 Paulus
1042 1761 1169 1825 quoque
1225 1763 1265 1806 ne
1280 1763 1342 1826 qua
1357 1762 1452 1807 neruo
1465 1752 1515 1806 est
1529 1745 1592 1808 Deo
1607 1752 1757 1828 acceptus
1776 1762 1836 1808 nec
1857 1755 1976 1827 potens

281 1846 582 1930 imm..,apostolus
603 1851 797 1928 protestatur
819 1844 905 1925 quod
929 1843 977 1906 ira
1000 1842 1055 1905 Dei
1081 1843 1170 1905 venit
1185 1843 1207 1904 Β
1225 1842 1350 1907 salvari.
1378 1843 1484 1924 Porro,
1508 1844 1535 1906 si
1558 1843 1628 1926 lege
1652 1843 1765 1907 lishon
1789 1844 1911 1907 carnali
1940 1863 1975 1906 ae

275 1937 310 1979 ¹⁸·
420 1963 517 2028 super
539 1943 612 2009 illos
640 1961 741 2025 usque
769 1942 803 2005 in
831 1942 942 2006 finem.
969 1941 1035 2004 Hoc
1063 1942 1169 2024 ipsum
1224 1942 1287 2004 lata
1308 1950 1489 2024 contempta
1510 1943 1548 2004 ad
1570 1941 1728 2005 Christum
1754 1941 1974 2025 confugerint,

278 2070 405 2123 omme,
420 2043 531 2107 Daniel
545 2041 699 2127 propheta
712 2041 758 2104 ait
770 2064 777 2102 :
790 2039 857 2104 Non
872 2039 932 2102 erit
946 2039 1017 2121 ejus
1032 2040 1169 2120 (scilicet
1224 2049 1255 2104 et
1278 2060 1403 2103 sacrum
1426 2041 1587 2124 baptisma
1612 2041 1821 2123 susceperint,
1836 2041 1880 2104 ab
1905 2043 1977 2104 uni·

273 2136 309 2178 ²²·
419 2141 550 2221 Christi)
569 2139 718 2224 populus,
733 2140 790 2223 qui
811 2157 885 2202 eum
907 2146 1080 2221 negaturus
1098 2147 1167 2217 est3
1223 2138 1324 2202 versis
1348 2139 1568 2221 purgabuntur
1592 2139 1743 2220 peccatis,
1768 2139 1873 2220 gratia
1897 2158 1978 2221 quo-

419 2251 452 2305 et
469 2240 547 2303 finis
569 2239 640 2321 ejus
659 2239 801 2317 vastitas,
822 2246 855 2301 et
879 2238 1040 2320 usquead
1065 2237 1166 2301 finem
1224 2255 1296 2318 que,
1313 2236 1447 2299 virtutes
1472 2245 1503 2299 et
1526 2238 1609 2300 dona
1634 2237 1769 2320 Spiritus
1794 2237 1904 2300 Sancti
1927 2257 1977 2301 eo

418 2337 635 2423 perseverabit
657 2335 823 2400 desolatio.
844 2336 1017 2414 Postremo,
1041 2344 1073 2398 et
1098 2335 1168 2418 ipse
1223 2353 1294 2396 rum
1309 2333 1457 2398 cordibus
1471 2332 1690 2397 infundantur.

418 2437 530 2501 liaben
558 2434 672 2499 asserit
698 2434 823 2498 tudam
850 2433 988 2512 relictos,
1015 2433 1168 2515 quoniam
1262 2433 1396 2514 Insuper
1418 2431 1478 2496 isto
1502 2431 1604 2494 fertur
1626 2431 1766 2514 capitulo
1792 2457 1800 2495 :
1827 2437 1977 2516 Quisque

419 2535 580 2619 Propheta
607 2531 810 2595 sanctissimo
837 2531 883 2594 eis
907 2531 1017 2612 misso,
1044 2531 1168 2595 scilicet
1224 2536 1323 2610 legem
1338 2533 1481 2594 Abrabae
1501 2534 1684 2609 ascisceris
1702 2534 1975 2612 deretiqwrr'rve,

417 2633 553 2710 Christo,
569 2631 672 2695 Mamm
690 2629 771 2709 filio,
787 2649 852 2693 non
872 2629 1087 2693 crediderunt.
1101 2630 1168 2693 lmo
1224 2633 1341 2691 brutus
1355 2632 1429 2690 erit.
1446 2629 1556 2702 Quaero
1570 2628 1647 2711 quid
1666 2629 1720 2692 bic
1735 2648 1793 2712 per
1807 2653 1825 2690 a
1839 2631 1976 2694 Abrabae

418 2732 452 2796 in
472 2732 534 2796 isto
555 2729 693 2813 capitulo
715 2728 806 2810 quasi
827 2747 865 2791 ex
886 2727 941 2791 Dei
963 2746 1100 2810 persona
1121 2727 1169 2791 di·
1224 2729 1327 2810 legem
1344 2751 1360 2788 a
1376 2727 1544 2809 intelligat.
1563 2727 1594 2789 Si
1618 2727 1876 2793 circumcisionis
1896 2749 1976 2812 pra-

418 2829 500 2894 eitur
522 2829 699 2893 tfabometo
725 2850 732 2889 ε
759 2828 834 2890 Tibi
856 2828 939 2887 mali
960 2847 1167 2907 nequaquam
1224 2834 1364 2907 ceptum,
1379 2824 1445 2907 jam
1470 2824 1572 2906 primo
1596 2824 1706 2888 libello
1729 2827 1901 2908 probatum
1928 2837 1976 2890 est
1988 2865 2076 2903 m„

417 2931 578 2999 obedient,
593 2909 696 3007 quiam
714 2927 888 3002 Propheta
906 2926 1110 2987 veracissimi
1128 2928 1169 2984 le·
1223 2923 1307 3005 quod
1332 2922 1411 2984 illud
1435 2921 1469 2983 in
1493 2920 1658 3004 Evangelii
1684 2923 1913 3005 praedicatione
1938 2923 1977 2988 fi·

415 3048 490 3107 pem
508 3027 748 3105 firmissimam,
763 3045 824 3085 sua
839 3032 911 3101 post
931 3033 1058 3100 tergum
1079 3045 1170 3085 maa·
1188 3026 1298 3088 (inem
1312 3021 1488 3102 accepit,el
1502 3019 1531 3083 ei
1545 3019 1809 3103 Baptismus,Deo
1823 3021 1973 3105 jubente,

418 3131 498 3188 data
507 3126 734 3204 projicientes,
750 3123 968 3201 meyleaeriat.
1224 3120 1389 3185 successit.
1412 3118 1554 3202 lienique
1579 3118 1629 3185 lex
1654 3121 1783 3204 proprie
1806 3142 1873 3186 non
1899 3143 1978 3189 con-

458 3224 569 3288 Adbuc
599 3223 712 3286 eodem
744 3221 880 3285 babetur
908 3220 1048 3303 capitulo
1075 3246 1083 3283 :
1106 3226 1169 3285 Aa·
1223 3217 1326 3282 fertur
1339 3225 1433 3281 certas
1447 3235 1601 3301 personae,
1618 3220 1673 3283 sed
1693 3220 1919 3284 communitati
1940 3242 1976 3285 ac

419 3331 534 3385 serum
564 3323 714 3402 quidam,
734 3320 963 3381 universitatis
985 3321 1167 3381 Creatorem
1225 3316 1343 3401 populo
1357 3316 1505 3379 adunato.
1522 3316 1656 3397 interea,
1669 3316 1719 3380 lex
1733 3317 1847 3399 bloysis
1863 3320 1977 3403 appel-

419 3424 530 3500 filium
547 3421 721 3497 sumpsisse
729 3440 743 3489 ,·
762 3420 881 3498 quibus
902 3419 1025 3478 ueritas
1049 3438 1169 3497 aequa·
1225 3416 1307 3479 latur
1335 3415 1437 3499 prime
1465 3415 1515 3478 lex
1544 3414 1724 3497 specialiter
1751 3416 1826 3479 data
1852 3436 1873 3479 a
1898 3418 1975 3483 Deo.

420 3539 520 3600 quam
540 3526 703 3579 mammet.
722 3516 808 3579 Istud
831 3515 865 3577 in
889 3514 1035 3598 pluribus
1056 3515 1102 3577 ait
1123 3515 1169 3579 lo
1224 3514 1385 3589 Quomodo
1410 3530 1485 3595 ergo
1508 3512 1641 3576 Abrabae
1669 3513 1743 3578 data
1773 3523 1822 3577 est
1852 3514 1907 3579 lex
1938 3517 1976 3579 ad

420 3616 478 3681 cis.
494 3615 533 3680 Et
553 3616 579 3679 si
601 3634 659 3697 per
680 3614 748 3677 bec
767 3613 904 3677 intendit
929 3632 1046 3695 negare
1068 3614 1168 3676 Deurn
1223 3632 1319 3695 quam
1343 3630 1454 3675 omnes
1474 3614 1645 3675 tenenturi
1660 3612 1792 3693 Rursus,
1807 3622 1977 3678 ostensum

420 3716 538 3779 babere
552 3712 750 3795 unigenitum
765 3712 879 3776 filium
894 3711 955 3774 sibi
969 3712 1123 3793 aqualem
1138 3719 1169 3776 et
1225 3718 1273 3773 est
1296 3730 1354 3793 per
1377 3710 1541 3791 utriusque
1564 3710 1756 3773 Testamenti
1783 3712 1976 3795 scripturas,
1998 3744 2094 3791 mer

421 3822 625 3892 coaeternum,
638 3810 882 3875 sceleratissime
900 3818 1001 3873 errat:
1016 3817 1169 3873 ettamen
1224 3810 1308 3891 quod
1324 3809 1408 3872 sicut
1421 3808 1562 3871 Christus
1577 3816 1625 3871 est
1639 3810 1784 3873 omnium
1803 3810 1977 3875 hominurn
1992 3823 2030 3851 m·

421 3914 465 3991 id,
492 3912 615 3976 scilicet
639 3910 737 3973 Deum
762 3908 880 3972 babere
905 3908 1033 3989 Filium,
1059 3909 1170 3991 utique
1225 3907 1398 3971 electorum
1421 3905 1559 3970 salvator
1579 3915 1612 3969 et
1632 3915 1739 3991 caput,
1766 3906 1810 3971 ita
1837 3910 1878 3972 ad
1905 3910 1978 3993 ejus

421 4018 527 4092 negat.
553 4010 585 4073 Si
610 4017 717 4073 autern
741 4007 811 4071 vult
838 4006 945 4070 dicere
973 4007 1058 4089 quod
1084 4006 1172 4070 Chri·
1225 4006 1329 4089 legem
1343 4006 1506 4068 dumtaxat
1524 4024 1636 4069 omnes
1655 4013 1814 4069 tenentur.
1830 4008 1872 4070 At
1887 4028 1978 4090 vem,

422 4107 517 4171 stiani
545 4114 690 4170 asserant
717 4106 816 4168 Deum
845 4104 1021 4186 sumpsisse
1050 4103 1168 4185 filium,
1227 4104 1252 4166 si
1274 4104 1394 4167 idcirco
1418 4102 1544 4166 dicatur
1563 4102 1721 4167 Abrabam
1741 4104 1913 4187 accepisse
1936 4107 1979 4171 le·

423 4206 514 4289 quasi
528 4205 568 4269 de
584 4222 668 4267 novo
682 4212 738 4267 aut
756 4202 885 4265 aliunde
905 4202 1066 4284 acceperit
1084 4222 1169 4283 eum,
1187 4210 1298 4284 ligem
1319 4221 1338 4265 a
1361 4203 1436 4280 Deo,
1452 4202 1528 4283 quia
1550 4201 1702 4284 specialia
1717 4203 1864 4285 quasdam
1888 4225 1981 4270 man-

423 4305 475 4368 vel
499 4303 590 4387 quasi
615 4320 655 4365 ex
679 4319 777 4366 uxore
797 4300 944 4382 genuerit
964 4300 1065 4378 illum,
1083 4321 1172 4363 men·
1225 4303 1298 4364 data
1322 4300 1446 4383 aceepit
1469 4298 1509 4361 ab
1533 4318 1583 4380 eo,
1609 4300 1679 4382 pari
1704 4302 1825 4365 ratione
1849 4304 1980 4369 dicetur

423 4404 550 4467 dacium
574 4401 667 4464 nobis
691 4398 836 4481 imponit.
853 4399 959 4478 Porro,
979 4399 1064 4481 quod
1089 4400 1172 4463 Deus
1225 4408 1257 4463 et
1272 4400 1335 4463 Noe
1351 4399 1453 4480 legem
1468 4418 1486 4459 a
1500 4398 1564 4461 Deo
1584 4399 1769 4481 sumpsisse,
1784 4401 1863 4483 quia
1878 4403 1979 4483 (sicut

304 4537 410 4586 m,
424 4502 539 4565 babeat
563 4497 689 4579 Filium,
705 4498 809 4579 primo
828 4496 911 4560 libro
931 4516 988 4578 per
1005 4498 1171 4581 utriusque
1226 4498 1257 4561 in
1286 4497 1400 4561 Genesi
1430 4496 1593 4575 scribitur)
1617 4498 1761 4577 quadam
1791 4500 1979 4581 specialiter
1993 4537 2100 4581 m„

425 4596 616 4663 Testamenti
645 4596 818 4677 scripturas
847 4595 1015 4677 probatum
1044 4604 1112 4675 est,
1139 4606 1171 4659 et
1224 4597 1254 4661 ei
1280 4617 1298 4659 a
1322 4596 1385 4658 Deo
1409 4602 1567 4677 praecepta
1591 4603 1674 4657 sunt.
1698 4594 1852 4660 Similiter
1874 4598 1977 4680 isaac,
1992 4600 2099 4679 ²¹³¹¹¹·¹·,²{

423 4699 494 4782 ipse
518 4693 865 4776 supergloriosissimus
889 4694 972 4756 Deus
996 4713 1054 4776 per
1079 4694 1172 4757 innu-
1224 4695 1331 4776 Jacob,
1349 4695 1454 4774 Josue,
1476 4692 1614 4773 Samuel,
1639 4694 1748 4772 David,
1766 4702 1798 4757 et
1821 4696 1879 4759 alii
1907 4698 1978 4781 plu·
1992 4663 2099 4775 ffi'ii'f*

423 4794 589 4859 morabilia
610 4791 671 4853 sibi
692 4791 751 4855 soli
772 4791 936 4874 possibilia
957 4792 1049 4873 signa
1068 4792 1102 4856 id
1117 4812 1172 4875 ap-
1225 4814 1275 4858 res
1306 4793 1423 4872 Sancti,
1450 4791 1599 4855 dicentur
1626 4792 1789 4874 accepisse
1817 4793 1979 4859 divinitus

406 4891 580 4977 ¹probarit,
595 4890 629 4953 in
643 4896 767 4951 tantum
782 4897 816 4952 ut
829 4892 922 4969 (teste
937 4891 1056 4954 Joanne
1075 4911 1171 4955 evan·
1225 4892 1339 4974 legem.
1369 4891 1542 4968 Postremo,
1577 4908 1636 4953 nec
1669 4890 1835 4955 Sarraceni
1870 4892 1978 4977 legem

284 5013 409 5067 ram,
422 4993 549 5077 gelista)
563 4990 618 5071 qui
633 4996 728 5071 negat
741 4989 814 5066 boe,
830 4989 929 5051 Deum
948 4988 1027 5051 facit
1041 4991 1170 5053 menda·
1224 4989 1478 5055 circumcisionis
1497 4989 1668 5073 observant
1688 4990 1867 5053 secundum
1889 4995 1978 5075 quod

277 5080 312 5121 ¹⁰·
423 5112 506 5171 cem,
535 5088 612 5172 quia
644 5105 710 5150 non
743 5086 844 5149 credit
875 5087 1056 5151 testimonio
1085 5090 1169 5170 quod
1224 5090 1362 5170 desuper
1379 5088 1453 5150 data
1473 5095 1522 5151 est
1541 5086 1674 5157 Abrahae
1691 5110 1699 5151 :
1715 5089 1870 5169 quoniam
1893 5091 1979 5155 Deus

422 5188 613 5254 testificatus
627 5191 677 5247 est
690 5184 772 5247 Deus
785 5184 826 5246 de
844 5183 924 5247 Filio
945 5203 1013 5248 suo.
1031 5185 1170 5260 Qualiter
1224 5187 1305 5251 dixit
1315 5187 1354 5249 ad
1365 5184 1565 5266 eum,1nlans
1580 5194 1652 5249 octo
1667 5184 1791 5249 dierum
1807 5187 1979 5253 circumci-
1999 5224 2050 5271 Μ,
2062 5231 2099 5264 ω,

422 5296 529 5352 autern
563 5281 771 5363 intelligenda
804 5280 847 5343 sit
879 5282 1044 5363 generatio
1073 5284 1167 5347 Verbi
1224 5288 1338 5361 detur;
1354 5283 1415 5367 ipsi
1430 5292 1537 5347 autern
1553 5282 1586 5346 in
1600 5282 1822 5349 tertiodecimo
1836 5286 1980 5352 circum·
1993 5292 2022 5333 ¹²·
