4309 6250
241 511 281 558 nn
301 511 509 559 numerumn
530 511 626 558 suuur
646 507 812 558 romuleis
834 510 870 556 nr
891 509 1060 557 erunnnms
1082 507 1222 568 concurr,
1244 509 1333 556 arura
1354 511 1397 556 ιιι.
1421 527 1461 539 -
1481 511 1552 557 nur.
1575 510 1616 554 xv
1649 491 1711 555 639

156 680 263 744 adhuc
292 689 341 745 est
371 689 437 746 tota
469 690 501 746 et
533 681 721 744 universalis
753 679 905 757 Ecclesia,
921 680 948 742 Α
964 681 1030 743 vult
1044 681 1162 760 dicere,
1176 700 1234 744 nec
1248 680 1281 742 iu
1297 681 1358 744 isto
1372 680 1507 744 vertitur
1519 679 1709 744 difficultas.

156 779 306 860 quamvis
321 800 385 845 non
401 779 570 845 omnifarie
586 782 689 862 quoad
705 799 794 842 suam
809 779 909 842 subsi·
964 779 1036 842 ldeo
1052 779 1192 841 eundum
1212 787 1260 842 est
1280 780 1319 842 ad
1337 799 1413 858 rem,
1430 799 1471 842 an
1491 779 1614 842 seilicet
1629 779 1712 860 Papa

156 877 308 940 stentiam
325 887 356 942 et
370 887 524 960 quantum
546 879 584 940 ad
607 897 718 941 omnes
738 877 787 940 sui
804 885 908 958 partes
964 877 1071 959 presit
1086 878 1141 940 toti
1155 877 1203 939 illi
1219 877 1344 942 residuo
1359 877 1455 940 simul
1470 886 1602 960 accepto
1616 901 1623 940 :
1637 897 1711 940 narn

156 975 320 1038 officiales
343 976 494 1058 perfecta.
516 977 589 1040 ldeo
615 995 679 1040 non
704 985 753 1039 est
777 995 909 1057 quomo·
965 985 996 1039 et
1021 977 1205 1040 nominihus
1233 978 1273 1039 ad
1300 976 1453 1060 placitum
1478 978 1608 1042 utimur.
1636 978 1713 1041 Eine

156 1073 279 1137 dolihet
303 1095 425 1152 verum,
449 1076 533 1156 quod
559 1083 622 1138 tota
646 1075 788 1138 Ecclesia
812 1075 907 1138 simul
966 1082 997 1138 et
1011 1077 1162 1153 concedo,
1179 1076 1263 1156 quod
1278 1075 1417 1139 Ecclesia
1438 1075 1485 1139 sic
1500 1084 1626 1159 sumpta
1640 1095 1714 1139 curn

157 1181 287 1254 sumpta
306 1173 486 1237 necessario
511 1173 653 1237 includat
670 1173 785 1256 Papam
809 1173 910 1236 inelu·
965 1174 1055 1256 Papae
1069 1174 1185 1237 actuali
1201 1182 1233 1235 et
1249 1173 1374 1237 formali
1396 1173 1587 1251 inclusione,
1604 1174 1717 1237 imme-

157 1271 251 1333 sione
266 1271 382 1334 actuali
401 1281 494 1354 atque
514 1271 651 1351 formali,
668 1291 766 1352 quum
787 1271 910 1334 includi
965 1271 1049 1334 diate
1071 1270 1216 1353 suhjacet
1237 1291 1321 1335 curae
1334 1271 1462 1349 Christi,
1479 1273 1517 1334 ad
1539 1273 1625 1335 hunc
1645 1292 1716 1336 sen-

157 1369 222 1432 hoc
237 1370 332 1433 modo
347 1379 572 1452 praesupponat
586 1369 806 1447 esse,sicutet
820 1378 909 1432 actus
966 1389 1048 1449 sum,
1075 1370 1159 1451 quod
1183 1369 1325 1433 Pontifex
1350 1370 1457 1453 praesit
1480 1371 1537 1433 toti
1566 1370 1715 1434 Ecclesiae

157 1467 321 1530 secundus
337 1475 443 1530 actum
459 1469 596 1551 primum
615 1467 782 1549 :quamvis
796 1467 911 1550 aptitu-
966 1467 1071 1531 taliter
1092 1476 1240 1550 sumptae.

157 1565 321 1644 dinaliter,
339 1566 522 1630 radicaliter
537 1587 592 1629 seu
610 1565 837 1649 potentialiter,
854 1585 910 1629 seu
963 1585 969 1597 ·
1006 1568 1168 1647 Praeterea,
1185 1568 1269 1648 quod
1289 1566 1430 1630 Ecclesia
1450 1567 1640 1631 universalis
1659 1587 1715 1631 seu

157 1669 209 1744 (ut
224 1664 333 1727 Petrus
347 1665 386 1728 de
408 1665 530 1728 rilliaco
551 1673 582 1727 et
601 1664 814 1727 Cancellarius
834 1664 912 1726 scri·
966 1674 1031 1729 tota
1058 1684 1143 1747 sepe
1167 1674 1310 1728 sumatur
1334 1685 1407 1728 cum
1437 1667 1567 1748 praefata
1592 1675 1716 1730 contra·

157 1763 256 1842 hunt)
270 1762 410 1826 finaliter
432 1771 580 1845 papatum
603 1771 657 1825 aut
676 1763 790 1843 Papam
810 1763 912 1826 inolu·
966 1763 1084 1842 ctione,
1110 1764 1207 1826 etiam
1234 1783 1272 1826 ex
1299 1764 1467 1844 cujusdam
1496 1765 1715 1828 Universitatis

158 1862 227 1924 dat.
244 1861 281 1923 Et
295 1862 367 1924 dato
382 1863 467 1943 quod
484 1871 547 1925 tota
560 1861 703 1925 Ecclesia
718 1861 811 1924 simul
827 1881 912 1924 sum·
926 1860 950 1922 B
966 1862 1085 1943 scripto
1107 1861 1218 1942 liquet,
1239 1881 1301 1944 quo
1321 1862 1438 1926 dicitur
1455 1888 1462 1925 :
1479 1864 1622 1927 Ecclesia
1645 1865 1717 1927 uni-

157 1969 216 2042 pta
228 1961 342 2042 Papam
357 1961 419 2023 hoc
433 1961 527 2023 modo
543 1960 910 2039 includeret‚dicendum
966 1960 1099 2023 versalis
1114 1960 1210 2024 habet
1223 1960 1383 2023 Christum
1401 1980 1458 2044 pro
1474 1962 1579 2043 capite
1593 1982 1669 2026 vero
1684 1971 1716 2025 et

158 2068 259 2137 esset,
286 2079 396 2122 verum
425 2059 486 2122 hoe
516 2078 586 2123 esse
614 2061 654 2122 de
683 2067 746 2122 tota
771 2059 912 2123 Ecclesia
966 2057 1162 2136 immediato,
1179 2078 1339 2121 summum
1359 2079 1434 2123 vero
1453 2060 1642 2124 Pontificem
1659 2080 1717 2142 pro

158 2159 360 2221 incontrecte
384 2166 524 2240 accepta,
552 2165 584 2220 et
608 2158 782 2221 secundum
808 2156 912 2240 perfe-
966 2159 1069 2239 eapite
1086 2156 1205 2220 vicario
1227 2165 1258 2220 et
1279 2158 1490 2222 ministeriali.
1507 2159 1610 2234 Quum
1629 2161 1716 2223 enim

158 2267 247 2320 ctam
272 2257 508 2320 subsistentiam
534 2277 623 2319 suam
649 2265 743 2338 atque
764 2257 911 2320 decorem
965 2256 1109 2320 Ecclesia
1131 2255 1323 2319 universalis
1346 2257 1462 2320 dicitur
1486 2258 1643 2321 Christum
1663 2260 1717 2323 ha-

158 2357 193 2417 in
226 2354 391 2418 ordinibus
420 2355 613 2418 officialium
641 2355 777 2437 partium
811 2355 913 2418 eccle·
968 2356 1041 2417 here
1062 2374 1120 2436 pro
1143 2355 1259 2437 capite,
1275 2356 1410 2418 sumitur
1430 2364 1485 2419 aut
1505 2365 1591 2420 certe
1613 2357 1716 2440 accipi

158 2454 424 2535 siasticarumque
440 2461 641 2534 potestatum.
659 2453 697 2516 Et
716 2453 762 2515 sic
778 2462 911 2535 sumpte
967 2461 1070 2536 potest
1085 2473 1158 2516 cum
1175 2454 1264 2536 Papae
1285 2455 1401 2517 actuali
1422 2463 1455 2518 et
1467 2454 1593 2519 formali
1616 2455 1718 2518 inclu-

158 2552 219 2615 toti
239 2551 389 2614 Ecclesiae
414 2552 555 2615 concedo
576 2553 690 2635 Papam
715 2571 779 2615 non
806 2552 912 2634 praesi-
967 2551 1066 2615 sione.
1083 2551 1184 2626 Ouum
1203 2572 1278 2616 vero
1298 2554 1409 2616 eadem
1428 2553 1570 2617 Ecclesia
1590 2554 1719 2618 univer·

158 2653 251 2732 dere,
267 2650 415 2714 videlicet
430 2651 492 2714 sihi
507 2651 567 2733 ipsi
583 2659 615 2714 et
629 2650 822 2726 aliisQuum
838 2669 911 2714 vero
967 2651 1042 2714 salis
1062 2651 1179 2713 dicitur
1202 2671 1363 2714 summum
1385 2651 1572 2716 Pontificem
1599 2654 1716 2717 habere

159 2752 310 2828 infertur,
328 2769 387 2813 nec
410 2751 466 2814 toti
488 2750 635 2813 Ecclesiae
655 2750 749 2812 simul
765 2759 910 2833 sumptae,
966 2769 1023 2832 pro
1048 2750 1152 2832 capite
1177 2749 1332 2829 vicariali,
1356 2750 1492 2813 sumitur
1516 2771 1590 2813 cum
1615 2752 1718 2815 Ponti-

158 2859 298 2932 negutur
326 2849 465 2930 sequela,
496 2849 645 2932 quoniam
677 2849 913 2913 diversificatur
965 2847 1039 2912 ficis
1053 2848 1151 2930 hujus
1165 2849 1280 2911 actuali
1295 2848 1490 2927 exclusione,
1507 2851 1562 2931 qui
1577 2850 1627 2912 sui
1642 2850 1719 2933 ipsi-

159 2947 308 3030 acceptio
322 2947 419 3012 totius
433 2947 747 3011 Ecclesio:Ecelesia
762 2969 910 3030 namque,
967 2967 1003 3009 us
1018 2956 1049 3010 et
1063 2947 1199 3010 aliorum
1216 2955 1310 3028 eaput
1324 2956 1356 3009 et
1370 2946 1513 3028 pontifex
1527 2966 1591 3010 non
1608 2956 1668 3011 est.

158 3047 229 3110 imo
245 3054 277 3108 et
290 3054 355 3110 tota
369 3045 522 3127 Ecclesia,
538 3066 623 3110 nunc
640 3055 812 3127 contracte,
827 3067 911 3110 nune
926 3045 948 3109 C
1006 3045 1177 3122 Postremo,
1186 3064 1284 3128 quum
1296 3044 1475 3108 Bernardus
1489 3054 1521 3107 et
1535 3045 1588 3107 alii
1603 3046 1717 3109 dicunt

158 3146 361 3209 incontrecte
382 3146 548 3229 accipitur.
967 3144 1125 3207 Christum
1157 3143 1248 3207 Petro
1279 3153 1360 3206 totas
1390 3162 1467 3207 oves
1500 3144 1713 3226 commisisse,

199 3244 423 3326 Denique,hac
437 3245 642 3309 distinctione
657 3252 688 3308 et
699 3244 912 3308 declaratione
967 3262 1031 3306 nou
1056 3242 1117 3305 hoc
1141 3262 1251 3306 verum
1277 3250 1325 3305 est
1348 3244 1503 3305 sumendo
1522 3250 1623 3307 toturn
1645 3264 1719 3325 syu-

159 3342 338 3427 praemissa‚
355 3351 430 3406 tune
446 3342 517 3407 dico
539 3345 622 3425 quod
645 3345 684 3406 de
701 3343 760 3406 isto
775 3344 913 3425 amplius
968 3340 1242 3423 categorematice,
1268 3341 1331 3403 nisi
1359 3340 1556 3423 intelligatur
1583 3361 1641 3424 per
1669 3342 1718 3405 sui

158 3444 326 3525 disputare
341 3442 430 3524 juxta
452 3442 580 3505 modum
602 3441 779 3524 argumenti
803 3442 835 3503 in
859 3442 913 3504 illa
969 3440 1068 3522 ipsius
1088 3439 1170 3502 Petri
1195 3458 1251 3501 seu
1274 3440 1366 3521 Papae
1385 3439 1543 3503 actualem
1563 3439 1719 3504 exclusio-

161 3541 372 3624 responsione
408 3540 560 3622 praetacti,
596 3541 719 3603 videtur
753 3541 843 3622 quasi
879 3540 913 3601 in
968 3556 1053 3615 nem,
1079 3557 1177 3619 quum
1208 3538 1267 3600 etsi
1293 3537 1362 3619 ipse
1384 3537 1493 3599 Petrus
1522 3537 1619 3600 fuerit
1646 3538 1717 3601 ovis

159 3639 335 3722 equivocis
351 3639 607 3720 laborare,atque
621 3638 774 3701 inutiliter
788 3648 914 3720 tempus
968 3635 1095 3714 Christi,
1122 3636 1204 3698 sicut
1228 3645 1260 3698 et
1287 3636 1422 3717 quilibet
1444 3636 1516 3718 ejus
1540 3656 1716 3716 successor,

161 3738 355 3820 expendere,
383 3737 558 3818 presertim
582 3756 681 3817 quum
705 3738 739 3799 in
764 3737 824 3800 isto
848 3756 913 3800 non
970 3753 1034 3797 non
1063 3742 1168 3797 tamen
1197 3735 1339 3798 Christus
1368 3736 1493 3797 Petrum
1527 3735 1718 3819 sibimetipsi

162 3844 310 3899 versetur
324 3835 498 3898 difficultas
518 3842 659 3917 tempore
678 3836 749 3913 isto,
766 3835 915 3898 videlicet
970 3832 1166 3896 commiserit
1187 3840 1336 3915 tanquam
1367 3833 1514 3915 pontifici
1540 3857 1547 3895 ε
1571 3836 1718 3915 quamvis

161 3956 203 3998 an
220 3935 305 4017 Papa
326 3933 434 4017 prosit
454 3933 511 3996 toti
527 3933 676 3996 Ecclesia
697 3933 792 3995 simul
815 3942 846 3996 et
867 3934 914 3996 in·
969 3932 1076 4013 aliquo
1092 3931 1186 3994 modo
1201 3932 1283 3993 Deus
1298 3950 1557 4013 unumquemque
1577 3932 1720 3995 sibimet·

162 4041 329 4097 contracte
357 4040 505 4113 accepto,
532 4031 602 4113 ipso
631 4031 665 4093 in
690 4050 729 4093 ea
751 4032 915 4095 actualiter
970 4030 1030 4112 ipsi
1046 4030 1233 4107 committat,
1252 4038 1287 4092 ut
1308 4031 1484 4092 secundum
1507 4030 1639 4094 rationis
1654 4050 1720 4093 suae

161 4130 405 4211 formaliterque
428 4128 563 4206 incluso,
581 4129 611 4191 id
638 4138 687 4191 est
711 4128 771 4191 sihi
798 4130 858 4211 ipsi
883 4139 915 4193 et
971 4129 1131 4192 dictamen
1151 4148 1185 4191 se
1204 4127 1328 4210 dirigat.
1345 4128 1383 4190 Et
1404 4128 1554 4208 breviter,
1570 4148 1630 4191 nec
1645 4149 1720 4193 con-

161 4232 250 4310 aliis,
267 4230 377 4292 sedan
393 4227 498 4310 praesit
514 4227 568 4291 toti
593 4227 639 4289 illi
663 4228 788 4291 residuo
803 4228 913 4311 populi
928 4226 953 4288 u
970 4227 1107 4309 junctim
1123 4246 1182 4289 nec
1203 4226 1332 4289 divisim
1353 4228 1435 4308 Papa
1457 4236 1570 4308 preest
1592 4229 1647 4291 toti
1662 4228 1720 4291 Ec-

162 4328 329 4395 christiani
346 4328 430 4408 quod
447 4327 524 4388 eitra
538 4345 594 4389 seu
606 4336 719 4407 praeter
733 4326 837 4408 ipsum
853 4335 912 4406 est,
970 4325 1075 4389 elesiae
1094 4344 1151 4387 seu
1169 4324 1321 4387 fidelibus
1340 4326 1501 4406 omnibus,
1518 4326 1579 4388 nisi
1599 4347 1656 4409 per
1670 4326 1719 4389 sui

161 4448 229 4492 non
247 4426 349 4489 solum
371 4423 510 4503 divisim,
528 4424 629 4487 sedet
650 4425 847 4507 conjunctim
863 4446 915 4489 ac·
970 4424 1071 4507 ipsius
1093 4422 1321 4486 exclusionem.

161 4534 270 4607 cepto,
297 4526 340 4587 ita
364 4525 448 4605 quod
472 4522 703 4604 auctoritatem,
728 4532 913 4605 potestatem

161 4635 195 4688 et
223 4622 479 4706 jurisdictionem
508 4622 622 4684 habeat
646 4640 741 4703 super
765 4622 854 4685 illud.
882 4624 914 4686 Si
1170 4642 1414 4707 ARTICULUS
1437 4643 1512 4706 xv,

160 4724 272 4805 itaque
295 4721 487 4785 coucedatur
509 4721 593 4802 quod
617 4721 675 4801 sic,
691 4720 825 4783 habetur
844 4742 915 4804 pro·

162 4824 318 4905 positum.
335 4820 366 4882 Si
382 4828 488 4882 autern
503 4820 627 4882 dicatur
645 4820 730 4900 quod
746 4838 822 4899 non,
839 4830 913 4883 tunc

162 4920 332 5003 praefatum
359 4919 437 4981 illud
461 4927 682 5000 argumentum
705 4918 914 5001 impertinens

162 5028 224 5097 est,
243 5018 326 5100 quod
351 5018 423 5081 ideo
448 5016 529 5099 Papa
554 5036 617 5079 non
644 5018 757 5079 debeat
781 5019 913 5081 concedi

163 5136 302 5201 praeesse
317 5116 373 5180 toti
389 5116 536 5179 Ecclesiae
559 5116 654 5177 simul
677 5125 821 5197 sumptae,
838 5136 914 5197 que
1048 5111 1133 5175 ULTI
1160 5110 1280 5173 idcirco
1309 5130 1394 5174 nune
1422 5120 1569 5174 asserunt
1598 5112 1715 5194 Papam

162 5216 252 5279 niam
272 5214 341 5296 ipse
366 5214 547 5276 continetur
569 5213 601 5274 in
627 5232 674 5293 ea,
691 5214 734 5276 ita
753 5216 837 5296 quod
853 5214 913 5277 sibi
1060 5229 1125 5273 non
1141 5228 1276 5291 praeesse
1290 5210 1348 5272 toti
1368 5218 1400 5272 et
1418 5210 1592 5274 universali
1608 5212 1715 5274 Eccle-

163 5315 229 5401 ipsi
245 5324 277 5378 et
291 5314 361 5378 aliis
383 5332 447 5378 non
469 5322 592 5397 praeest.
609 5312 694 5377 lstud
714 5314 798 5377 enim
818 5331 911 5378 nemo
969 5310 1034 5391 siae,
1050 5308 1201 5392 quoniam
1216 5308 1358 5371 Christus
1372 5310 1646 5393 persemetipsum
1667 5330 1717 5375 re-

970 4776 1090 4835 Coutra
1107 4775 1362 4850 fundamentum
1387 4794 1499 4833 eorum
1518 4775 1578 4852 qui
1599 4774 1716 4833 dicunt

1009 4866 1136 4939 Papam
1158 4883 1223 4922 non
1244 4883 1381 4938 praeesse
1406 4865 1591 4923 universali
1610 4866 1716 4924 Eccl-

1008 4954 1065 5012 sa'oe
1079 4954 1280 5029 conjunctim
1294 4963 1440 5026 acceptae.
