4309 6250
754 503 899 551 aersrom
920 503 1155 551 nuucmaromn
1667 488 1728 553 529

176 678 327 742 animum
352 680 502 761 atpium
527 678 817 760 affectumquem
846 678 1088 759 multiplicibus
1115 676 1284 743 beneficiis
1311 679 1579 763 dulcissimisqua
1607 682 1647 743 ad
1676 698 1729 745 me

175 785 329 867 epistolis
353 803 441 868 saepe
465 785 650 865 declarasti,
670 785 842 866 multoque
869 787 927 847 tuo
956 786 1107 867 consilio,
1128 804 1194 868 qno
1220 788 1340 850 utnon
1364 788 1509 851 rarenter
1533 787 1579 851 ita
1597 804 1729 870 quoque

175 893 356 973 pmdenter
378 893 461 955 mibi
487 893 636 973 meisque
657 891 842 974 profuisti?
859 892 909 955 Ne
936 893 1083 973 iuterim,
1107 896 1196 975 quod
1221 912 1352 977 semper
1377 912 1436 977 pro
1461 898 1519 958 tua
1542 895 1730 957 humililate

174 999 275 1078 vitas,
298 999 423 1062 nimius
437 1001 503 1062 sim
521 998 712 1062 mortalium
734 998 896 1079 laudator,
912 999 975 1062 boc
999 1001 1097 1063 unico
1122 1002 1233 1065 omnia
1247 1001 1415 1064 involvam
1434 1001 1582 1079 verbulo,
1599 1003 1632 1064 te
1646 1000 1728 1063 tanti

174 1105 236 1169 abs
264 1124 317 1169 me
340 1106 498 1170 aestimari
521 1106 718 1187 tantumque
739 1106 856 1186 amari,
876 1108 914 1169 ut
943 1124 1015 1170 reer
1038 1125 1207 1190 nunquam
1234 1109 1315 1172 satis
1345 1110 1376 1172 te
1405 1108 1628 1171 commendari
1653 1124 1729 1189 pos·

174 1230 213 1276 se
237 1232 245 1275 :
270 1209 437 1295 siquidem
461 1230 520 1294 per
543 1211 711 1293 publicam
738 1211 860 1277 famam
885 1230 952 1276 non
978 1214 1170 1294 ignoremus
1199 1217 1232 1279 te
1260 1216 1308 1278 sic
1335 1216 1433 1279 laude
1460 1215 1571 1296 dignis
1596 1215 1730 1296 praecel-

171 1320 255 1399 iere,
281 1322 320 1384 ul
347 1321 443 1384 facile
474 1320 521 1383 sis
549 1322 642 1382 extra
671 1319 780 1383 laudis
809 1320 914 1384 aleam
946 1319 1187 1386 collocandus:
1210 1323 1243 1385 in
1268 1340 1334 1404 quo
1362 1324 1410 1387 sic
1439 1340 1479 1387 ex
1503 1339 1598 1403 aequo
1622 1322 1728 1386 virtus

171 1444 253 1491 cnm
277 1429 414 1492 scientia
433 1429 567 1509 pugnet,
590 1429 627 1490 nt
647 1427 681 1490 in
702 1444 737 1491 re
755 1430 871 1491 neutra
890 1445 1004 1510 parem
1029 1428 1148 1493 babere
1168 1431 1321 1495 videaris
1342 1431 1451 1512 Atque
1473 1430 1549 1493 hinc
1570 1429 1729 1511 estquod

169 1536 207 1599 ta
230 1534 320 1599 docti
338 1537 372 1599 et
395 1536 532 1615 indocti,
551 1534 680 1599 nobiles
698 1537 731 1599 et
748 1534 922 1616 ignobiles,
943 1537 1118 1601 saeculares
1137 1540 1171 1601 et
1189 1540 1389 1620 spirituales,
1408 1556 1475 1602 non
1498 1538 1597 1601 modo
1622 1537 1728 1601 infimi

170 1647 209 1707 et
232 1644 346 1723 medii,
368 1660 483 1707 verum
502 1642 603 1706 etiam
621 1646 806 1731 summates
830 1646 863 1708 et
880 1645 1058 1728 principes,
1079 1664 1146 1711 non
1169 1664 1265 1711 secus
1286 1649 1384 1729 atque
1408 1664 1511 1710 unum
1534 1664 1575 1710 ex
1599 1646 1727 1727 paucis·

168 1753 272 1816 simis
300 1752 419 1831 colant,
445 1753 557 1815 ament
584 1753 618 1815 et
645 1751 843 1834 observent3
872 1753 940 1817 imo
968 1771 1067 1835 quem
1092 1755 1228 1836 perinde
1253 1755 1374 1819 babent
1399 1755 1439 1817 de
1466 1770 1532 1835 quo
1557 1770 1633 1816 vere
1661 1752 1727 1816 dici

167 1860 286 1940 queat,
311 1862 398 1945 σοφὸς
426 1878 434 1922 :
464 1859 523 1941 qui
559 1860 608 1923 sic
644 1859 828 1941 prudentiae
856 1860 1075 1925 eruditionem
1105 1864 1138 1925 at
1165 1864 1257 1927 mirae
1287 1862 1365 1925 vitae
1401 1861 1588 1939 candorem,
1614 1860 1727 1923 divino

165 1983 311 2030 munere
331 1966 399 2048 (cui
419 1967 532 2031 omnia
555 1971 690 2048 accepta
713 1967 834 2031 referre
857 1967 971 2049 debes)
991 1970 1223 2050 undecumque
1248 1969 1422 2051 copulasti,
1442 1970 1481 2032 ut
1504 1968 1550 2031 sis
1574 1968 1609 2029 in
1627 1984 1727 2049 quem

164 2074 296 2153 solum,
323 2075 358 2136 in
387 2075 545 2138 solatium
576 2074 771 2155 multorum,
798 2075 896 2156 longa
924 2074 1128 2141 desideretur
1160 2078 1239 2140 vita.
1267 2077 1362 2159 Vale,
1391 2076 1472 2141 felix
1501 2075 1548 2138 nri
1576 2074 1726 2138 omnium

163 2182 402 2245 amantissime
425 2184 574 2263 cognata,
595 2183 630 2245 et
652 2197 751 2263 perge
776 2198 971 2263 promovere
995 2182 1209 2263 Dionysium,
1223 2183 1391 2264 tuumque
1416 2200 1526 2246 amare
1548 2198 1726 2264 pauperem

163 2293 364 2373 cognatum,
383 2294 422 2354 ut
441 2291 600 2355 hactenus
624 2292 743 2355 solitus
765 2309 812 2355 es.
832 2291 885 2354 Ex
908 2291 1146 2372 Agrippinensi
1170 2294 1283 2355 nostra
1305 2290 1467 2371 Gartusia,
1490 2290 1573 2372 ipsis
1594 2288 1629 2351 S.
1649 2287 1729 2351 Bar-

162 2398 272 2479 barae,
293 2401 415 2463 nostrae
436 2400 566 2463 Domus
583 2399 760 2481 singularis
784 2402 944 2481 patronae,
964 2399 1067 2479 feriiS,
1084 2416 1170 2462 anno
1191 2398 1382 2463 MDXXXI.
