4309 6250
222 518 264 565 DE
284 519 491 568 admonitura
512 519 606 566 Sllssl
627 515 794 566 courtmcts
815 515 853 562 ll'l'
873 515 1043 562 etunius
1065 514 1208 574 conetur,
1230 517 1319 565 treta
1339 519 1361 566 l.
1383 537 1424 548 ·-
1444 519 1515 565 Ant.
1537 519 1634 567 mlx
1659 501 1720 568 585

169 697 240 754 ator
257 691 421 769 omnium3
438 699 469 756 et
487 694 526 755 de
547 691 671 755 Christo
690 689 768 753 dicit
785 692 916 772 Aposto
930 688 956 750 A
971 691 1172 754 concorditer
1197 694 1319 772 dicunt,
1345 695 1430 776 quod
1455 695 1538 757 Deus
1562 693 1595 755 in
1620 693 1719 757 reteri

33 799 155 854 tillim-u,
170 789 221 851 lus
238 812 246 849 :
263 790 354 853 Dedit
367 790 413 853 illi
427 790 564 872 (scilicet
578 791 660 853 Deus
681 788 783 870 Pater)
799 806 916 851 nomen
972 788 1173 855 Testamento
1187 793 1299 856 babuit
1312 793 1403 856 valde
1423 792 1596 875 specialem
1611 811 1720 855 curam

29 865 43 912 ''
55 866 85 906 ¹⁰·
169 888 255 970 quod
271 897 319 952 est
333 908 429 972 super
442 907 536 953 omne
550 908 680 968 nomen,
693 896 727 950 ut
740 887 772 949 in
788 886 916 950 nomine
972 894 1003 948 et
1017 887 1251 968 providentiam
1265 891 1447 954 lsraelitiom
1460 889 1575 973 plebis.
1592 890 1721 972 Propter

169 986 244 1049 lesu
269 1005 363 1050 omne
385 1007 469 1070 genu
489 987 659 1065 flectetur3
675 995 707 1049 et
726 986 765 1050 de
789 984 917 1066 Virgine
972 985 1055 1066 quod
1082 986 1127 1048 ait
1150 987 1412 1072 Psalmograpbus
1440 1013 1447 1051 :
1470 989 1528 1064 Qui
1553 989 1722 1052 annuntiat
1743 1013 1866 1062 ramea

169 1085 310 1166 gloriosa
332 1094 477 1149 cantatur
501 1086 579 1148 illud
603 1084 845 1148 vaerbiorum
870 1083 918 1146 ul·
972 1085 1106 1148 verbum
1133 1105 1226 1149 suum
1251 1088 1359 1167 Jacob,
1378 1087 1519 1169 justitias
1543 1096 1573 1150 et
1597 1087 1721 1169 judicia
1736 1079 1768 1128 ¹⁹¹
1783 1077 1818 1118 ²⁰·

33 1191 155 1244 Ρνοτ-ωι.
170 1183 249 1246 timo
271 1185 341 1247 :Tu
363 1185 429 1248 sola
450 1203 654 1267 supergressa
679 1203 713 1247 es
738 1183 915 1246 universas.
973 1202 1028 1244 sua
1043 1183 1137 1246 lsrael
1151 1207 1159 1263 3
1173 1204 1240 1248 non
1261 1185 1339 1249 fecit
1357 1186 1462 1249 taliter
1479 1187 1566 1250 omni
1586 1187 1718 1250 nationi.

29 1258 55 1298 '¹'
212 1283 366 1365 Amplius,
384 1283 435 1346 isti
452 1303 508 1346 seu
523 1283 653 1364 quidam
667 1302 777 1346 eorum
793 1281 848 1364 qui
863 1301 918 1344 ne·
971 1281 1092 1355 Quibus
1111 1284 1260 1346 omnibus
1280 1303 1345 1348 non
1365 1284 1574 1364 obstantibus,
1591 1294 1722 1348 sanctus

69 1403 75 1409 ·
168 1389 247 1462 gant
267 1380 381 1462 Papam
404 1382 573 1464 presidere
598 1381 654 1444 toti
678 1379 828 1443 Ecclesiae
853 1380 917 1442 col·
972 1379 1092 1460 Moyses
1108 1383 1266 1462 reputavit
1286 1382 1413 1464 plebem
1433 1382 1528 1446 lsrael
1548 1402 1618 1446 esse
1638 1383 1722 1446 sicut

169 1477 286 1541 lectire
302 1489 438 1562 accepta
454 1500 510 1542 seu
524 1479 664 1561 generali
681 1479 917 1558 concilio‚asse
972 1496 1048 1540 oves
1073 1478 1144 1542 sine
1169 1489 1305 1561 pastore,
1326 1481 1388 1543 nisi
1415 1489 1448 1544 et
1471 1482 1635 1544 bominem
1660 1481 1722 1545 sibi

168 1586 242 1638 runt
255 1579 337 1658 quod
353 1578 537 1641 universalis
547 1578 689 1641 Ecclesia
700 1596 756 1640 seu
771 1577 917 1659 generale
973 1575 1194 1656 presidentem
1209 1579 1373 1642 baberent.
1390 1579 1429 1642 Et
1444 1579 1548 1661 palam
1567 1587 1617 1642 est
1637 1582 1722 1662 quod

168 1676 342 1738 concilium
358 1676 533 1739 nonhabet
556 1685 663 1759 caput,
680 1685 847 1754 rectorem,
864 1694 918 1757 pa·
973 1674 1012 1736 de
1028 1682 1092 1737 tota
1106 1675 1200 1758 plebe
1215 1677 1269 1738 illa
1284 1678 1404 1758 lloyscs
1425 1679 1623 1759 loquebatur.
1639 1679 1722 1761 Ergo

169 1782 287 1837 storem
303 1781 356 1837 aut
372 1775 568 1856 superiorem
584 1775 616 1836 in
637 1784 730 1848 terra.
747 1775 835 1849 Quod
854 1773 918 1857 pri·
974 1781 1005 1834 et
1020 1774 1157 1856 populus
1176 1775 1367 1838 christianus
1382 1777 1477 1839 simul
1496 1785 1646 1859 acceptus
1666 1797 1723 1842 seu

168 1892 220 1934 ma
235 1873 317 1936 lacie
332 1874 459 1936 videtur
472 1873 649 1956 periculose
660 1893 918 1956 sonare,praeser-
933 1866 956 1928 B
974 1872 1166 1936 universalis
1188 1873 1342 1955 Ecclesia,
1369 1875 1394 1936 si
1424 1885 1595 1958 pastorem,
1623 1885 1723 1940 recto

168 1971 228 2034 tim
250 1991 349 2053 quum
370 1972 512 2034 Christus
534 1991 723 2035 ascensurus
745 1971 778 2034 in
801 1972 917 2034 coelum
974 1989 1041 2032 rem
1065 1978 1097 2034 et
1119 1981 1216 2053 caput
1237 1991 1302 2035 non
1325 1972 1422 2036 babet
1440 1974 1474 2036 in
1497 1982 1589 2055 terra,
1605 1975 1666 2038 erit
1688 1982 1724 2038 ut

39 2088 77 2126 art.
94 2098 153 2135 11111
169 2071 242 2134 loco
263 2070 312 2132 sui
333 2069 498 2153 reliquerit
517 2070 654 2133 Petrum.
671 2071 823 2152 Superius
841 2089 918 2152 que
974 2087 1050 2131 oves
1075 2069 1195 2151 absque
1220 2079 1356 2153 pastore,
1379 2072 1526 2154 quamvis
1550 2081 1721 2155 pastorem,

29 2159 70 2188 ‘¹¹'
168 2189 232 2253 que
248 2170 332 2232 istud
355 2169 568 2252 improbatum
589 2177 637 2233 est
651 2170 823 2233 evidenter.
841 2170 919 2233 Pre-
975 2175 1130 2230 rectorem
1145 2176 1177 2230 et
1190 2177 1286 2250 caput
1300 2170 1415 2232 babeat
1429 2170 1588 2234 Christum
1612 2171 1646 2233 in
1661 2190 1724 2236 cce

169 2278 268 2345 terea,
281 2267 421 2330 Christus
437 2287 501 2331 non
516 2267 561 2330 sic
578 2268 726 2350 presidet
741 2267 796 2331 toti
811 2267 919 2331 Eccle-
975 2265 1015 2328 lo.
1033 2266 1099 2329 lmo
1114 2266 1256 2330 Christus
1271 2287 1335 2332 non
1356 2269 1459 2332 solum
1479 2271 1576 2333 totius
1596 2270 1724 2334 univer-

168 2367 227 2430 siae
246 2367 323 2448 quin
343 2373 375 2428 et
393 2365 522 2428 llicbael
543 2366 584 2428 sit
603 2367 747 2448 ejusdem
769 2366 918 2449 princeps
975 2364 1236 2445 salis-Ecclesiae,
1258 2368 1313 2430 sed
1337 2375 1370 2430 et
1393 2368 1565 2449 cujuslibet
1591 2370 1724 2451 particu-

31 2487 153 2535 latam.
168 2464 334 2543 Ecclesia,
345 2473 438 2546 prout
452 2465 527 2528 olim
543 2466 693 2548 princeps
708 2464 827 2527 exstitit
842 2465 920 2545 Syn·
975 2463 1049 2526 laris
1077 2464 1228 2528 Ecclesia
1256 2475 1288 2528 et
1315 2467 1570 2549 congregationis
1602 2470 1724 2532 devotae

168 2581 290 2644 agogae,
308 2571 342 2624 ut
356 2563 457 2625 sancti
474 2562 579 2625 Patres
594 2571 625 2625 et
639 2563 796 2641 doctores,
811 2562 919 2624 lliero-
975 2571 1021 2626 est
1052 2563 1241 2646 principalis
1269 2573 1383 2643 rector,
1408 2575 1515 2647 pastor
1538 2575 1569 2629 et
1594 2576 1689 2650 caput
1715 2591 1722 2630 ε

168 2680 298 2742 aymus,
314 2659 494 2742 Gregorius,
510 2661 605 2739 Dede,
622 2659 919 2738 etc.,communiter
976 2661 1079 2724 nihilo
1103 2661 1209 2724 minus
1233 2663 1404 2744 requiritur
1432 2674 1536 2728 rector
1558 2674 1591 2728 et
1618 2675 1726 2748 pastor

167 2759 293 2822 dieunt.
310 2758 371 2821 Cur
384 2777 460 2840 ergo
475 2758 676 2840 presidentia
691 2759 804 2821 Christi
825 2777 921 2840 super
975 2759 1196 2840 secundarius,
1223 2761 1452 2824 determinatus
1476 2772 1508 2825 et
1536 2763 1726 2827 ministeria·

168 2865 270 2921 totam
298 2857 474 2920 Ecclesiam
504 2857 650 2920 excludat
683 2857 917 2939 presidentium
975 2855 1027 2936 tis,
1054 2857 1268 2940 vicarialeque
1293 2867 1398 2942 caput.
1423 2861 1506 2942 Ergo
1535 2869 1567 2924 et
1595 2863 1628 2924 in
1656 2863 1725 2925 uni·

167 2957 261 3038 Papa
276 2975 371 3037 super
385 2957 540 3035 eamdem,
558 2955 733 3038 praesertim
753 2975 851 3037 quum
867 2975 919 3018 ca·
976 2957 1092 3019 versali
1113 2955 1256 3020 Ecclesia
1276 2959 1555 3040 proportionaliter
1574 2969 1623 3024 est
1649 2980 1726 3043 pen·

167 3063 228 3138 put
252 3061 284 3116 et
306 3054 460 3133 membra,
481 3063 588 3137 pastor
610 3061 642 3116 et
666 3073 754 3136 grex,
772 3054 919 3136 prelatus
939 3051 1123 3117 Csandum.

167 3162 201 3215 et
230 3152 345 3215 subditi
376 3172 445 3215 esse
479 3152 601 3215 soleant
628 3153 920 3234 convenienterque
1015 3155 1054 3215 At
1082 3173 1159 3217 vero
1183 3155 1315 3236 quidam
1340 3157 1460 3220 inculte
1485 3158 1532 3221 sic
1556 3168 1722 3241 arguunt:

166 3252 307 3313 debeant
329 3250 473 3331 ejusdem
497 3258 619 3314 nature
642 3251 799 3333 uniusque
821 3260 920 3313 status
976 3252 1052 3314 l'ota
1067 3260 1099 3316 et
1114 3253 1305 3317 universalis
1321 3254 1463 3319 Ecclesia
1484 3265 1533 3319 est
1546 3258 1628 3340 Papa
1650 3245 1724 3321 cum

167 3349 350 3410 exsisteret
490 3350 495 3355 '
976 3359 1081 3413 cetera
1102 3353 1348 3434 congregatione
1367 3352 1479 3433 fideli3
1496 3357 1551 3418 sed
1578 3364 1643 3420 tota
1664 3356 1725 3419 ista

209 3446 354 3527 Insuper,
385 3445 417 3507 in
451 3445 597 3507 Numeris
631 3454 759 3509 sanctus
788 3446 917 3528 Moyses,
975 3449 1118 3512 Ecclesia
1132 3469 1197 3513 non
1212 3451 1308 3514 babet
1322 3461 1417 3536 caput
1431 3473 1487 3516 seu
1500 3464 1655 3518 rectorem
1670 3465 1725 3520 aut

166 3563 269 3626 quum
296 3562 330 3605 se
349 3543 413 3607 cito
433 3544 620 3607 moriturum
643 3544 792 3623 audisset,
809 3545 920 3627 depre-
975 3556 1134 3630 pastorem
1159 3549 1192 3611 in
1217 3558 1300 3613 terra
1325 3570 1431 3633 :ergo
1456 3552 1552 3615 totius
1576 3553 1724 3618 Ecclesia

65 3656 132 3698 nam.
167 3650 261 3705 catus
276 3650 335 3719 est,
348 3641 458 3705 dicens
472 3666 479 3704 :
491 3642 657 3706 Provideat
671 3642 822 3705 Dominus
838 3643 919 3706 Deus
976 3655 1088 3724 rector,
1106 3653 1213 3727 pastor
1227 3655 1259 3709 et
1277 3657 1372 3730 caput
1391 3648 1477 3713 solus
1499 3658 1547 3713 est
1569 3651 1721 3715 Christus.

29 3724 151 3769 [¹'¹²'⁶'¹⁷·
166 3740 342 3823 spirituum
361 3741 466 3803 omnis
490 3740 606 3820 carnis,
624 3741 785 3804 bominem
805 3741 859 3822 qui
879 3741 920 3804 sit
975 3744 1021 3806 Ad
1043 3746 1128 3824 quod
1148 3744 1301 3808 facillime
1321 3748 1541 3829 respondetur,
1557 3751 1642 3830 quod
1662 3749 1725 3814 ire-

166 3858 267 3921 super
290 3839 526 3901 multitudinem
551 3840 644 3918 banc,
662 3859 701 3902 ne
721 3840 763 3902 sit
783 3840 919 3922 populus
974 3850 1110 3923 quenter
1130 3850 1230 3905 totum
1250 3845 1541 3909 denominationem
1557 3849 1725 3913 sortitura

165 3937 296 4001 Domini
312 3938 395 4000 sicut
410 3956 486 3999 oves
508 3938 628 4019 absque
648 3946 783 4021 pastore.
800 3939 838 4001 Et
853 3958 920 4001 cer·
975 3947 1076 4020 parte,
1093 3938 1175 4003 sicut
1199 3942 1388 4021 econtrario,
1412 3952 1447 4005 ut
1469 3944 1562 4008 docet
1585 3947 1725 4012 Philoso-

164 4045 237 4098 tum
259 4036 410 4117 estquod
432 4054 490 4099 nec
509 4036 639 4118 lloyses,
658 4056 717 4098 nec
740 4037 834 4099 Josue
849 4037 919 4118 ejus
976 4038 1069 4121 pbuS.
1098 4038 1149 4101 Sic
1174 4058 1250 4121 ergo
1275 4049 1307 4103 ct
1336 4048 1400 4104 tota
1422 4042 1565 4106 Ecclesia
1594 4047 1724 4127 praelato

164 4152 347 4211 successor,
364 4134 411 4197 sle
426 4133 554 4216 preeluit
572 4134 768 4197 multitudini
795 4156 850 4198 seu
865 4156 920 4217 po·
975 4137 1069 4199 modo
1089 4145 1230 4218 accepta,
1248 4148 1362 4221 praeter
1383 4140 1541 4204 Christum
1562 4143 1658 4207 babet
1672 4166 1724 4208 ca-

164 4234 246 4315 pulo
280 4231 422 4295 liliorum
455 4232 580 4296 Israelis
614 4234 692 4315 quin
721 4234 803 4295 Deus
836 4230 1031 4317 essetDput
1056 4236 1089 4297 in
1116 4245 1209 4317 terra,
1233 4237 1309 4318 quia
1334 4238 1366 4299 in
1392 4258 1429 4301 ea
1453 4239 1627 4305 includitur
1650 4254 1723 4308 actu

164 4329 358 4412 principalis
380 4338 497 4411 pastor,
514 4329 663 4412 princeps
684 4338 716 4393 ct
739 4350 791 4393 rex
816 4332 918 4413 plebis
975 4335 1024 4396 vel
1054 4334 1233 4415 aptitudine
1262 4355 1324 4398 una
1349 4356 1484 4419 persona
1512 4342 1624 4404 ceteris
1652 4344 1724 4405 uni-

29 4442 150 4491 animo.
165 4429 269 4506 illiue,
296 4448 365 4509 quat
389 4428 451 4491 luit
474 4428 611 4511 populus
637 4429 707 4511 eius
735 4430 916 4511 peculiaris.
975 4434 1074 4495 versis
1098 4452 1117 4495 a
1140 4433 1264 4496 Christo
1288 4435 1426 4515 praelata.

49 4542 134 4588 azeca.
164 4526 257 4589 Unde
274 4526 306 4587 in
321 4526 485 4589 Ezecbiele
501 4534 634 4589 testatur
652 4549 659 4587 :
677 4528 742 4609 Ego
760 4529 917 4609 requiram
1014 4530 1107 4594 Porro
1122 4532 1189 4594 hec
1209 4531 1327 4609 omnia,
1345 4532 1469 4597 scilicet
1487 4538 1571 4618 quod
1591 4540 1646 4602 toti
1669 4559 1724 4621 po-

29 4618 85 4709 }Jffl‘
113 4612 146 4654 ¹⁰⁹
162 4643 298 4706 gregem
323 4644 442 4703 meum,
460 4633 491 4687 et
512 4644 571 4707 ego
598 4626 667 4707 ipse
693 4646 819 4709 pascam
842 4646 918 4689 oves
974 4626 1048 4709 pulo
1063 4628 1236 4691 christiano
1257 4628 1352 4691 simul
1372 4640 1503 4713 accepto
1522 4653 1578 4697 seu
1598 4636 1724 4701 univer-

162 4740 269 4785 meas.
285 4722 323 4783 Et
337 4722 440 4803 primo
458 4724 580 4805 Regum
597 4724 736 4805 loquitur
751 4726 889 4787 Samueli
909 4750 915 4789 :
974 4726 1029 4788 sali
1042 4726 1193 4790 Ecclesiae
1209 4728 1374 4791 collective
1396 4731 1602 4797 considerate
1616 4738 1724 4817 praesit

29 4827 147 4889 laeana.
162 4820 238 4884 Non
254 4829 283 4883 te
298 4820 495 4901 abjecerunt,
513 4824 567 4885 scd
587 4842 649 4901 me,
667 4842 706 4884 ne
723 4842 849 4903 regnem
867 4844 918 4886 su·
973 4822 1065 4905 Papa,
1084 4826 1114 4887 S.
1132 4825 1268 4888 Thomas
1287 4846 1351 4889 non
1372 4828 1475 4890 solum
1496 4830 1648 4911 allirmat,
1667 4837 1722 4897 sed

29 4924 34 4934 “
162 4941 227 5004 per
241 4938 307 4983 eos.
320 4920 379 4983 Sed
395 4928 426 4983 et
445 4921 528 5001 apud
542 4920 654 4983 isaiam
671 4922 824 5003 scriptum
844 4932 915 4985 est:
972 4922 1068 4984 etiam
1094 4943 1132 4985 ex
1155 4924 1331 4987 intentione
1355 4926 1531 4991 rationibus
1554 4933 1722 4996 auctorita-

29 5028 57 5071 ιι.
72 5045 146 5083 mm.
161 5017 322 5082 Dominus
348 5018 446 5099 judex
474 5026 592 5096 noster,
623 5020 775 5083 Dominus
804 5020 917 5101 legiler
972 5021 1121 5102 libusque
1137 5023 1528 5105 demonstrat,praesertim
1544 5028 1577 5089 in
1592 5030 1721 5094 Summa

29 5094 45 5135 ²·
160 5125 286 5195 noster,
313 5116 465 5179 Dominus
490 5136 544 5180 rer
573 5126 691 5182 noster.
717 5118 794 5180 llinc
820 5118 914 5199 Beda,
971 5128 1082 5181 contra
1106 5139 1228 5183 errores
1250 5120 1441 5201 Graecorum,
1458 5133 1552 5207 atque
1578 5127 1610 5189 in
1631 5128 1721 5192 Sum-

159 5216 309 5294 Strabus,
338 5213 497 5295 llabanus,
528 5222 559 5277 et
587 5216 684 5279 ceteri
721 5214 914 5297 expositores
971 5238 1022 5281 ma
1037 5226 1148 5281 contra
1163 5219 1310 5300 gentiles,
1327 5228 1359 5282 et
1373 5240 1470 5305 super
1490 5227 1666 5290 secundum
1688 5238 1720 5292 et

159 5313 346 5395 Scriptura,
363 5322 490 5377 sanetus
509 5331 635 5396 quoque
655 5315 790 5378 Thomas
810 5317 913 5379 etalii
971 5325 1118 5400 quartum
1143 5316 1386 5395 Sententiarum,
1404 5327 1439 5381 ut
1458 5339 1554 5403 supra
1576 5324 1642 5405 jam
1664 5346 1719 5409 pa·
1733 5321 1867 5407 1‹11{,xx'o.'

1745 5295 1858 5335 arture
