4309 6250
415 512 476 579 us
758 526 879 576 comm
898 526 1066 574 enarratur
1086 522 1257 584 naucum,
1279 521 1369 569 nram
1389 522 1430 568 iv.
1452 540 1494 551 -
1514 520 1585 567 mr.
1607 520 1627 566 v

276 701 497 782 hattuarias,
512 709 549 764 ut
562 701 746 783 frequenter
759 701 926 783 probatum
941 705 1000 761 est.
1015 698 1065 761 Ne
1080 697 1168 756 satti-
1181 696 1207 757 Α
1222 692 1385 775 piscentiis
1408 691 1499 755 irena
1520 693 1613 755 laxat.
1632 695 1675 754 rtt
1694 692 1794 752 multi
1814 697 1890 749 suut
1911 689 1968 768 qai

270 782 305 825 ¹⁵·
419 802 479 862 citi
499 798 574 861 sitis
594 798 808 863 sollicitudine
830 798 923 861 anxia
942 804 1037 877 atque
1058 814 1169 877 super·
1222 794 1352 852 iutraut
1372 811 1435 869 per
1459 812 1541 853 eam.
1566 791 1631 853 llos
1654 797 1740 873 patet
1764 789 1804 851 ad
1829 785 1964 851 oculum.

419 898 497 978 ilua,
514 898 606 981 quasi
619 898 701 962 Deus
717 917 780 962 uon
800 897 915 961 habeat
933 893 1168 979 providentiam
1222 888 1300 951 Nam
1316 890 1389 972 quia
1404 890 1596 953 llahometus
1615 887 1802 951 latissimam
1816 894 1849 949 et
1863 903 1967 948 cama·

420 1004 549 1060 actuum
582 998 807 1075 humanorum,
838 997 921 1077 quid
952 993 1168 1061 manducetis,
1223 987 1286 1050 lem
1309 989 1418 1052 docuit
1441 987 1556 1070 legem,
1572 986 1821 1051 innumerabiles
1842 1002 1967 1065 accepe-

295 1120 354 1165 rtot.
371 1123 405 1165 aa.
421 1104 475 1159 aut
488 1098 570 1176 quid
592 1097 791 1157 induamini.
808 1096 878 1157 Scit
899 1094 987 1153 cuim
1002 1095 1105 1154 Pater
1120 1111 1169 1149 ae·
1224 1095 1298 1149 runt
1311 1088 1467 1150 eamdam.
1484 1091 1585 1157 Quam
1599 1097 1741 1164 aequata
1759 1093 1809 1148 est
1824 1094 1920 1161 porta
1939 1092 1967 1142 et
1991 1101 2065 1144 uati.

420 1204 487 1256 ster
505 1196 641 1255 caelestis
659 1196 739 1273 quia
759 1196 811 1254 bis
833 1194 983 1253 omnibus
1002 1190 1167 1266 iudiyetis.
1224 1195 1316 1245 arcta
1332 1188 1385 1245 aia
1401 1206 1473 1265 quta
1493 1187 1585 1245 ducit
1605 1188 1650 1245 ad
1668 1186 1771 1244 uitam
1790 1182 1924 1258 beatam,
1939 1190 1967 1239 ct
1979 1180 2011 1210 na
2026 1168 2053 1205 ¹⁴·

179 1362 184 1371 ,
300 1313 359 1358 rau.
373 1317 406 1357 u.
422 1293 565 1362 Quartae
579 1312 654 1370 erpo
665 1294 813 1369 primum
830 1309 968 1367 reyuum
987 1288 1049 1350 Dei
1066 1296 1098 1346 et
1111 1288 1170 1364 ju·
1220 1285 1324 1360 pauci
1337 1286 1512 1344 iaaauiuut
1527 1287 1622 1343 eam!
1636 1282 1798 1365 Siquidem
1813 1280 1903 1342 multi
1917 1298 1968 1342 vo-
1979 1298 2090 1346 uuum

421 1391 547 1450 stitiam
561 1390 644 1467 ejus,
659 1397 690 1448 et
705 1388 896 1449 haecomnia
912 1384 1009 1449 victui
1026 1402 1171 1446 necessa·
1225 1382 1300 1460 cati,
1316 1381 1408 1463 pauci
1425 1400 1500 1443 vero
1519 1381 1624 1445 electi.
1641 1382 1684 1443 lle
1703 1381 1764 1443 isto
1783 1380 1902 1441 dictum
1923 1386 1967 1440 est
1979 1365 2057 1408 ¹¹¹¹·¹⁸·

421 1487 469 1549 ria
489 1488 693 1565 adjicientur
714 1488 812 1547 vobis.
1226 1480 1351 1562 plenius
1372 1480 1453 1543 libro
1475 1481 1626 1543 secundo.
1980 1500 2059 1537 mn«.

273 1600 406 1651 torruit.
460 1586 572 1649 Nolite
588 1586 748 1662 judicare
771 1583 811 1647 de
839 1580 943 1645 dubiis
972 1589 1004 1644 et
1027 1579 1169 1658 incertis,
1265 1581 1435 1641 Attendite
1463 1600 1484 1639 a
1510 1581 1608 1656 falsis
1630 1580 1812 1655 prophetis,
1839 1580 1897 1658 qui
1923 1595 1968 1634 ae·
1992 1592 2066 1633 aera.

421 1700 525 1764 neque
556 1680 679 1763 judicia
714 1688 877 1763 usurpata,
912 1678 1080 1741 temeraria
1114 1696 1171 1739 seu
1225 1678 1324 1737 uiuut
1339 1680 1383 1737 ad
1397 1697 1452 1737 uos
1466 1678 1501 1737 iu
1519 1677 1718 1737 uestimentis
1736 1678 1859 1745 coium,
1875 1675 1905 1737 id
1925 1668 2013 1736 cst'n'
2028 1658 2054 1696 ¹⁵·

420 1779 540 1861 injusta
560 1779 744 1842 exerceatis.
762 1778 986 1841 Verumtamen
1008 1776 1048 1839 de
1069 1773 1172 1837 mani·
1226 1794 1299 1837 cum
1319 1775 1484 1857 apparenti
1503 1774 1628 1857 justitia
1650 1782 1682 1837 et
1706 1772 1784 1837 licta
1807 1772 1970 1836 devotione

420 1878 511 1942 iestis
533 1886 566 1941 et
586 1896 656 1958 qum
678 1878 762 1941 bono
784 1884 947 1959 nequeunt
969 1875 1041 1937 lieri
1063 1873 1171 1937 animo
1185 1871 1210 1933 B
1226 1891 1263 1935 ae
1276 1872 1458 1955 deceptoria
1472 1873 1637 1954 religione,
1654 1873 1855 1933 intrinsecus
1869 1881 1972 1932 autent

313 2004 371 2047 rau,
388 2008 406 2047 2,
419 1977 576 2059 judicare,
602 1985 651 2040 est
678 1977 812 2041 licitum.
840 1979 928 2046 Quid
950 1984 1058 2036 autem
1083 1976 1173 2034 vides
1226 1980 1303 2031 suut
1317 1972 1391 2048 tupi
1405 1990 1549 2048 rapaces,
1566 1970 1596 2032 id
1617 1977 1666 2032 est
1686 1968 1866 2032 animamm
1885 1970 1974 2031 deee-

420 2068 579 2154 festucam
601 2078 637 2136 iu
659 2079 749 2135 oculo
769 2076 893 2152 fratris
915 2076 977 2144 tui,
993 2082 1023 2133 et
1049 2074 1172 2132 trabem
1226 2076 1344 2151 ptoreS,
1361 2077 1393 2130 et
1406 2067 1498 2151 impii
1518 2088 1555 2131 ac
1576 2068 1731 2132 crudeles,
1749 2068 1814 2131 Hoc
1834 2067 1972 2130 Christ-us

421 2175 458 2235 iu
473 2178 563 2235 acuto
583 2183 637 2234 tuo
653 2193 716 2234 uon
738 2176 827 2233 uides
838 2175 853 2233 t
866 2172 899 2235 ld
922 2180 980 2249 est,
998 2189 1054 2232 cur
1074 2188 1173 2251 parva
1226 2168 1266 2229 da
1280 2167 1454 2230 llahometo
1469 2175 1501 2230 et
1515 2167 1577 2230 sibi
1592 2166 1749 2230 similibus
1763 2166 1926 2230 admonuit
1943 2173 1973 2228 et

421 2279 553 2353 peccata
568 2270 602 2333 in
616 2271 761 2354 proximo
777 2279 831 2333 tuo
847 2269 1040 2347 consideras,
1058 2276 1089 2330 et
1107 2286 1173 2329 ma·
1226 2264 1378 2348 praedixit.
1402 2265 1440 2327 Et
1464 2265 1583 2327 utinam
1609 2264 1756 2328 homines
1779 2265 1871 2345 juxta
1893 2264 1973 2326 hant

421 2368 493 2452 jora
512 2370 591 2433 vitia
609 2388 680 2450 quae
705 2370 738 2431 in
764 2378 795 2431 te
820 2377 904 2450 sunt,
922 2387 986 2432 non
1011 2366 1171 2430 attendisl
1226 2362 1339 2425 Christi
1360 2364 1537 2426 doctrinam
1557 2362 1784 2446 praecavissent
1802 2362 1865 2425 sihi
1883 2363 1923 2425 ab
1939 2362 1975 2423 il-

421 2468 539 2530 Caritas
554 2486 691 2550 namque
707 2476 738 2531 et
753 2467 853 2549 pietas
867 2466 999 2548 exigunt
1020 2473 1055 2527 ut
1075 2465 1172 2527 homo
1226 2460 1273 2540 lo;
1287 2461 1409 2523 utinam
1424 2460 1475 2525 vel
1491 2462 1584 2525 modo
1599 2462 1810 2524 attenderent.
1821 2461 1875 2523 Ait
1887 2460 1975 2543 quip

421 2566 456 2627 in
476 2566 590 2649 primis
609 2585 644 2629 se
664 2566 768 2648 ipsum
794 2565 985 2642 consideret,
1002 2563 1174 2645 reprehen-
1226 2579 1266 2643 pe
1282 2559 1426 2623 Salvator
1441 2565 1491 2623 :A
1506 2562 1674 2637 fructibus
1687 2559 1733 2640 (id
1749 2567 1798 2623 est
1812 2559 1973 2641 operibus)
1986 2578 2035 2622 aaa.
2046 2581 2071 2619 a.

424 2664 487 2741 dat,
510 2664 659 2746 corrigat,
685 2663 797 2746 puniat
821 2672 852 2725 et
875 2663 1033 2740 emendet,
1056 2661 1171 2724 deinde
1226 2679 1337 2718 earum
1352 2662 1545 2735 capnascetis
1558 2679 1620 2721 cos.
1637 2658 1724 2721 Unde
1739 2658 1888 2740 superius
1901 2658 1973 2719 saus
1996 2671 2089 2716 mim

422 2762 601 2844 proximum
624 2758 716 2824 suum
739 2762 905 2825 caritative
921 2760 1082 2843 corripiat.
1099 2758 1172 2822 Ideo
1226 2764 1389 2819 ostensum
1411 2765 1459 2819 est
1480 2776 1576 2839 quam
1591 2756 1837 2819 sceleratissima
1859 2747 2072 2819 lucrium

315 2889 373 2933 aar,
385 2892 405 2931 5,
421 2860 500 2923 dicit
523 2859 667 2924 Salvator
684 2884 691 2922 :
710 2864 905 2940 Hypacrita,
926 2864 1006 2938 ejice
1022 2862 1172 2936 primum
1226 2874 1322 2937 opera
1337 2856 1460 2937 llahou,
1477 2854 1532 2937 qui
1547 2864 1593 2919 tot
1607 2856 1761 2919 adulteria
1774 2864 1807 2918 et
1822 2856 1971 2933 incestus,

423 2961 546 3019 trabem
569 2962 609 3019 de
627 2964 718 3020 oculo
741 2969 807 3031 tuo,
822 2968 852 3018 ct
873 2968 951 3019 tuuc
974 2959 1096 3017 uidebis
1117 2958 1173 3035 eji-
1226 2962 1273 3017 tat
1295 2954 1420 3036 rapinas
1444 2964 1477 3016 et
1499 2953 1674 3017 homicidia
1695 2954 1902 3036 perpetravit,
1919 2962 1975 3017 tot·

421 3077 493 3118 cere
505 3059 664 3134 festucam
679 3060 719 3117 de
733 3061 824 3119 oculo
837 3058 961 3136 fratris
977 3057 1038 3118 tui.
1189 3062 1212 3126 (1
1227 3070 1289 3133 que
1308 3051 1475 3115 mendacia
1493 3051 1646 3135 imposuit
1667 3052 1732 3115 Deo
1755 3052 1788 3113 in
1809 3052 1971 3115 alcorano.
1994 3040 2012 3079 ⁰

461 3155 594 3239 Insuper
608 3158 702 3220 docet
715 3157 858 3220 Salvator
879 3165 914 3218 nt
934 3175 1008 3219 oum
1030 3155 1117 3218 omni
1133 3153 1173 3216 li·
1226 3154 1303 3216 Nou
1316 3154 1423 3212 amnis
1437 3154 1496 3231 qui
1509 3154 1592 3212 dicit
1607 3153 1974 3223 mitthomincdtami-
1996 3162 2067 3208 aare.
2135 3153 2136 3162 ‘

421 3255 516 3318 dacia
540 3263 635 3336 alque
660 3255 812 3317 instantia
837 3255 959 3317 Patrem
985 3255 1172 3317 invocemus
1227 3271 1278 3320 ue,
1295 3251 1436 3311 intrabit
1451 3252 1486 3311 iu
1503 3269 1641 3328 requum
1661 3255 1829 3321 culorum,
1843 3253 1900 3310 sed
1919 3241 2017 3330 quin*
2029 3228 2056 3268 Ἰ·

317 3381 406 3426 rotatu.
423 3355 596 3417 caelestem.
613 3357 734 3425 Petite,
756 3363 786 3414 et
807 3356 945 3414 dabitur
963 3356 1075 3424 uobis,·
1089 3373 1173 3433 qute-
1225 3349 1309 3426 satit
1324 3352 1523 3409 volumtatem
1537 3351 1654 3410 Patris
1668 3350 1733 3408 mei
1752 3351 1813 3428 qui
1832 3350 1871 3408 iu
1891 3349 1975 3409 coelis

423 3453 499 3524 rite,
519 3462 550 3513 et
575 3453 773 3522 iuumietis,·
786 3456 929 3529 pulsate,
950 3462 981 3512 et
1004 3454 1174 3529 aperietur
1227 3456 1282 3509 cst.
1302 3449 1414 3511 Omnis
1432 3449 1492 3526 put'
1512 3449 1608 3507 audit
1630 3449 1727 3508 verba
1745 3467 1818 3507 mea
1840 3457 1872 3508 et
1894 3448 1974 3524 facit
1987 3463 2069 3505 tarra

300 3568 360 3613 uta.
377 3572 409 3612 u.
424 3552 521 3612 cobis.
538 3553 579 3613 St
598 3550 684 3612 enim
707 3571 772 3621 vos,
792 3571 894 3630 quum
915 3552 988 3610 sitis
1011 3551 1104 3619 mali,
1119 3568 1175 3609 uo-
1227 3567 1277 3617 ea,
1292 3545 1324 3607 id
1339 3553 1397 3624 est,
1413 3544 1468 3627 qui
1483 3543 1651 3627 praeceptis
1666 3545 1746 3607 meis
1767 3545 1973 3628 obtemperat,

424 3651 484 3710 stis
506 3651 586 3710 baua
606 3653 684 3710 data
703 3653 784 3710 dare
804 3651 887 3726 filiis
907 3651 1035 3719 vestris,
1051 3656 1174 3727 quauta
1228 3646 1469 3704 assimilabitur
1483 3646 1555 3704 uiro
1569 3643 1810 3719 sapietatillinc
1824 3644 1974 3721 scitote,o

424 3750 529 3825 mauis
556 3751 660 3810 Pater
683 3757 787 3807 aester
811 3747 949 3810 coelastis
972 3747 1063 3808 dabit
1094 3748 1174 3806 baua
1230 3742 1406 3822 Sarraceui,
1423 3741 1498 3823 quia
1513 3741 1689 3804 certissime
1703 3741 1736 3804 in
1751 3750 1835 3805 statu
1849 3743 1976 3805 damna-

425 3845 534 3926 gratiae
555 3865 591 3908 ac
606 3845 761 3908 virtutum
771 3848 957 3922 petentibus
971 3847 1029 3906 se?
1043 3845 1175 3907 Verum·
1229 3841 1325 3904 tionis
1353 3848 1477 3903 aterna
1505 3839 1593 3921 estis,
1619 3859 1679 3902 nec
1707 3840 1823 3903 salvari
1853 3841 1918 3903 nisi
1944 3839 1975 3902 in

426 3952 532 4007 tamen
547 3951 671 4026 oportet
684 3951 923 4026 perseveranter
943 3942 1174 4024 salubriterque
1228 3939 1388 4002 Christum
1412 3939 1570 4001 eredendo
1599 3938 1692 4019 eique
1721 3938 1902 4003 obediendo
1925 3957 1977 4020 po

426 4061 528 4120 orare,
545 4062 582 4105 ea
600 4043 737 4125 petendo
755 4061 826 4125 quae
845 4042 1005 4125 pertinent
1029 4043 1067 4105 ad
1093 4041 1177 4104 salu·
1229 4039 1329 4101 testis.

427 4149 504 4220 tem,
533 4159 593 4204 nec
622 4139 813 4219 deficiendo,
839 4140 1109 4221 quemadmodum
1133 4140 1177 4202 ait
1269 4138 1340 4199 llaec
1359 4155 1461 4219 pauca
1482 4137 1521 4198 de
1546 4135 1654 4198 multis
1678 4153 1749 4216 quae
1773 4135 1806 4197 iu
1832 4155 1976 4199 sermone

275 4257 412 4309 tanum.
428 4239 572 4302 Salvator
596 4263 604 4301 ε
631 4238 759 4321 Oportet
783 4257 910 4321 semper
933 4257 1022 4302 orare
1052 4247 1083 4301 et
1112 4258 1175 4302 nou
1191 4239 1325 4316 unem
1340 4234 1481 4298 Christus
1495 4233 1574 4296 lecit
1588 4234 1621 4295 in
1635 4241 1744 4296 monte
1763 4232 1975 4313 continentur,

307 4357 397 4402 uacet.
428 4338 578 4401 delicere.
597 4340 713 4401 Omnia
727 4358 936 4418 quaecumque
951 4339 1051 4398 vultis
1066 4337 1177 4401 volun·
1231 4334 1295 4396 sint
1315 4342 1409 4411 tacta,
1437 4341 1471 4395 ut
1493 4331 1676 4395 Sarracenis
1698 4331 1775 4394 hinc
1800 4332 1977 4396 innotescat

281 4433 318 4471 '¹¹'
335 4423 367 4463 ¹²·
427 4444 491 4499 tate
511 4434 690 4499 rationabili
711 4445 747 4496 ut
765 4438 892 4512 faciant
913 4439 1000 4497 vobis
1019 4439 1176 4507 homines,
1230 4432 1315 4513 quod
1330 4431 1502 4513 spiritualis
1516 4439 1548 4494 et
1562 4439 1671 4494 sancta
1685 4430 1726 4492 sit
1738 4430 1852 4493 Christi
1867 4431 1978 4495 doct-ri·

429 4545 459 4596 et
475 4555 529 4595 vos
542 4535 643 4611 facite
661 4537 718 4597 eis.
735 4533 888 4596 Similiter
907 4553 977 4616 quae
996 4553 1059 4597 non
1081 4535 1177 4598 vultis
1231 4548 1283 4607 na,
1301 4527 1567 4609 acquiescantque
1589 4527 1630 4589 ei.

430 4632 521 4697 vobis
543 4632 582 4695 ab
604 4631 675 4694 aliis
696 4631 782 4711 lieri,
799 4633 846 4696 eis
867 4651 932 4695 non
954 4632 1089 4696 faciatis.
1270 4624 1483 4703 Postremo‚in
1497 4625 1700 4707 praeinductis
1714 4632 1763 4686 est
1777 4624 1975 4704 intuendum,

470 4731 627 4812 Amplius,
644 4731 736 4794 docet
755 4731 897 4794 Christus
917 4731 1001 4813 quod
1026 4740 1112 4795 arata
1136 4731 1178 4793 sit
1231 4725 1316 4806 quod
1343 4724 1486 4787 Christus
1509 4731 1573 4786 tam
1597 4743 1679 4805 saepe
1708 4723 1807 4786 Mum
1835 4725 1977 4789 nominat

309 4857 368 4900 rara,
381 4859 413 4900 η,
430 4829 482 4892 via
496 4828 617 4891 salutis.
632 4831 760 4890 Intrate
771 4848 833 4906 per
847 4839 1020 4907 aaaastam
1032 4841 1176 4907 portam,
1230 4824 1353 4886 Patrem
1367 4821 1524 4900 fidelium,
1542 4830 1573 4884 et
1588 4820 1700 4884 lideles
1715 4840 1778 4885 uon
1802 4823 1906 4886 rarius
1927 4843 1978 4904 ap

429 4928 461 4990 id
484 4936 542 5007 est,
559 4927 598 4989 ad
617 4945 725 4990 veram
745 4927 973 4990 beatitudinem
1000 4947 1056 5009 per
1080 4947 1177 5011 opera
1231 4924 1329 5007 pellat
1346 4921 1431 4985 lilios
1455 4923 1522 4985 Dei.
1538 4921 1612 4984 ldeo
1636 4921 1748 4984 llahon
1772 4922 1976 5004 Evangelium

429 5024 669 5108 poenitentialia,
687 5025 845 5088 laboriosa
865 5045 902 5087 ac
924 5026 1021 5088 ardua
1043 5027 1174 5108 tendite,
1232 5023 1421 5105 approbans,
1447 5040 1507 5083 neo
1531 5029 1636 5084 tamen
1665 5019 1781 5083 fideles
1808 5019 1864 5083 Dei
1895 5021 1976 5083 filios

429 5127 508 5205 quia
530 5129 598 5185 lata
618 5133 716 5200 porta
739 5133 769 5184 et
793 5126 934 5200 spatiosa
957 5127 1010 5184 uia
1033 5135 1080 5184 est
1104 5147 1177 5205 puae
1231 5141 1300 5184 esse
1316 5120 1475 5184 vocandos
1490 5117 1668 5198 affirmem,
1685 5117 1820 5181 nescivit
1838 5121 1917 5200 quid
1935 5119 1977 5181 di·
1999 5130 2087 5174 titt*

427 5226 519 5284 ducit
535 5226 579 5282 ad
590 5223 820 5299 perditionem.
838 5221 908 5282 llaec
925 5221 986 5284 lata
1002 5231 1091 5303 porta
1106 5243 1177 5304 spa·
1230 5221 1286 5300 xit,
1310 5219 1375 5282 imo
1399 5218 1529 5280 sibimet
1555 5216 1756 5295 contradixit,
1781 5235 1841 5279 nec
1866 5235 1976 5281 vocem
1988 5207 2035 5237 ¹¹⁸¹*
2134 5279 2136 5282 Α

428 5321 570 5402 tiosaque
586 5319 646 5398 via,
656 5325 704 5380 est
719 5317 768 5380 lex
782 5317 961 5398 llahometi,
973 5337 1042 5399 que
1058 5339 1175 5383 concu-
1230 5319 1391 5402 propriam
1414 5316 1580 5381 intellexit.
