4309 6250
467 513 587 563 eomas
606 514 776 564 amrmrau
796 515 967 574 amona,
989 517 1079 566 tusa
1099 518 1131 566 rr.
1156 495 1286 567 :aar
1309 519 1404 568 xavru
1654 503 1713 570 357

169 705 226 769 per
235 685 397 750 naturales
407 686 687 752 transmutationes
696 687 814 752 multas
824 687 917 752 inter·
930 687 956 752 A
970 692 1097 752 tabunt.
1114 690 1158 770 Si,
1175 698 1211 755 ut
1233 692 1344 756 idabeu
1368 691 1521 772 affirmat,
1541 711 1605 758 nou
1630 692 1719 758 Chri·

169 785 289 849 medias
303 785 532 869 diuturnaeque
552 805 669 850 moras.
684 785 789 851 llrbilo
810 787 916 851 minus
970 795 1049 869 stus,
1064 790 1120 852 sed
1135 791 1217 853 Deus
1237 791 1270 853 in
1291 809 1428 872 persona
1447 791 1576 874 propria
1596 791 1719 873 judica·

168 884 330 948 demones
343 885 498 966 quasdam
512 885 662 948 materias
682 885 722 947 ad
741 885 918 966 generatio·
969 886 1027 963 bit,
1053 890 1259 967 querendum
1282 895 1331 952 ast
1358 908 1399 951 an
1424 889 1456 951 iu
1481 889 1588 971 aliqua
1615 889 1718 954 lorma

170 1001 242 1045 nem
264 981 462 1065 serpentium
483 981 689 1064 propinquas,
714 983 916 1066 impercepti·
969 985 1088 1048 visibili
1103 987 1275 1068 apparebit.
1292 987 1330 1050 Et
1343 987 1469 1052 videtur
1487 989 1572 1068 quod
1592 988 1668 1067 imo,
1683 997 1718 1052 ut

169 1079 225 1144 bili
257 1080 422 1143 eeleritate
451 1088 547 1162 atque
574 1081 716 1145 maneria
744 1090 916 1163 potuerunt
969 1083 1353 1167 videaturajudicandis.
1371 1086 1431 1150 Sed
1445 1088 1579 1151 tbronus
1601 1087 1634 1150 in
1655 1107 1719 1169 quo

169 1197 360 1261 supponere.
969 1182 1132 1259 residebit,
1160 1184 1236 1265 quid
1262 1185 1490 1248 sustentatione
1514 1185 1574 1248 bae
1597 1185 1720 1267 indige-

206 1276 250 1338 De
267 1276 330 1339 bae
348 1277 477 1339 demum
499 1275 631 1340 materia
650 1286 781 1359 possent
800 1278 915 1341 adduci
969 1281 1035 1343 bill
1050 1282 1098 1343 bn
1125 1279 1232 1344 fortan
1253 1301 1293 1345 ne
1313 1284 1405 1346 eadat
1427 1284 1587 1361 deorsum,
1609 1291 1718 1365 utpote

166 1374 377 1456 quamplura3
402 1375 457 1437 sed
480 1375 557 1456 quia
579 1375 745 1457 bucusque
768 1375 915 1439 brevitati
968 1379 1044 1460 quia
1071 1380 1112 1442 de
1136 1389 1249 1443 natura
1273 1399 1442 1464 corporum
1470 1382 1616 1463 gravium
1645 1383 1715 1462 erit,

166 1473 199 1535 iu
211 1473 362 1536 omnibus
375 1473 587 1551 studui,nunc
601 1492 728 1556 quoque
741 1474 773 1537 ei
787 1476 915 1538 studere
969 1477 1053 1558 quod
1068 1478 1185 1559 summi
1207 1478 1301 1560 llegis
1323 1479 1481 1561 majestati
1503 1498 1568 1543 non
1590 1498 1718 1564 compe·

167 1571 308 1648 decrevi,
325 1569 498 1651 prasertim
518 1571 671 1653 quoniam
685 1590 724 1635 ex
737 1571 788 1634 bis
804 1572 915 1653 paucis
968 1575 1027 1637 titt
1041 1575 1079 1638 llt
1097 1577 1173 1658 quid
1193 1577 1295 1659 magis
1320 1577 1470 1641 idoneum
1494 1587 1542 1642 est
1566 1578 1716 1643 thronum

168 1669 258 1752 plura
279 1668 356 1733 elici
370 1677 502 1750 queunt.
969 1673 1023 1736 Dei
1047 1681 1224 1738 sustentare
1248 1693 1344 1758 quam
1368 1675 1598 1759 omnipotentia
1622 1677 1715 1759 ejust

968 1770 1042 1846 Quat
1063 1779 1097 1836 et
1114 1772 1298 1836 universum
1318 1774 1472 1837 muudum
1491 1773 1611 1856 absque
1630 1774 1717 1840 labo-

932 1871 1016 1949 Bra,
1032 1870 1101 1934 solo
1115 1879 1270 1934 sustentat
1282 1871 1427 1953 imperio,
1444 1871 1526 1935 sicut
1539 1871 1653 1936 Paulus
1673 1873 1717 1936 ait

330 1987 577 2054 ARTffiULUS
599 1988 753 2053 XLvffl,
968 1969 1131 2051 apostolus
1162 1992 1169 2031 :
1195 1968 1306 2032 Omnia
1334 1977 1438 2054 portat
1466 1971 1563 2034 verbo
1591 1971 1717 2034 virtutis
1731 1987 1852 2038 aeuus.

968 2085 1044 2128 suaa.
1060 2065 1100 2130 Et
1120 2065 1285 2130 Psalmista
1302 2089 1309 2130 :
1326 2067 1431 2163 Verbo
1445 2067 1577 2151 (inquit)
1591 2068 1715 2134 Domini
1729 2088 1862 2140 rumas.

188 2157 311 2216 Contra
339 2173 468 2216 errores
493 2157 636 2232 capituli
661 2159 892 2234 septuapesimi
968 2165 1042 2228 eoeli
1064 2164 1185 2228 firmali
1208 2173 1293 2228 sunt,

226 2245 343 2325 Μαί
355 2253 387 2304 θῖ
401 2247 618 2324 ΨΜΜΜ
632 2247 847 2325 “lumbum-
1007 2262 1152 2345 Capitulo
1167 2263 1401 2346 septuagesimo
1415 2265 1550 2347 septimo
1565 2264 1714 2329 babetur:

966 2364 1067 2423 Illius
1087 2363 1167 2433 diei,
1183 2370 1259 2443 puta
1279 2363 1404 2445 judieii,
1422 2373 1551 2425 tantum
1567 2367 1632 2426 erit
1646 2384 1717 2444 apa·

223 2458 386 2524 uultum
408 2460 644 2542 septuagesimo
667 2461 780 2543 quinto
802 2463 914 2526 asseri-
968 2462 1052 2520 tium
1066 2470 1228 2540 quantum
1243 2470 1289 2521 est
1309 2463 1553 2542 quinquaqinta
1573 2465 1716 2525 millium

238 2564 301 2633 tur,
315 2555 402 2637 quod
422 2557 511 2617 Deus
527 2558 643 2617 coelum
663 2560 796 2618 ornauit
810 2561 914 2618 lucer·
966 2577 1141 2620 annorum.
1168 2557 1270 2640 llujus
1298 2557 1422 2622 lalsitas
1445 2569 1518 2622 ante
1542 2559 1609 2642 jam
1634 2567 1717 2624 tacta
1731 2581 1862 2620 naama.

164 2659 217 2717 aab
238 2657 400 2725 siderum
414 2674 488 2734 qua
510 2655 655 2716 diabolos
677 2659 855 2732 capellam,
872 2659 912 2717 ta·-
966 2663 1025 2731 est,
1054 2663 1087 2717 et
1114 2657 1259 2738 sequenti
1289 2663 1425 2721 tractatu
1452 2657 1650 2739 probabitur.
1679 2657 1717 2722 Et

164 2775 283 2814 moram
312 2753 384 2813 illis
410 2753 610 2814 incutienda.
640 2752 673 2815 Si
702 2753 807 2816 sidera
838 2762 913 2818 sunt
966 2753 1112 2816 subditur
1128 2777 1135 2816 :
1151 2757 1215 2816 Illo
1239 2756 1293 2816 die
1317 2760 1431 2818 eaelum
1453 2759 1623 2834 ultumas
1646 2777 1717 2818 eoa·

164 2870 296 2934 corpora
319 2850 505 2928 inanimata,
520 2851 681 2932 quomodo
703 2859 824 2915 terrent
846 2854 913 2916 dia·
965 2861 1083 2922 neacet,
1101 2856 1197 2912 tellus
1219 2863 1256 2914 ut
1278 2856 1366 2914 linea
1387 2854 1639 2932 corpusculum
1664 2874 1716 2918 su·

165 2950 264 3030 bolos,
279 2949 335 3031 qui
354 2955 429 3011 sunt
449 2947 681 3012 intellectuales
705 2951 911 3038 substantiat
965 2968 1024 3031 pra
1044 2959 1208 3014 ostensum
1233 2959 1291 3029 est,
1309 2954 1392 3033 quod
1415 2970 1548 3034 corpora
1573 2953 1715 3017 aoelestia
1729 2969 1770 3009 ua.
1786 2977 1858 3012 ιιιιιι

164 3048 195 3110 Si
208 3057 316 3111 autem
330 3046 469 3110 minuma
489 3046 644 3126 dicantur,
661 3048 739 3131 quid
761 3058 912 3113 verentur
928 3055 951 3118 G
965 3057 1118 3131 quantum
1144 3048 1183 3110 ad
1210 3067 1299 3112 suam
1325 3050 1535 3113 substantiam
1560 3069 1623 3116 non
1645 3070 1717 3135 per-

164 3146 279 3211 diaboli
301 3145 364 3210 sibi
389 3146 430 3209 ab
454 3144 520 3208 illis
542 3145 669 3228 infligit
683 3147 912 3213 Rationabilior
965 3146 1055 3208 ibunt
1086 3166 1145 3209 nec
1179 3156 1449 3230 corrumpentur;
1477 3149 1532 3211 sed
1560 3158 1715 3231 quantum

164 3246 257 3329 plane
274 3254 325 3308 est
342 3244 485 3308 doctrina
509 3243 708 3325 Sanctorum,
724 3266 795 3329 quaa
818 3248 912 3311 docet
963 3246 1004 3308 ad
1027 3244 1197 3325 quamdam
1222 3245 1450 3309 accidentalem
1475 3247 1716 3329 dispositionem

164 3348 344 3409 demomm
358 3343 513 3406 malitiam
527 3342 567 3405 ab
581 3344 705 3426 angelis
726 3346 844 3421 sanctis
863 3367 912 3410 re
964 3351 996 3407 et
1012 3352 1127 3406 statum
1147 3345 1286 3425 peritura
1305 3345 1465 3425 dicuntur,
1483 3346 1634 3427 quoniam
1650 3365 1717 3411 mo·

164 3444 256 3526 primi
278 3461 316 3506 ac
341 3440 459 3505 frenari
476 3464 484 3503 :
500 3442 584 3522 quod
609 3442 704 3505 etiam
729 3442 912 3526 specialiter
965 3450 1016 3505 tus
1040 3450 1071 3504 et
1093 3442 1186 3505 solita
1207 3441 1378 3505 iniluentia
1399 3462 1509 3507 eorum
1533 3446 1714 3509 cessabunt.

164 3542 300 3625 pertinet
324 3541 364 3603 ad
388 3539 560 3622 specialem
589 3541 742 3622 angelicae
764 3543 910 3606 ordinem
965 3540 1061 3603 'lcrra
1092 3548 1198 3603 autem
1230 3560 1287 3623 per
1316 3540 1423 3622 iguem
1455 3539 1716 3623 conflagrationis

164 3639 361 3704 bierarcbiaa.
917 3660 920 3666 ’
964 3638 1163 3721 purgabitur,
1193 3647 1225 3701 et
1255 3637 1442 3719 superficies
1472 3658 1530 3701 sua
1561 3640 1715 3722 maiorem

202 3737 346 3823 Capitale
377 3736 611 3819 septuagesimo
638 3746 726 3801 sexte
753 3738 872 3802 dicitur
901 3762 908 3801 :
964 3736 1184 3799 alterationem
1213 3736 1375 3818 suscipiet.
1403 3736 1627 3801 Verumtamen
1655 3758 1715 3802 nec

164 3842 279 3902 Primo
306 3839 450 3900 ὸιωοίηω
476 3840 586 3899 sonitu
615 3841 712 3898 tellus
733 3848 764 3899 et
788 3849 911 3899 montes
964 3834 1215 3897 substantialiter
1225 3853 1285 3896 nec
1297 3835 1400 3915 quoad
1416 3853 1450 3898 se
1465 3842 1562 3899 totam
1578 3854 1716 3899 corrum-

163 3945 456 4015 prasternenturet
471 3938 509 3996 in
520 3940 688 4013 puluerem
705 3938 908 4015 redipentur.
964 3942 1057 4015 petur
1081 3956 1087 3994 :
1111 3932 1258 4014 quamvis
1282 3933 1396 4014 aliquae
1420 3933 1491 4016 ejus
1512 3943 1618 4016 partes
1639 3944 1715 3999 tuuc

165 4036 311 4099 Fateatur
330 4043 363 4098 et
380 4052 451 4113 uos,
476 4033 510 4096 in
531 4032 596 4096 bne
621 4034 727 4097 seculi
753 4033 912 4099 innovati·
964 4032 1203 4115 corrumpendae
1229 4031 1302 4110 sint,
1327 4033 1411 4113 quod
1441 4040 1473 4095 et
1497 4033 1640 4114 quotidie
1664 4034 1715 4115 lit,

165 4152 287 4216 cneque
311 4132 422 4196 mundi
447 4140 563 4195 terram
583 4132 775 4214 planandam
796 4156 803 4193 :
824 4134 909 4215 quod
964 4130 1132 4194 elementis
1156 4130 1324 4193 contrariis
1346 4130 1379 4192 in
1400 4150 1434 4193 se
1456 4129 1595 4195 invicem
1621 4150 1717 4215 agen-

165 4234 283 4316 absque
296 4232 454 4296 montium
468 4232 679 4313 prostratione
694 4250 758 4296 aon
773 4231 840 4295 fiet.
857 4233 910 4297 Se·
925 4228 950 4290 D
964 4229 1060 4292 tibus.

165 4332 272 4413 quitur
284 4330 327 4395 ibi
344 4353 352 4391 :
369 4333 462 4393 Hora
477 4331 637 4399 amunte,
651 4334 767 4390 coelum
788 4333 910 4391 minde-
1005 4328 1149 4411 capitulo
1187 4326 1384 4408 octogesimo
1422 4334 1534 4391 octavo
1569 4328 1714 4411 babetur,

167 4440 222 4490 tur
235 4440 267 4491 et
280 4428 522 4490 debilitabitur.
538 4426 569 4489 Si
591 4426 653 4490 hoc
673 4427 713 4489 de
735 4427 811 4490 reali
833 4428 912 4491 scis·
965 4427 1201 4509 quodquidam
1220 4429 1380 4486 daemones
1398 4428 1497 4503 prius
1515 4430 1638 4488 assueti
1657 4448 1716 4489 coe·

167 4529 255 4592 sione
269 4525 447 4591 coelestium
461 4525 587 4588 orbium
602 4524 911 4608 prolemtur,verum
966 4532 1035 4587 lam
1059 4528 1281 4584 auscultatam
1304 4526 1487 4594 ascendere,
1503 4544 1591 4585 nunc
1610 4528 1716 4602 ipsum

168 4646 230 4690 uon
252 4624 453 4689 credituris}
473 4623 589 4705 quibus
611 4632 716 4686 lamen
738 4625 778 4687 ud
799 4624 913 4707 impio·
964 4628 1099 4700 plattam
1114 4631 1211 4701 atque
1225 4623 1391 4681 munituna
1406 4626 1592 4684 custodibus
1608 4628 1717 4700 perui-

169 4744 239 4786 rum
259 4723 412 4806 majorem
437 4721 693 4804 perterritionem
714 4720 829 4803 aliqum
850 4723 914 4787 ior·
964 4723 1089 4799 palibus
1104 4721 1324 4796 reperiunt,et
1340 4724 1578 4781 auscultantem
1593 4742 1718 4784 omnem

170 4842 226 4885 san
240 4822 439 4905 apparebunt
452 4820 610 4899 scissura,
627 4818 710 4883 sicut
725 4820 758 4882 iu
773 4820 915 4903 lulgura-
968 4824 1062 4879 stella
1086 4819 1289 4878 lucidissima
1311 4820 1532 4897 persequitur.
1559 4819 1645 4883 istud
1670 4828 1719 4883 est

170 4920 254 4984 tione
274 4920 385 5003 :juxta
409 4937 504 5001 quem
528 4918 660 4982 modum
684 4919 717 4982 in
743 4919 914 5001 Scripturis
969 4917 1061 4979 valde
1083 4914 1216 4998 puerile,
1232 4914 1414 4995 imperitum
1439 4935 1476 4977 ac
1501 4915 1635 4979 latuum.
1653 4917 1718 4981 llae-

57 5038 129 5085 rau.
144 5019 243 5095 ,cmii
271 5018 415 5083 vicissim
448 5016 548 5099 aperti
582 5015 739 5080 feruntur.
768 5018 915 5081 Goelestia
969 5015 1119 5079 monibus
1141 5014 1226 5076 enim
1246 5013 1475 5076 determinatus
1495 5023 1543 5077 est
1566 5035 1584 5077 a
1609 5016 1717 5079 divina

47 5105 157 5217 :dm
171 5125 276 5179 auum
295 5134 431 5197 corpora
453 5114 709 5196 incorruptibilia
732 5135 751 5178 a
776 5116 916 5197 pbiloso
969 5113 1092 5196 justitia
1107 5113 1195 5176 locus
1210 5132 1229 5185 a
1243 5112 1294 5174 die
1310 5112 1571 5194 transgressionis
1586 5123 1617 5177 et
1630 5114 1718 5197 deje-

48 5189 158 5285 n'as'uir]
172 5214 243 5296 pbis
277 5213 533 5296 comprobantur.
563 5212 758 5295 Adiungitur
788 5232 915 5296 quoque
971 5212 1087 5276 ctionis
1112 5229 1232 5274 eorum.
1254 5210 1318 5273 Nec
1338 5211 1421 5273 Deus
1443 5230 1516 5273 curn
1537 5211 1659 5293 angelis
1680 5232 1717 5277 ac

172 5312 223 5375 bic
240 5334 249 5374 a
265 5316 308 5375 [a
325 5312 436 5388 capeti
454 5320 521 5373 octo
534 5313 599 5374 Dei
618 5313 773 5373 thronum
793 5322 916 5373 susten-
971 5310 1075 5375 beatis
1090 5309 1123 5373 in
1139 5309 1231 5390 coelo,
1247 5328 1306 5371 nec
1321 5308 1425 5390 angeli
1444 5308 1527 5372 inter
1547 5329 1581 5372 se
1602 5310 1720 5374 babent
