4309 6250
455 474 516 543 5⁰8
830 459 974 544 mrsroaa
994 498 1038 543 in
1057 494 1215 543 rnmcucs
1237 494 1429 544 carnoucos.
1452 514 1493 527 -·
1512 496 1582 543 aar.
1606 499 1625 543 v

457 672 576 750 quanta
603 666 736 731 adversa
768 666 973 733 imminerent
1006 687 1105 753 regno
1133 686 1203 749 suo,
1219 668 1245 733 Α
1259 686 1333 733 nem
1347 675 1380 733 et
1393 668 1561 733 utilitatem
1574 668 1735 750 Ecclesie,
1744 669 1925 753 patientiam
1936 688 1984 735 an·

457 783 523 830 non
550 765 731 848 desperavit
757 768 797 830 de
825 768 928 848 venia,
954 768 1010 832 sed
1034 766 1204 831 confestim
1259 768 1426 851 plectatur.
1452 766 1588 833 Necesse
1615 778 1674 849 est,
1695 778 1727 834 et
1755 770 1922 853 plusquam
1943 789 1984 834 ue·

322 877 351 922 ru
368 878 426 935 mr.
458 864 547 929 misit
573 874 605 929 et
632 866 758 930 vocavit
784 867 823 930 ad
852 887 886 931 se
913 868 1080 931 universos
1112 886 1205 931 senes
1260 876 1422 948 cesseest,
1438 867 1613 932 hisdiebus
1628 887 1756 933 omnem
1771 870 1983 933 animositatem

311 954 369 993 '¹¹¹¹'
384 945 444 987 ¹⁴⁵·
458 965 538 1028 luda
565 972 660 1047 atque
686 965 871 1047 Jerusalem,
896 966 1102 1047 ascenditque
1131 984 1205 1029 cum
1259 966 1513 1049 discordiamque
1534 966 1686 1050 abjicere,
1702 977 1735 1032 et
1758 986 1924 1033 commune
1942 968 1984 1032 bo

458 1062 638 1127 eisetcum
652 1064 802 1127 omnibns
816 1064 892 1129 viris
907 1065 996 1146 Iuda,
1013 1084 1087 1128 cum
1103 1083 1205 1128 sacer·
1259 1082 1336 1128 num
1359 1064 1508 1128 Ecclesiae
1528 1066 1703 1129 commodis
1722 1065 1860 1149 propriis
1882 1085 1918 1129 ac
1937 1065 1983 1147 pri·

457 1162 584 1228 dotibus
599 1169 631 1225 et
644 1157 820 1246 Prophetis,
837 1164 871 1226 in
885 1164 1040 1246 ternplum
1059 1162 1126 1241 Dei,
1144 1171 1205 1227 ste·
1259 1162 1341 1226 vatis
1363 1162 1522 1244 preferre.

457 1262 561 1343 titque
574 1280 629 1325 rex
644 1280 739 1343 supra
753 1262 898 1343 gradum,
911 1269 944 1324 et
956 1261 1061 1324 foedus
1076 1280 1204 1343 percus·
1298 1259 1470 1341 Postremo,
1496 1260 1643 1341 quamvis
1670 1281 1689 1324 a
1711 1261 1847 1324 diversis
1873 1260 1983 1325 diversi·

457 1361 500 1423 sit
513 1377 622 1423 coram
636 1359 781 1438 Domirm,
795 1368 830 1422 ut
843 1359 1043 1423 ambularent
1055 1368 1121 1421 tam
1136 1359 1203 1443 ipse
1258 1356 1351 1420 mode
1374 1358 1577 1439 assignentur
1604 1367 1710 1440 partes
1738 1358 1921 1441 prudentie,
1941 1358 1982 1421 illo

456 1476 554 1540 quam
568 1458 738 1521 universus
757 1458 895 1541 populos
916 1457 986 1539 ejus
1008 1466 1080 1541 post
1099 1456 1205 1520 Domi·
1258 1465 1364 1520 tamen
1380 1456 1551 1538 assignatio
1566 1456 1661 1519 Tullii
1676 1457 1817 1520 secundo
1831 1457 1981 1522 Rhetorice

458 1576 547 1635 num,
556 1563 592 1619 ut
605 1556 801 1620 custodirent
815 1564 973 1638 precepta
986 1555 1057 1637 ejus
1072 1562 1104 1618 et
1117 1554 1206 1619 testi·
1258 1554 1384 1619 facilior
1398 1562 1429 1618 et
1443 1555 1519 1619 huic
1534 1556 1696 1639 proposito
1710 1556 1815 1638 aptior
1828 1564 1980 1639 reputatur,

457 1654 566 1719 monia
579 1653 614 1716 in
627 1654 715 1718 omni
730 1655 825 1718 corde
839 1655 919 1718 etin
934 1662 1000 1718 tota
1013 1654 1119 1717 anima
1134 1673 1201 1717 sua.
1258 1672 1320 1737 qua
1334 1653 1424 1736 ponit
1438 1662 1501 1717 tres
1516 1673 1586 1718 esse
1600 1654 1775 1737 prudentie
1790 1663 1903 1737 partes,
1914 1654 1982 1717 vide

457 1753 577 1817 Deinde
604 1761 733 1816 sanctus
762 1772 816 1816 rex
844 1753 910 1834 illc,
935 1753 1023 1817 omni
1050 1752 1203 1816 dilatione
1259 1751 1344 1830 licet,
1361 1753 1548 1815 memoriam
1567 1753 1810 1835 preteritorum,
1827 1752 1982 1835 intelligen-

457 1851 726 1937 postposita,com
741 1853 863 1933 ingenti
878 1852 1004 1915 fervore
1018 1850 1241 1917 emundavitB
1259 1851 1334 1914 tiam
1369 1850 1585 1934 praesentium,
1622 1858 1653 1914 et
1689 1850 1917 1934 providentiam
1945 1850 1984 1913 fu·

456 1960 558 2016 totum
574 1971 708 2033 regnum
722 1971 760 2015 ac
773 1952 929 2034 populum
950 1970 1042 2015 suum
1064 1970 1083 2014 a
1104 1951 1205 2015 sordi-
1259 1958 1412 2013 turorum.
1447 1950 1612 2032 Quumque
1645 1948 1807 2013 consiliari
1842 1950 1882 2012 sit
1911 1957 1982 2011 aetus

457 2052 518 2116 bus
532 2061 564 2114 et
578 2051 718 2133 peccatis
732 2059 858 2133 patrum
874 2067 1015 2128 suorum,
1032 2056 1063 2113 et
1076 2068 1205 2131 genera·
1259 2047 1443 2130 prudentiae,
1454 2048 1514 2111 hoc
1529 2048 1568 2110 ad
1583 2048 1742 2129 generalis
1757 2048 1863 2113 forum
1877 2046 1984 2112 concilii

458 2150 522 2213 lem
537 2149 795 2213 reformationem
810 2149 888 2213 fecit
902 2148 936 2212 in
951 2147 1111 2212 omnibus.
1259 2146 1424 2229 potissime
1439 2145 1622 2229 pertineret,
1639 2166 1677 2211 ex
1692 2148 1856 2211 memoriis
1870 2147 1985 2230 preteri-

498 2248 590 2311 luxta
612 2249 698 2311 hunc
722 2248 852 2311 modum
876 2256 961 2311 esset
983 2266 1069 2310 nunc
1095 2264 1205 2329 proce·
1259 2255 1375 2325 torum,
1401 2265 1439 2309 ex
1463 2244 1717 2310 consideratione
1741 2266 1847 2309 rerum
1871 2265 1985 2328 presen-

458 2348 609 2410 dendum.
629 2345 782 2420 Quoniam
806 2346 913 2427 itaque
936 2353 1000 2407 tam
1024 2344 1203 2408 vastitatem
1259 2344 1351 2423 tium,
1368 2351 1400 2407 et
1419 2342 1495 2406 item
1520 2363 1557 2407 ex
1580 2344 1780 2427 providentia
1803 2363 1984 2425 eorumque

456 2443 607 2508 Ecclesiae
623 2443 689 2525 jam
709 2443 828 2506 illatam
849 2461 945 2525 quam
970 2442 1202 2521 imminentem,
1260 2451 1393 2525 possunt
1425 2442 1582 2522 accidere,
1612 2450 1722 2525 utpote
1750 2463 1789 2507 ex
1817 2442 1984 2507 lectionibus

456 2544 541 2607 Deus
561 2562 618 2625 per
635 2542 777 2606 diversos
796 2542 882 2605 viros
901 2540 1066 2618 virtutum,
1084 2539 1149 2603 imo
1173 2548 1205 2601 et
1259 2541 1470 2605 historiaiium
1490 2541 1692 2623 speculorum
1714 2549 1747 2605 ot
1770 2541 1982 2618 chronicarum,

457 2659 515 2722 per
536 2639 674 2703 feminas
696 2647 833 2720 sanctas,
859 2639 1046 2722 jamdudum
1075 2637 1204 2700 eviden-
1259 2640 1325 2704 imo
1346 2648 1378 2703 et
1398 2658 1494 2702 sacrae
1508 2639 1690 2723 Scripturas,
1706 2640 1904 2704 vivacissime
1917 2640 1986 2702 intu-

456 2745 506 2799 ter
519 2736 754 2817 multifarieque
772 2735 928 2818 praedixit,
944 2744 975 2798 et
996 2754 1082 2797 nunc
1103 2752 1204 2815 usque
1258 2738 1317 2816 eri,
1340 2738 1515 2820 ponderare
1534 2757 1570 2801 ac
1590 2736 1725 2802 definire
1743 2739 1877 2819 qualiter
1893 2745 1985 2801 contra

458 2834 659 2898 imminentia
673 2833 814 2898 minatur
826 2835 960 2897 adversa
976 2856 983 2895 ε
1001 2833 1078 2914 quid
1095 2840 1201 2910 restat,
1260 2836 1400 2919 perfidos
1422 2837 1463 2899 sit
1485 2837 1703 2919 pugnandum,
1720 2837 1854 2919 qualiter
1876 2836 1986 2899 insidia·

458 2933 534 3015 quid
563 2933 666 3011 vobis,
696 2952 716 2996 o
745 2932 855 3015 inclyti
884 2931 1048 3014 Principes
1075 2950 1113 2994 ac
1142 2930 1203 2993 viri
1260 2953 1330 2998 rum
1355 2934 1497 3017 pericula
1522 2936 1587 2998 sint
1609 2935 1748 3013 vitanda,
1769 2936 1920 3017 quomodo
1940 2953 1986 3016 pu-

457 3031 619 3109 catbolici,
633 3039 730 3095 restat
743 3040 775 3095 et
789 3030 947 3093 incumbit
959 3028 1202 3111 agendum,nisi
1223 3030 1431 3117 anantibus
1450 3042 1560 3097 contra
1582 3033 1732 3098 infideles
1756 3042 1840 3097 esset
1863 3032 1986 3115 quotidie

457 3141 493 3195 ut
506 3149 618 3195 omnes
633 3130 752 3214 pariter
766 3130 890 3194 intretis
904 3129 1084 3206 ecclesiam,
1101 3138 1133 3192 et
1148 3129 1204 3190 mi·
1261 3136 1689 3216 succurrendum,qnomodo
1705 3135 1801 3198 etiam
1817 3153 1871 3218 pro
1885 3134 1985 3196 eisdem

457 3229 661 3293 sericordiam
675 3229 831 3292 Creatoris
852 3227 1055 3292 devotissime
1077 3227 1204 3290 invoce
1260 3243 1292 3297 et
1306 3252 1363 3315 pro
1377 3233 1539 3297 communi
1556 3232 1780 3297 reformatione
1801 3233 1904 3316 populi
1918 3231 1987 3294 cbri-

457 3330 510 3407 tis,
526 3329 643 3392 deinde
656 3329 744 3392 omni
766 3346 855 3391 mora
875 3327 1009 3408 abjecta,
1028 3326 1203 3409 procuretis
1261 3331 1366 3412 stiam,
1384 3330 1513 3413 ubique,
1535 3331 1567 3392 in
1591 3331 1679 3394 omni
1703 3351 1813 3413 regno,
1830 3330 1985 3413 provincia,

456 3428 637 3511 generalem
665 3426 737 3490 fieri
765 3426 932 3508 synodum,
961 3433 994 3488 et
1025 3425 1204 3488 universale
1261 3431 1339 3493 urbe
1363 3449 1399 3492 ao
1425 3447 1507 3511 pago
1532 3435 1563 3493 et
1585 3429 1770 3512 particulari
1795 3429 1930 3493 Ecclesia
1950 3427 1987 3488 fa-

457 3526 611 3590 celebrari
633 3524 816 3606 concilium,
837 3525 869 3587 in
890 3524 1012 3607 quode
1031 3524 1205 3607 emendati·
1261 3531 1382 3594 ciendae
1397 3537 1504 3593 essent
1524 3530 1564 3592 ab
1582 3529 1671 3593 omni
1691 3529 1785 3613 plebe
1806 3525 1986 3592 christifideli

457 3646 519 3690 ooe
544 3626 669 3703 idonea,
685 3627 725 3688 de
745 3624 970 3688 reformatione
991 3622 1149 3703 condigna
1171 3622 1203 3684 in
1260 3629 1491 3711 processiones,
1512 3627 1682 3707 orationes,
1703 3627 1907 3706 abstinentie,
1922 3625 1987 3704 vigi-

457 3724 544 3789 omni
566 3725 677 3806 gradu,
693 3731 777 3786 statu
801 3731 832 3786 et
855 3723 967 3787 ordine
985 3720 1204 3785 ecclesiastico
1245 3726 1323 3807 lie,
1339 3726 1516 3809 discipline
1540 3735 1570 3788 et
1595 3725 1824 3790 celebrationes
1846 3743 1899 3807 pro
1922 3741 1987 3806 pre

458 3822 689 3907 sapientissime
717 3829 936 3905 pertractetur,
961 3819 1204 3902 diligentissime
1260 3824 1410 3887 lientibus
1435 3832 1545 3887 contre
1569 3823 1761 3902 increduloS,
1783 3832 1815 3887 et
1837 3840 1892 3905 pro
1913 3819 1987 3885 omni

458 3923 673 4007 provideatur,
710 3932 742 3986 et
776 3921 1002 3984 efficacissime
1041 3919 1205 3983 ordinetur
1261 3923 1486 3988 reformatione
1509 3923 1668 3987 Ecclesiae.
1686 3909 1811 4005 stoque
1836 3918 1987 3986 celebratio

457 4023 594 4108 qualiter
626 4023 734 4087 omnia
768 4020 961 4084 exsecutioni
990 4018 1203 4082 mandenturl
1261 4024 1371 4105 synodi
1392 4021 1549 4104 generalis
1575 4021 1754 4085 necessaria
1778 4042 1816 4086 ac
1839 4020 1988 4084 utilissima

455 4123 570 4200 Nolite,
593 4142 612 4186 o
636 4120 797 4203 Principes
820 4118 962 4202 gloriosi,
984 4126 1115 4201 propter
1137 4137 1204 4180 rem
1260 4131 1355 4201 esset,
1381 4129 1445 4184 tam
1475 4139 1532 4203 pro
1560 4119 1786 4184 reformatione
1814 4121 1879 4204 ipsa
1906 4116 1988 4182 tolita

456 4242 599 4307 pervum,
629 4220 690 4283 hoc
718 4226 766 4281 est
800 4226 930 4300 propfer
956 4216 1203 4281 discordantiam
1221 4213 1245 4275 [l
1261 4219 1419 4300 Ecclesiae,
1445 4239 1541 4301 quam
1564 4237 1623 4300 pro
1647 4238 1800 4302 prospero
1824 4216 1988 4282 christiano·

456 4321 543 4385 circa
557 4320 674 4402 lecum,
691 4316 937 4381 celebrationem
951 4316 1109 4398 generalis
1131 4334 1205 4378 con·
1261 4337 1331 4381 rum
1347 4317 1530 4400 principum
1545 4325 1655 4380 contra
1670 4317 1820 4382 infideles
1834 4313 1986 4397 triumpho.

456 4420 524 4485 cilii
539 4419 693 4498 omittere,
710 4417 887 4499 ampliusve
905 4415 1037 4478 differre
1057 4423 1120 4476 tarn
1139 4433 1205 4476 ma-

456 4539 567 4604 gnum,
593 4527 657 4580 tam
685 4516 940 4592 saluberrimum,
967 4523 1030 4576 tarn
1059 4533 1204 4577 necessa·
1481 4536 1726 4602 ARTICUDUS
1752 4537 1793 4600 V⁸

457 4619 541 4682 rium
573 4618 703 4680 bonum.
735 4614 766 4677 Si
794 4613 940 4696 generale
969 4612 1142 4676 concilium
1172 4613 1203 4675 in

455 4718 606 4798 lugduno
622 4714 847 4778 convenienter
861 4711 1013 4775 celebrari
1028 4730 1091 4774 non
1108 4712 1202 4791 valet,
1300 4769 1329 4820 et
1344 4761 1490 4839 quotz-die
1504 4760 1541 4818 in
1556 4759 1702 4819 Ecclesia
1721 4759 1885 4825 oriamur,
1899 4775 1936 4814 ey
1949 4773 1990 4812 ne

457 4819 562 4902 9¹⁸⁰&
586 4816 661 4890 Μ’
685 4813 808 4923 ρι’,ῧθᾶῐ
832 4811 908 4921 nefa
930 4809 1205 4921 Donfimfifflibus
1297 4849 1458 4926 eligantia
1473 4857 1504 4908 et
1523 4848 1683 4908 dilatione
1701 4846 1885 4907 celebrandi
1901 4842 1989 4904 conci·

456 4915 572 4980 vestris
591 4912 803 4991 concorditer,
820 4918 856 4972 ut
874 4929 907 4971 rn
927 4908 1133 4991 Norrmbcrga
1152 4917 1206 4971 aut
1301 4939 1348 4998 lia
1360 4937 1542 5015 mmm-a·

458 5017 492 5082 in
511 5016 582 5078 foco
606 5010 764 5077 consimili
791 5007 970 5072 celebretur
993 5008 1052 5071 hac
1076 5008 1158 5086 vice,
1174 5017 1206 5070 et

458 5123 567 5199 postea
599 5118 779 5195 opportuno
807 5116 948 5189 tempore
978 5106 1011 5169 in
1039 5106 1203 5187 Lugduno.
1264 5103 1411 5307 QUAM
1425 5104 1561 5169 salubris
1576 5114 1607 5169 et
1622 5105 1785 5168 fructuosa
1799 5111 1843 5167 est
1856 5102 1990 5184 frequens

1262 4674 1365 4740 Quom
1379 4673 1484 4730 multo
1498 4678 1527 4729 et
1539 4669 1660 4746 procia
1674 4671 1762 4728 mola
1773 4677 1842 4728 orto
1849 4668 1921 4744 jam
1933 4664 1989 4724 siro

458 5213 522 5278 Nec
542 5208 774 5274 illustrissimus
792 5208 857 5269 lter
875 5205 1015 5268 Franciae
1040 5205 1121 5268 ferat
1145 5206 1205 5269 hoc
1347 5213 1440 5286 atque
1459 5204 1599 5287 legitima
1616 5203 1812 5286 generalium
1835 5199 1990 5265 celebratio

459 5331 542 5395 aegre
560 5334 568 5374 :
584 5311 649 5374 imo
670 5315 799 5391 propter
822 5305 1043 5369 necessitatem
1065 5322 1207 5368 commu·
1264 5304 1484 5384 conciliorum,
1505 5311 1570 5366 tem
1594 5303 1711 5368 nociva
1733 5311 1765 5366 et
1787 5303 1931 5366 damnosa
1951 5305 1990 5362 est
