4309 6250
824 905 1125 1009 CONTRA

195 1220 544 1371 VITIA
643 1219 1748 1378 SUPERSTITIONUM

252 1592 504 1726 oureus
534 1592 728 1704 eruor
753 1593 1020 1706 ouuuuu
1047 1593 1205 1704 veru
1231 1593 1345 1704 our
1372 1577 1703 1708 ERRATUR¹

962 2251 1143 2314 Asecunde
1165 2270 1179 2312 s
1204 2251 1288 2314 ecies
1310 2272 1348 2314 su
1372 2252 1558 2316 erstitionis.
1577 2253 1682 2318 Tertio
1703 2273 1753 2318 or·

351 2307 596 2372 ARTICULUS
619 2308 794 2372 PRIMUS·
1002 2349 1129 2413 dinetur
1143 2270 1248 2412 cultus
1262 2350 1318 2413 Dei
1340 2272 1379 2413 all
1400 2351 1607 2416 directionem
1623 2361 1751 2416 actuum

199 2461 288 2527 Quid
301 2459 346 2518 sit
361 2457 947 2532 superstitio,etdespecietusipsius.
1002 2448 1215 2511 humanorum
1241 2468 1259 2510 a
1288 2449 1408 2531 Spiritu
1433 2449 1547 2513 Sancto
1576 2453 1751 2514 secundum

1003 2555 1161 2630 prrecepte
1184 2555 1217 2609 et
1240 2548 1431 2611 documento
1455 2568 1551 2612 secrae
1570 2549 1750 2631 Scripturas.

262 2645 389 2724 uuum,
406 2643 487 2706 sieut
506 2651 692 2725 preelectum
710 2651 770 2722 est,
785 2650 833 2704 est
848 2643 949 2705 virtus
1003 2643 1041 2706 Et
1060 2645 1164 2726 quood
1187 2645 1259 2722 hoc,
1276 2644 1448 2727 opponitur
1468 2645 1567 2708 letriae
1586 2645 1753 2728 multiplex

276 2743 405 2806 moralis
420 2741 598 2805 consistens
619 2740 651 2802 in
667 2740 783 2803 medio.
800 2741 873 2804 ldeo
890 2742 950 2804 du·
1004 2743 1183 2806 observatio
1207 2743 1328 2818 illicite,
1346 2751 1381 2804 ut
1404 2752 1452 2806 est
1476 2743 1654 2808 observatio
1677 2743 1753 2806 artis

201 2843 402 2926 plexritium
417 2841 447 2905 ei
462 2841 758 2922 opponitur:uuum
773 2841 949 2903 secundum
1005 2841 1148 2918 notoriae,
1172 2851 1203 2903 et
1231 2840 1410 2904 benedictio
1439 2861 1494 2904 seu
1520 2841 1676 2922 adjuratio
1702 2840 1752 2904 vel

201 2962 378 3020 excessum,
408 2941 491 3022 quod
528 2939 711 3021 superstitio
744 2940 948 3022 appellatur3
1004 2940 1142 3020 ligature
1161 2939 1272 3002 illicite
1290 2963 1296 3002 :
1314 2939 1648 3021 dequibusomnibus
1670 2939 1753 3003 iufra

200 3043 287 3104 uliud
317 3039 492 3102 secundum
521 3038 694 3116 delectum,
721 3038 804 3100 sicut
828 3039 948 3101 acedia.
1005 3038 1137 3101 dicetur.
1154 3039 1193 3100 Et
1214 3037 1280 3101 herc
1301 3038 1479 3101 observatio
1501 3047 1549 3100 est
1570 3039 1663 3101 tertie
1684 3058 1753 3121 spe-

199 3141 322 3203 Dicitur
349 3147 455 3201 eutem
485 3137 668 3219 superstitio
704 3137 816 3200 vitium
851 3138 951 3201 letriae
1005 3138 1071 3201 cies
1097 3138 1342 3219 superstitionis
1364 3138 1478 3199 Omnes
1503 3137 1609 3218 itaque
1629 3138 1753 3220 species

200 3237 396 3302 contrarium
415 3255 473 3318 pcr
493 3254 670 3313 excessum,
694 3254 757 3297 non
779 3236 862 3317 quod
887 3236 951 3299 Ileo
1006 3237 1074 3299 istm
1089 3236 1196 3298 virtuti
1214 3236 1312 3299 latriae
1328 3235 1491 3316 cultuique
1505 3235 1614 3298 divino
1629 3243 1754 3299 contra-

200 3336 302 3420 possit
320 3334 423 3415 maior
445 3333 605 3396 veneratio
626 3333 767 3396 exhiberi
789 3353 885 3415 quem
904 3334 952 3396 di·
1007 3335 1140 3398 riuntur.

201 3455 284 3518 gnus
312 3442 361 3497 est
388 3431 477 3513 (imo,
507 3451 606 3513 quum
636 3432 678 3494 sit
711 3433 889 3495 sanctitutis
921 3440 990 3503 etB

202 3533 379 3615 mejestatis
400 3532 573 3609 immensus,
594 3531 628 3593 in
649 3530 815 3594 inlinitum
839 3532 952 3614 mej0ri
1222 3588 1466 3653 ARTICULUq
1490 3590 1521 3651 H

203 3642 254 3696 est
272 3632 389 3713 dignus
411 3630 531 3693 honore
555 3649 593 3692 ec
617 3630 706 3693 cultu
729 3649 824 3712 mem
849 3631 954 3693 sibia
1444 3628 1453 3649 ¹
1526 3638 1533 3651 '

203 3730 359 3795 creaturis
387 3729 485 3811 pOSSll
514 3727 681 3810 impendi),
713 3728 769 3791 sed
801 3730 953 3810 quonlam
1009 3740 1097 3807 Quid
1116 3740 1158 3797 sit
1172 3739 1348 3805 divinatio,
1363 3746 1393 3796 et
1407 3738 1447 3795 de
1460 3738 1622 3812 speciebus
1638 3738 1753 3813 ipsius.

203 3830 332 3892 exhibet
356 3827 478 3890 cultum
501 3826 648 3889 divinum
674 3828 727 3889 cui
752 3846 817 3891 non
846 3828 951 3905 debet,

203 3928 353 3990 videlicet
380 3925 486 4005 idolis,
515 3934 571 3987 eut
602 3944 640 3988 eo
668 3927 763 3989 modo
791 3945 854 4007 quo
889 3946 952 3989 non
1078 3924 1245 3987 lVlNATlO
1274 3932 1322 3987 est
1350 3932 1500 4006 usurpato
1531 3923 1754 4006 praenuntietio

204 4028 311 4089 debet.
1093 4023 1271 4087 futurorum
1300 4030 1471 4085 eventuum
1504 4046 1511 4086 :
1542 4022 1626 4084 unde
1654 4020 1755 4083 divini

245 4124 387 4206 Denique
402 4122 507 4185 cultus
521 4122 649 4185 divinus
668 4122 832 4185 ordinatur
851 4123 955 4205 primo
1009 4125 1069 4186 hoc
1099 4123 1192 4185 modo
1221 4129 1385 4198 vocantur,
1411 4120 1465 4202 qui
1494 4120 1635 4183 indebito
1660 4120 1754 4182 modo

203 4226 244 4287 ed
262 4221 472 4285 reverentiam
486 4220 551 4283 Deo
574 4220 714 4303 plenarie
730 4220 953 4285 exhibendam.
1010 4222 1069 4284 sibi
1094 4228 1250 4301 usurpent
1273 4221 1356 4301 quod
1382 4220 1435 4281 uei
1462 4227 1520 4297 est,
1544 4226 1652 4299 utpote
1677 4237 1756 4300 praee

203 4322 263 4385 Cui
297 4320 469 4402 opponitur
496 4318 684 4394 idololotria,
715 4337 778 4400 que
811 4327 955 4381 creatura
1010 4321 1093 4383 scire
1113 4339 1149 4382 ac
1169 4318 1379 4401 praeuuutiere
1400 4317 1507 4379 luturu
1532 4336 1609 4399 pure
1634 4316 1758 4380 contin-

204 4420 323 4483 colitur
342 4418 447 4499 potius
468 4416 867 4498 quamCreetorzidcirco
889 4418 957 4481 ido-
1011 4418 1127 4501 gentle,
1155 4436 1289 4500 quorum
1320 4417 1524 4498 praecognitio
1555 4423 1604 4477 est
1630 4416 1758 4498 proprie

206 4517 333 4581 lolutrie
356 4524 404 4577 est
431 4514 534 4596 primu
557 4514 681 4596 speeies
707 4516 954 4598 superstitionis.
1011 4517 1085 4580 [leo.

205 4616 354 4679 Secundo
378 4612 434 4676 Del
462 4612 567 4676 cultus
591 4613 755 4676 ordinetur
777 4616 816 4677 ad
842 4616 902 4677 hoe
923 4623 997 4684 utc
1052 4615 1146 4678 Porro
1176 4613 1282 4675 lutura
1309 4612 1477 4693 dupliciter
1504 4619 1757 4693 praenoscuntur.

206 4717 304 4777 homo
323 4713 497 4774 instruetur
519 4732 538 4774 e
561 4711 625 4774 [leo
649 4730 743 4793 quem
763 4712 848 4791 colit,
868 4713 957 4793 juxte
1011 4712 1115 4777 Primo
1141 4713 1174 4776 in
1203 4732 1236 4774 se
1266 4710 1342 4793 ipsis
1368 4734 1375 4771 :
1401 4718 1432 4772 et
1460 4710 1506 4772 sic
1534 4710 1617 4773 Deus
1646 4720 1761 4774 cuncte

55 4844 99 4884 rs.
110 4852 192 4887 mm,
207 4812 289 4875 illud
318 4810 350 4870 in
380 4808 502 4872 Psalmo
532 4832 540 4871 ι
570 4809 661 4871 l'iem
688 4810 956 4891 justificationum
1013 4811 1120 4874 future
1145 4810 1321 4873 certissime
1346 4808 1524 4890 praenoscit,
1540 4809 1614 4891 quio
1635 4808 1667 4870 in
1690 4808 1761 4871 luce

39 4910 75 5011 il
88 4981 142 5008 mn
156 4968 183 5007 Β
206 4921 336 4975 tuarum
353 4908 473 4970 instrue
488 4928 556 4983 me3
569 4915 612 4986 et,
625 4908 738 4971 Beatus
752 4910 847 4971 homo
862 4929 956 4991 quem
1014 4910 1176 4993 sapientise
1192 4930 1256 4971 sum
1270 4909 1379 4971 omnia
1392 4908 1498 4969 lutura
1518 4915 1667 4989 tanquam
1684 4926 1762 4989 prae-

79 5006 84 5009 ’
145 4999 151 5014 ’
185 4993 244 5074 'tu
259 5006 428 5085 erudieris,
444 5006 587 5070 Domine.
605 5006 642 5068 lit
664 5015 816 5088 quantum
831 5008 871 5069 ud
886 5008 957 5085 hoo,
1015 5008 1118 5071 sentia
1139 5006 1329 5070 eternaliter
1351 5007 1501 5068 intuetur.

206 5105 320 5175 virtuti
336 5105 436 5168 letriae
451 5105 622 5187 opponitur
642 5105 807 5182 divinatio,
823 5125 894 5187 quae
913 5115 961 5167 est
1055 5108 1201 5169 Secundo
1230 5112 1470 5189 praenoscuntur
1498 5104 1605 5167 lutura
1634 5104 1665 5165 in
1696 5103 1762 5165 suis

258 5297 268 5335 ¹
288 5294 331 5344 Ex
345 5291 467 5344 editione
481 5290 641 5345 Coloniensi
656 5292 731 5343 Petri
745 5292 874 5354 Quentel,
892 5294 964 5345 1533.
