4309 6250
435 475 494 542 178
1122 496 1293 546 neomuto!

435 673 484 729 ost
504 686 603 729 unum
618 686 654 731 ac
669 665 808 749 primum
830 674 951 750 septem
973 667 1130 731 donorum
1151 666 1286 750 Spiritus
1307 667 1426 746 Sancti,
1443 674 1518 729 sunt
1537 666 1768 751 intelligenda:
1785 666 1825 729 de
1847 683 1920 748 qua
1942 662 1999 726 Sa·

306 784 362 841 Saa-
375 797 390 836 ι.
400 787 420 828 ⁴·
437 772 564 854 pientiae
578 774 681 856 primo
696 774 868 855 inducitur,
883 774 917 837 ln
933 774 1122 839 malevolam
1138 774 1277 837 aninam
1299 792 1363 839 non
1383 774 1527 838 introibit
1546 774 1712 856 sapientia.
1728 774 1816 837 lianc
1836 772 1998 855 equidem

437 880 624 963 sapientiam
640 881 747 944 nullus
763 881 936 946 inmortali
952 882 1107 945 exsistens
1128 882 1205 945 vitio
1224 882 1330 946 babet.
1346 882 1402 944 Est
1420 889 1574 945 autemst
1592 881 1655 945 alia
1674 881 1843 965 sapientia,
1862 886 2000 942 natura·

436 988 486 1066 lis,
503 987 703 1068 scholastica,
720 1009 790 1072 qum
812 1008 868 1071 per
886 990 1026 1053 studium
1045 989 1208 1054 obtinetur
1226 1010 1282 1055 seu
1301 990 1458 1053 discitur:
1476 1010 1546 1073 quae
1564 989 1682 1072 duplex
1700 990 1860 1065 consistit,
1878 993 2000 1068 utputa

436 1094 660 1178 philosophica
681 1104 714 1159 ct
735 1098 967 1179 theologicalis.

496 1202 648 1279 Quoniam
663 1223 740 1285 ergo
754 1212 840 1267 muta
855 1205 1017 1288 sapientiae
1033 1214 1133 1269 exstat
1151 1205 1310 1284 nobilitas,
1326 1206 1403 1268 hinc
1422 1206 1530 1268 anima
1549 1213 1613 1284 tua,
1630 1204 1811 1288 praedilecte
1832 1224 1873 1267 ac
1899 1220 2000 1266 vene-

437 1309 546 1373 rabilis
561 1310 659 1374 irater
672 1310 851 1391 Guillelme,
867 1312 901 1375 in
915 1314 975 1377 hac
990 1313 1102 1376 ultima
1121 1321 1175 1376 tua
1194 1320 1284 1376 aetate
1307 1314 1470 1397 sapientias
1490 1314 1594 1393 avida,
1611 1332 1662 1376 me
1685 1313 1809 1395 rogavit
1830 1312 2000 1376 instanter

434 1423 591 1498 quatenus
605 1418 725 1499 aliquid
742 1419 800 1482 tibi
816 1420 1014 1483 conscribam
1036 1420 1075 1483 de
1097 1421 1275 1503 modoque
1297 1421 1444 1484 homines
1466 1421 1559 1485 electi
1582 1441 1617 1484 se
1638 1420 1778 1483 invicem
1799 1431 1948 1484 noscent
1967 1430 2000 1485 et

433 1534 566 1587 cernent
580 1525 614 1600 in
630 1544 727 1608 regno
743 1527 875 1590 coelesti.
892 1527 931 1589 Et
945 1528 1075 1609 quidem
1089 1530 1129 1592 de
1145 1529 1205 1591 ista
1220 1529 1353 1591 materia
1372 1529 1517 1593 doctores
1539 1527 1688 1592 catholici
1710 1528 1841 1611 copiose
1864 1530 1999 1593 subtili-

432 1637 542 1712 terque
558 1632 775 1715 scripserunt3
793 1634 848 1697 sed
863 1635 1015 1717 quoniam
1030 1636 1132 1699 laicus
1146 1656 1192 1717 es,
1208 1644 1241 1700 ot
1254 1636 1321 1699 baec
1337 1635 1407 1718 ipsa
1422 1654 1492 1718 que
1506 1636 1565 1700 tibi
1586 1636 1703 1717 scribo,
1720 1636 1753 1698 in
1775 1636 1997 1701 Teutonicum

433 1738 601 1803 transferri
615 1748 718 1823 optas,
736 1742 884 1825 congruit
899 1751 933 1805 ut
946 1742 1034 1824 juxta
1050 1745 1141 1807 tuam
1160 1744 1369 1826 capacitatem
1389 1745 1580 1807 scribantur.
1597 1744 1770 1828 Eupropter
1784 1744 1934 1826 planius,
1952 1746 1999 1809 la-

435 1846 527 1909 cilius
548 1866 675 1930 quoquc
696 1869 760 1932 quo
780 1858 903 1933 potero,
920 1850 1041 1933 loquar.
