4309 6250
469 492 588 540 corana
609 491 777 539 rmnnrax
797 492 969 550 annonari,
990 493 1080 540 arsen
1101 493 1133 540 u.
1157 512 1196 524 -
1217 494 1285 540 lnr.
1309 495 1361 540 ιιι
1413 528 1418 542 .
1635 478 1696 544 303

146 661 186 724 De
199 663 260 724 boc
273 669 306 723 et
319 661 416 725 miror
429 662 506 744 quid
521 661 619 725 luerit
631 662 808 725 ldabometo
823 669 887 725 tam
902 664 926 725 Α
944 663 1054 744 utique
1080 663 1111 726 id
1135 662 1268 746 implere
1291 688 1297 725 :
1320 673 1425 728 tamen
1445 684 1502 748 per
1522 666 1618 729 verba
1638 663 1693 728 illa

145 759 229 822 lalsae
257 760 448 823 narrationis
475 761 603 824 occasio
633 783 641 823 ι
671 760 732 823 nisi
761 760 842 823 lorte
870 780 889 823 a
943 781 1006 824 nun
1029 761 1069 824 lit
1093 761 1336 826 matrimonialis
1358 773 1548 828 contractus.
1567 763 1598 827 Si
1618 782 1694 828 vero

146 858 261 940 Sergio,
278 857 360 922 laiso
380 867 413 921 et
435 859 585 924 heretico
607 859 776 938 monacho,
792 867 848 922 aut
870 878 889 921 a
943 880 1001 944 per
1020 860 1117 924 verba
1136 862 1176 924 de
1196 862 1344 946 praesenti
1366 861 1562 946 exprimatur
1583 863 1696 944 conju-

146 957 254 1020 Juduis
281 956 495 1038 nequissimis,
525 957 646 1040 aliquid
680 958 818 1022 audierit
848 958 888 1020 de
942 957 1023 1041 galis
1037 977 1224 1041 consensus,
1241 969 1276 1024 ut
1290 961 1317 1024 si
1332 961 1469 1040 dicatur,
1485 961 1551 1044 Ego
1571 961 1695 1044 accipio

145 1063 299 1137 precepto
317 1055 402 1136 quod
426 1054 553 1119 Godana
572 1054 649 1118 iecit
672 1055 793 1138 pupulo
817 1074 887 1136 suo,
943 1065 974 1120 te
1002 1057 1036 1119 in
1065 1077 1168 1120 meam
1197 1077 1349 1139 uxorem;
1380 1059 1420 1122 lit
1453 1059 1694 1126 matrimonialis

146 1154 183 1215 de
204 1153 318 1216 baustu
342 1171 443 1234 aqua.
471 1153 557 1218 Unde
579 1155 613 1216 in
637 1154 782 1217 iudicum
807 1153 888 1218 libro
943 1163 1137 1236 contractus,
1154 1175 1213 1219 nec
1234 1155 1309 1218 licet
1331 1157 1508 1222 dissolvere
1532 1168 1586 1222 aut
1610 1177 1695 1222 rum-

73 1273 112 1315 as
146 1250 267 1332 legitur,
287 1251 373 1332 quod
396 1251 549 1315 Dominus
572 1252 711 1316 Gedeoni
737 1252 888 1335 pracepit
943 1272 1018 1335 pere
1042 1274 1128 1333 eum,
1150 1255 1178 1316 ei
1204 1255 1259 1336 qui
1285 1253 1328 1316 ita
1352 1256 1517 1320 contraxit.
1539 1258 1694 1341 Sponsam

55 1368 60 1377 ·
145 1358 178 1411 ut
191 1348 276 1413 lilios
290 1349 385 1412 lsrael
401 1369 511 1413 secum
525 1350 678 1414 collectos
696 1351 827 1414 duceret
846 1351 886 1413 ad
942 1371 1019 1432 ergo
1045 1353 1089 1416 ita
1116 1361 1281 1435 acceptam
1311 1355 1479 1436 repudiare
1514 1375 1578 1420 non
1607 1357 1692 1434 licet,

144 1467 249 1529 aquas.
264 1447 332 1522 Duo
348 1447 442 1525 lacto,
458 1448 611 1511 Dominus
626 1449 707 1512 dixit
723 1471 730 1510 ε
747 1448 806 1523 Qui
822 1467 888 1511 ma·
943 1450 1038 1513 etiam
1053 1459 1127 1514 ante
1147 1459 1328 1515 contactum
1349 1453 1462 1536 ipsius,
1480 1455 1542 1516 nisi
1566 1464 1695 1538 propter

143 1567 184 1608 nu
198 1554 230 1609 et
242 1546 352 1628 lingna
367 1547 560 1610 lambuerint
573 1549 770 1629 aquas,sicut
784 1547 889 1611 solent
943 1549 1109 1632 religionis
1133 1551 1323 1633 ingressum.
1340 1553 1382 1614 De
1405 1552 1466 1616 bac
1488 1572 1533 1632 re,
1550 1554 1634 1616 sicut
1654 1555 1694 1617 de

143 1664 234 1708 canes
261 1645 414 1724 lambere,
443 1645 607 1728 separabis
638 1664 693 1710 eos
721 1665 886 1723 seorsum;
942 1649 1068 1727 ceteris,
1092 1649 1191 1713 multa
1216 1657 1301 1714 certe
1327 1669 1453 1732 possem
1478 1653 1691 1732 conscribere,

142 1744 193 1824 qui
217 1751 324 1806 autern
348 1743 489 1806 curvatis
515 1744 652 1825 genibus
675 1745 826 1826 biberint,
853 1745 886 1807 in
943 1748 999 1810 sed
1013 1747 1161 1811 brevitati
1177 1748 1209 1810 ln
1225 1749 1374 1812 omnibus
1388 1751 1516 1814 decrevi
1532 1753 1670 1816 studere.

143 1842 237 1905 altera
259 1850 351 1925 parte
374 1851 478 1906 erunt.
505 1843 578 1906 Fuit
601 1843 708 1925 itaque
735 1844 930 1909 numerusB

143 1939 280 2003 virorum
314 1939 371 2022 qrai
408 1959 506 2004 manu
539 1941 580 2004 ad
613 1959 651 2004 os
684 1941 890 2024 projecerunt

144 2057 248 2119 aquas,
266 2040 401 2103 trecenti
416 2040 488 2103 viri.
505 2041 548 2104 De
562 2059 659 2104 causa
677 2050 773 2124 atque
791 2050 890 2104 mate
1136 2059 1381 2126 ARTfflULUS
1405 2061 1497 2126 χιιι,

37 2164 62 2218 p,
78 2138 476 2222 1,ffl‚riabujuspraecepti,
500 2138 543 2202 ibi
563 2139 657 2221 plene
670 2140 889 2224 conscriptum

38 2228 107 2270 -ffll'-
144 2246 199 2300 ρει,
223 2237 382 2301 pop-vassis
410 2237 517 2320 inquo
544 2238 657 2302 flabo„
686 2240 726 2302 (ιθ
755 2247 889 2321 umque
944 2227 1065 2288 Contra
1084 2246 1213 2288 errores
1231 2229 1347 2308 quarti
1364 2230 1505 2304 capituli
1517 2231 1691 2294 Alcorani.

143 2345 287 2417 praetacta
301 2336 435 2399 historia
448 2336 570 2419 aliquid
583 2337 747 2418 didicit,et
756 2345 889 2403 nutante

142 2434 292 2498 memoria
315 2453 354 2497 ac
372 2434 545 2498 deficiente
570 2435 715 2514 scientia,
732 2437 889 2518 praeindu·
1006 2439 1214 2504 llAEClPl'lUll
1230 2441 1262 2504 in
1284 2442 1344 2504 isto
1366 2442 1530 2525 capitulo:
1557 2445 1624 2506 Vim
1641 2464 1694 2505 ne-

143 2543 221 2596 ctam
248 2535 437 2597 mendosam
466 2535 724 2598 commixtionem
752 2535 886 2618 peregit,
1019 2559 1185 2620 quaquam
1216 2550 1354 2618 propter
1388 2545 1488 2620 lepem
1524 2544 1693 2619 inferatis,

142 2634 276 2696 recitans
291 2651 361 2696 rem
376 2642 510 2714 gestam,
526 2652 590 2697 non
605 2642 640 2696 ut
653 2642 742 2716 gesta
756 2644 815 2712 cst,
832 2636 888 2698 sed
943 2657 1045 2717 qaam
1066 2647 1154 2699 recia
1165 2657 1336 2720 pravaque
1356 2643 1410 2700 via
1421 2641 1595 2719 patefactae
1616 2643 1692 2704 sint.

142 2751 225 2794 more
246 2732 440 2810 vetularum,
455 2739 550 2814 prout
572 2751 643 2795 eam
667 2741 787 2814 gestam
813 2733 888 2796 binc
943 2736 976 2798 Si
991 2735 1052 2799 boc
1068 2735 1111 2798 ita
1126 2743 1184 2814 est,
1203 2737 1382 2802 eurllabon
1398 2739 1491 2802 toties
1511 2739 1693 2803 exhortatur

142 2831 212 2894 inde
232 2831 480 2912 imaginabatur.
943 2853 1017 2898 suos
1041 2835 1080 2898 ad
1107 2835 1313 2916 praeliandum
1339 2847 1448 2901 contra
1474 2837 1634 2916 infideles,
1659 2847 1693 2902 ut

176 2929 393 3008 DSarraceni,
410 2929 495 2994 veris
509 2928 699 2993 Christianis
717 2949 791 2994 vere
810 2931 888 2994 dile·
943 2933 1066 2996 scilicet
1084 2933 1197 2997 timore
1220 2942 1252 2997 et
1274 2934 1305 3012 vi
1328 2936 1425 3017 gladii
1442 2936 1514 3000 illos
1534 2937 1575 2999 ad
1601 2955 1691 3000 suam

140 3028 236 3105 cti,ad
251 3029 353 3093 libros
368 3029 486 3092 veteris
497 3029 690 3092 Testamenti
705 3029 884 3111 conlugite;
901 3023 924 3087 C
942 3031 1126 3113 pertrabant
1141 3031 1267 3114 legent
1283 3032 1344 3096 Cur
1357 3032 1451 3096 etiam
1467 3034 1563 3116 jussit
1578 3043 1612 3096 ut
1627 3054 1690 3099 non

138 3146 199 3191 non
217 3128 285 3210 jarn
305 3148 325 3191 a
344 3128 542 3209 Christianis,
558 3129 614 3191 sed
636 3129 677 3192 ab
696 3130 886 3193 adversariis
942 3132 1107 3194 credentes
1132 3150 1189 3195 seu
1217 3131 1407 3195 confitentes
1435 3152 1508 3196 eum
1537 3154 1608 3197 esse
1637 3133 1693 3197 Dei

137 3228 249 3289 nostris
263 3226 385 3290 Judieis
399 3229 513 3291 borum
530 3228 695 3291 veritatem
710 3228 884 3311 inquirite:
941 3230 1140 3313 prophetam,
1167 3239 1222 3293 aut
1250 3231 1483 3312 occiderentur,
1510 3241 1565 3295 aut
1594 3233 1693 3296 tribu-

137 3324 209 3403 imo,
225 3325 312 3409 quod
328 3326 428 3389 tutius
441 3334 501 3404 est,
519 3326 617 3391 libros
632 3328 756 3390 veteris
778 3328 886 3391 'lesta-
940 3336 1008 3391 tum
1029 3328 1268 3411 persolverentl
1283 3330 1391 3412 ltaque
1406 3331 1481 3393 huic
1498 3331 1595 3395 verbo
1617 3352 1694 3395 con-

136 3424 230 3486 menti
252 3424 409 3507 perlegite
428 3444 485 3489 seu
506 3425 634 3503 audite;
650 3434 681 3487 et
704 3427 886 3509 agnoscetis
940 3427 1073 3489 tranium
1102 3428 1179 3491 lecit
1202 3447 1239 3491 ac
1262 3429 1372 3493 docuit
1399 3429 1508 3493 multis
1535 3428 1568 3492 in
1598 3430 1691 3512 locis,

136 3542 205 3585 vera
228 3543 301 3587 esse
325 3542 398 3605 qum
421 3523 537 3602 scribo,
556 3522 701 3607 falsaque
724 3544 795 3588 esse
819 3535 884 3588 tam
940 3525 1023 3587 sicut
1043 3533 1075 3589 et
1096 3525 1181 3589 inira
1201 3526 1301 3609 magis
1323 3527 1454 3609 patebit.

136 3621 192 3683 ista
204 3641 242 3685 ex
257 3624 355 3685 tertio
368 3622 515 3685 Alcorani
531 3622 673 3705 capitulo
691 3624 883 3702 introducta,
979 3624 1113 3705 lnsuper
1126 3624 1242 3687 dicitur
1257 3625 1309 3687 bic
1329 3648 1336 3687 :
1355 3628 1582 3689 Substantiam
1597 3648 1690 3689 raam

136 3740 227 3801 quam
249 3720 316 3784 alia
340 3720 433 3784 valde
459 3722 558 3784 multa
580 3741 619 3785 ex
639 3721 775 3785 Alcoran
800 3721 885 3786 infra
939 3723 993 3782 die
1006 3730 1179 3802 noctuque,
1190 3726 1302 3799 palam
1317 3733 1348 3784 et
1362 3728 1446 3785 ctam
1462 3726 1499 3784 in
1514 3727 1577 3787 Dei
1591 3728 1691 3787 nomi·

138 3818 380 3882 introducenda.
938 3839 980 3881 ne
997 3822 1243 3891 distribuentes,
1258 3822 1408 3882 diuinam
1428 3824 1691 3887 mirericordiam

174 3917 335 3981 Postremo
349 3918 553 4000 aliaquoque
567 3917 660 4000 plura
675 3918 708 3981 in
728 3919 789 3983 islo
810 3939 886 3983 con·
938 3927 1168 3999 assequentur,
1188 3938 1246 3979 nec
1269 3920 1323 3979 bia
1347 3923 1464 3981 necin
1488 3924 1554 3981 alia
1575 3928 1691 3985 soeculo

137 4015 274 4080 tinentur
298 4016 441 4099 capitulo
465 4016 597 4079 veritate
621 4018 762 4081 carentia
785 4041 793 4081 ε
814 4037 885 4098 quea
940 4018 1088 4077 timorem
1106 4018 1266 4078 babituri.
1282 4016 1431 4091 Quamvis
1446 4019 1506 4081 boc
1528 4019 1690 4085 verificari

136 4116 254 4179 omitto.
271 4114 343 4180 Non
365 4115 452 4177 enim
474 4124 585 4179 contra
606 4116 772 4181 universos
793 4118 885 4180 Alco
939 4114 1051 4196 possit,
1067 4122 1174 4177 tamen
1190 4113 1263 4177 aliis
1278 4115 1389 4178 lishon
1404 4116 1605 4199 dogmatibus
1627 4140 1691 4183 non

136 4214 199 4275 rani
213 4233 341 4277 errores
356 4215 507 4297 proposui
530 4215 681 4293 scribere,
697 4215 774 4296 quia
796 4216 885 4279 volu·
899 4210 925 4274 D
940 4214 1112 4275 concordat
1134 4236 1141 4275 :
1164 4214 1339 4295 presertim
1363 4232 1462 4296 quum
1491 4215 1586 4295 dicat,
1617 4227 1691 4283 ante

135 4330 375 4395 menmagnurn
394 4312 426 4375 id
446 4313 550 4396 ipsum
573 4312 711 4395 exigeret
725 4338 733 4392 ;
749 4332 809 4396 ego
829 4334 884 4377 au·
940 4311 1039 4373 linale
1065 4310 1221 4392 judicium
1251 4330 1363 4375 omnes
1392 4312 1623 4379 intellectuales
1653 4336 1690 4381 ac

135 4418 194 4471 tem
208 4429 273 4475 non
296 4410 361 4473 nisi
383 4411 537 4493 perbreve
558 4411 689 4475 intendo
710 4412 884 4494 compilare
940 4408 1110 4471 rationales
1141 4417 1314 4487 creaturas,
1344 4410 1467 4473 seilicet
1499 4414 1630 4494 angelos
1659 4424 1691 4479 et

135 4509 324 4590 opusculum
348 4532 356 4571 ε
379 4510 464 4591 quod
489 4517 597 4573 nmen
621 4510 661 4572 ad
686 4508 884 4575 falsilioatio
940 4508 1085 4571 homines
1102 4508 1328 4588 universos,ab
1342 4510 1456 4591 angelo
1471 4512 1582 4575 mortis
1598 4513 1690 4577 inter

135 4625 202 4669 nem
212 4608 364 4671 alcorani
375 4609 702 4690 documentorumque
717 4608 884 4673 llabometi
940 4605 1108 4685 liciondas,
1137 4614 1169 4669 et
1201 4626 1258 4689 per
1290 4608 1499 4691 quadraginta
1526 4629 1627 4674 annos
1656 4614 1688 4675 in

137 4706 390 4786 [ostendendam]
412 4706 473 4769 erit
492 4704 672 4771 sulliciens.
940 4713 1041 4768 morte
1056 4724 1232 4769 mansuras.
1250 4706 1397 4771 Naturale
1416 4716 1464 4770 est
1486 4719 1591 4772 autem
1607 4730 1691 4775 mor·

174 4804 400 4869 Verumtamen
429 4824 529 4867 unum
556 4806 588 4868 in
614 4806 675 4869 isto
699 4814 884 4870 contentum
941 4812 1004 4867 tem
1039 4803 1163 4883 timere,
1194 4812 1225 4866 et
1253 4804 1337 4867 sicut
1364 4807 1473 4869 omnia
1504 4808 1691 4873 naturaliter

139 4904 275 4986 capitulo
291 4912 431 4986 tangam.
449 4903 571 4967 Dicitur
584 4904 672 4967 enim
693 4903 726 4966 in
748 4924 786 4968 eo
803 4928 810 4965 :
826 4908 886 4968 Re·
941 4910 1094 4985 appetunt
1109 4920 1189 4981 esse,
1207 4902 1250 4964 ita
1266 4922 1329 4966 non
1344 4922 1414 4967 esse
1430 4905 1602 4987 relugiunt.
1620 4908 1690 4971 Alia

139 5122 208 5161 nem
219 5112 354 5180 praeut.
371 5102 418 5165 Ad
439 5102 524 5184 quod
545 5101 786 5183 respondemus,
801 5102 886 5183 quod
942 5099 1109 5177 contraria,
1127 5109 1161 5162 ut
1175 5100 1240 5162 suis
1254 5101 1379 5163 dicetur
1392 5102 1424 5163 in
1442 5101 1530 5165 locis.
1548 5102 1690 5186 Denique

139 5200 249 5282 siquis
269 5220 331 5283 per
345 5200 441 5265 verba
461 5201 501 5264 de
521 5199 630 5264 luturo
651 5200 813 5283 promittat
831 5210 887 5264 aut
942 5199 1004 5262 alia
1027 5197 1173 5261 fabulosa
1198 5198 1369 5263 recitantur
1393 5199 1425 5263 in
1448 5198 1509 5263 isto
1534 5201 1685 5284 capitulo,

138 5296 218 5381 juret
241 5300 385 5382 aliqiram
410 5317 536 5363 sumere
559 5299 743 5381 conjugem,
761 5308 885 5363 tenetur
942 5307 1052 5362 contra
1066 5316 1136 5380 quae
1150 5298 1312 5381 disputare
1327 5318 1398 5362 reor
1413 5300 1590 5382 indignum.
