4309 6250
390 474 450 539 122
621 496 662 541 na
683 496 848 544 oronnam
868 498 906 543 ar
925 498 1074 545 muamus
1095 499 1123 543 a.
1146 498 1176 543 v.
1198 499 1316 561 mnia,
1338 498 1426 545 nara
1447 500 1491 545 ur.
1514 517 1555 527 —
1574 500 1644 545 aar.
1667 499 1713 547 xn

390 662 518 726 tissime
545 664 667 728 adstrui
701 670 850 747 queuntl
877 668 964 731 Hanc
992 667 1142 749 equidem
1156 666 1183 729 Α
1197 668 1321 731 nullum
1343 669 1525 732 mortalium
1545 677 1608 731 tam
1633 668 1772 750 gloriose
1795 668 1955 750 implesse

390 759 490 823 Filius
516 762 571 824 ille
588 763 760 844 opulentiae
779 784 816 827 ac
836 764 1067 828 munificentiae
1089 785 1144 847 pe-
1197 775 1233 829 ut
1261 767 1519 830 amandissimam
1546 767 1954 849 glorificandissimamque

391 858 479 921 nitus
503 859 651 938 infinitae,
677 880 742 943 prae
770 863 918 925 omnibus
945 864 1144 945 incompara-
1196 864 1336 943 llariarn,
1348 866 1559 927 certissimum
1573 873 1646 927 est:
1663 866 1783 948 quippe
1796 884 1869 946 quaa
1884 873 1955 927 tota

391 956 500 1019 biliter
521 958 709 1041 adimplevit
732 960 914 1039 virtutibus,
940 961 1144 1024 deiformem·
1197 963 1335 1044 agilitate
1359 972 1391 1026 ct
1408 963 1583 1043 alacritate,
1601 964 1687 1026 omni
1708 964 1834 1027 seclusa
1858 965 1954 1045 igna-
2135 923 2142 1022 i

391 1074 454 1137 que
469 1055 721 1121 uniformitatem
736 1058 842 1121 eidem
856 1059 989 1141 largitus
1010 1068 1069 1122 est.
1195 1060 1259 1139 via,
1275 1060 1337 1122 luit
1360 1061 1516 1143 Creatoris
1539 1061 1814 1143 contemplationi,
1830 1060 1950 1140 amori,

1196 1158 1361 1237 obsequio,
1379 1158 1596 1222 indesinenter
1608 1167 1641 1222 et
1655 1162 1825 1240 (quantum
1846 1160 1952 1240 possi-

591 1308 838 1375 ARTICULUS
865 1312 931 1375 ΧΗ
1196 1255 1262 1318 bile
1276 1255 1348 1335 luit)
1363 1257 1530 1319 actualiter
1544 1276 1671 1337 semper
1685 1257 1949 1337 intentamque,

935 1359 942 1373 '
1196 1353 1280 1434 quod
1295 1353 1406 1416 debuit
1418 1354 1493 1433 Deo,
1509 1354 1653 1417 exhibuit
1666 1354 1698 1417 ei
1712 1374 1770 1437 pro
1789 1354 1914 1417 viribus
1938 1379 1948 1418 :

482 1459 531 1517 De
546 1457 686 1533 justitia
708 1460 829 1519 Mariae
851 1461 1049 1519 rectissimae.
1195 1470 1377 1533 quanquam
1391 1452 1431 1513 de
1445 1452 1605 1533 condigno
1619 1471 1685 1515 non
1706 1460 1830 1535 poterat
1849 1454 1951 1533 aequi·

1196 1550 1306 1611 valens
1323 1549 1454 1611 reddere
1468 1549 1543 1628 Deo,
1560 1550 1736 1630 presertim
1758 1569 1817 1632 pro
1837 1569 1952 1631 super·

252 1648 376 1699 cum
463 1644 571 1704 ΕΟΤΙ
590 1644 738 1719 ditipunt
763 1652 801 1704 te.
828 1644 960 1705 Rectum
985 1644 1142 1724 estquod
1196 1645 1393 1709 naturalibus
1428 1646 1596 1708 beneficiis
1630 1646 1712 1727 ejus,
1746 1656 1779 1710 et
1809 1647 1950 1709 maxime

477 1739 566 1801 nulla
595 1739 750 1802 curvitate
776 1739 943 1803 distortum
968 1750 1026 1820 est,
1053 1741 1142 1827 nulla
1196 1744 1282 1825 quod
1302 1763 1372 1806 eam
1394 1744 1568 1825 assumpsit
1588 1744 1622 1806 in
1644 1752 1789 1807 matrem.

391 1836 581 1917 obliquitate
601 1836 808 1899 deflectitur:
827 1838 908 1900 sieut
923 1839 956 1900 in
972 1839 1184 1920 corporali-B
1237 1841 1399 1919 Praeterea,
1415 1842 1561 1921 quamvis
1584 1842 1681 1903 ceteri
1704 1842 1812 1904 Sancti
1833 1860 1952 1922 repen-

391 1935 452 1998 bus
477 1935 571 1997 rebus
596 1934 700 2016 primo
725 1936 870 1997 videmus
895 1936 928 1996 in
953 1936 1047 1999 linea.
1068 1938 1141 1999 ldeo
1195 1939 1301 2001 derint
1324 1938 1388 2001 Deo
1412 1957 1469 2020 per
1489 1939 1661 2019 gratiarum
1687 1940 1859 2017 actionem,
1880 1939 1953 2002 cul-

392 2040 479 2095 reeta
492 2040 542 2094 est
555 2051 647 2094 mens
661 2042 765 2095 creata
780 2053 850 2114 quae
866 2033 1022 2097 linealiter
1041 2036 1142 2097 tendit
1196 2046 1263 2099 tum
1278 2044 1310 2098 et
1324 2037 1494 2114 actionem,
1511 2056 1545 2099 sc
1567 2037 1654 2118 ipsos
1674 2045 1707 2099 ct
1725 2036 1881 2118 quidquid
1901 2037 1952 2098 di-

391 2128 423 2189 in
440 2127 551 2205 Deum,
568 2128 646 2189 etin
662 2148 754 2190 suurn
775 2129 855 2191 redit
877 2130 1081 2211 principium,
1097 2139 1143 2191 at·
1196 2135 1315 2196 vinitus
1329 2142 1532 2215 acceperunt,
1547 2142 1702 2215 quantum
1722 2153 1834 2197 eorum
1855 2134 1953 2196 infir-

392 2244 454 2308 que
474 2225 507 2286 in
530 2225 601 2306 ipso
619 2233 769 2307 tauquam
790 2226 823 2289 in
846 2227 956 2290 ultimo
975 2227 1041 2292 fine
1063 2227 1143 2290 dest-
1196 2228 1299 2290 mitati
1315 2228 1769 2309 luitpossibileznullatamen
1781 2227 1951 2291 rationalis

393 2324 478 2405 gitur
491 2343 528 2386 ac
543 2324 690 2405 quiescit,
706 2325 766 2388 boc
781 2335 839 2403 est,
854 2326 946 2406 cujus
962 2333 1025 2388 tota
1040 2326 1144 2389 inten-
1197 2344 1333 2407 persona
1356 2324 1401 2387 sic
1429 2325 1493 2388 Deo
1521 2326 1667 2406 rependit
1692 2326 1778 2406 quod
1807 2325 1849 2388 ab
1876 2325 1951 2407 ipso

392 2422 437 2485 tio
466 2430 515 2484 est
544 2423 677 2501 sincera,
709 2432 772 2486 tota
801 2424 931 2487 allectio
958 2444 1048 2507 pura,
1077 2432 1142 2486 tota
1197 2423 1328 2504 recepit,
1358 2430 1393 2484 ut
1419 2422 1451 2484 id
1474 2424 1558 2504 quod
1583 2444 1647 2486 suae
1672 2423 1856 2487 substantiae
1885 2432 1949 2503 cst,

393 2520 593 2584 conversatio
620 2520 777 2595 virtuosa;
803 2540 874 2602 quae
902 2540 962 2584 uec
991 2522 1140 2602 cogitatu,
1197 2522 1254 2584 liat
1268 2531 1300 2585 et
1313 2523 1353 2583 sit
1367 2522 1487 2603 aliquid
1501 2522 1556 2585 Dei
1572 2531 1604 2585 et
1617 2523 1657 2585 de
1676 2523 1747 2604 ejus
1769 2523 1951 2586 substantia

394 2636 454 2678 nec
475 2616 584 2696 verbo,
600 2637 660 2680 nec
681 2625 754 2680 actu
773 2637 791 2679 a
810 2618 927 2679 divina
942 2618 1142 2699 beneplacito
1197 2640 1253 2682 seu
1276 2629 1409 2698 natura,
1425 2640 1486 2683 nec
1510 2621 1569 2698 sic,
1585 2628 1621 2683 ut
1645 2622 1677 2683 id
1701 2622 1788 2701 quod
1811 2640 1850 2683 ex
1873 2621 1951 2683 sub-

393 2714 566 2776 voluntatis
580 2714 750 2793 discordat,
766 2716 919 2777 avertitur
934 2736 990 2778 seu
1010 2717 1139 2778 recedit.
1196 2718 1312 2779 stantia
1333 2737 1390 2779 sua
1415 2726 1553 2795 emanat,
1569 2726 1774 2784 convertatur
1797 2717 1831 2779 in
1856 2726 1953 2779 natu-

393 2812 480 2885 Ouod
500 2832 564 2893 prae
583 2813 707 2874 cunctis
732 2814 819 2895 puris
843 2814 1015 2875 viatoribus
1040 2814 1142 2876 llariae
1197 2835 1264 2877 ram
1283 2824 1377 2895 atquc
1398 2816 1607 2878 substantiam
1629 2815 1684 2877 Dei
1698 2838 1706 2893 ;
1722 2834 1783 2877 nec
1807 2814 1855 2877 sie
1880 2815 1950 2879 Deo

393 2908 544 2991 competit
566 2909 711 2990 gloriosae
738 2935 744 2971 :
772 2912 864 2992 cujus
888 2912 953 2973 vita
976 2912 1055 2973 nulli
1080 2912 1143 2974 luit
1196 2914 1336 2992 servivit,
1365 2921 1515 2994 tanquam
1545 2913 1686 2995 indigeat
1712 2913 1781 2995 ipse
1814 2913 1950 2976 servitio

393 3007 495 3088 culpae
514 3006 669 3083 obnoxia,
686 3008 778 3088 cujus
804 3029 928 3071 summa
951 3017 983 3071 et
1006 3016 1070 3071 tote
1094 3011 1178 3075 in-tl
1196 3020 1357 3073 creaturas.
1375 3011 1435 3073 Sed
1456 3011 1523 3073 baec
1543 3012 1603 3073 tria
1622 3020 1703 3086 tu,o
1723 3011 1950 3073 benedictissi-

392 3104 493 3168 tentio
514 3104 573 3167 luit
595 3104 843 3169 honorificentia
857 3106 1032 3186 Creatoris;
1049 3107 1140 3188 cujus
1195 3130 1249 3172 ma
1269 3109 1359 3191 virgo
1381 3108 1486 3188 blaria,
1502 3109 1566 3172 Deo
1584 3109 1740 3173 altissimo
1759 3129 1834 3172 vere
1858 3109 1950 3173 erbi-

392 3202 539 3265 universa
566 3203 697 3266 allectio
717 3203 778 3265 luit
796 3205 850 3266 Dei
868 3205 1009 3284 dilectio,
1027 3214 1081 3267 aut
1102 3207 1140 3268 ad
1195 3208 1292 3271 buisti
1310 3231 1317 3268 :
1334 3226 1450 3287 nempe
1465 3227 1502 3269 ex
1517 3216 1570 3269 tua
1584 3207 1760 3270 substantia
1774 3215 1946 3285 natusest,

391 3301 445 3364 Dei
460 3321 601 3364 amorem
620 3303 702 3364 bane
723 3311 755 3364 et
775 3303 898 3365 sincere
914 3303 1031 3380 relata3
1048 3304 1141 3383 cujus
1195 3316 1228 3368 et
1248 3306 1351 3386 portio
1365 3313 1426 3367 tuta
1441 3305 1546 3367 carnis
1565 3305 1649 3368 lacta
1668 3314 1717 3368 est
1735 3324 1809 3369 caro
1829 3304 1947 3388 ipsius,

391 3409 457 3462 tota
485 3401 696 3476 conversatio,
723 3399 817 3478 actio,
847 3401 963 3480 passio,
994 3399 1054 3461 tuit
1082 3402 1141 3463 sub
1196 3405 1307 3484 sicque
1338 3402 1565 3466 incarnationis
1599 3403 1761 3485 praebuisti
1790 3403 1819 3466 ei
1846 3412 1950 3466 mate-

392 3499 503 3560 ordine
537 3498 636 3560 divini
672 3497 789 3560 amoris
824 3498 1142 3579 irreprehensibiliter
1197 3502 1287 3579 riam,
1315 3509 1347 3563 et
1369 3501 1475 3562 carnis
1498 3509 1666 3577 naturam,
1691 3500 1808 3563 deiude
1836 3501 1946 3563 aluisti

393 3596 506 3678 posita,
524 3596 567 3658 ita
582 3596 667 3676 quod
682 3595 837 3676 quidquid
852 3597 916 3677 egit
929 3605 984 3659 aut
998 3598 1139 3678 pertulit,
1196 3599 1343 3660 eumdem
1365 3597 1398 3658 in
1418 3605 1520 3674 utero,
1542 3605 1574 3659 et
1591 3606 1702 3659 natum
1721 3616 1759 3659 ex
1777 3607 1868 3661 utero
1889 3607 1947 3661 tuo

391 3693 711 3774 compendiosissime
731 3713 768 3756 ac
787 3694 906 3776 optime
921 3695 1081 3757 ordinavit
1101 3697 1141 3757 ad
1196 3695 1317 3758 lactasti
1342 3704 1374 3757 et
1393 3694 1536 3757 educasti
1562 3694 1668 3775 ipsum
1687 3694 1832 3776 virgineo
1851 3715 1947 3757 mun-

391 3792 445 3855 Dei
468 3811 608 3855 amorem
631 3801 726 3873 atque
751 3792 917 3869 bonorem,
934 3802 966 3855 et
984 3794 1024 3855 ad
1043 3793 1142 3875 proli-
1195 3793 1395 3855 dissimorum
1418 3800 1543 3854 tuorum
1562 3792 1697 3854 uberum
1716 3791 1821 3870 lacte;
1837 3792 1892 3854 sed
1912 3801 1947 3854 ct

391 3891 540 3953 ciendum
566 3911 623 3972 per
649 3891 727 3952 illud
757 3890 791 3952 iu
820 3900 928 3952 sancta
955 3891 1137 3953 dilectione,
1195 3889 1337 3970 quotidie
1352 3890 1536 3951 ministrasti
1552 3889 1579 3951 ei
1594 3889 1627 3951 in
1643 3888 1772 3971 propria
1793 3909 1851 3951 sua
1873 3909 1946 3970 per·

390 3987 463 4050 Ideo
486 3987 530 4048 nil
553 3987 718 4067 injustitiae
740 3987 801 4049 luit
823 3987 856 4048 in
878 4007 925 4048 ca.
1195 4007 1284 4067 sona,
1301 3997 1333 4050 et
1351 3988 1502 4069 pabulum
1523 3987 1596 4050 vitae
1614 3987 1731 4070 parasti
1752 3987 1782 4049 ei
1802 3987 1943 4050 assidue.

431 4084 584 4165 Denique,
600 4093 694 4165 prout
709 4092 838 4146 sanetus
860 4083 976 4145 latetur
990 4083 1139 4161 Hilarius,
1195 4087 1266 4148 llaee
1280 4085 1387 4147 omnia
1400 4103 1536 4166 persona
1550 4086 1605 4147 [lei
1621 4093 1653 4146 et
1667 4085 1749 4146 Deus
1764 4085 1832 4166 ipse
1853 4105 1946 4148 acce

390 4183 451 4245 hoc
467 4182 632 4263 potissime
646 4182 709 4244 Deo
726 4191 882 4258 tenemur,
899 4190 935 4242 ut
948 4201 1021 4243 eum
1036 4181 1140 4243 omnis
1155 4182 1179 4242 ll
1195 4183 1242 4264 pit
1256 4202 1275 4244 a
1289 4190 1330 4261 tc,
1347 4190 1441 4261 atque
1462 4181 1495 4241 in
1515 4189 1636 4243 tantum
1656 4182 1810 4264 obligavit
1830 4202 1864 4244 se
1885 4182 1945 4245 tibi

391 4299 504 4342 sensus
527 4286 644 4357 noster,
660 4278 766 4341 omnis
785 4277 897 4354 virtus,
914 4278 978 4340 vita
1002 4287 1034 4340 et
1057 4279 1141 4342 actio
1194 4280 1390 4361 dignatione,
1407 4297 1470 4341 non
1494 4279 1694 4342 necessitate.

390 4385 500 4440 nostra
515 4377 685 4457 loquantur
698 4395 736 4438 ac
751 4383 944 4437 venerentur
961 4399 967 4437 :
984 4386 1140 4457 quatenus
1234 4379 1292 4440 Pro
1310 4377 1445 4439 aliorum
1464 4395 1590 4458 quoque
1612 4379 1824 4441 conversione
1845 4388 1877 4442 et
1895 4378 1947 4441 in·

391 4477 476 4538 sicut
490 4473 644 4556 quidquid
666 4493 787 4552 sumus,
804 4492 972 4555 possumus
994 4483 1026 4537 et
1045 4475 1140 4539 habe·
1194 4475 1344 4538 ductione
1358 4475 1398 4537 ad
1413 4474 1582 4537 amandum
1599 4484 1630 4537 et
1644 4475 1864 4539 honorandum
1877 4497 1947 4558 pro

391 4593 474 4650 mus,
490 4574 628 4654 desuper
642 4572 838 4654 sumpsimus
853 4573 994 4652 (dicente
1008 4575 1140 4654 Aposto
1194 4574 1300 4655 prium
1320 4573 1510 4651 Creatorem,
1527 4573 1632 4636 fecisti
1647 4576 1731 4656 quod
1753 4583 1843 4638 tuum
1863 4585 1944 4654 erat,

243 4672 422 4744 tcor.1v.7.lo
441 4695 447 4732 :
464 4669 543 4744 Quid
559 4669 657 4731 babes
673 4671 757 4751 quod
779 4689 844 4734 nou
866 4670 1017 4752 accepisti
1029 4675 1074 4752 l);
1092 4672 1138 4735 sic
1195 4681 1227 4734 et
1247 4671 1406 4752 proximos
1430 4690 1555 4733 summe
1577 4671 1757 4749 aedificasti,
1775 4674 1887 4754 eisque
1911 4675 1945 4736 in

391 4776 492 4832 totum
509 4768 683 4831 referamus
698 4767 732 4830 in
747 4769 857 4848 Deum,
874 4778 906 4832 et
920 4769 953 4832 in
969 4771 1038 4850 ejus
1053 4790 1140 4834 amo-
1195 4769 1412 4850 spiritualibus
1440 4769 1577 4831 maxime
1600 4769 1789 4847 subvenisti,
1815 4779 1848 4832 et
1873 4790 1946 4851 gra-

390 4887 456 4930 rem
486 4869 522 4929 dc
551 4867 672 4929 cultum
701 4886 796 4930 omne
830 4867 909 4930 illud
943 4868 1140 4950 integraliter
1194 4868 1268 4930 tiam
1285 4866 1342 4929 tibi
1357 4866 1542 4949 plenissime
1556 4865 1760 4948 impertitam,
1776 4868 1823 4930 eis
1838 4869 1946 4949 copio-

389 4973 622 5040 convertamus,
639 4985 698 5028 nec
713 4965 833 5046 aliquid
848 4967 947 5028 nostri
962 4967 1056 5030 nobis
1076 4987 1140 5029 ser·
1194 4985 1228 5027 se
1252 4964 1494 5027 communicasti
1515 4987 1522 5025 :
1546 4963 1655 5044 sicque
1679 4965 1834 5028 naturalis
1862 4966 1944 5028 illud

389 5080 512 5140 remae,
529 5060 593 5124 imo
615 5069 714 5124 totum
734 5061 898 5125 dilectioni
924 5081 960 5124 ac
984 5063 1140 5126 bonorifi-
1194 5062 1274 5143 legis
1297 5070 1500 5145 preceptum,
1517 5061 1604 5136 Quod
1629 5061 1684 5124 tibi
1710 5062 1761 5124 vis
1784 5063 1870 5142 lieri,
1890 5064 1943 5126 lac
1966 5094 2116 5146 unm,

389 5160 502 5222 centia
529 5159 705 5221 Conditoris
733 5178 770 5220 ac
799 5159 972 5222 Salvatoris
1000 5161 1139 5223 totaliter
1193 5160 1295 5237 alteri,
1321 5158 1552 5240 perfectissime
1577 5159 1773 5241 adimplesti,
1797 5170 1830 5224 et
1855 5159 2115 5260 justajgfflr·

389 5256 611 5341 mancipemus
640 5256 713 5319 totis
741 5256 864 5320 viribus
892 5257 1018 5322 nostris
1050 5257 1138 5332 Quod
1193 5257 1377 5342 peremnia
1397 5258 1437 5319 ad
1458 5258 1619 5339 proximos
1639 5257 1798 5321 exstitisti.
1993 5253 2001 5264 '
