4309 6250
504 470 623 521 enarra
644 468 811 517 rmrrnrrrr
831 466 1002 525 ninom,
1024 468 1113 516 unsa
1134 470 1174 516 rv.
1196 488 1237 499 -
1257 469 1328 517 mr.
1351 471 1383 517 rv
1657 454 1719 518 ars

166 641 443 707 conservationem
462 642 618 706 inducunt
634 664 641 704 :
658 643 813 723 quoniam
832 642 915 717 ipso-
929 639 954 702 A
970 638 1055 701 niam
1077 638 1257 704 christianas
1275 641 1427 706 doctrina
1449 645 1640 708 documenta
1660 660 1718 706 sua

166 763 245 803 rum
259 750 305 801 est
322 761 458 817 requam
474 746 637 803 coelerum.
969 738 1108 821 seleges
1130 758 1259 821 prorsus
1280 742 1524 805 contrariantur.
1541 744 1598 804 Sic
1613 744 1718 801 luceat
1743 757 1862 812 aarum,

205 840 260 903 Hae
279 848 353 902 sunt
371 847 443 903 octo
466 834 679 903 beatitudines
703 858 782 920 quas
807 836 915 900 docuit
970 842 1030 897 tue
1055 847 1175 909 vestra,
1200 836 1232 899 id
1257 846 1305 901 θεῖ
1328 839 1467 905 virtuosa
1496 850 1528 904 et
1552 839 1720 922 splendida
1734 826 1766 866 ¹⁸·

165 936 347 1001 FilinsDei.
363 936 420 1012 Qui
437 936 532 1002 etiarn
548 939 630 1001 hano
652 935 794 999 ultimam
816 934 916 997 beati-
970 936 1169 999 conversatio
1192 946 1308 1015 vestra,
1332 959 1439 999 coram
1464 941 1661 1008 hominibus,
1682 948 1719 999 ut

45 1052 116 1095 uuit.
131 1065 150 1101 ι,
165 1036 311 1098 tudinem
347 1035 548 1113 elucidando,
584 1033 750 1116 subjungit
781 1056 788 1095 :
818 1034 917 1095 Beati
970 1037 1104 1096 uideant
1124 1048 1222 1111 opera
1235 1046 1352 1099 uestra
1373 1039 1466 1109 bena,
1480 1047 1511 1098 et
1532 1039 1718 1119 plurificent

39 1121 63 1159 ¹¹·
164 1136 244 1195 estis
264 1154 366 1215 quum
387 1134 623 1195 maledixerint
648 1134 734 1193 vobis
758 1132 914 1199 hemines,
970 1137 1107 1197 Patrem
1127 1143 1271 1195 uestrum
1290 1137 1351 1215 qui
1375 1138 1411 1196 in
1434 1137 1524 1197 eoeiis
1546 1146 1605 1198 est.
1621 1134 1720 1197 hebet

164 1244 194 1295 et
207 1234 375 1310 persecuti
388 1254 442 1294 eos
454 1235 597 1309 suerint,
612 1240 642 1293 et
656 1232 808 1292 dicerint
822 1248 916 1289 omne
970 1249 1108 1312 namque
1129 1232 1349 1315 unusquisque
1375 1232 1482 1296 fidelis
1506 1253 1564 1296 sua
1587 1251 1719 1296 conver-

164 1336 291 1393 malum
306 1334 479 1393 aduersum
495 1332 771 1401 eos,mentientes,
779 1336 916 1405 prepter
939 1400 942 1405 Ι
971 1328 1093 1393 satione
1108 1330 1208 1393 Deum
1222 1330 1379 1395 honorare
1393 1340 1425 1395 et
1439 1333 1600 1414 proximos
1617 1331 1720 1395 editi-

166 1452 227 1500 me,
244 1431 276 1493 id
300 1438 360 1511 est,
377 1428 496 1493 idcirco
518 1428 608 1491 vobis
632 1428 715 1490 mala
739 1426 805 1489 hec
830 1423 917 1486 inlli-
971 1446 1043 1491 cere
1060 1428 1230 1509 :quoniam
1245 1429 1309 1493 ileo
1322 1429 1476 1493 debemus
1491 1430 1719 1493 conscientiam

164 1539 290 1611 gentes,
305 1528 457 1611 quoniam
483 1526 649 1590 Christiani
674 1524 761 1602 estis,
783 1532 814 1587 ct
839 1522 916 1585 rnihi
971 1527 1100 1607 bonam,
1129 1536 1161 1589 ct
1194 1526 1346 1609 proximis
1374 1528 1490 1592 bonam
1519 1528 1648 1606 lamam,
1679 1548 1720 1591 ne

166 1648 223 1711 per
244 1628 358 1706 iidem,
375 1626 539 1689 caritatem
564 1644 601 1689 ac
625 1622 840 1689 obedientiam
864 1622 917 1685 ad·
972 1624 1226 1688 scandalizentur
1240 1625 1274 1689 in
1289 1627 1391 1690 nobis.
1408 1627 1530 1691 ldeirco
1544 1628 1598 1710 qui
1620 1627 1721 1709 negli·
1734 1659 1874 1715 qm„

48 1742 94 1784 tud
114 1746 149 1792 ur
165 1726 305 1789 haeretis.
316 1728 461 1789 Gaudete
476 1726 511 1785 in
528 1727 588 1784 illa
602 1726 684 1784 liora
698 1732 729 1783 et
744 1726 916 1789 exsultate,
971 1724 1019 1806 git
1043 1723 1173 1806 lamam,
1194 1726 1332 1790 crudelis
1351 1735 1399 1788 est
1422 1750 1428 1788 :
1451 1726 1608 1807 siquidem
1629 1727 1720 1807 alios,

39 1806 150 1855 ²⁸⁶³*st
165 1827 322 1906 quoniam
337 1844 458 1885 merces
472 1832 579 1883 vestra
594 1823 720 1899 copiose
739 1830 785 1881 est
805 1822 841 1880 iu
859 1839 916 1879 σαθ-
932 1830 956 1893 Β
973 1830 1127 1905 quantum
1142 1823 1174 1885 in
1190 1843 1225 1885 se
1239 1832 1298 1901 est,
1311 1824 1520 1907 spiritualiter
1533 1824 1629 1905 ledit,
1646 1826 1723 1888 dan·

45 1927 219 1988 irretetis.
236 1923 318 1985 ilinc
340 1921 418 1985 dixit
436 1922 598 2005 apostolus
622 1919 808 1983 Pauluszld
833 1918 916 2000 quod
973 1921 1013 1983 do
1042 1920 1089 1983 eis
1124 1922 1325 1985 occasionem
1354 1923 1521 2005 peccandi.
1551 1923 1639 1987 Unde
1666 1924 1721 2005 qui

40 2004 64 2045 ¹⁷·
167 2021 199 2083 in
221 2022 371 2103 presenti
397 2029 445 2083 est
469 2020 630 2083 modicum
649 2027 680 2081 et
700 2018 768 2081 leve
788 2016 918 2080 tribula·
973 2037 1080 2081 eoram
1095 2018 1167 2081 aliis
1182 2019 1309 2101 publice
1323 2030 1446 2103 peccat,
1459 2029 1563 2085 tantos
1578 2021 1723 2085 occidere

164 2120 261 2183 tionis
286 2126 413 2197 nostrae,
440 2137 535 2201 supra
563 2118 693 2181 modum
718 2116 750 2178 in
775 2114 918 2177 sublimi·
973 2116 1157 2199 perhibetur
1170 2138 1189 2181 a
1203 2119 1331 2199 quantis
1348 2119 1547 2201 conspicitur
1563 2144 1570 2182 :
1588 2120 1663 2215 qu'm
1677 2121 1725 2200 (ut

165 2227 228 2281 tate
248 2226 404 2281 aeternum
428 2216 535 2299 gloria
560 2216 684 2299 pondus
707 2221 857 2297 operatur
884 2213 917 2275 in
975 2224 1094 2278 tactum
1115 2219 1178 2297 est)
1196 2226 1350 2299 quantum
1375 2219 1407 2281 in
1433 2217 1504 2300 ipso
1528 2226 1587 2299 est,
1604 2219 1725 2301 praebet

164 2318 269 2381 nobis.
288 2317 367 2379 Hine
388 2335 515 2399 quoque
535 2325 688 2397 martyres
707 2313 807 2377 sancti
834 2331 919 2375 ama·
975 2314 1020 2376 eis
1055 2334 1227 2393 venenum,
1256 2316 1289 2378 id
1322 2324 1371 2379 est
1403 2317 1592 2399 perditionis
1621 2336 1726 2381 exem·

165 2416 309 2479 rissimas
333 2424 451 2479 mortes
471 2433 530 2498 pro
548 2414 669 2477 Christo
689 2410 917 2495 patientissime
975 2412 1075 2494 plum.
1094 2414 1319 2477 Verumtamen
1333 2415 1565 2497 praeinductum
1581 2417 1642 2479 hoc
1657 2436 1726 2479 ver-

165 2515 378 2597 pertulerunt.
399 2513 468 2578 Nou
493 2514 599 2595 itaque
625 2511 752 2589 mirum,
780 2510 807 2573 si
831 2509 920 2572 Chri·
976 2511 1052 2574 bnm
1082 2512 1198 2574 Christi
1227 2512 1472 2594 intelligendum
1496 2523 1546 2577 est
1568 2515 1608 2578 de
1632 2514 1725 2578 bonis

166 2614 260 2676 stiani
276 2612 391 2677 lideles
406 2611 446 2675 ab
462 2610 647 2675 inlidelibus
668 2609 829 2673 interdum
851 2608 919 2669 vin·
975 2609 1126 2691 operibus
1141 2612 1180 2673 ad
1194 2631 1264 2693 quas
1279 2620 1435 2675 tenemur.
1452 2612 1552 2695 Opera
1566 2632 1641 2677 vero
1661 2614 1727 2675 sin·

166 2722 292 2775 cantur.
323 2711 362 2774 Et
389 2710 500 2789 nolite,
529 2729 549 2774 o
577 2709 754 2787 Sarraceni‚
782 2706 920 2770 inaniter
974 2708 1095 2789 galeris
1115 2708 1294 2772 devotionis
1318 2717 1350 2772 et
1373 2710 1662 2792 supererogationis
1688 2731 1725 2774 ac

165 2810 298 2892 gloriari
313 2811 391 2873 dum
403 2808 590 2872 Christianis
603 2807 782 2890 prevaletis
797 2806 829 2869 in
845 2825 920 2889 prae·
975 2807 1085 2888 gratiae
1104 2806 1274 2870 eminentis
1298 2808 1400 2890 magis
1425 2817 1499 2872 sunt
1522 2810 1722 2891 occultanda,

168 2909 230 2971 liis.
248 2909 333 2971 Deus
347 2926 484 2989 namque
505 2926 562 2989 per
584 2905 732 2969 infideles
754 2924 791 2968 ac
814 2923 920 2987 repro-
976 2912 1011 2967 ut
1026 2925 1107 2968 vana
1121 2905 1223 2987 gloria
1236 2906 1384 2987 evitetur,
1400 2916 1432 2969 et
1445 2925 1486 2969 ne
1501 2907 1596 2972 horno
1610 2907 1643 2970 in
1658 2909 1724 2971 vita

168 3009 225 3071 bos
245 3014 386 3084 exercet,
403 3005 534 3087 corrigit
558 3014 590 3068 et
613 3012 766 3087 expurgat
789 3003 918 3065 electos.
938 3005 1015 3071 (lab
1030 3004 1101 3067 aliis
1116 3004 1198 3070 ultra
1212 3006 1342 3068 modurn
1356 3014 1520 3087 reputetur
1533 3027 1569 3070 ac
1589 3006 1724 3071 honore·

45 3127 111 3172 rrru.
125 3144 153 3181 u,
167 3106 302 3191 Propter
318 3107 404 3188 quod
423 3104 502 3168 dixit
521 3104 690 3187 Apostolus
707 3127 714 3165 :
731 3102 847 3166 Omnes
866 3100 920 3184 qui
976 3113 1037 3182 tur,
1055 3104 1194 3186 itemque
1219 3123 1259 3167 ne
1282 3104 1423 3187 speciem
1442 3104 1656 3170 simulationis
1676 3106 1724 3169 in·

40 3195 66 3235 ¹²·
168 3206 283 3268 volunt
310 3205 362 3287 pie
386 3203 494 3266 vivere
520 3202 553 3264 in
577 3201 712 3283 Christo,
729 3201 923 3285 persecutio-
976 3211 1093 3280 currat,
1110 3211 1164 3265 aut
1185 3203 1355 3285 singularis
1376 3213 1536 3286 appareat.

45 3317 61 3359 r
61 3332 154 3370 ιιιιιιιιι
169 3323 243 3366 nem
268 3303 440 3385 patientur.
462 3301 501 3364 Et
524 3300 689 3363 Psalmista
710 3324 717 3362 :
738 3300 839 3363 llultae
861 3299 922 3380 (in-
1016 3303 1149 3383 lnsuper
1168 3303 1213 3365 ait
1229 3302 1372 3365 Christus
1389 3324 1396 3365 ε
1414 3304 1492 3367 Nisi
1504 3305 1723 3366 abundaverit
1751 3335 1869 3388 pouq„

40 3383 67 3422 ²⁰·
169 3403 253 3484 quit)
276 3401 496 3465 tribulationes
516 3399 686 3481 justorum.
968 3403 1109 3480 justitia
1132 3410 1238 3462 nestra
1252 3405 1331 3478 ptus
1353 3421 1450 3480 quam
1475 3404 1670 3465 Scribarum
1693 3414 1723 3464 ct
1737 3403 1771 3443 ²⁰·

977 3499 1236 3567 Pharisreorum,
1252 3517 1317 3557 non
1338 3497 1509 3557 intrabitis
1529 3499 1566 3558 iu
1587 3518 1724 3576 requam

976 3600 1143 3658 coelcrum.
1156 3597 1181 3656 Α
1195 3594 1320 3660 fortiori
1333 3595 1440 3658 dicere
1455 3614 1625 3678 possumus
1638 3621 1645 3659 ε
1658 3597 1725 3661 Nisi

385 3663 630 3731 ARTIGULUS
653 3663 711 3728 IV·
977 3693 1187 3757 abundaverit
1199 3693 1326 3775 justitia
1339 3702 1444 3757 vestra
1458 3694 1530 3776 plus
1544 3713 1640 3776 quarn
1656 3697 1727 3759 Sar·

282 3807 476 3871 Prommq,
496 3805 656 3865 dociam
678 3804 811 3864 Christi.
978 3811 1177 3869 racenorum,
1195 3811 1259 3855 non
1273 3792 1433 3855 intrabitis
1454 3793 1487 3855 in
1510 3813 1644 3875 regnum
1664 3813 1728 3858 coe·

977 3891 1091 3954 lorum.
1122 3889 1285 3972 Siquidem
1319 3891 1369 3952 lex
1401 3891 1514 3972 ldoysis
1542 3893 1724 3974 rigorosior,

207 3994 357 4059 h'SUPEll
371 3992 513 4056 Christus
531 3991 609 4054 dixit
623 3989 794 4074 Apostolis,
811 3997 842 4052 et
863 3990 922 4052 sub
978 3988 1176 4070 spiritualior
1199 3996 1292 4069 atque
1317 3987 1489 4069 perfectior
1513 3989 1582 4071 lege
1608 3991 1728 4053 exstitit

221 4113 334 4157 eorum
350 4111 485 4174 persona
501 4089 660 4153 universis
678 4087 828 4152 virtuosis
845 4107 923 4170 prse-
977 4087 1143 4151 llahomcti
1163 4111 1171 4148 :
1187 4087 1241 4168 qui
1256 4086 1352 4149 etiam
1368 4087 1402 4148 in
1417 4087 1573 4151 alcorano
1592 4090 1726 4152 missurn

170 4190 521 4275 latis,prredicateribus
533 4198 626 4270 atque
639 4187 820 4251 doctoribus
831 4205 923 4249 evan·
938 4195 962 4260 [t
979 4205 1012 4248 se
1027 4185 1139 4247 asserit
1159 4185 1191 4246 iu
1211 4185 1280 4266 lege
1296 4185 1359 4248 lata
1380 4206 1417 4248 ac
1440 4186 1540 4268 facili,
1558 4207 1617 4250 nec
1638 4187 1728 4251 dilli-

49 4308 122 4354 rrrm.
136 4327 156 4364 v,
170 4291 281 4372 gelicae
301 4290 382 4370 legis
404 4311 411 4350 :
435 4291 491 4350 Vos
509 4291 585 4348 estis
604 4292 654 4348 sat
670 4297 767 4347 terr-re
782 4307 793 4345 .·
808 4286 840 4348 id
861 4295 920 4364 est,
978 4285 1053 4348 cilia
1066 4303 1085 4346 a
1100 4303 1133 4346 se
1152 4283 1270 4365 juberi,
1285 4303 1384 4365 quum
1404 4292 1522 4364 tamen,
1538 4285 1662 4350 Christo
1681 4296 1726 4350 te-

45 4373 71 4415 ἰ·
170 4391 266 4453 eorda
289 4387 455 4451 hominurn
476 4405 533 4469 per
553 4386 766 4468 exemplarem
791 4403 923 4448 eonver-
979 4391 1092 4460 stante,
1108 4390 1194 4444 arcta
1215 4381 1258 4444 sit
1278 4381 1329 4443 via
1350 4383 1473 4445 salutis.
1750 4415 1809 4462 md,
1833 4430 1871 4470 Ἦ..

172 4489 329 4552 sationem
353 4494 385 4548 et
409 4505 515 4548 veram
540 4483 766 4547 discretionem
792 4483 922 4546 condire
1017 4481 1137 4542 Deinde
1165 4479 1304 4543 ostendit
1327 4480 1472 4544 Salvator
1495 4490 1648 4562 qnantum
1675 4483 1724 4546 lex
1739 4483 1772 4523 ¹⁸·

171 4587 351 4664 debetis,ut
365 4585 523 4647 internum
538 4583 676 4646 habeant
691 4601 836 4664 saporem
851 4600 923 4664 ope·
978 4600 1034 4642 sna
1058 4579 1230 4660 perfectior
1252 4579 1293 4640 sit
1316 4578 1429 4660 lloysis
1453 4580 1522 4662 lege
1545 4605 1551 4642 :
1573 4585 1726 4644 Audistis
1738 4605 1796 4649 rau.
1805 4619 1827 4657 v.
1835 4609 1870 4653 ar.

173 4704 242 4748 rurn
262 4685 489 4760 virtuosorum,
506 4701 543 4746 ao
567 4689 797 4763 preserventur
822 4701 840 4742 a
864 4700 923 4763 pu·
977 4683 1056 4760 quia
1084 4681 1280 4738 dictumest
1308 4681 1468 4757 antiquis,
1498 4679 1529 4740 id
1558 4687 1617 4760 est,
1647 4680 1725 4743 liliis

68 4801 118 4845 nu.
129 4806 158 4848 u.
173 4784 296 4846 tredine
319 4781 478 4846 vitiorum.
501 4785 557 4844 Vos
570 4783 646 4842 estis
668 4784 728 4840 tua
743 4781 873 4850 mundi,
889 4779 920 4841 id
977 4776 1071 4840 lsrael
1093 4795 1151 4858 per
1168 4777 1293 4857 lloysen
1315 4775 1440 4857 jussum
1465 4785 1512 4838 est
1529 4801 1536 4838 :
1553 4781 1629 4840 Non
1647 4781 1725 4838 oeci·
1825 4767 1833 4782 '

174 4890 221 4945 est
233 4881 467 4946 illuminatores
482 4879 647 4943 hominurn
665 4878 699 4940 in
715 4879 773 4940 hoc
789 4878 920 4958 mundo,
977 4881 1032 4937 cies
1045 4875 1183 4956 aliquem
1197 4875 1326 4956 propria
1340 4882 1372 4936 et
1385 4875 1508 4956 privata
1522 4877 1723 4956 auctoritate3

173 4983 212 5044 ad
227 4981 306 5044 lidei
322 4999 358 5042 ac
375 4979 537 5060 sapientie
552 4977 727 5040 claritatem
743 4995 797 5040 eos
812 4977 923 5058 perdu-
976 4977 1036 5055 qui
1049 4984 1158 5034 autem
1172 4975 1327 5033 occiderit
1346 4961 1521 5054 hominem,
1537 4975 1727 5054 pretermis-

174 5082 285 5142 eendo.
303 5079 468 5158 Quumque
487 5077 547 5139 hoc
569 5076 613 5138 ita
634 5077 686 5152 sit,
703 5074 835 5138 dubium
857 5095 921 5139 non
977 5092 1012 5136 so
1031 5071 1143 5135 ordine
1161 5069 1253 5152 juris,
1270 5090 1346 5130 reus
1366 5073 1430 5130 erit
1444 5073 1577 5148 judicio
1597 5072 1726 5135 damna·

174 5187 220 5241 est
239 5177 319 5260 quin
338 5176 494 5239 blahomet
513 5175 553 5238 sit
578 5181 755 5256 corruptor,
771 5175 922 5256 deceptor
977 5169 1085 5234 tionis.
1102 5173 1171 5246 apo
1192 5178 1301 5228 autem
1320 5171 1392 5228 dico
1413 5171 1512 5241 vebis,
1528 5173 1607 5249 quia
1621 5173 1726 5232 amuis
1740 5191 1797 5237 rora.
1810 5195 1844 5239 aa.

174 5287 204 5344 et
218 5276 443 5342 obtenebratur
457 5274 599 5338 cordium
612 5273 922 5358 humanorumque-
977 5271 1036 5352 qui
1060 5270 1220 5330 irascitur
1237 5269 1345 5348 fratri
1369 5289 1438 5338 suo,
1453 5266 1486 5332 id
1510 5276 1559 5332 est
1580 5268 1726 5351 pmximo
