<?xml version="1.0" encoding="UTF-8"?>
<!DOCTYPE html PUBLIC "-//W3C//DTD XHTML 1.0 Transitional//EN"
    "http://www.w3.org/TR/xhtml1/DTD/xhtml1-transitional.dtd">
<html xmlns="http://www.w3.org/1999/xhtml" xml:lang="en" lang="en">
 <head>
  <title>
</title>
<meta http-equiv="Content-Type" content="text/html;charset=utf-8" />
  <meta name='ocr-system' content='tesseract 3.04.00' />
  <meta name='ocr-capabilities' content='ocr_page ocr_carea ocr_par ocr_line ocrx_word'/>
</head>
<body>
  <div class='ocr_page' id='page_1' title='image "./doctorisecstati03unkngoog_0218.png"; bbox 0 0 4309 6250; ppageno 0'>
   <div class='ocr_carea' id='block_1_1' title="bbox 435 469 1841 550">
    <p class='ocr_par' dir='ltr' id='par_1_1' title="bbox 435 469 1841 550">
     <span class='ocr_line' id='line_1_1' title="bbox 435 469 1841 550; baseline -0.001 -13"><span class='ocrx_word' id='word_1_1' title='bbox 435 469 496 537; x_wconf 66' lang='lat'><strong>200</strong></span> <span class='ocrx_word' id='word_1_2' title='bbox 582 489 623 537; x_wconf 76' lang='lat' dir='ltr'><strong>DE</strong></span> <span class='ocrx_word' id='word_1_3' title='bbox 642 489 726 538; x_wconf 70' lang='lat' dir='ltr'><strong>lohe</strong></span> <span class='ocrx_word' id='word_1_4' title='bbox 747 489 863 538; x_wconf 69' lang='lat' dir='ltr'><strong>adarim</strong></span> <span class='ocrx_word' id='word_1_5' title='bbox 884 487 1117 550; x_wconf 71' lang='lat' dir='ltr'><strong>abbessalortm,</strong></span> <span class='ocrx_word' id='word_1_6' title='bbox 1141 484 1381 542; x_wconf 67' lang='lat' dir='ltr'><strong>SANCTOEUHQU!</strong></span> <span class='ocrx_word' id='word_1_7' title='bbox 1402 485 1626 534; x_wconf 76' lang='lat' dir='ltr'><strong>vmttthmortlt.</strong></span> <span class='ocrx_word' id='word_1_8' title='bbox 1649 507 1690 518; x_wconf 90' lang='lat'><em>-</em></span> <span class='ocrx_word' id='word_1_9' title='bbox 1710 488 1781 534; x_wconf 67' lang='grc' dir='ltr'><strong>ΛΒΤ.</strong></span> <span class='ocrx_word' id='word_1_10' title='bbox 1807 488 1841 535; x_wconf 93' lang='lat'><strong>111</strong></span> 
     </span>
    </p>
   </div>
   <div class='ocr_carea' id='block_1_2' title="bbox 375 656 2098 4375">
    <p class='ocr_par' dir='ltr' id='par_1_2' title="bbox 435 656 2098 2218">
     <span class='ocr_line' id='line_1_2' title="bbox 477 656 1985 744; baseline -0.002 -21"><span class='ocrx_word' id='word_1_11' title='bbox 477 659 631 744; x_wconf 85' lang='lat' dir='ltr'><strong>Denique,</strong></span> <span class='ocrx_word' id='word_1_12' title='bbox 661 662 744 726; x_wconf 89' lang='lat' dir='ltr'><strong>sieut</strong></span> <span class='ocrx_word' id='word_1_13' title='bbox 776 661 922 726; x_wconf 89' lang='lat' dir='ltr'><strong>doctores</strong></span> <span class='ocrx_word' id='word_1_14' title='bbox 955 659 1055 742; x_wconf 78' lang='lat' dir='ltr'>aliqui</span> <span class='ocrx_word' id='word_1_15' title='bbox 1090 677 1186 742; x_wconf 89' lang='lat' dir='ltr'><strong>super</strong></span> <span class='ocrx_word' id='word_1_16' title='bbox 1200 657 1226 720; x_wconf 82' lang='lat' dir='ltr'><strong>d</strong></span> <span class='ocrx_word' id='word_1_17' title='bbox 1240 658 1423 722; x_wconf 74' lang='lat' dir='ltr'><strong>Jerusalem.</strong></span> <span class='ocrx_word' id='word_1_18' title='bbox 1439 659 1535 723; x_wconf 87' lang='lat' dir='ltr'><strong>Porro</strong></span> <span class='ocrx_word' id='word_1_19' title='bbox 1550 659 1643 724; x_wconf 90' lang='lat' dir='ltr'><strong>tertio</strong></span> <span class='ocrx_word' id='word_1_20' title='bbox 1656 659 1777 742; x_wconf 86' lang='lat' dir='ltr'><strong>llegum</strong></span> <span class='ocrx_word' id='word_1_21' title='bbox 1797 656 1985 722; x_wconf 76' lang='lat' dir='ltr'><strong>describitur</strong></span> 
     </span>
     <span class='ocr_line' id='line_1_3' title="bbox 436 756 2094 840; baseline 0.002 -19"><span class='ocrx_word' id='word_1_22' title='bbox 436 767 582 840; x_wconf 89' lang='lat' dir='ltr'><strong>quartum</strong></span> <span class='ocrx_word' id='word_1_23' title='bbox 621 760 855 824; x_wconf 69' lang='lat' dir='ltr'><strong>Sententiarum</strong></span> <span class='ocrx_word' id='word_1_24' title='bbox 894 759 1113 838; x_wconf 90' lang='lat' dir='ltr'><strong>conscribunt,</strong></span> <span class='ocrx_word' id='word_1_25' title='bbox 1155 766 1187 820; x_wconf 90' lang='lat' dir='ltr'><strong>et</strong></span> <span class='ocrx_word' id='word_1_26' title='bbox 1239 756 1377 838; x_wconf 88' lang='lat' dir='ltr'><strong>qualiter</strong></span> <span class='ocrx_word' id='word_1_27' title='bbox 1396 756 1545 821; x_wconf 78' lang='lat' dir='ltr'><strong>Salomon</strong></span> <span class='ocrx_word' id='word_1_28' title='bbox 1566 777 1621 820; x_wconf 88' lang='lat' dir='ltr'><strong>rex</strong></span> <span class='ocrx_word' id='word_1_29' title='bbox 1641 757 1803 820; x_wconf 78' lang='lat' dir='ltr'><strong>transtulit</strong></span> <span class='ocrx_word' id='word_1_30' title='bbox 1821 775 1928 820; x_wconf 90' lang='lat' dir='ltr'><strong>arcam</strong></span> <span class='ocrx_word' id='word_1_31' title='bbox 1947 757 2094 824; x_wconf 69' lang='lat' dir='ltr'><strong>delites-m</strong></span> 
     </span>
     <span class='ocr_line' id='line_1_4' title="bbox 435 853 1985 938; baseline -0.001 -21"><span class='ocrx_word' id='word_1_32' title='bbox 435 855 591 920; x_wconf 89' lang='lat' dir='ltr'><strong>llenricus</strong></span> <span class='ocrx_word' id='word_1_33' title='bbox 615 859 655 922; x_wconf 91' lang='lat' dir='ltr'><strong>de</strong></span> <span class='ocrx_word' id='word_1_34' title='bbox 679 857 827 922; x_wconf 85' lang='lat' dir='ltr'><strong>Candavo</strong></span> <span class='ocrx_word' id='word_1_35' title='bbox 849 858 882 921; x_wconf 94' lang='lat' dir='ltr'><strong>in</strong></span> <span class='ocrx_word' id='word_1_36' title='bbox 901 856 1096 933; x_wconf 85' lang='lat' dir='ltr'><strong>Quodlibetis</strong></span> <span class='ocrx_word' id='word_1_37' title='bbox 1120 854 1185 917; x_wconf 89' lang='lat' dir='ltr'><strong>suis</strong></span> <span class='ocrx_word' id='word_1_38' title='bbox 1240 855 1444 919; x_wconf 85' lang='lat' dir='ltr'><strong>tabernaculo</strong></span> <span class='ocrx_word' id='word_1_39' title='bbox 1462 855 1560 919; x_wconf 86' lang='lat' dir='ltr'><strong>David</strong></span> <span class='ocrx_word' id='word_1_40' title='bbox 1582 856 1616 919; x_wconf 94' lang='lat' dir='ltr'><strong>iu</strong></span> <span class='ocrx_word' id='word_1_41' title='bbox 1638 855 1793 938; x_wconf 90' lang='lat' dir='ltr'><strong>templum</strong></span> <span class='ocrx_word' id='word_1_42' title='bbox 1813 855 1896 938; x_wconf 89' lang='lat' dir='ltr'><strong>qued</strong></span> <span class='ocrx_word' id='word_1_43' title='bbox 1920 853 1985 936; x_wconf 91' lang='lat' dir='ltr'><strong>ipse</strong></span> 
     </span>
     <span class='ocr_line' id='line_1_5' title="bbox 437 951 1985 1038; baseline -0.001 -22"><span class='ocrx_word' id='word_1_44' title='bbox 437 954 590 1035; x_wconf 88' lang='lat' dir='ltr'><strong>insinuat,</strong></span> <span class='ocrx_word' id='word_1_45' title='bbox 612 976 715 1020; x_wconf 92' lang='lat' dir='ltr'><strong>annus</strong></span> <span class='ocrx_word' id='word_1_46' title='bbox 734 957 881 1038; x_wconf 81' lang='lat' dir='ltr'><strong>jubilaeus</strong></span> <span class='ocrx_word' id='word_1_47' title='bbox 906 955 960 1038; x_wconf 88' lang='lat' dir='ltr'><strong>qui</strong></span> <span class='ocrx_word' id='word_1_48' title='bbox 985 956 1019 1017; x_wconf 92' lang='lat' dir='ltr'><strong>in</strong></span> <span class='ocrx_word' id='word_1_49' title='bbox 1044 953 1186 1018; x_wconf 79' lang='lat' dir='ltr'><strong>Ecclesia</strong></span> <span class='ocrx_word' id='word_1_50' title='bbox 1240 953 1388 1017; x_wconf 86' lang='lat' dir='ltr'><strong>Salomon</strong></span> <span class='ocrx_word' id='word_1_51' title='bbox 1408 953 1590 1017; x_wconf 74' lang='lat' dir='ltr'><strong>edificavit.</strong></span> <span class='ocrx_word' id='word_1_52' title='bbox 1606 953 1751 1036; x_wconf 92' lang='lat' dir='ltr'><strong>lnsuper,</strong></span> <span class='ocrx_word' id='word_1_53' title='bbox 1767 961 1915 1036; x_wconf 85' lang='lat' dir='ltr'><strong>praetacta</strong></span> <span class='ocrx_word' id='word_1_54' title='bbox 1933 951 1985 1014; x_wconf 88' lang='lat' dir='ltr'><strong>ob</strong></span> 
     </span>
     <span class='ocr_line' id='line_1_6' title="bbox 438 1051 1987 1137; baseline -0.003 -20"><span class='ocrx_word' id='word_1_55' title='bbox 438 1052 554 1117; x_wconf 83' lang='lat' dir='ltr'><strong>Christi</strong></span> <span class='ocrx_word' id='word_1_56' title='bbox 578 1062 731 1132; x_wconf 91' lang='lat' dir='ltr'><strong>servatur,</strong></span> <span class='ocrx_word' id='word_1_57' title='bbox 753 1055 806 1137; x_wconf 89' lang='lat' dir='ltr'><strong>qui</strong></span> <span class='ocrx_word' id='word_1_58' title='bbox 833 1063 882 1117; x_wconf 92' lang='lat' dir='ltr'><strong>est</strong></span> <span class='ocrx_word' id='word_1_59' title='bbox 908 1073 1012 1117; x_wconf 91' lang='lat' dir='ltr'><strong>annus</strong></span> <span class='ocrx_word' id='word_1_60' title='bbox 1036 1051 1186 1136; x_wconf 74' lang='lat' dir='ltr'><strong>plenarie</strong></span> <span class='ocrx_word' id='word_1_61' title='bbox 1240 1052 1399 1115; x_wconf 82' lang='lat' dir='ltr'><strong>servantia</strong></span> <span class='ocrx_word' id='word_1_62' title='bbox 1426 1051 1578 1116; x_wconf 77' lang='lat' dir='ltr'><strong>Ecclesia</strong></span> <span class='ocrx_word' id='word_1_63' title='bbox 1610 1052 1815 1136; x_wconf 78' lang='lat' dir='ltr'><strong>praefigurata</strong></span> <span class='ocrx_word' id='word_1_64' title='bbox 1850 1058 1898 1114; x_wconf 91' lang='lat' dir='ltr'><strong>est</strong></span> <span class='ocrx_word' id='word_1_65' title='bbox 1932 1070 1987 1133; x_wconf 85' lang='lat' dir='ltr'><strong>per</strong></span> 
     </span>
     <span class='ocr_line' id='line_1_7' title="bbox 438 1149 1986 1236; baseline -0.003 -21"><span class='ocrx_word' id='word_1_66' title='bbox 438 1151 644 1230; x_wconf 88' lang='lat' dir='ltr'><strong>remissionis,</strong></span> <span class='ocrx_word' id='word_1_67' title='bbox 661 1173 700 1216; x_wconf 86' lang='lat' dir='ltr'><strong>ex</strong></span> <span class='ocrx_word' id='word_1_68' title='bbox 724 1153 824 1216; x_wconf 88' lang='lat' dir='ltr'><strong>veteri</strong></span> <span class='ocrx_word' id='word_1_69' title='bbox 848 1153 919 1236; x_wconf 88' lang='lat' dir='ltr'><strong>lege</strong></span> <span class='ocrx_word' id='word_1_70' title='bbox 940 1151 1078 1235; x_wconf 84' lang='lat' dir='ltr'><strong>sumpsit</strong></span> <span class='ocrx_word' id='word_1_71' title='bbox 1097 1169 1186 1214; x_wconf 83' lang='lat' dir='ltr'><strong>exor-</strong></span> <span class='ocrx_word' id='word_1_72' title='bbox 1240 1151 1491 1234; x_wconf 90' lang='lat' dir='ltr'><strong>deportationem</strong></span> <span class='ocrx_word' id='word_1_73' title='bbox 1513 1151 1710 1215; x_wconf 89' lang='lat' dir='ltr'><strong>tabernaculi</strong></span> <span class='ocrx_word' id='word_1_74' title='bbox 1734 1149 1859 1234; x_wconf 82' lang='lat' dir='ltr'><strong>Moysis,</strong></span> <span class='ocrx_word' id='word_1_75' title='bbox 1882 1158 1916 1212; x_wconf 91' lang='lat' dir='ltr'><strong>et</strong></span> <span class='ocrx_word' id='word_1_76' title='bbox 1937 1168 1986 1212; x_wconf 77' lang='lat' dir='ltr'><strong>ec</strong></span> 
     </span>
     <span class='ocr_line' id='line_1_8' title="bbox 437 1249 1987 1335; baseline -0.001 -22"><span class='ocrx_word' id='word_1_77' title='bbox 437 1249 539 1330; x_wconf 92' lang='lat' dir='ltr'><strong>dium,</strong></span> <span class='ocrx_word' id='word_1_78' title='bbox 567 1250 618 1314; x_wconf 95' lang='lat' dir='ltr'><strong>vel</strong></span> <span class='ocrx_word' id='word_1_79' title='bbox 649 1252 753 1335; x_wconf 91' lang='lat' dir='ltr'><strong>potius</strong></span> <span class='ocrx_word' id='word_1_80' title='bbox 782 1250 1086 1334; x_wconf 70' lang='lat' dir='ltr'><strong>prefigurationem.</strong></span> <span class='ocrx_word' id='word_1_81' title='bbox 1116 1249 1187 1312; x_wconf 83' lang='lat' dir='ltr'><strong>Fuit</strong></span> <span class='ocrx_word' id='word_1_82' title='bbox 1240 1270 1310 1314; x_wconf 91' lang='lat' dir='ltr'><strong>rum</strong></span> <span class='ocrx_word' id='word_1_83' title='bbox 1325 1270 1396 1333; x_wconf 75' lang='lat' dir='ltr'><strong>que</strong></span> <span class='ocrx_word' id='word_1_84' title='bbox 1411 1249 1444 1312; x_wconf 94' lang='lat' dir='ltr'><strong>iu</strong></span> <span class='ocrx_word' id='word_1_85' title='bbox 1464 1250 1669 1314; x_wconf 88' lang='lat' dir='ltr'><strong>tabernaculo</strong></span> <span class='ocrx_word' id='word_1_86' title='bbox 1689 1250 1746 1314; x_wconf 94' lang='lat' dir='ltr'><strong>illo</strong></span> <span class='ocrx_word' id='word_1_87' title='bbox 1761 1258 1861 1329; x_wconf 90' lang='lat' dir='ltr'><strong>erant,</strong></span> <span class='ocrx_word' id='word_1_88' title='bbox 1878 1256 1987 1331; x_wconf 90' lang='lat' dir='ltr'><strong>utputa</strong></span> 
     </span>
     <span class='ocr_line' id='line_1_9' title="bbox 437 1347 1986 1433; baseline -0.002 -21"><span class='ocrx_word' id='word_1_89' title='bbox 437 1349 580 1412; x_wconf 86' lang='lat' dir='ltr'><strong>enimin</strong></span> <span class='ocrx_word' id='word_1_90' title='bbox 604 1349 702 1412; x_wconf 92' lang='lat' dir='ltr'><strong>veteri</strong></span> <span class='ocrx_word' id='word_1_91' title='bbox 727 1349 797 1433; x_wconf 89' lang='lat' dir='ltr'><strong>lege</strong></span> <span class='ocrx_word' id='word_1_92' title='bbox 821 1369 924 1412; x_wconf 90' lang='lat' dir='ltr'><strong>annus</strong></span> <span class='ocrx_word' id='word_1_93' title='bbox 949 1349 1079 1430; x_wconf 90' lang='lat' dir='ltr'><strong>quidam</strong></span> <span class='ocrx_word' id='word_1_94' title='bbox 1095 1347 1187 1429; x_wconf 89' lang='lat' dir='ltr'><strong>quin·</strong></span> <span class='ocrx_word' id='word_1_95' title='bbox 1241 1369 1370 1428; x_wconf 77' lang='lat' dir='ltr'><strong>mensae,</strong></span> <span class='ocrx_word' id='word_1_96' title='bbox 1395 1349 1588 1428; x_wconf 85' lang='lat' dir='ltr'><strong>candelabri,</strong></span> <span class='ocrx_word' id='word_1_97' title='bbox 1605 1348 1784 1412; x_wconf 86' lang='lat' dir='ltr'><strong>tabularum</strong></span> <span class='ocrx_word' id='word_1_98' title='bbox 1807 1347 1926 1426; x_wconf 87' lang='lat' dir='ltr'><strong>altaris,</strong></span> <span class='ocrx_word' id='word_1_99' title='bbox 1940 1366 1986 1409; x_wconf 86' lang='lat' dir='ltr'><strong>ar-</strong></span> 
     </span>
     <span class='ocr_line' id='line_1_10' title="bbox 436 1445 2098 1529; baseline -0.001 -20"><span class='ocrx_word' id='word_1_100' title='bbox 436 1447 651 1529; x_wconf 88' lang='lat' dir='ltr'><strong>quagesimus,</strong></span> <span class='ocrx_word' id='word_1_101' title='bbox 681 1448 737 1529; x_wconf 88' lang='lat' dir='ltr'><strong>qui</strong></span> <span class='ocrx_word' id='word_1_102' title='bbox 766 1448 938 1512; x_wconf 87' lang='lat' dir='ltr'><strong>vocabatur</strong></span> <span class='ocrx_word' id='word_1_103' title='bbox 966 1466 1069 1509; x_wconf 90' lang='lat' dir='ltr'><strong>annus</strong></span> <span class='ocrx_word' id='word_1_104' title='bbox 1103 1446 1186 1528; x_wconf 86' lang='lat' dir='ltr'><strong>jubi-</strong></span> <span class='ocrx_word' id='word_1_105' title='bbox 1240 1467 1295 1528; x_wconf 80' lang='lat' dir='ltr'><strong>cae,</strong></span> <span class='ocrx_word' id='word_1_106' title='bbox 1319 1466 1530 1529; x_wconf 88' lang='lat' dir='ltr'><strong>vasorumque</strong></span> <span class='ocrx_word' id='word_1_107' title='bbox 1556 1447 1739 1528; x_wconf 87' lang='lat' dir='ltr'><strong>sanctuarii,</strong></span> <span class='ocrx_word' id='word_1_108' title='bbox 1762 1455 1796 1509; x_wconf 93' lang='lat' dir='ltr'><strong>ut</strong></span> <span class='ocrx_word' id='word_1_109' title='bbox 1821 1446 1853 1508; x_wconf 89' lang='lat' dir='ltr'><strong>in</strong></span> <span class='ocrx_word' id='word_1_110' title='bbox 1876 1445 2098 1512; x_wconf 68' lang='lat' dir='ltr'><strong>Numerum.</strong></span> 
     </span>
     <span class='ocr_line' id='line_1_11' title="bbox 437 1545 1600 1629; baseline -0.001 -20"><span class='ocrx_word' id='word_1_111' title='bbox 437 1546 525 1625; x_wconf 82' lang='lat' dir='ltr'><strong>laus,</strong></span> <span class='ocrx_word' id='word_1_112' title='bbox 561 1566 665 1609; x_wconf 92' lang='lat' dir='ltr'><strong>annus</strong></span> <span class='ocrx_word' id='word_1_113' title='bbox 699 1546 849 1610; x_wconf 91' lang='lat' dir='ltr'><strong>videlicet</strong></span> <span class='ocrx_word' id='word_1_114' title='bbox 883 1545 1116 1629; x_wconf 85' lang='lat' dir='ltr'><strong>propitiationis</strong></span> <span class='ocrx_word' id='word_1_115' title='bbox 1155 1551 1187 1608; x_wconf 89' lang='lat' dir='ltr'><strong>et</strong></span> <span class='ocrx_word' id='word_1_116' title='bbox 1240 1564 1347 1608; x_wconf 93' lang='lat' dir='ltr'><strong>rorum</strong></span> <span class='ocrx_word' id='word_1_117' title='bbox 1368 1545 1451 1609; x_wconf 86' lang='lat' dir='ltr'><strong>libro</strong></span> <span class='ocrx_word' id='word_1_118' title='bbox 1473 1545 1600 1626; x_wconf 89' lang='lat' dir='ltr'><strong>legitur.</strong></span> 
     </span>
     <span class='ocr_line' id='line_1_12' title="bbox 436 1641 1988 1727; baseline -0.002 -21"><span class='ocrx_word' id='word_1_119' title='bbox 436 1643 644 1722; x_wconf 90' lang='lat' dir='ltr'><strong>remissionis,</strong></span> <span class='ocrx_word' id='word_1_120' title='bbox 675 1644 708 1707; x_wconf 92' lang='lat' dir='ltr'><strong>in</strong></span> <span class='ocrx_word' id='word_1_121' title='bbox 737 1663 800 1726; x_wconf 90' lang='lat' dir='ltr'><strong>quo</strong></span> <span class='ocrx_word' id='word_1_122' title='bbox 830 1644 968 1727; x_wconf 92' lang='lat' dir='ltr'><strong>populus</strong></span> <span class='ocrx_word' id='word_1_123' title='bbox 995 1643 1186 1707; x_wconf 87' lang='lat' dir='ltr'><strong>lsraeliticus</strong></span> <span class='ocrx_word' id='word_1_124' title='bbox 1280 1645 1441 1724; x_wconf 71' lang='lat' dir='ltr'><strong>Praeterea,</strong></span> <span class='ocrx_word' id='word_1_125' title='bbox 1459 1643 1679 1725; x_wconf 85' lang='lat' dir='ltr'><strong>processiones</strong></span> <span class='ocrx_word' id='word_1_126' title='bbox 1694 1641 1846 1706; x_wconf 77' lang='lat' dir='ltr'><strong>Ecclesia</strong></span> <span class='ocrx_word' id='word_1_127' title='bbox 1860 1661 1899 1705; x_wconf 85' lang='lat' dir='ltr'><strong>ex</strong></span> <span class='ocrx_word' id='word_1_128' title='bbox 1920 1641 1988 1704; x_wconf 92' lang='lat' dir='ltr'><strong>aliis</strong></span> 
     </span>
     <span class='ocr_line' id='line_1_13' title="bbox 436 1739 1988 1824; baseline -0.002 -20"><span class='ocrx_word' id='word_1_129' title='bbox 436 1741 536 1805; x_wconf 90' lang='lat' dir='ltr'><strong>multa</strong></span> <span class='ocrx_word' id='word_1_130' title='bbox 563 1742 751 1824; x_wconf 88' lang='lat' dir='ltr'><strong>temporalia</strong></span> <span class='ocrx_word' id='word_1_131' title='bbox 785 1741 944 1810; x_wconf 86' lang='lat' dir='ltr'><strong>beneficia</strong></span> <span class='ocrx_word' id='word_1_132' title='bbox 972 1742 1186 1823; x_wconf 88' lang='lat' dir='ltr'><strong>consequebu·</strong></span> <span class='ocrx_word' id='word_1_133' title='bbox 1239 1760 1367 1824; x_wconf 88' lang='lat' dir='ltr'><strong>quoque</strong></span> <span class='ocrx_word' id='word_1_134' title='bbox 1395 1743 1500 1805; x_wconf 90' lang='lat' dir='ltr'><strong>causis</strong></span> <span class='ocrx_word' id='word_1_135' title='bbox 1529 1751 1603 1804; x_wconf 90' lang='lat' dir='ltr'><strong>suut</strong></span> <span class='ocrx_word' id='word_1_136' title='bbox 1631 1742 1785 1805; x_wconf 82' lang='lat' dir='ltr'><strong>institutae</strong></span> <span class='ocrx_word' id='word_1_137' title='bbox 1816 1764 1824 1804; x_wconf 91' lang='lat'>:</span> <span class='ocrx_word' id='word_1_138' title='bbox 1852 1739 1929 1822; x_wconf 90' lang='lat' dir='ltr'><strong>quia</strong></span> <span class='ocrx_word' id='word_1_139' title='bbox 1957 1740 1988 1802; x_wconf 92' lang='lat' dir='ltr'><strong>iu</strong></span> 
     </span>
     <span class='ocr_line' id='line_1_14' title="bbox 437 1838 1989 1924; baseline 0 -22"><span class='ocrx_word' id='word_1_140' title='bbox 437 1847 489 1902; x_wconf 91' lang='lat' dir='ltr'><strong>tur</strong></span> <span class='ocrx_word' id='word_1_141' title='bbox 511 1864 519 1903; x_wconf 76' lang='grc' dir='ltr'>ι</span> <span class='ocrx_word' id='word_1_142' title='bbox 540 1841 616 1922; x_wconf 88' lang='lat' dir='ltr'><strong>quia</strong></span> <span class='ocrx_word' id='word_1_143' title='bbox 640 1841 864 1904; x_wconf 89' lang='lat' dir='ltr'><strong>relevabantur</strong></span> <span class='ocrx_word' id='word_1_144' title='bbox 883 1860 903 1902; x_wconf 85' lang='lat' dir='ltr'><strong>e</strong></span> <span class='ocrx_word' id='word_1_145' title='bbox 925 1840 1041 1904; x_wconf 88' lang='lat' dir='ltr'><strong>debitis</strong></span> <span class='ocrx_word' id='word_1_146' title='bbox 1066 1840 1186 1922; x_wconf 90' lang='lat' dir='ltr'><strong>persol-</strong></span> <span class='ocrx_word' id='word_1_147' title='bbox 1204 1839 1227 1902; x_wconf 91' lang='lat' dir='ltr'>B</span> <span class='ocrx_word' id='word_1_148' title='bbox 1242 1840 1400 1924; x_wconf 90' lang='lat' dir='ltr'><strong>primitiva</strong></span> <span class='ocrx_word' id='word_1_149' title='bbox 1425 1839 1577 1920; x_wconf 88' lang='lat' dir='ltr'><strong>Ecclesia,</strong></span> <span class='ocrx_word' id='word_1_150' title='bbox 1602 1841 1679 1904; x_wconf 93' lang='lat' dir='ltr'><strong>dum</strong></span> <span class='ocrx_word' id='word_1_151' title='bbox 1703 1840 1813 1922; x_wconf 90' lang='lat' dir='ltr'><strong>quinta</strong></span> <span class='ocrx_word' id='word_1_152' title='bbox 1836 1838 1917 1902; x_wconf 81' lang='lat' dir='ltr'><strong>lesia</strong></span> <span class='ocrx_word' id='word_1_153' title='bbox 1941 1857 1989 1902; x_wconf 78' lang='lat' dir='ltr'><strong>ce</strong></span> 
     </span>
     <span class='ocr_line' id='line_1_15' title="bbox 437 1937 1990 2019; baseline -0.001 -19"><span class='ocrx_word' id='word_1_154' title='bbox 437 1938 560 2018; x_wconf 92' lang='lat' dir='ltr'><strong>vendis,</strong></span> <span class='ocrx_word' id='word_1_155' title='bbox 577 1946 610 2002; x_wconf 91' lang='lat' dir='ltr'><strong>et</strong></span> <span class='ocrx_word' id='word_1_156' title='bbox 624 1939 842 2003; x_wconf 89' lang='lat' dir='ltr'><strong>liberabantur</strong></span> <span class='ocrx_word' id='word_1_157' title='bbox 859 1959 878 2001; x_wconf 92' lang='lat' dir='ltr'><strong>a</strong></span> <span class='ocrx_word' id='word_1_158' title='bbox 897 1937 1104 2002; x_wconf 89' lang='lat' dir='ltr'><strong>servitutibus</strong></span> <span class='ocrx_word' id='word_1_159' title='bbox 1125 1938 1187 2019; x_wconf 91' lang='lat' dir='ltr'><strong>pri-</strong></span> <span class='ocrx_word' id='word_1_160' title='bbox 1241 1939 1337 2001; x_wconf 91' lang='lat' dir='ltr'><strong>lebris</strong></span> <span class='ocrx_word' id='word_1_161' title='bbox 1352 1939 1413 2002; x_wconf 87' lang='lat' dir='ltr'><strong>luit</strong></span> <span class='ocrx_word' id='word_1_162' title='bbox 1428 1939 1511 2002; x_wconf 91' lang='lat' dir='ltr'><strong>sicut</strong></span> <span class='ocrx_word' id='word_1_163' title='bbox 1523 1939 1592 2002; x_wconf 92' lang='lat' dir='ltr'><strong>dies</strong></span> <span class='ocrx_word' id='word_1_164' title='bbox 1606 1939 1777 2016; x_wconf 90' lang='lat' dir='ltr'><strong>dominica,</strong></span> <span class='ocrx_word' id='word_1_165' title='bbox 1790 1938 1892 2001; x_wconf 87' lang='lat' dir='ltr'><strong>liebat</strong></span> <span class='ocrx_word' id='word_1_166' title='bbox 1906 1955 1990 2000; x_wconf 89' lang='lat' dir='ltr'><strong>cem-</strong></span> 
     </span>
     <span class='ocr_line' id='line_1_16' title="bbox 438 2036 1990 2121; baseline -0.001 -21"><span class='ocrx_word' id='word_1_167' title='bbox 438 2038 543 2117; x_wconf 90' lang='lat' dir='ltr'><strong>stinis,</strong></span> <span class='ocrx_word' id='word_1_168' title='bbox 573 2046 667 2120; x_wconf 87' lang='lat' dir='ltr'><strong>atque</strong></span> <span class='ocrx_word' id='word_1_169' title='bbox 695 2039 733 2100; x_wconf 90' lang='lat' dir='ltr'><strong>ad</strong></span> <span class='ocrx_word' id='word_1_170' title='bbox 762 2038 981 2121; x_wconf 88' lang='lat' dir='ltr'><strong>possessiones</strong></span> <span class='ocrx_word' id='word_1_171' title='bbox 1009 2056 1087 2119; x_wconf 90' lang='lat' dir='ltr'><strong>quas</strong></span> <span class='ocrx_word' id='word_1_172' title='bbox 1111 2056 1187 2100; x_wconf 91' lang='lat' dir='ltr'><strong>ven·</strong></span> <span class='ocrx_word' id='word_1_173' title='bbox 1241 2037 1381 2101; x_wconf 90' lang='lat' dir='ltr'><strong>muniter</strong></span> <span class='ocrx_word' id='word_1_174' title='bbox 1399 2037 1562 2120; x_wconf 90' lang='lat' dir='ltr'><strong>processio</strong></span> <span class='ocrx_word' id='word_1_175' title='bbox 1585 2037 1675 2100; x_wconf 79' lang='lat' dir='ltr'><strong>seriis</strong></span> <span class='ocrx_word' id='word_1_176' title='bbox 1695 2037 1827 2118; x_wconf 89' lang='lat' dir='ltr'><strong>quintis,</strong></span> <span class='ocrx_word' id='word_1_177' title='bbox 1849 2036 1883 2098; x_wconf 90' lang='lat' dir='ltr'><strong>in</strong></span> <span class='ocrx_word' id='word_1_178' title='bbox 1906 2055 1990 2099; x_wconf 88' lang='lat' dir='ltr'><strong>com·</strong></span> 
     </span>
     <span class='ocr_line' id='line_1_17' title="bbox 438 2134 2098 2218; baseline -0.001 -20"><span class='ocrx_word' id='word_1_179' title='bbox 438 2136 595 2215; x_wconf 91' lang='lat' dir='ltr'><strong>diderant,</strong></span> <span class='ocrx_word' id='word_1_180' title='bbox 632 2137 880 2200; x_wconf 87' lang='lat' dir='ltr'><strong>revertebantur.</strong></span> <span class='ocrx_word' id='word_1_181' title='bbox 918 2136 962 2198; x_wconf 84' lang='lat' dir='ltr'><strong>lle</strong></span> <span class='ocrx_word' id='word_1_182' title='bbox 999 2154 1063 2216; x_wconf 88' lang='lat' dir='ltr'><strong>quo</strong></span> <span class='ocrx_word' id='word_1_183' title='bbox 1102 2152 1186 2198; x_wconf 90' lang='lat' dir='ltr'><strong>auno</strong></span> <span class='ocrx_word' id='word_1_184' title='bbox 1242 2137 1503 2199; x_wconf 78' lang='lat' dir='ltr'><strong>memorationem</strong></span> <span class='ocrx_word' id='word_1_185' title='bbox 1527 2135 1740 2218; x_wconf 87' lang='lat' dir='ltr'><strong>processionis</strong></span> <span class='ocrx_word' id='word_1_186' title='bbox 1762 2155 1825 2218; x_wconf 87' lang='lat' dir='ltr'><strong>qua</strong></span> <span class='ocrx_word' id='word_1_187' title='bbox 1847 2134 1989 2198; x_wconf 90' lang='lat' dir='ltr'><strong>Christus</strong></span> <span class='ocrx_word' id='word_1_188' title='bbox 2010 2153 2098 2196; x_wconf 58' lang='lat' dir='ltr'><strong>tamt</strong></span> 
     </span>
    </p>

    <p class='ocr_par' dir='ltr' id='par_1_3' title="bbox 375 2194 2118 2708">
     <span class='ocr_line' id='line_1_18' title="bbox 375 2217 2097 2324; baseline -0.003 -28"><span class='ocrx_word' id='word_1_189' title='bbox 375 2262 417 2291; x_wconf 80' lang='lat' dir='ltr'><strong>xxv</strong></span> <span class='ocrx_word' id='word_1_190' title='bbox 439 2235 592 2315; x_wconf 90' lang='lat' dir='ltr'><strong>scriptum</strong></span> <span class='ocrx_word' id='word_1_191' title='bbox 607 2235 703 2297; x_wconf 89' lang='lat' dir='ltr'><strong>estin</strong></span> <span class='ocrx_word' id='word_1_192' title='bbox 717 2233 995 2315; x_wconf 80' lang='lat' dir='ltr'><strong>LeviticoSicque</strong></span> <span class='ocrx_word' id='word_1_193' title='bbox 1008 2252 1067 2316; x_wconf 91' lang='lat' dir='ltr'><strong>per</strong></span> <span class='ocrx_word' id='word_1_194' title='bbox 1080 2233 1187 2296; x_wconf 91' lang='lat' dir='ltr'><strong>omnia</strong></span> <span class='ocrx_word' id='word_1_195' title='bbox 1241 2233 1350 2296; x_wconf 86' lang='lat' dir='ltr'><strong>eduxit</strong></span> <span class='ocrx_word' id='word_1_196' title='bbox 1373 2233 1540 2315; x_wconf 77' lang='lat' dir='ltr'><strong>Apostolos</strong></span> <span class='ocrx_word' id='word_1_197' title='bbox 1565 2241 1598 2296; x_wconf 89' lang='lat' dir='ltr'><strong>et</strong></span> <span class='ocrx_word' id='word_1_198' title='bbox 1625 2234 1813 2296; x_wconf 81' lang='lat' dir='ltr'><strong>exsistentes</strong></span> <span class='ocrx_word' id='word_1_199' title='bbox 1842 2251 1917 2296; x_wconf 90' lang='lat' dir='ltr'><strong>cum</strong></span> <span class='ocrx_word' id='word_1_200' title='bbox 1945 2230 1989 2292; x_wconf 90' lang='lat' dir='ltr'><strong>eis</strong></span> <span class='ocrx_word' id='word_1_201' title='bbox 2002 2217 2097 2324; x_wconf 46' lang='lat' dir='ltr'><strong>¹⁵⁰3ka</strong></span> 
     </span>
     <span class='ocr_line' id='line_1_19' title="bbox 439 2312 2015 2415; baseline -0.003 -21"><span class='ocrx_word' id='word_1_202' title='bbox 439 2332 495 2394; x_wconf 94' lang='lat' dir='ltr'><strong>illa</strong></span> <span class='ocrx_word' id='word_1_203' title='bbox 523 2333 785 2415; x_wconf 84' lang='lat' dir='ltr'><strong>praeiigurabatur</strong></span> <span class='ocrx_word' id='word_1_204' title='bbox 818 2351 921 2394; x_wconf 90' lang='lat' dir='ltr'><strong>annus</strong></span> <span class='ocrx_word' id='word_1_205' title='bbox 953 2331 1101 2413; x_wconf 77' lang='lat' dir='ltr'><strong>jubileus</strong></span> <span class='ocrx_word' id='word_1_206' title='bbox 1130 2330 1187 2393; x_wconf 92' lang='lat' dir='ltr'><strong>Ec·</strong></span> <span class='ocrx_word' id='word_1_207' title='bbox 1240 2331 1280 2392; x_wconf 93' lang='lat' dir='ltr'><strong>de</strong></span> <span class='ocrx_word' id='word_1_208' title='bbox 1302 2330 1467 2394; x_wconf 86' lang='lat' dir='ltr'><strong>coeuaculu</strong></span> <span class='ocrx_word' id='word_1_209' title='bbox 1491 2331 1665 2393; x_wconf 85' lang='lat' dir='ltr'><strong>Jerusalem</strong></span> <span class='ocrx_word' id='word_1_210' title='bbox 1690 2331 1723 2393; x_wconf 92' lang='lat' dir='ltr'><strong>in</strong></span> <span class='ocrx_word' id='word_1_211' title='bbox 1745 2330 1945 2406; x_wconf 81' lang='lat' dir='ltr'><strong>bethaniam,</strong></span> <span class='ocrx_word' id='word_1_212' title='bbox 1960 2312 2015 2390; x_wconf 69' lang='lat' dir='ltr'><strong>et&#39;</strong></span> 
     </span>
     <span class='ocr_line' id='line_1_20' title="bbox 439 2427 1989 2513; baseline -0.003 -20"><span class='ocrx_word' id='word_1_213' title='bbox 439 2430 555 2508; x_wconf 77' lang='lat' dir='ltr'><strong>clasiae,</strong></span> <span class='ocrx_word' id='word_1_214' title='bbox 576 2432 608 2493; x_wconf 93' lang='lat' dir='ltr'><strong>in</strong></span> <span class='ocrx_word' id='word_1_215' title='bbox 632 2450 696 2512; x_wconf 90' lang='lat' dir='ltr'><strong>quo</strong></span> <span class='ocrx_word' id='word_1_216' title='bbox 719 2431 857 2513; x_wconf 91' lang='lat' dir='ltr'><strong>populus</strong></span> <span class='ocrx_word' id='word_1_217' title='bbox 879 2430 1071 2494; x_wconf 88' lang='lat' dir='ltr'><strong>christianus</strong></span> <span class='ocrx_word' id='word_1_218' title='bbox 1095 2429 1187 2510; x_wconf 92' lang='lat' dir='ltr'><strong>spiri·</strong></span> <span class='ocrx_word' id='word_1_219' title='bbox 1241 2428 1393 2511; x_wconf 89' lang='lat' dir='ltr'><strong>deinceps</strong></span> <span class='ocrx_word' id='word_1_220' title='bbox 1408 2448 1514 2492; x_wconf 89' lang='lat' dir='ltr'><strong>coram</strong></span> <span class='ocrx_word' id='word_1_221' title='bbox 1530 2429 1609 2510; x_wconf 89' lang='lat' dir='ltr'><strong>ipsis</strong></span> <span class='ocrx_word' id='word_1_222' title='bbox 1624 2428 1766 2492; x_wconf 91' lang='lat' dir='ltr'><strong>ascendit</strong></span> <span class='ocrx_word' id='word_1_223' title='bbox 1780 2447 1854 2490; x_wconf 92' lang='lat' dir='ltr'><strong>eum</strong></span> <span class='ocrx_word' id='word_1_224' title='bbox 1866 2427 1989 2490; x_wconf 86' lang='lat' dir='ltr'><strong>Sanctis</strong></span> 
     </span>
     <span class='ocr_line' id='line_1_21' title="bbox 437 2525 1991 2611; baseline -0.003 -19"><span class='ocrx_word' id='word_1_225' title='bbox 437 2528 537 2592; x_wconf 91' lang='lat' dir='ltr'><strong>tualia</strong></span> <span class='ocrx_word' id='word_1_226' title='bbox 559 2528 718 2592; x_wconf 75' lang='lat' dir='ltr'><strong>beneficia</strong></span> <span class='ocrx_word' id='word_1_227' title='bbox 739 2528 961 2611; x_wconf 91' lang='lat' dir='ltr'><strong>copiosissima</strong></span> <span class='ocrx_word' id='word_1_228' title='bbox 982 2546 1000 2590; x_wconf 92' lang='lat' dir='ltr'><strong>e</strong></span> <span class='ocrx_word' id='word_1_229' title='bbox 1024 2529 1088 2591; x_wconf 85' lang='lat' dir='ltr'><strong>Deo</strong></span> <span class='ocrx_word' id='word_1_230' title='bbox 1113 2547 1188 2592; x_wconf 88' lang='lat' dir='ltr'><strong>con·</strong></span> <span class='ocrx_word' id='word_1_231' title='bbox 1241 2527 1273 2589; x_wconf 93' lang='lat' dir='ltr'><strong>in</strong></span> <span class='ocrx_word' id='word_1_232' title='bbox 1299 2527 1427 2608; x_wconf 89' lang='lat' dir='ltr'><strong>coelum,</strong></span> <span class='ocrx_word' id='word_1_233' title='bbox 1445 2536 1479 2591; x_wconf 90' lang='lat' dir='ltr'><strong>ut</strong></span> <span class='ocrx_word' id='word_1_234' title='bbox 1501 2527 1535 2590; x_wconf 90' lang='lat' dir='ltr'><strong>in</strong></span> <span class='ocrx_word' id='word_1_235' title='bbox 1552 2529 1638 2592; x_wconf 86' lang='lat' dir='ltr'><strong>Luca</strong></span> <span class='ocrx_word' id='word_1_236' title='bbox 1656 2535 1688 2590; x_wconf 92' lang='lat' dir='ltr'><strong>et</strong></span> <span class='ocrx_word' id='word_1_237' title='bbox 1706 2527 1739 2590; x_wconf 87' lang='lat' dir='ltr'><strong>in</strong></span> <span class='ocrx_word' id='word_1_238' title='bbox 1758 2527 1891 2590; x_wconf 81' lang='lat' dir='ltr'><strong>Actibus</strong></span> <span class='ocrx_word' id='word_1_239' title='bbox 1910 2525 1991 2608; x_wconf 77' lang='lat' dir='ltr'><strong>Apo</strong></span> 
     </span>
     <span class='ocr_line' id='line_1_22' title="bbox 438 2624 1991 2708; baseline -0.001 -19"><span class='ocrx_word' id='word_1_240' title='bbox 438 2627 593 2708; x_wconf 88' lang='lat' dir='ltr'><strong>sequitur.</strong></span> <span class='ocrx_word' id='word_1_241' title='bbox 1241 2625 1394 2688; x_wconf 90' lang='lat' dir='ltr'><strong>stolorum</strong></span> <span class='ocrx_word' id='word_1_242' title='bbox 1417 2626 1561 2688; x_wconf 89' lang='lat' dir='ltr'><strong>habetur.</strong></span> <span class='ocrx_word' id='word_1_243' title='bbox 1588 2625 1835 2708; x_wconf 84' lang='lat' dir='ltr'><strong>Consequenter‚</strong></span> <span class='ocrx_word' id='word_1_244' title='bbox 1862 2625 1895 2688; x_wconf 89' lang='lat' dir='ltr'><strong>S.</strong></span> <span class='ocrx_word' id='word_1_245' title='bbox 1918 2624 1991 2688; x_wconf 88' lang='lat' dir='ltr'><strong>Cre-</strong></span> 
     </span>
    </p>

    <p class='ocr_par' dir='ltr' id='par_1_4' title="bbox 438 2723 1995 3493">
     <span class='ocr_line' id='line_1_23' title="bbox 478 2723 1991 2807; baseline 0 -21"><span class='ocrx_word' id='word_1_246' title='bbox 478 2725 631 2806; x_wconf 88' lang='lat' dir='ltr'><strong>Denique,</strong></span> <span class='ocrx_word' id='word_1_247' title='bbox 647 2726 730 2806; x_wconf 89' lang='lat' dir='ltr'><strong>quod</strong></span> <span class='ocrx_word' id='word_1_248' title='bbox 748 2744 833 2787; x_wconf 91' lang='lat' dir='ltr'><strong>nunc</strong></span> <span class='ocrx_word' id='word_1_249' title='bbox 849 2725 966 2806; x_wconf 89' lang='lat' dir='ltr'><strong>ubique</strong></span> <span class='ocrx_word' id='word_1_250' title='bbox 986 2723 1019 2787; x_wconf 89' lang='lat' dir='ltr'><strong>in</strong></span> <span class='ocrx_word' id='word_1_251' title='bbox 1041 2723 1186 2786; x_wconf 89' lang='lat' dir='ltr'><strong>claustris</strong></span> <span class='ocrx_word' id='word_1_252' title='bbox 1241 2725 1349 2806; x_wconf 90' lang='lat' dir='ltr'><strong>gorius</strong></span> <span class='ocrx_word' id='word_1_253' title='bbox 1368 2724 1472 2786; x_wconf 91' lang='lat' dir='ltr'><strong>etalii</strong></span> <span class='ocrx_word' id='word_1_254' title='bbox 1493 2725 1594 2788; x_wconf 91' lang='lat' dir='ltr'><strong>sancti</strong></span> <span class='ocrx_word' id='word_1_255' title='bbox 1614 2725 1720 2788; x_wconf 87' lang='lat' dir='ltr'><strong>Patres</strong></span> <span class='ocrx_word' id='word_1_256' title='bbox 1742 2723 1896 2807; x_wconf 79' lang='lat' dir='ltr'><strong>presules</strong></span> <span class='ocrx_word' id='word_1_257' title='bbox 1922 2741 1991 2807; x_wconf 79' lang='lat' dir='ltr'><strong>pre</strong></span> 
     </span>
     <span class='ocr_line' id='line_1_24' title="bbox 438 2822 1990 2905; baseline -0.002 -20"><span class='ocrx_word' id='word_1_258' title='bbox 438 2832 532 2904; x_wconf 89' lang='lat' dir='ltr'><strong>atque</strong></span> <span class='ocrx_word' id='word_1_259' title='bbox 546 2823 691 2905; x_wconf 85' lang='lat' dir='ltr'><strong>collegiis</strong></span> <span class='ocrx_word' id='word_1_260' title='bbox 706 2822 856 2885; x_wconf 83' lang='lat' dir='ltr'><strong>Ecclesiae</strong></span> <span class='ocrx_word' id='word_1_261' title='bbox 870 2822 924 2885; x_wconf 86' lang='lat' dir='ltr'><strong>Dei</strong></span> <span class='ocrx_word' id='word_1_262' title='bbox 940 2831 1015 2884; x_wconf 88' lang='lat' dir='ltr'><strong>sunt</strong></span> <span class='ocrx_word' id='word_1_263' title='bbox 1034 2822 1098 2885; x_wconf 91' lang='lat' dir='ltr'><strong>duo</strong></span> <span class='ocrx_word' id='word_1_264' title='bbox 1113 2822 1187 2885; x_wconf 80' lang='lat' dir='ltr'><strong>cho</strong></span> <span class='ocrx_word' id='word_1_265' title='bbox 1241 2831 1312 2904; x_wconf 91' lang='lat' dir='ltr'><strong>pter</strong></span> <span class='ocrx_word' id='word_1_266' title='bbox 1330 2823 1475 2886; x_wconf 87' lang='lat' dir='ltr'><strong>diverses</strong></span> <span class='ocrx_word' id='word_1_267' title='bbox 1490 2843 1602 2886; x_wconf 89' lang='lat' dir='ltr'><strong>causes</strong></span> <span class='ocrx_word' id='word_1_268' title='bbox 1617 2823 1822 2886; x_wconf 88' lang='lat' dir='ltr'><strong>instituerunt</strong></span> <span class='ocrx_word' id='word_1_269' title='bbox 1834 2823 1990 2905; x_wconf 85' lang='lat' dir='ltr'><strong>quasdam</strong></span> 
     </span>
     <span class='ocr_line' id='line_1_25' title="bbox 438 2906 1992 3004; baseline -0.001 -20"><span class='ocrx_word' id='word_1_270' title='bbox 438 2906 467 2984; x_wconf 90' lang='lat' dir='ltr'><strong>ri</strong></span> <span class='ocrx_word' id='word_1_271' title='bbox 481 2921 695 3004; x_wconf 91' lang='lat' dir='ltr'><strong>psallentium,</strong></span> <span class='ocrx_word' id='word_1_272' title='bbox 704 2941 742 2984; x_wconf 85' lang='lat' dir='ltr'><strong>ex</strong></span> <span class='ocrx_word' id='word_1_273' title='bbox 756 2921 902 3003; x_wconf 87' lang='lat' dir='ltr'><strong>opposite</strong></span> <span class='ocrx_word' id='word_1_274' title='bbox 913 2929 1033 2983; x_wconf 85' lang='lat' dir='ltr'><strong>stantes</strong></span> <span class='ocrx_word' id='word_1_275' title='bbox 1048 2930 1079 2983; x_wconf 90' lang='lat' dir='ltr'><strong>et</strong></span> <span class='ocrx_word' id='word_1_276' title='bbox 1090 2921 1185 2983; x_wconf 72' lang='grc' dir='ltr'>ὓοιιιιι</span> <span class='ocrx_word' id='word_1_277' title='bbox 1242 2922 1474 3003; x_wconf 89' lang='lat' dir='ltr'><strong>processiones.</strong></span> <span class='ocrx_word' id='word_1_278' title='bbox 1501 2922 1671 2999; x_wconf 86' lang='lat' dir='ltr'><strong>Postremo,</strong></span> <span class='ocrx_word' id='word_1_279' title='bbox 1699 2922 1796 2986; x_wconf 90' lang='lat' dir='ltr'><strong>etiam</strong></span> <span class='ocrx_word' id='word_1_280' title='bbox 1820 2930 1896 2984; x_wconf 85' lang='lat' dir='ltr'><strong>ante</strong></span> <span class='ocrx_word' id='word_1_281' title='bbox 1919 2921 1992 2984; x_wconf 89' lang='lat' dir='ltr'><strong>Gre-</strong></span> 
     </span>
     <span class='ocr_line' id='line_1_26' title="bbox 439 3014 1993 3102; baseline -0.002 -20"><span class='ocrx_word' id='word_1_282' title='bbox 439 3019 618 3082; x_wconf 88' lang='lat' dir='ltr'><strong>altematim</strong></span> <span class='ocrx_word' id='word_1_283' title='bbox 634 3018 811 3099; x_wconf 89' lang='lat' dir='ltr'><strong>laudantes,</strong></span> <span class='ocrx_word' id='word_1_284' title='bbox 828 3017 965 3100; x_wconf 91' lang='lat' dir='ltr'><strong>sumpsit</strong></span> <span class='ocrx_word' id='word_1_285' title='bbox 978 3018 1132 3101; x_wconf 81' lang='lat' dir='ltr'><strong>originem</strong></span> <span class='ocrx_word' id='word_1_286' title='bbox 1149 3014 1224 3081; x_wconf 88' lang='lat' dir='ltr'><strong>exC</strong></span> <span class='ocrx_word' id='word_1_287' title='bbox 1241 3019 1364 3100; x_wconf 92' lang='lat' dir='ltr'><strong>gorium</strong></span> <span class='ocrx_word' id='word_1_288' title='bbox 1386 3019 1547 3082; x_wconf 87' lang='lat' dir='ltr'><strong>luerunte</strong></span> <span class='ocrx_word' id='word_1_289' title='bbox 1567 3020 1683 3082; x_wconf 89' lang='lat' dir='ltr'><strong>sanctis</strong></span> <span class='ocrx_word' id='word_1_290' title='bbox 1701 3019 1845 3082; x_wconf 89' lang='lat' dir='ltr'><strong>Patribus</strong></span> <span class='ocrx_word' id='word_1_291' title='bbox 1865 3037 1993 3102; x_wconf 82' lang='lat' dir='ltr'><strong>proces-</strong></span> 
     </span>
     <span class='ocr_line' id='line_1_27' title="bbox 439 3116 1992 3201; baseline -0.001 -19"><span class='ocrx_word' id='word_1_292' title='bbox 439 3118 511 3197; x_wconf 91' lang='lat' dir='ltr'><strong>hoc,</strong></span> <span class='ocrx_word' id='word_1_293' title='bbox 534 3118 618 3200; x_wconf 91' lang='lat' dir='ltr'><strong>quod</strong></span> <span class='ocrx_word' id='word_1_294' title='bbox 645 3121 694 3198; x_wconf 84' lang='lat' dir='ltr'><strong>(ut</strong></span> <span class='ocrx_word' id='word_1_295' title='bbox 722 3117 826 3201; x_wconf 91' lang='lat' dir='ltr'><strong>primo</strong></span> <span class='ocrx_word' id='word_1_296' title='bbox 853 3116 1116 3199; x_wconf 89' lang='lat' dir='ltr'><strong>Paralipomenon</strong></span> <span class='ocrx_word' id='word_1_297' title='bbox 1145 3117 1187 3181; x_wconf 91' lang='lat' dir='ltr'><strong>le·</strong></span> <span class='ocrx_word' id='word_1_298' title='bbox 1242 3118 1348 3182; x_wconf 91' lang='lat' dir='ltr'><strong>siones</strong></span> <span class='ocrx_word' id='word_1_299' title='bbox 1374 3118 1488 3200; x_wconf 73' lang='lat' dir='ltr'><strong>alique</strong></span> <span class='ocrx_word' id='word_1_300' title='bbox 1512 3119 1675 3199; x_wconf 80' lang='lat' dir='ltr'><strong>institutes,</strong></span> <span class='ocrx_word' id='word_1_301' title='bbox 1695 3119 1734 3182; x_wconf 88' lang='lat' dir='ltr'><strong>ad</strong></span> <span class='ocrx_word' id='word_1_302' title='bbox 1762 3119 1992 3182; x_wconf 90' lang='lat' dir='ltr'><strong>removendum</strong></span> 
     </span>
     <span class='ocr_line' id='line_1_28' title="bbox 439 3216 1995 3300; baseline -0.001 -21"><span class='ocrx_word' id='word_1_303' title='bbox 439 3218 537 3300; x_wconf 91' lang='lat' dir='ltr'><strong>gitur)</strong></span> <span class='ocrx_word' id='word_1_304' title='bbox 556 3226 684 3280; x_wconf 92' lang='lat' dir='ltr'><strong>sanctus</strong></span> <span class='ocrx_word' id='word_1_305' title='bbox 705 3226 737 3279; x_wconf 91' lang='lat' dir='ltr'><strong>et</strong></span> <span class='ocrx_word' id='word_1_306' title='bbox 759 3216 985 3280; x_wconf 90' lang='lat' dir='ltr'><strong>devotissimus</strong></span> <span class='ocrx_word' id='word_1_307' title='bbox 1010 3216 1107 3278; x_wconf 85' lang='lat' dir='ltr'><strong>David</strong></span> <span class='ocrx_word' id='word_1_308' title='bbox 1134 3236 1186 3278; x_wconf 87' lang='lat' dir='ltr'><strong>rex</strong></span> <span class='ocrx_word' id='word_1_309' title='bbox 1241 3226 1275 3279; x_wconf 93' lang='lat' dir='ltr'><strong>et</strong></span> <span class='ocrx_word' id='word_1_310' title='bbox 1296 3218 1535 3299; x_wconf 86' lang='lat' dir='ltr'><strong>exstirpandum</strong></span> <span class='ocrx_word' id='word_1_311' title='bbox 1562 3236 1700 3281; x_wconf 92' lang='lat' dir='ltr'><strong>errorem</strong></span> <span class='ocrx_word' id='word_1_312' title='bbox 1733 3236 1770 3280; x_wconf 92' lang='lat' dir='ltr'><strong>ac</strong></span> <span class='ocrx_word' id='word_1_313' title='bbox 1795 3216 1893 3280; x_wconf 92' lang='lat' dir='ltr'><strong>ritum</strong></span> <span class='ocrx_word' id='word_1_314' title='bbox 1920 3236 1995 3299; x_wconf 89' lang='lat' dir='ltr'><strong>gen-</strong></span> 
     </span>
     <span class='ocr_line' id='line_1_29' title="bbox 439 3313 1995 3397; baseline -0.002 -18"><span class='ocrx_word' id='word_1_315' title='bbox 439 3316 548 3379; x_wconf 90' lang='lat' dir='ltr'><strong>statuit</strong></span> <span class='ocrx_word' id='word_1_316' title='bbox 579 3314 614 3377; x_wconf 91' lang='lat' dir='ltr'><strong>in</strong></span> <span class='ocrx_word' id='word_1_317' title='bbox 647 3315 741 3379; x_wconf 92' lang='lat' dir='ltr'><strong>domo</strong></span> <span class='ocrx_word' id='word_1_318' title='bbox 774 3314 829 3377; x_wconf 87' lang='lat' dir='ltr'><strong>Dei</strong></span> <span class='ocrx_word' id='word_1_319' title='bbox 865 3314 945 3376; x_wconf 94' lang='lat' dir='ltr'><strong>duos</strong></span> <span class='ocrx_word' id='word_1_320' title='bbox 982 3313 1187 3394; x_wconf 85' lang='lat' dir='ltr'><strong>psallentium</strong></span> <span class='ocrx_word' id='word_1_321' title='bbox 1241 3314 1347 3378; x_wconf 91' lang='lat' dir='ltr'><strong>tilium</strong></span> <span class='ocrx_word' id='word_1_322' title='bbox 1376 3324 1408 3377; x_wconf 92' lang='lat' dir='ltr'><strong>et</strong></span> <span class='ocrx_word' id='word_1_323' title='bbox 1441 3316 1690 3395; x_wconf 89' lang='lat' dir='ltr'><strong>idololatrarum,</strong></span> <span class='ocrx_word' id='word_1_324' title='bbox 1720 3316 1774 3397; x_wconf 91' lang='lat' dir='ltr'><strong>qui</strong></span> <span class='ocrx_word' id='word_1_325' title='bbox 1810 3324 1885 3379; x_wconf 86' lang='lat' dir='ltr'><strong>ante</strong></span> <span class='ocrx_word' id='word_1_326' title='bbox 1921 3334 1995 3378; x_wconf 91' lang='lat' dir='ltr'><strong>con-</strong></span> 
     </span>
     <span class='ocr_line' id='line_1_30' title="bbox 439 3412 1995 3493; baseline -0.004 -15"><span class='ocrx_word' id='word_1_327' title='bbox 439 3414 565 3478; x_wconf 89' lang='lat' dir='ltr'><strong>choros.</strong></span> <span class='ocrx_word' id='word_1_328' title='bbox 1242 3413 1423 3477; x_wconf 91' lang='lat' dir='ltr'><strong>versionem</strong></span> <span class='ocrx_word' id='word_1_329' title='bbox 1453 3433 1542 3477; x_wconf 90' lang='lat' dir='ltr'><strong>suam</strong></span> <span class='ocrx_word' id='word_1_330' title='bbox 1572 3414 1612 3477; x_wconf 93' lang='lat' dir='ltr'><strong>ad</strong></span> <span class='ocrx_word' id='word_1_331' title='bbox 1641 3414 1816 3493; x_wconf 84' lang='lat' dir='ltr'><strong>Christum,</strong></span> <span class='ocrx_word' id='word_1_332' title='bbox 1845 3412 1995 3477; x_wconf 87' lang='lat' dir='ltr'><strong>iecerunt</strong></span> 
     </span>
    </p>

    <p class='ocr_par' dir='ltr' id='par_1_5' title="bbox 437 3500 1995 4375">
     <span class='ocr_line' id='line_1_31' title="bbox 478 3500 1992 3593; baseline -0.003 -18"><span class='ocrx_word' id='word_1_333' title='bbox 478 3512 699 3589; x_wconf 91' lang='lat' dir='ltr'><strong>Conlormitcr,</strong></span> <span class='ocrx_word' id='word_1_334' title='bbox 724 3512 809 3591; x_wconf 87' lang='lat' dir='ltr'><strong>quod</strong></span> <span class='ocrx_word' id='word_1_335' title='bbox 838 3510 872 3572; x_wconf 92' lang='lat' dir='ltr'><strong>in</strong></span> <span class='ocrx_word' id='word_1_336' title='bbox 902 3509 1043 3573; x_wconf 87' lang='lat' dir='ltr'><strong>Ecclesia</strong></span> <span class='ocrx_word' id='word_1_337' title='bbox 1070 3510 1186 3573; x_wconf 87' lang='lat' dir='ltr'><strong>Christi</strong></span> <span class='ocrx_word' id='word_1_338' title='bbox 1242 3500 1350 3575; x_wconf 61' lang='lat' dir='ltr'><strong>diis&#39;et</strong></span> <span class='ocrx_word' id='word_1_339' title='bbox 1369 3511 1463 3574; x_wconf 92' lang='lat' dir='ltr'><strong>idolis</strong></span> <span class='ocrx_word' id='word_1_340' title='bbox 1485 3512 1550 3574; x_wconf 91' lang='lat' dir='ltr'><strong>suis</strong></span> <span class='ocrx_word' id='word_1_341' title='bbox 1571 3513 1723 3592; x_wconf 87' lang='lat' dir='ltr'><strong>quasdam</strong></span> <span class='ocrx_word' id='word_1_342' title='bbox 1744 3510 1992 3593; x_wconf 89' lang='lat' dir='ltr'><strong>processiones:</strong></span> 
     </span>
     <span class='ocr_line' id='line_1_32' title="bbox 437 3608 1995 3692; baseline -0.001 -18"><span class='ocrx_word' id='word_1_343' title='bbox 437 3612 522 3675; x_wconf 87' lang='lat' dir='ltr'><strong>liunt</strong></span> <span class='ocrx_word' id='word_1_344' title='bbox 538 3609 767 3692; x_wconf 90' lang='lat' dir='ltr'><strong>processiones,</strong></span> <span class='ocrx_word' id='word_1_345' title='bbox 785 3616 817 3671; x_wconf 93' lang='lat' dir='ltr'><strong>et</strong></span> <span class='ocrx_word' id='word_1_346' title='bbox 831 3627 948 3689; x_wconf 91' lang='lat' dir='ltr'><strong>corpus</strong></span> <span class='ocrx_word' id='word_1_347' title='bbox 962 3608 1092 3686; x_wconf 90' lang='lat' dir='ltr'><strong>Christi,</strong></span> <span class='ocrx_word' id='word_1_348' title='bbox 1110 3609 1188 3670; x_wconf 88' lang='lat' dir='ltr'><strong>ime·</strong></span> <span class='ocrx_word' id='word_1_349' title='bbox 1242 3608 1312 3674; x_wconf 93' lang='lat' dir='ltr'><strong>ideo</strong></span> <span class='ocrx_word' id='word_1_350' title='bbox 1335 3610 1494 3672; x_wconf 89' lang='lat' dir='ltr'><strong>ordinavit</strong></span> <span class='ocrx_word' id='word_1_351' title='bbox 1515 3610 1669 3688; x_wconf 88' lang='lat' dir='ltr'><strong>Ecclesia,</strong></span> <span class='ocrx_word' id='word_1_352' title='bbox 1686 3619 1721 3672; x_wconf 91' lang='lat' dir='ltr'><strong>ut</strong></span> <span class='ocrx_word' id='word_1_353' title='bbox 1740 3611 1824 3692; x_wconf 89' lang='lat' dir='ltr'><strong>quod</strong></span> <span class='ocrx_word' id='word_1_354' title='bbox 1846 3618 1923 3673; x_wconf 90' lang='lat' dir='ltr'><strong>ante</strong></span> <span class='ocrx_word' id='word_1_355' title='bbox 1945 3630 1995 3673; x_wconf 92' lang='lat' dir='ltr'><strong>su-</strong></span> 
     </span>
     <span class='ocr_line' id='line_1_33' title="bbox 437 3705 1994 3791; baseline 0 -19"><span class='ocrx_word' id='word_1_356' title='bbox 437 3728 478 3791; x_wconf 91' lang='lat' dir='ltr'><strong>go</strong></span> <span class='ocrx_word' id='word_1_357' title='bbox 493 3708 633 3791; x_wconf 76' lang='lat' dir='ltr'><strong>Virginis</strong></span> <span class='ocrx_word' id='word_1_358' title='bbox 647 3705 803 3790; x_wconf 75' lang='lat' dir='ltr'><strong>gloriose,</strong></span> <span class='ocrx_word' id='word_1_359' title='bbox 820 3724 954 3788; x_wconf 91' lang='lat' dir='ltr'><strong>corpora</strong></span> <span class='ocrx_word' id='word_1_360' title='bbox 969 3723 1096 3787; x_wconf 89' lang='lat' dir='ltr'><strong>quoque</strong></span> <span class='ocrx_word' id='word_1_361' title='bbox 1112 3707 1188 3769; x_wconf 88' lang='lat' dir='ltr'><strong>Sau—</strong></span> <span class='ocrx_word' id='word_1_362' title='bbox 1243 3708 1425 3790; x_wconf 90' lang='lat' dir='ltr'><strong>perstitiose</strong></span> <span class='ocrx_word' id='word_1_363' title='bbox 1440 3716 1584 3789; x_wconf 91' lang='lat' dir='ltr'><strong>egerunt,</strong></span> <span class='ocrx_word' id='word_1_364' title='bbox 1600 3708 1667 3790; x_wconf 86' lang='lat' dir='ltr'><strong>jam</strong></span> <span class='ocrx_word' id='word_1_365' title='bbox 1682 3708 1828 3772; x_wconf 88' lang='lat' dir='ltr'><strong>conversi</strong></span> <span class='ocrx_word' id='word_1_366' title='bbox 1843 3707 1994 3790; x_wconf 90' lang='lat' dir='ltr'><strong>religiose</strong></span> 
     </span>
     <span class='ocr_line' id='line_1_34' title="bbox 439 3803 1995 3891; baseline -0.003 -20"><span class='ocrx_word' id='word_1_367' title='bbox 439 3816 573 3885; x_wconf 86' lang='lat' dir='ltr'><strong>aterum,</strong></span> <span class='ocrx_word' id='word_1_368' title='bbox 595 3806 737 3891; x_wconf 73' lang='lat' dir='ltr'><strong>reliquias</strong></span> <span class='ocrx_word' id='word_1_369' title='bbox 761 3813 856 3887; x_wconf 89' lang='lat' dir='ltr'><strong>atque</strong></span> <span class='ocrx_word' id='word_1_370' title='bbox 882 3803 1039 3886; x_wconf 86' lang='lat' dir='ltr'><strong>imagines</strong></span> <span class='ocrx_word' id='word_1_371' title='bbox 1063 3824 1188 3869; x_wconf 92' lang='lat' dir='ltr'><strong>eorum·</strong></span> <span class='ocrx_word' id='word_1_372' title='bbox 1242 3806 1281 3870; x_wconf 95' lang='lat' dir='ltr'><strong>ad</strong></span> <span class='ocrx_word' id='word_1_373' title='bbox 1310 3806 1365 3869; x_wconf 86' lang='lat' dir='ltr'><strong>Dei</strong></span> <span class='ocrx_word' id='word_1_374' title='bbox 1396 3815 1490 3889; x_wconf 80' lang='lat' dir='ltr'><strong>atque</strong></span> <span class='ocrx_word' id='word_1_375' title='bbox 1519 3807 1707 3870; x_wconf 82' lang='lat' dir='ltr'><strong>Sanctorum</strong></span> <span class='ocrx_word' id='word_1_376' title='bbox 1735 3806 1890 3871; x_wconf 90' lang='lat' dir='ltr'><strong>honorem</strong></span> <span class='ocrx_word' id='word_1_377' title='bbox 1924 3825 1995 3889; x_wconf 91' lang='lat' dir='ltr'><strong>per-</strong></span> 
     </span>
     <span class='ocr_line' id='line_1_35' title="bbox 438 3900 1992 3986; baseline -0.001 -17"><span class='ocrx_word' id='word_1_378' title='bbox 438 3906 511 3969; x_wconf 93' lang='lat' dir='ltr'><strong>dem</strong></span> <span class='ocrx_word' id='word_1_379' title='bbox 539 3901 817 3986; x_wconf 88' lang='lat' dir='ltr'><strong>processionaliter</strong></span> <span class='ocrx_word' id='word_1_380' title='bbox 845 3900 1124 3979; x_wconf 80' lang='lat' dir='ltr'><strong>circumferuntur,</strong></span> <span class='ocrx_word' id='word_1_381' title='bbox 1150 3921 1189 3965; x_wconf 82' lang='lat' dir='ltr'><strong>ex</strong></span> <span class='ocrx_word' id='word_1_382' title='bbox 1242 3912 1382 3986; x_wconf 91' lang='lat' dir='ltr'><strong>agerent,</strong></span> <span class='ocrx_word' id='word_1_383' title='bbox 1391 3913 1484 3986; x_wconf 88' lang='lat' dir='ltr'><strong>prout</strong></span> <span class='ocrx_word' id='word_1_384' title='bbox 1498 3904 1531 3967; x_wconf 94' lang='lat' dir='ltr'><strong>in</strong></span> <span class='ocrx_word' id='word_1_385' title='bbox 1542 3906 1644 3969; x_wconf 82' lang='lat' dir='ltr'><strong>Aurea</strong></span> <span class='ocrx_word' id='word_1_386' title='bbox 1659 3906 1793 3986; x_wconf 87' lang='lat' dir='ltr'><strong>legenda</strong></span> <span class='ocrx_word' id='word_1_387' title='bbox 1803 3904 1992 3970; x_wconf 84' lang='lat' dir='ltr'><strong>Sanctorum</strong></span> 
     </span>
     <span class='ocr_line' id='line_1_36' title="bbox 440 3998 1398 4065; baseline 0 0"><span class='ocrx_word' id='word_1_388' title='bbox 440 4002 504 4065; x_wconf 90' lang='lat' dir='ltr'><strong>ritu</strong></span> <span class='ocrx_word' id='word_1_389' title='bbox 519 4010 552 4065; x_wconf 90' lang='lat' dir='ltr'><strong>et</strong></span> <span class='ocrx_word' id='word_1_390' title='bbox 565 4000 765 4064; x_wconf 89' lang='lat' dir='ltr'><strong>observantia</strong></span> <span class='ocrx_word' id='word_1_391' title='bbox 786 3998 906 4062; x_wconf 88' lang='lat' dir='ltr'><strong>veteris</strong></span> <span class='ocrx_word' id='word_1_392' title='bbox 920 3999 1112 4063; x_wconf 83' lang='lat' dir='ltr'><strong>Testamenti</strong></span> <span class='ocrx_word' id='word_1_393' title='bbox 1127 4008 1189 4063; x_wconf 91' lang='lat' dir='ltr'><strong>tra·</strong></span> <span class='ocrx_word' id='word_1_394' title='bbox 1242 4011 1398 4065; x_wconf 90' lang='lat' dir='ltr'><strong>narratur.</strong></span> 
     </span>
     <span class='ocr_line' id='line_1_37' title="bbox 439 4096 1189 4179; baseline -0.001 -17"><span class='ocrx_word' id='word_1_395' title='bbox 439 4099 484 4162; x_wconf 87' lang='lat' dir='ltr'><strong>xit</strong></span> <span class='ocrx_word' id='word_1_396' title='bbox 502 4099 734 4162; x_wconf 91' lang='lat' dir='ltr'><strong>institutionem</strong></span> <span class='ocrx_word' id='word_1_397' title='bbox 756 4096 1112 4179; x_wconf 72' lang='lat' dir='ltr'><strong>praefigurationemque</strong></span> <span class='ocrx_word' id='word_1_398' title='bbox 1134 4099 1189 4161; x_wconf 92' lang='lat' dir='ltr'><strong>ha-</strong></span> 
     </span>
     <span class='ocr_line' id='line_1_38' title="bbox 440 4193 1227 4277; baseline -0.001 -17"><span class='ocrx_word' id='word_1_399' title='bbox 440 4197 520 4277; x_wconf 91' lang='lat' dir='ltr'><strong>buit,</strong></span> <span class='ocrx_word' id='word_1_400' title='bbox 537 4205 711 4260; x_wconf 88' lang='lat' dir='ltr'><strong>etecusam</strong></span> <span class='ocrx_word' id='word_1_401' title='bbox 726 4193 838 4257; x_wconf 90' lang='lat' dir='ltr'><strong>saltem</strong></span> <span class='ocrx_word' id='word_1_402' title='bbox 854 4194 1030 4276; x_wconf 92' lang='lat' dir='ltr'><strong>partialem,</strong></span> <span class='ocrx_word' id='word_1_403' title='bbox 1043 4197 1188 4277; x_wconf 90' lang='lat' dir='ltr'><strong>quemvis</strong></span> <span class='ocrx_word' id='word_1_404' title='bbox 1205 4199 1227 4260; x_wconf 87' lang='lat' dir='ltr'><strong>b</strong></span> 
     </span>
     <span class='ocr_line' id='line_1_39' title="bbox 439 4267 1778 4375; baseline -0.002 -16"><span class='ocrx_word' id='word_1_405' title='bbox 439 4315 504 4359; x_wconf 91' lang='lat' dir='ltr'><strong>non</strong></span> <span class='ocrx_word' id='word_1_406' title='bbox 523 4293 665 4371; x_wconf 84' lang='lat' dir='ltr'><strong>totalem,</strong></span> <span class='ocrx_word' id='word_1_407' title='bbox 682 4292 755 4355; x_wconf 92' lang='lat' dir='ltr'><strong>inde</strong></span> <span class='ocrx_word' id='word_1_408' title='bbox 779 4293 932 4375; x_wconf 90' lang='lat' dir='ltr'><strong>suscepit.</strong></span> <span class='ocrx_word' id='word_1_409' title='bbox 954 4293 1081 4375; x_wconf 89' lang='lat' dir='ltr'><strong>Legitur</strong></span> <span class='ocrx_word' id='word_1_410' title='bbox 1102 4295 1189 4357; x_wconf 91' lang='lat' dir='ltr'><strong>enim</strong></span> <span class='ocrx_word' id='word_1_411' title='bbox 1450 4267 1694 4333; x_wconf 73' lang='lat' dir='ltr'><strong>ARTIGULUS</strong></span> <span class='ocrx_word' id='word_1_412' title='bbox 1717 4270 1778 4332; x_wconf 82' lang='grc' dir='ltr'>ῙῙῙ·</span> 
     </span>
    </p>
   </div>
   <div class='ocr_carea' id='block_1_3' title="bbox 292 4391 1997 5361">
    <p class='ocr_par' dir='ltr' id='par_1_6' title="bbox 292 4391 1997 5361">
     <span class='ocr_line' id='line_1_40' title="bbox 302 4391 1997 4502; baseline 0.002 -19"><span class='ocrx_word' id='word_1_413' title='bbox 302 4408 425 4460; x_wconf 60' lang='grc' dir='ltr'><strong>’Μ’</strong></span> <span class='ocrx_word' id='word_1_414' title='bbox 439 4396 473 4457; x_wconf 63' lang='lat' dir='ltr'><strong>in</strong></span> <span class='ocrx_word' id='word_1_415' title='bbox 499 4394 582 4457; x_wconf 57' lang='grc' dir='ltr'><strong>ΗΜΘ</strong></span> <span class='ocrx_word' id='word_1_416' title='bbox 601 4392 706 4471; x_wconf 66' lang='lat' dir='ltr'><strong>⁴¹⁰⁸¹¹⁰a</strong></span> <span class='ocrx_word' id='word_1_417' title='bbox 728 4391 996 4472; x_wconf 59' lang='lat' dir='ltr'><strong>quemadnmdum</strong></span> <span class='ocrx_word' id='word_1_418' title='bbox 1022 4392 1087 4455; x_wconf 58' lang='lat'><strong>¹3⁰⁰</strong></span> <span class='ocrx_word' id='word_1_419' title='bbox 1111 4411 1190 4474; x_wconf 58' lang='lat' dir='ltr'><strong>pm*</strong></span> <span class='ocrx_word' id='word_1_420' title='bbox 1241 4424 1480 4483; x_wconf 76' lang='lat' dir='ltr'><strong>Declaratioeoe</strong></span> <span class='ocrx_word' id='word_1_421' title='bbox 1490 4425 1541 4483; x_wconf 80' lang='lat' dir='ltr'><strong>his</strong></span> <span class='ocrx_word' id='word_1_422' title='bbox 1556 4444 1628 4502; x_wconf 82' lang='lat' dir='ltr'><strong>quoe</strong></span> <span class='ocrx_word' id='word_1_423' title='bbox 1643 4426 1679 4485; x_wconf 77' lang='lat' dir='ltr'><strong>in</strong></span> <span class='ocrx_word' id='word_1_424' title='bbox 1694 4426 1798 4485; x_wconf 84' lang='lat' dir='ltr'><strong>veteri</strong></span> <span class='ocrx_word' id='word_1_425' title='bbox 1813 4429 1997 4487; x_wconf 80' lang='lat' dir='ltr'><strong>Testamen-</strong></span> 
     </span>
     <span class='ocr_line' id='line_1_41' title="bbox 292 4474 1997 4593; baseline 0.002 -36"><span class='ocrx_word' id='word_1_426' title='bbox 292 4474 368 4527; x_wconf 49' lang='grc' dir='ltr'><strong>’Μ’</strong></span> <span class='ocrx_word' id='word_1_427' title='bbox 439 4493 589 4575; x_wconf 91' lang='lat' dir='ltr'><strong>cipiente,</strong></span> <span class='ocrx_word' id='word_1_428' title='bbox 616 4490 795 4553; x_wconf 87' lang='lat' dir='ltr'><strong>sacerdotes</strong></span> <span class='ocrx_word' id='word_1_429' title='bbox 818 4489 948 4552; x_wconf 78' lang='lat' dir='ltr'><strong>levitici</strong></span> <span class='ocrx_word' id='word_1_430' title='bbox 976 4490 1102 4571; x_wconf 89' lang='lat' dir='ltr'><strong>generis</strong></span> <span class='ocrx_word' id='word_1_431' title='bbox 1131 4492 1190 4554; x_wconf 88' lang='lat' dir='ltr'><strong>cir·</strong></span> <span class='ocrx_word' id='word_1_432' title='bbox 1283 4514 1313 4573; x_wconf 67' lang='lat'><strong>20</strong></span> <span class='ocrx_word' id='word_1_433' title='bbox 1335 4514 1426 4589; x_wconf 56' lang='lat' dir='ltr'><em>facea</em></span> <span class='ocrx_word' id='word_1_434' title='bbox 1450 4516 1620 4589; x_wconf 54' lang='lat' dir='ltr'><strong>lemur,</strong></span> <span class='ocrx_word' id='word_1_435' title='bbox 1640 4534 1738 4593; x_wconf 64' lang='lat' dir='ltr'><em>quam</em></span> <span class='ocrx_word' id='word_1_436' title='bbox 1761 4516 1883 4586; x_wconf 58' lang='lat' dir='ltr'><strong>devote,</strong></span> <span class='ocrx_word' id='word_1_437' title='bbox 1904 4519 1997 4577; x_wconf 58' lang='lat' dir='ltr'><strong>ordi.</strong></span> 
     </span>
     <span class='ocr_line' id='line_1_42' title="bbox 438 4588 1996 4682; baseline 0.003 -21"><span class='ocrx_word' id='word_1_438' title='bbox 438 4590 671 4655; x_wconf 80' lang='lat' dir='ltr'><strong>cumduxerunt</strong></span> <span class='ocrx_word' id='word_1_439' title='bbox 704 4607 811 4650; x_wconf 81' lang='lat' dir='ltr'><strong>aream</strong></span> <span class='ocrx_word' id='word_1_440' title='bbox 844 4588 899 4651; x_wconf 78' lang='lat' dir='ltr'><strong>bei</strong></span> <span class='ocrx_word' id='word_1_441' title='bbox 928 4606 985 4669; x_wconf 79' lang='lat' dir='ltr'><strong>per</strong></span> <span class='ocrx_word' id='word_1_442' title='bbox 1019 4588 1188 4652; x_wconf 81' lang='lat' dir='ltr'><strong>circuitum</strong></span> <span class='ocrx_word' id='word_1_443' title='bbox 1281 4610 1357 4661; x_wconf 72' lang='lat' dir='ltr'><strong>sace</strong></span> <span class='ocrx_word' id='word_1_444' title='bbox 1383 4622 1421 4661; x_wconf 79' lang='lat' dir='ltr'><strong>ae</strong></span> <span class='ocrx_word' id='word_1_445' title='bbox 1448 4610 1635 4661; x_wconf 74' lang='lat' dir='ltr'><strong>reverenter</strong></span> <span class='ocrx_word' id='word_1_446' title='bbox 1658 4604 1737 4679; x_wconf 76' lang='lat' dir='ltr'><strong>fieri</strong></span> <span class='ocrx_word' id='word_1_447' title='bbox 1759 4606 1895 4664; x_wconf 75' lang='lat' dir='ltr'><strong>deceant</strong></span> <span class='ocrx_word' id='word_1_448' title='bbox 1918 4624 1996 4682; x_wconf 70' lang='lat' dir='ltr'><strong>pre</strong></span> 
     </span>
     <span class='ocr_line' id='line_1_43' title="bbox 438 4686 1997 4768; baseline 0.002 -16"><span class='ocrx_word' id='word_1_449' title='bbox 438 4688 527 4753; x_wconf 92' lang='lat' dir='ltr'><strong>urbis</strong></span> <span class='ocrx_word' id='word_1_450' title='bbox 550 4686 681 4751; x_wconf 90' lang='lat' dir='ltr'><strong>nomine</strong></span> <span class='ocrx_word' id='word_1_451' title='bbox 703 4687 840 4763; x_wconf 77' lang='lat' dir='ltr'><strong>iericho,</strong></span> <span class='ocrx_word' id='word_1_452' title='bbox 863 4705 922 4768; x_wconf 83' lang='lat' dir='ltr'><strong>Per</strong></span> <span class='ocrx_word' id='word_1_453' title='bbox 945 4706 998 4749; x_wconf 84' lang='lat' dir='ltr'><strong>sex</strong></span> <span class='ocrx_word' id='word_1_454' title='bbox 1020 4686 1089 4749; x_wconf 92' lang='lat' dir='ltr'><strong>dies</strong></span> <span class='ocrx_word' id='word_1_455' title='bbox 1111 4706 1188 4768; x_wconf 76' lang='lat' dir='ltr'><strong>quo</strong></span> <span class='ocrx_word' id='word_1_456' title='bbox 1281 4692 1437 4751; x_wconf 81' lang='lat' dir='ltr'><strong>cessiones</strong></span> <span class='ocrx_word' id='word_1_457' title='bbox 1456 4699 1485 4750; x_wconf 89' lang='lat' dir='ltr'><strong>et</strong></span> <span class='ocrx_word' id='word_1_458' title='bbox 1504 4693 1745 4766; x_wconf 71' lang='lat' dir='ltr'><strong>depos-tationes</strong></span> <span class='ocrx_word' id='word_1_459' title='bbox 1762 4712 1937 4754; x_wconf 81' lang='lat' dir='ltr'><strong>sacrorum</strong></span> <span class='ocrx_word' id='word_1_460' title='bbox 1958 4715 1997 4755; x_wconf 85' lang='lat' dir='ltr'><strong>ac</strong></span> 
     </span>
     <span class='ocr_line' id='line_1_44' title="bbox 436 4778 1821 4867; baseline -0.006 -16"><span class='ocrx_word' id='word_1_461' title='bbox 436 4788 514 4851; x_wconf 91' lang='lat' dir='ltr'><strong>tidie</strong></span> <span class='ocrx_word' id='word_1_462' title='bbox 529 4787 639 4867; x_wconf 90' lang='lat' dir='ltr'><strong>semel,</strong></span> <span class='ocrx_word' id='word_1_463' title='bbox 655 4794 688 4849; x_wconf 90' lang='lat' dir='ltr'><strong>et</strong></span> <span class='ocrx_word' id='word_1_464' title='bbox 701 4784 836 4867; x_wconf 91' lang='lat' dir='ltr'><strong>septimo</strong></span> <span class='ocrx_word' id='word_1_465' title='bbox 856 4784 907 4846; x_wconf 90' lang='lat' dir='ltr'><strong>die</strong></span> <span class='ocrx_word' id='word_1_466' title='bbox 921 4784 1050 4866; x_wconf 87' lang='lat' dir='ltr'><strong>septies.</strong></span> <span class='ocrx_word' id='word_1_467' title='bbox 1067 4786 1187 4849; x_wconf 89' lang='lat' dir='ltr'><strong>Deinde</strong></span> <span class='ocrx_word' id='word_1_468' title='bbox 1282 4780 1504 4859; x_wconf 77' lang='lat' dir='ltr'><strong>reliquiarum</strong></span> <span class='ocrx_word' id='word_1_469' title='bbox 1525 4781 1561 4839; x_wconf 79' lang='lat' dir='ltr'><strong>in</strong></span> <span class='ocrx_word' id='word_1_470' title='bbox 1583 4778 1729 4841; x_wconf 76' lang='lat' dir='ltr'><strong>Ecclesia</strong></span> <span class='ocrx_word' id='word_1_471' title='bbox 1751 4782 1821 4843; x_wconf 82' lang='lat' dir='ltr'><strong>Dei.</strong></span> 
     </span>
     <span class='ocr_line' id='line_1_45' title="bbox 437 4882 1186 4969; baseline -0.003 -18"><span class='ocrx_word' id='word_1_472' title='bbox 437 4885 554 4968; x_wconf 87' lang='lat' dir='ltr'><strong>legitur</strong></span> <span class='ocrx_word' id='word_1_473' title='bbox 577 4883 681 4969; x_wconf 89' lang='lat' dir='ltr'><strong>primo</strong></span> <span class='ocrx_word' id='word_1_474' title='bbox 704 4882 966 4964; x_wconf 87' lang='lat' dir='ltr'><strong>Paralipomenon</strong></span> <span class='ocrx_word' id='word_1_475' title='bbox 989 4892 1020 4946; x_wconf 91' lang='lat' dir='ltr'><strong>et</strong></span> <span class='ocrx_word' id='word_1_476' title='bbox 1046 4886 1186 4949; x_wconf 87' lang='lat' dir='ltr'><strong>secundo</strong></span> 
     </span>
     <span class='ocr_line' id='line_1_46' title="bbox 305 4981 1994 5068; baseline 0.003 -21"><span class='ocrx_word' id='word_1_477' title='bbox 305 5002 421 5056; x_wconf 59' lang='lat' dir='ltr'><strong>trees..</strong></span> <span class='ocrx_word' id='word_1_478' title='bbox 435 4986 570 5068; x_wconf 84' lang='lat' dir='ltr'><strong>llegum,</strong></span> <span class='ocrx_word' id='word_1_479' title='bbox 590 4981 728 5064; x_wconf 90' lang='lat' dir='ltr'><strong>qualiter</strong></span> <span class='ocrx_word' id='word_1_480' title='bbox 748 4981 845 5043; x_wconf 85' lang='lat' dir='ltr'><strong>David</strong></span> <span class='ocrx_word' id='word_1_481' title='bbox 871 5000 944 5044; x_wconf 93' lang='lat' dir='ltr'><strong>cum</strong></span> <span class='ocrx_word' id='word_1_482' title='bbox 970 4983 1186 5046; x_wconf 88' lang='lat' dir='ltr'><strong>sacerdotibus</strong></span> <span class='ocrx_word' id='word_1_483' title='bbox 1312 4983 1391 5046; x_wconf 87' lang='lat' dir='ltr'><strong>UAhl</strong></span> <span class='ocrx_word' id='word_1_484' title='bbox 1410 4982 1583 5064; x_wconf 86' lang='lat' dir='ltr'><strong>magnilica</strong></span> <span class='ocrx_word' id='word_1_485' title='bbox 1602 4989 1633 5047; x_wconf 93' lang='lat' dir='ltr'><strong>et</strong></span> <span class='ocrx_word' id='word_1_486' title='bbox 1651 4985 1800 5065; x_wconf 82' lang='lat' dir='ltr'><strong>praeclare</strong></span> <span class='ocrx_word' id='word_1_487' title='bbox 1822 4986 1873 5049; x_wconf 87' lang='lat' dir='ltr'><strong>lex</strong></span> <span class='ocrx_word' id='word_1_488' title='bbox 1892 5006 1994 5051; x_wconf 90' lang='lat' dir='ltr'><strong>evan·</strong></span> 
     </span>
     <span class='ocr_line' id='line_1_47' title="bbox 296 4980 1993 5185; baseline 0.002 -38"><span class='ocrx_word' id='word_1_489' title='bbox 296 5079 421 5185; x_wconf 36' lang='lat' dir='ltr'><strong>{125¹ss</strong></span> <span class='ocrx_word' id='word_1_490' title='bbox 435 5104 472 5147; x_wconf 86' lang='lat' dir='ltr'><strong>ac</strong></span> <span class='ocrx_word' id='word_1_491' title='bbox 489 5081 608 5165; x_wconf 90' lang='lat' dir='ltr'><strong>populo</strong></span> <span class='ocrx_word' id='word_1_492' title='bbox 622 5080 717 5144; x_wconf 89' lang='lat' dir='ltr'><strong>lsrael</strong></span> <span class='ocrx_word' id='word_1_493' title='bbox 733 5080 823 5142; x_wconf 83' lang='lat' dir='ltr'><strong>duxit</strong></span> <span class='ocrx_word' id='word_1_494' title='bbox 838 5099 943 5142; x_wconf 90' lang='lat' dir='ltr'><strong>aream</strong></span> <span class='ocrx_word' id='word_1_495' title='bbox 960 5081 1014 5143; x_wconf 81' lang='lat' dir='ltr'><strong>bei</strong></span> <span class='ocrx_word' id='word_1_496' title='bbox 1028 5081 1069 5142; x_wconf 91' lang='lat' dir='ltr'><strong>de</strong></span> <span class='ocrx_word' id='word_1_497' title='bbox 1080 5082 1185 5145; x_wconf 86' lang='lat' dir='ltr'><strong>Gabaa</strong></span> <span class='ocrx_word' id='word_1_498' title='bbox 1243 4980 1307 5181; x_wconf 80' lang='grc' dir='ltr'>Ο</span> <span class='ocrx_word' id='word_1_499' title='bbox 1325 5081 1428 5163; x_wconf 91' lang='lat' dir='ltr'><strong>gelica</strong></span> <span class='ocrx_word' id='word_1_500' title='bbox 1443 5090 1536 5163; x_wconf 90' lang='lat' dir='ltr'><strong>atque</strong></span> <span class='ocrx_word' id='word_1_501' title='bbox 1550 5082 1693 5145; x_wconf 88' lang='lat' dir='ltr'><strong>Ecclesia</strong></span> <span class='ocrx_word' id='word_1_502' title='bbox 1707 5085 1860 5147; x_wconf 81' lang='lat' dir='ltr'><strong>excedant</strong></span> <span class='ocrx_word' id='word_1_503' title='bbox 1875 5086 1911 5149; x_wconf 94' lang='lat' dir='ltr'><strong>in</strong></span> <span class='ocrx_word' id='word_1_504' title='bbox 1927 5106 1993 5151; x_wconf 86' lang='lat' dir='ltr'><strong>em</strong></span> 
     </span>
     <span class='ocr_line' id='line_1_48' title="bbox 414 5163 1992 5265; baseline 0.003 -20"><span class='ocrx_word' id='word_1_505' title='bbox 414 5163 535 5265; x_wconf 61' lang='lat' dir='ltr'><strong>&#39;usque</strong></span> <span class='ocrx_word' id='word_1_506' title='bbox 557 5182 590 5244; x_wconf 93' lang='lat' dir='ltr'><strong>in</strong></span> <span class='ocrx_word' id='word_1_507' title='bbox 610 5180 740 5244; x_wconf 92' lang='lat' dir='ltr'><strong>domum</strong></span> <span class='ocrx_word' id='word_1_508' title='bbox 762 5178 953 5258; x_wconf 87' lang='lat' dir='ltr'><strong>Cbededom,</strong></span> <span class='ocrx_word' id='word_1_509' title='bbox 974 5187 1005 5241; x_wconf 89' lang='lat' dir='ltr'><strong>et</strong></span> <span class='ocrx_word' id='word_1_510' title='bbox 1026 5188 1099 5261; x_wconf 93' lang='lat' dir='ltr'><strong>post</strong></span> <span class='ocrx_word' id='word_1_511' title='bbox 1123 5188 1184 5243; x_wconf 89' lang='lat' dir='ltr'><strong>tres</strong></span> <span class='ocrx_word' id='word_1_512' title='bbox 1237 5180 1272 5241; x_wconf 91' lang='lat' dir='ltr'><strong>ni</strong></span> <span class='ocrx_word' id='word_1_513' title='bbox 1296 5178 1461 5261; x_wconf 83' lang='lat' dir='ltr'><strong>dignitate,</strong></span> <span class='ocrx_word' id='word_1_514' title='bbox 1478 5178 1674 5260; x_wconf 81' lang='lat' dir='ltr'><strong>perfectione</strong></span> <span class='ocrx_word' id='word_1_515' title='bbox 1698 5190 1730 5244; x_wconf 90' lang='lat' dir='ltr'><strong>et</strong></span> <span class='ocrx_word' id='word_1_516' title='bbox 1751 5182 1853 5264; x_wconf 90' lang='lat' dir='ltr'><strong>gratia</strong></span> <span class='ocrx_word' id='word_1_517' title='bbox 1877 5185 1992 5249; x_wconf 90' lang='lat' dir='ltr'><strong>hlosai-</strong></span> 
     </span>
     <span class='ocr_line' id='line_1_49' title="bbox 434 5276 1992 5361; baseline 0.003 -16"><span class='ocrx_word' id='word_1_518' title='bbox 434 5300 561 5346; x_wconf 90' lang='lat' dir='ltr'><strong>menses</strong></span> <span class='ocrx_word' id='word_1_519' title='bbox 584 5280 625 5343; x_wconf 91' lang='lat' dir='ltr'><strong>de</strong></span> <span class='ocrx_word' id='word_1_520' title='bbox 649 5278 744 5343; x_wconf 87' lang='lat' dir='ltr'><strong>domo</strong></span> <span class='ocrx_word' id='word_1_521' title='bbox 767 5276 947 5341; x_wconf 88' lang='lat' dir='ltr'><strong>Obededom</strong></span> <span class='ocrx_word' id='word_1_522' title='bbox 967 5277 1000 5340; x_wconf 93' lang='lat' dir='ltr'><strong>in</strong></span> <span class='ocrx_word' id='word_1_523' title='bbox 1020 5277 1184 5343; x_wconf 88' lang='lat' dir='ltr'><strong>civitatem</strong></span> <span class='ocrx_word' id='word_1_524' title='bbox 1238 5298 1308 5343; x_wconf 87' lang='lat' dir='ltr'><strong>cam</strong></span> <span class='ocrx_word' id='word_1_525' title='bbox 1320 5278 1423 5361; x_wconf 89' lang='lat' dir='ltr'><strong>legem</strong></span> <span class='ocrx_word' id='word_1_526' title='bbox 1435 5295 1472 5341; x_wconf 90' lang='lat' dir='ltr'><strong>ac</strong></span> <span class='ocrx_word' id='word_1_527' title='bbox 1483 5277 1900 5361; x_wconf 83' lang='lat' dir='ltr'><strong>Syuagogam,beatissimus</strong></span> <span class='ocrx_word' id='word_1_528' title='bbox 1911 5284 1992 5349; x_wconf 83' lang='lat' dir='ltr'><strong>Pau·</strong></span> 
     </span>
    </p>
   </div>
   <div class='ocr_carea' id='block_1_4' title="bbox 0 0 2167 6244">
    <p class='ocr_par' dir='ltr' id='par_1_7' title="bbox 0 0 2167 6244">
     <span class='ocr_line' id='line_1_50' title="bbox 0 0 2167 6244; baseline 0 0"><span class='ocrx_word' id='word_1_529' title='bbox 0 0 2167 6244; x_wconf 95' lang='lat' dir='ltr'><strong> </strong></span> 
     </span>
    </p>
   </div>
  </div>
 </body>
</html>
