4309 6250
425 484 484 551 flll
657 505 697 552 DE
717 504 880 553 hiemante
901 507 940 555 ltt·
959 506 1108 555 leubinus
1128 508 1156 553 B.
1179 509 1208 552 V.
1230 508 1346 565 mildi,
1368 508 1457 555 nutu
1476 509 1522 556 nt.
1545 526 1585 539 ·-
1606 509 1676 555 ΛΒΤ.
1698 509 1734 556 lll

461 674 552 738 Nune
580 694 656 759 orgo
682 695 854 758 pensemus
882 694 940 760 pro
975 676 1110 755 viribus,
1140 677 1368 742 ethdictione
1391 678 1518 741 virtutis
1542 699 1579 743 ac
1608 678 1718 761 gratie
1746 686 1841 761 atque
1868 678 1988 742 dulce-

423 782 576 853 quantum
595 775 761 837 donaverit
776 775 937 853 Dominus,
954 775 1092 856 qualiter
1111 775 1172 838 ista
1225 776 1309 839 dinis
1324 796 1400 854 suaa,
1417 785 1449 839 et
1463 777 1591 859 copiose
1606 776 1823 841 sanctificavit
1835 778 1869 839 in
1884 788 1985 841 utero

421 871 506 934 inter
533 872 631 935 Deum
660 881 692 935 et
716 872 931 935 beatissimam
956 873 1088 936 fuerunt
1110 874 1171 936 lda-
1225 876 1367 937 nondum
1384 875 1505 938 ratione
1520 884 1683 951 utentem,
1700 883 1732 938 et
1745 876 1874 939 taudem
1888 875 1986 938 dedit

421 968 512 1031 riam.
539 970 577 1031 Et
602 976 726 1033 constat
753 969 788 1031 iu
816 970 940 1051 primis,
966 971 1051 1053 quod
1077 990 1168 1052 pura,
1225 972 1255 1034 ei
1284 992 1318 1035 se
1346 973 1451 1053 ipsum
1480 974 1513 1035 in
1543 973 1659 1052 lilium,
1687 974 1797 1055 sicque
1822 973 1856 1036 in
1884 974 1985 1056 apice

420 1066 681 1149 incomparabilis
696 1086 733 1130 ac
755 1086 885 1149 prorsus
905 1067 1036 1131 infinita
1055 1068 1097 1130 sit
1114 1067 1170 1132 bo-
1224 1070 1389 1151 dignitatis
1424 1089 1511 1151 purat
1544 1080 1695 1134 creaturas
1724 1070 1868 1152 possibili
1903 1090 1984 1133 eam

419 1165 502 1227 nitas
528 1164 596 1244 Dei,
623 1165 656 1228 in
685 1165 848 1227 inlinitum
878 1165 1045 1229 amabilior
1072 1184 1168 1247 quam
1225 1168 1467 1249 praeclarissime
1489 1168 1670 1246 collocavit,
1686 1169 1748 1232 boc
1770 1177 1819 1231 est
1837 1168 1871 1231 in
1890 1176 1982 1231 statu

418 1282 438 1325 a
459 1281 538 1344 pura
558 1264 658 1345 possit
678 1270 824 1327 creatura
845 1265 956 1326 amari.
978 1264 1109 1341 Deinde,
1129 1284 1168 1327 ex
1224 1265 1435 1328 maternitatis
1459 1267 1527 1329 vcri
1551 1267 1619 1345 Dei,
1645 1286 1702 1349 per
1725 1285 1821 1349 quam
1846 1285 1982 1349 compa-

339 1391 404 1429 nrm.
419 1360 611 1424 introductis
625 1360 659 1422 in
675 1362 815 1424 secundo
833 1361 941 1424 libello
956 1370 1004 1424 est
1022 1362 1166 1441 evidens,
1225 1363 1355 1426 rentalis
1378 1373 1426 1426 cst
1449 1363 1566 1427 effecta
1591 1366 1654 1428 Deo
1678 1364 1760 1427 Patri
1785 1388 1792 1427 ε
1816 1365 1900 1447 quod
1924 1373 1981 1428 est

419 1452 503 1541 quod
519 1458 723 1521 serenissima
742 1466 774 1521 et
792 1458 1086 1540 praeamabilissima
1106 1460 1169 1521 vir·
1224 1461 1363 1543 dignitas
1377 1462 1610 1542 quodammodo
1626 1462 1764 1544 infinita,
1772 1470 1807 1525 ut
1820 1463 1854 1525 in
1869 1463 1979 1545 primo

419 1576 460 1638 go
481 1556 576 1619 lllaria
590 1556 689 1620 Deum
711 1557 744 1618 in
766 1558 825 1619 hac
848 1557 913 1619 vita
934 1558 1070 1620 multum
1089 1577 1169 1639 prae
1225 1559 1332 1623 libello
1354 1559 1548 1623 elucidatum
1570 1568 1618 1623 est
1639 1559 1775 1642 plenius.
1991 1593 2085 1634 m„

419 1655 505 1719 clare
520 1655 671 1737 coguovit
687 1679 693 1716 :
711 1655 870 1717 interdum
881 1656 1011 1737 quidem
1027 1674 1084 1737 per
1099 1675 1169 1738 spe-
1264 1658 1406 1740 [lenique
1428 1658 1644 1740 pulchritudo,
1660 1659 1813 1739 probitas,
1837 1659 1978 1722 strenui-

419 1754 513 1832 oiem‚
547 1754 737 1835 quandoque
772 1773 830 1836 per
864 1754 1167 1817 excellentissimum
1225 1764 1272 1817 tas
1300 1774 1432 1838 operum
1461 1756 1529 1833 Dei,
1560 1775 1616 1818 seu
1644 1756 1759 1819 Christi
1787 1776 1826 1819 ex
1853 1758 1979 1839 optima

419 1852 584 1933 sapientia
602 1853 732 1932 donum,
754 1850 925 1933 aliquando
949 1872 1005 1934 per
1027 1853 1169 1935 mystice
1187 1854 1211 1917 B
1226 1853 1355 1933 Virgine
1379 1853 1456 1931 nati,
1483 1854 1705 1933 mansuetudo,
1729 1854 1904 1932 humilitas,
1926 1874 1981 1917 sa-

418 1949 587 2031 theologiae
616 1948 899 2031 profundissimam
932 1950 1102 2029 visionem,
1132 1971 1169 2013 ac
1225 1951 1357 2031 pientia,
1384 1951 1593 2033 ingeniositas
1621 1960 1653 2014 et
1680 1952 1815 2015 societas
1839 1952 1910 2033 ejus
1934 1952 1979 2015 ad

419 2048 491 2112 aliis
515 2047 641 2126 modis;
669 2048 733 2111 imo
761 2066 816 2129 per
846 2048 1006 2111 assiduam
1030 2049 1171 2131 splendi·
1225 2048 1339 2131 ipsam,
1356 2068 1416 2111 nec
1431 2049 1525 2130 plene
1548 2049 1685 2131 intelligi
1708 2068 1767 2112 nec
1781 2049 1878 2131 digne
1898 2069 1981 2131 que-

419 2147 583 2209 dissimam
607 2146 875 2209 illuminationem
890 2146 1027 2227 Spiritus
1049 2146 1167 2225 Sancti,
1225 2154 1283 2208 unt
1302 2166 1321 2209 a
1343 2147 1434 2210 nobis
1456 2147 1579 2210 laudari
1597 2171 1604 2209 :
1621 2156 1653 2209 ot
1673 2155 1780 2211 tamen
1802 2156 1979 2231 utcumque

419 2242 682 2327 perfamiliarem
698 2244 942 2307 instructionem
958 2244 1170 2308 cohabitantis
1224 2243 1341 2308 nostris
1364 2245 1513 2307 cordibus
1535 2245 1752 2309 innotescunt.
1768 2245 1898 2309 lnterim
1920 2265 1980 2309 cor

419 2342 480 2405 sibi
496 2343 590 2406 Verbi
606 2343 727 2420 aetemi,
740 2341 806 2404 veri
821 2342 876 2404 Dei
896 2361 934 2405 ex
948 2362 981 2405 se
997 2343 1061 2405 nati
1071 2364 1080 2419 ς
1092 2343 1169 2405 item
1225 2343 1404 2424 purissime
1419 2342 1681 2424 admirabilisque
1695 2343 1799 2407 Mariae
1812 2344 1852 2407 ad
1866 2363 1979 2407 aman-

419 2460 478 2522 per
501 2440 601 2503 fidem
626 2440 802 2503 rationibus
827 2441 1057 2504 credendorum
1084 2440 1171 2523 puri·
1224 2442 1300 2502 dum
1325 2441 1448 2503 sincere
1473 2440 1534 2503 fuit
1556 2442 1769 2524 aptissimum,
1793 2450 1901 2523 utpote
1927 2442 1979 2505 in-

419 2538 587 2619 ficataeque
609 2539 725 2601 mentis
751 2538 963 2618 intelligentia
984 2538 1171 2622 limpidissi-
1224 2539 1404 2601 tensissima
1438 2539 1589 2602 allectiva
1623 2539 1777 2619 dotatum,
1811 2541 1853 2603 ab
1885 2542 1977 2604 omni

419 2656 472 2701 me
485 2637 677 2718 decoratam,
695 2656 751 2720 per
765 2638 885 2701 donum
902 2637 1083 2701 intellectus
1097 2658 1171 2701 acu·
1225 2637 1446 2718 inquietudine
1471 2638 1655 2719 passionum
1684 2658 1721 2700 ac
1751 2639 1902 2703 vitiorum
1936 2638 1977 2701 li-

420 2736 543 2802 tissime
571 2736 768 2819 penetrantis
800 2755 837 2799 ac
873 2736 1098 2819 perspicientis
1132 2755 1172 2798 ea
1225 2735 1409 2815 berrimum,
1439 2754 1458 2798 a
1485 2736 1597 2798 fomite
1630 2736 1903 2818 purgatissimum,
1932 2737 1976 2800 ab

419 2854 491 2917 qua
514 2834 593 2897 fidei
617 2843 712 2913 sunt;
733 2853 790 2916 per
814 2834 1003 2916 sapientiam
1028 2854 1098 2915 quae
1122 2842 1172 2897 est
1224 2832 1311 2895 omui
1327 2832 1534 2896 distractione
1548 2841 1580 2895 et
1594 2833 1830 2898 inordinatione
1845 2834 1976 2916 penitus

419 2933 539 2996 donum
564 2933 673 3014 gratia
698 2932 795 3014 gratis
819 2932 911 3010 datae,
928 2941 1022 3013 atque
1045 2951 1103 3014 per
1121 2952 1170 2995 sa·
1224 2930 1376 3011 alienum,
1394 2930 1457 2995 imo
1472 2940 1503 2993 et
1517 2931 1889 3014 plenitudinedonorum
1903 2953 1975 3014 gra·

419 3030 572 3113 pientiam
600 3029 777 3093 naturalem
806 3030 1028 3093 scholasticam
1062 3030 1170 3112 acqui-
1188 3032 1210 3095 C
1226 3028 1377 3092 tuitorum
1399 3028 1694 3110 incomparabiliter
1713 3029 1857 3112 plenum.

420 3129 514 3192 sitam
545 3151 552 3190 :
584 3147 654 3210 quae
688 3137 823 3210 utraque
857 3128 1014 3210 sapientia
1045 3127 1109 3191 fuit
1136 3130 1169 3191 in
1264 3128 1332 3190 lam
1347 3145 1422 3208 ergo
1444 3147 1482 3190 ex
1502 3127 1553 3190 his
1574 3126 1837 3212 elucescitquam
1852 3129 1976 3193 iucom-

420 3226 634 3290 sinccrissima
657 3245 715 3308 per
738 3227 901 3289 caritatem
925 3235 957 3290 et
979 3226 1169 3307 sapientiam
1225 3224 1409 3307 parabiliter
1431 3233 1463 3287 et
1485 3224 1617 3289 omnino
1639 3224 1849 3290 ineffabiliter
1871 3227 1976 3289 mitis-

420 3344 490 3407 que
503 3332 552 3387 est
565 3325 684 3388 donum
700 3333 732 3387 et
745 3343 803 3406 per
823 3323 957 3406 gratiam
978 3332 1104 3404 gratum
1122 3324 1169 3386 fa·
1224 3323 1305 3385 sima
1320 3330 1352 3385 et
1370 3341 1445 3385 verc
1465 3322 1653 3386 dulcissima
1673 3324 1764 3406 virgo
1778 3324 1874 3386 blaria
1895 3343 1976 3406 praa-

419 3424 558 3487 eieutcm
581 3422 729 3501 formata,
750 3431 782 3486 et
805 3423 838 3484 in
863 3422 987 3485 actibus
1012 3423 1080 3484 suis
1105 3442 1170 3485 me-
1223 3420 1315 3483 fulsit
1334 3429 1367 3484 et
1387 3421 1474 3501 arsit,
1499 3421 1684 3500 abundavit,
1707 3422 1903 3501 exuberavit,
1926 3422 1975 3486 ef·

420 3521 531 3584 ritoria
552 3521 648 3585 facta.
1224 3516 1354 3599 ferbuit,
1370 3518 1528 3596 ebullivit,
1545 3519 1679 3582 incaluit
1700 3518 1734 3580 in
1753 3519 1973 3584 sincerissimo

458 3620 602 3702 Insuper,
619 3619 795 3683 similitudo
809 3619 926 3682 mentis
947 3619 1169 3682 sacratissima
1224 3616 1355 3678 Deitatis
1369 3637 1406 3680 ac
1422 3617 1697 3699 superessentialis
1708 3617 1873 3681 Trinitatis
1887 3637 1974 3682 amo-

418 3716 522 3781 ldariae
532 3719 572 3781 ad
583 3719 760 3800 Deum,per
772 3717 855 3782 dona
866 3715 1046 3800 gratuitaet
1057 3718 1169 3780 merita
1224 3734 1268 3793 re,
1290 3716 1466 3796 presertim
1491 3716 1524 3777 in
1548 3734 1656 3778 amoro
1675 3715 1747 3778 uitii
1771 3715 1826 3778 Dei
1852 3736 1890 3780 ac
1908 3716 1971 3796 sui,

419 3816 560 3898 copiosa,
577 3835 634 3898 per
647 3825 738 3880 actus
752 3816 918 3894 virtutum,
935 3835 994 3898 per
1010 3816 1084 3878 vitae
1098 3815 1170 3877 imi·
1225 3814 1400 3876 secundum
1419 3822 1566 3876 naturam
1588 3813 1659 3894 ejus
1681 3820 1859 3895 utramque,
1875 3815 1975 3896 potis-

418 3915 572 3978 tatiouem
587 3923 673 3977 tanto
689 3914 808 3977 exstitit
829 3914 932 3995 maior
950 3922 1043 3996 atque
1063 3914 1170 3996 splen·
1224 3912 1304 3974 sime
1334 3912 1510 3974 secundum
1538 3910 1693 3975 divinam.
1724 3911 1796 3994 lpsa
1823 3913 1973 3993 equidem

418 4011 533 4092 didior,
554 4030 617 4093 quo
641 4013 776 4075 virtutes
797 4012 923 4092 infusae,
947 4011 1058 4093 gratia,
1086 4012 1170 4075 dona
1224 4010 1412 4073 felicissima
1432 4009 1539 4091 Virgo,
1556 4009 1767 4073 mundissima
1787 4010 1894 4090 Mater,
1917 4009 1974 4073 bo

419 4130 493 4174 eum
516 4110 641 4174 actibus
662 4110 728 4172 suis
754 4109 1044 4192 incomparabiliter
1067 4109 1171 4172 excel·
1224 4109 1354 4170 nitatem
1370 4107 1974 4190 atpulchritudinem,omnemqueper

418 4209 555 4272 lentiora
570 4215 660 4270 erant
680 4207 713 4269 in
735 4207 815 4289 ipsa,
832 4215 864 4269 et
885 4225 948 4288 quo
969 4207 1168 4270 conversatio
1184 4211 1209 4273 Ι)
1223 4205 1605 4287 fectionem,sapientiam
1619 4213 1652 4267 et
1665 4204 1887 4268 excellentiam
1902 4206 1974 4269 Dei·

418 4325 455 4369 ac
475 4305 651 4388 praesertim
673 4305 798 4367 interna
819 4304 1002 4368 exercitatio
1022 4305 1092 4386 ejus
1112 4325 1169 4388 pu·
1222 4304 1297 4368 tatis
1311 4323 1375 4386 prae
1390 4304 1512 4366 cunctis
1527 4307 1576 4384 (ut
1597 4311 1717 4366 tactum
1738 4306 1800 4383 est)
1815 4303 1972 4385 limpidis·

418 4405 494 4486 rior,
510 4404 651 4468 sanctior
663 4421 701 4466 ac
716 4401 902 4466 deiformior
916 4402 989 4482 (hoc
1005 4411 1053 4466 est
1067 4404 1167 4485 magis
1223 4403 1303 4465 sime
1318 4402 1484 4480 intellexit,
1493 4401 1641 4483 inspexit,
1650 4403 1972 4484 perpendit30muem

418 4500 678 4582 contemplativa)
693 4499 865 4562 exstiterat.
880 4498 1101 4582 Propinquitas
1115 4500 1168 4562 de-
1222 4519 1347 4583 quoque
1367 4500 1439 4562 Filii
1465 4500 1514 4562 sui
1538 4500 1714 4562 secundum
1734 4509 1879 4563 naturam
1899 4500 1972 4581 ejus

418 4619 507 4664 mum
535 4599 619 4661 inter
652 4598 945 4662 benedictissimam
973 4599 1102 4661 hiarium
1137 4607 1168 4661 et
1222 4607 1416 4680 assumptam
1429 4598 1669 4676 virtuositatem,
1679 4597 1973 4680 sapientiam,man·

417 4698 516 4761 Deum
546 4696 736 4760 altissimum
765 4696 849 4759 lacta
877 4705 925 4760 est
954 4705 1051 4776 tanta,
1082 4696 1167 4777 quod
1222 4697 1435 4777 suetudinem,
1451 4695 1677 4776 humilitatem,
1688 4696 1848 4776 decorem,
1860 4697 1973 4778 digna-

417 4796 473 4860 ille
496 4796 601 4859 factus
628 4804 677 4859 est
703 4795 887 4877 unigenitus
911 4794 1001 4857 lilius
1028 4795 1110 4876 ejus,
1135 4803 1168 4857 et
1221 4796 1353 4872 tionem,
1381 4793 1630 4857 familiaritatem
1658 4801 1690 4856 et
1718 4794 1902 4857 societatem
1930 4795 1971 4858 ad

417 4895 497 4978 ipsa,
514 4895 611 4958 unica
632 4903 734 4958 mater
754 4894 852 4956 illius.
1221 4913 1266 4956 se.
1284 4892 1322 4954 Et
1340 4892 1559 4956 strenuissima
1580 4911 1678 4974 opera
1698 4892 1769 4973 ejus
1794 4892 1972 4955 secundum

457 4992 706 5057 Beneficentiam
722 5010 797 5056 vero
812 4993 867 5055 Dei
884 4993 916 5054 in
932 4991 1026 5054 llaria
1046 4991 1168 5073 dignis-
1221 5000 1388 5072 utramque
1410 4991 1510 5072 ipsius
1522 4991 1689 5070 naturam,
1711 4990 1894 5071 preclarius
1914 5010 1973 5054 no-

417 5093 498 5156 sima
512 5110 607 5156 nemo
622 5100 725 5174 potest
739 5090 926 5172 exprimere.
942 5089 1012 5171 Ipse
1027 5108 1165 5171 namque
1221 5090 1279 5170 vit,
1309 5089 1494 5171 diligentius
1522 5096 1617 5169 atque
1645 5087 1793 5151 subtilius
1825 5089 1972 5152 conside-

416 5191 625 5274 Omnipotens
647 5208 716 5253 eam
739 5188 967 5270 gratiosissime
990 5207 1027 5250 ac
1052 5188 1167 5252 libera·
1222 5189 1313 5266 ravit,
1328 5186 1588 5270 frequentiusque
1602 5194 1634 5249 et
1647 5186 1738 5267 quasi
1753 5186 1974 5250 indesinenter

416 5290 539 5356 lissime
563 5307 693 5373 prorsus
718 5286 873 5370 praevenit
895 5285 928 5348 in
953 5285 1041 5350 omni
1066 5285 1166 5351 bane·
1222 5285 1367 5351 attendit.
1383 5285 1568 5349 lntuebatur
1587 5285 1676 5349 soah
1697 5284 1753 5348 illo
1771 5293 1972 5368 assumptam
