4309 6250
465 485 525 549 ott
549 501 589 550 nn
609 499 818 550 unmonrrlrs
839 499 934 548 suurn
954 497 1123 546 ronrrrrcrs
1144 497 1182 544 ar
1201 497 1372 546 canterus
1393 496 1533 556 conum,
1554 499 1644 548 unsa
1663 499 1709 548 ιιι.
1730 517 1773 530 -
1792 499 1859 546 ιιιτ.
1878 499 1951 546 xm

464 669 588 734 Christo
621 689 679 752 per
711 668 920 734 directionem
954 666 1125 745 internam,
1155 666 1982 752 sedrlsicntilliquisuntdennopopu103Ecclcsis

465 767 561 832 etiam
580 769 620 830 ab
638 767 768 831 homine
782 767 969 849 presidente
989 785 1046 848 per
1063 764 1213 830 directio·
1265 767 1460 830 assimilatur
1486 767 1724 849 congregationi
1756 768 1897 850 politice,
1922 787 1982 851 quo

465 885 539 930 nem
564 866 783 948 dispositivam
810 873 841 928 et
864 864 1052 931 exteriorem
1075 887 1082 925 :
1104 864 1213 945 sicque
1266 865 1353 928 niam
1377 865 1608 949 ipse'popnlus
1632 865 1776 929 Ecclesia
1798 866 1922 945 dicitnr3
1939 868 1981 930 sed

465 964 656 1029 universalis
677 963 820 1028 Ecclesia
843 972 879 1027 ut
902 962 1071 1044 mysticum
1097 980 1213 1044 corpus
1267 973 1443 1028 conventus
1475 965 1592 1027 diversi
1620 964 1671 1027 vel
1700 964 1855 1046 parochia
1880 965 1909 1026 in
1931 984 1981 1028 una

467 1070 499 1127 et
522 1062 719 1144 conjunctim
748 1070 889 1144 accepta,
916 1068 964 1123 est
991 1079 1091 1122 unurn
1115 1059 1210 1136 ovile,
1267 1062 1397 1126 dioecesi
1417 1063 1598 1125 similantur
1616 1063 1821 1126 oeconomica
1838 1081 1981 1146 congregr-

467 1180 550 1224 unus
583 1179 669 1242 grex,
699 1179 782 1223 nnus
816 1159 964 1242 populns,
994 1177 1057 1221 une
1086 1157 1210 1236 domus,
1267 1160 1346 1224 tioni
1360 1162 1394 1223 in
1408 1161 1543 1224 diversis
1557 1159 1688 1224 familiis
1703 1161 1771 1225 sive
1786 1160 1907 1224 olliciis.

466 1279 549 1323 unus
568 1259 725 1322 exercitus
742 1259 797 1321 [tei
820 1257 879 1321 sub
901 1257 971 1340 ejus
993 1255 1115 1321 vicario
1135 1254 1213 1319 Pon·
1305 1259 1468 1338 Praeterea,
1484 1259 1559 1322 lanio
1579 1258 1748 1322 tractatulo
1761 1258 1857 1322 finem
1870 1258 1917 1322 lric
1929 1277 1981 1322 no

465 1357 556 1422 tifice
577 1375 714 1420 summo.
1266 1376 1301 1419 re
1322 1358 1416 1421 solito
1434 1376 1498 1421 non
1520 1357 1662 1439 impono,
1678 1356 1858 1439 prestolans
1876 1356 1901 1420 si
1915 1357 1979 1421 lorte

504 1454 676 1534 Postremo,
693 1455 856 1519 distinctio
870 1453 1064 1537 preinducta
1077 1453 1212 1534 quaEc-
1266 1455 1430 1538 contingat
1450 1455 1603 1538 scriptum
1631 1455 1720 1518 illius
1742 1454 1797 1536 qui
1824 1464 1922 1519 contra
1939 1475 1978 1520 ne

465 1555 563 1618 clesia
585 1554 704 1618 dicitur
727 1553 809 1616 sumi
832 1552 1012 1638 dupliciter,
1029 1552 1154 1615 scilicet
1176 1558 1212 1614 nt
1265 1554 1404 1638 scripsit,
1419 1556 1457 1618 ad
1474 1573 1580 1618 meum
1598 1553 1750 1617 devenire
1771 1553 1979 1634 contritumnt

465 1671 580 1736 corpus
599 1653 769 1735 mysticum
788 1661 820 1716 et
843 1661 879 1716 ut
904 1669 1018 1735 corpus
1043 1651 1211 1734 politicum
1266 1663 1341 1716 tunc
1362 1653 1402 1716 ed
1427 1653 1563 1735 singula,
1587 1652 1720 1716 Domino
1744 1651 1924 1730 conterentes,
1942 1670 1978 1715 re

465 1771 523 1816 seu
536 1752 668 1833 politice
682 1752 825 1833 quedam
847 1751 1069 1832 communitas,
1085 1769 1150 1814 non
1164 1749 1212 1813 vi·
1266 1753 1449 1835 spondeam.
1466 1751 1589 1814 Veritas
1608 1760 1715 1814 autern
1729 1751 1872 1814 omnihus
1888 1750 2071 1814 fortunent

464 1850 557 1913 detur
581 1851 718 1914 resoluta
742 1859 774 1912 et
798 1849 894 1928 clara,
911 1849 1086 1932 presertim
1111 1855 1248 1930 quumB
1266 1850 1488 1932 comprobatur
1509 1873 1516 1911 :
1538 1848 1658 1912 idcirco
1682 1856 1715 1912 et
1737 1848 1915 1930 praevalebit.
1928 1847 1977 1911 llec
1987 1831 2035 1870 Μ·

380 1973 383 1982 ·
465 1957 496 2012 et
511 1949 580 2031 ipsc
594 1947 737 2012 Ecclesia
751 1947 845 2011 etiem
861 1955 898 2010 ut
911 1947 1080 2028 mysticum
1095 1966 1210 2028 corpus
1265 1947 1416 2029 angulum
1445 1947 1568 2029 quaerit,
1593 1947 1730 2028 ipsomet
1755 1945 1873 2010 Christo
1895 1955 1979 2028 prote

464 2047 506 2109 sit
529 2048 671 2130 quedem
697 2045 808 2128 politia
834 2069 841 2108 ι
866 2046 931 2108 imo
955 2054 987 2108 et
1011 2045 1210 2127 triumphans
1265 2055 1390 2110 stante:
1407 2045 1515 2109 Omnis
1537 2045 1592 2128 qui
1612 2045 1695 2108 male
1713 2045 1790 2127 agit,
1805 2045 1868 2107 odit
1883 2045 1976 2124 lucen,
1992 2068 2071 2111 aas

463 2145 605 2208 Ecclesia
619 2145 729 2226 politia
743 2153 884 2207 vocetur.
902 2143 988 2206 Petet
1001 2144 1062 2206 hoc
1077 2163 1116 2206 ex
1130 2143 1211 2206 deli·
1264 2152 1296 2208 et
1316 2163 1380 2208 non
1394 2143 1485 2207 venit
1502 2144 1541 2205 ad
1562 2143 1679 2220 lucem,
1696 2151 1732 2205 ut
1751 2161 1814 2205 non
1835 2132 2042 2224 arguantnr”·¹¹'

464 2243 585 2306 uitione
600 2243 727 2326 politiae,
744 2261 840 2324 quam
859 2241 1071 2305 Concellarius
1092 2241 1138 2304 sic
1156 2243 1212 2306 de-
1264 2262 1360 2325 opera
1374 2242 1466 2322 ejus3
1481 2241 1537 2323 qni
1552 2249 1658 2304 autern
1672 2241 1750 2304 lacit
1764 2241 1924 2318 veritatem
1937 2259 1979 2302 rc-

463 2339 539 2404 finit
555 2363 562 2402 :
579 2341 690 2404 Politia
707 2348 757 2403 est
775 2341 987 2404 communitas
1005 2341 1152 2403 ordinata
1170 2340 1211 2403 ad
1265 2342 1313 2404 nit
1325 2342 1365 2404 ad
1380 2340 1498 2420 lucem,
1510 2349 1545 2402 ut
1558 2339 1802 2403 manifestentur
1813 2358 1900 2420 opera
1911 2338 1976 2419 ejus,
2093 2422 2094 2427 ἵ

463 2439 603 2520 aliquem
624 2438 722 2502 linem
744 2439 931 2522 perlectum.
948 2439 986 2501 Et
1004 2439 1091 2502 addit
1108 2462 1115 2500 :
1132 2439 1213 2502 Poli-
1264 2439 1340 2521 qnia
1358 2440 1391 2502 in
1410 2438 1475 2502 Deo
1490 2437 1575 2502 lacta
1592 2446 1678 2501 sunt.
1693 2439 1789 2502 Porro
1809 2439 1860 2520 qui
1877 2435 1979 2500 veritati
2093 2448 2094 2463 ¹

463 2538 577 2601 tinrum
592 2538 655 2600 alia
670 2547 717 2602 est
731 2538 881 2618 coelestis,
897 2537 960 2600 alia
974 2537 1124 2616 humane,
1140 2557 1211 2619 ques
1265 2537 1459 2618 adversatur,
1475 2544 1594 2618 quanto
1608 2536 1656 2599 illi
1671 2535 1795 2599 centius
1808 2535 1893 2598 reniti
1904 2553 1980 2597 cona·

463 2636 617 2700 dividitur
639 2637 673 2698 in
693 2635 941 2700 ecclesiasticam
962 2643 993 2698 et
1012 2635 1208 2699 secularem.
1265 2644 1326 2713 tur,
1343 2643 1430 2698 tanto
1445 2634 1479 2696 in
1494 2634 1717 2716 profundiores
1731 2633 1895 2697 falsitatum
1913 2649 1980 2695 erre

464 2735 507 2798 De
521 2737 582 2798 lroc
598 2755 704 2818 supra,
721 2744 832 2798 octavo
854 2735 997 2812 articulo,
1015 2735 1141 2817 plenius
1163 2735 1211 2797 di·
1265 2753 1316 2796 res
1334 2733 1552 2815 caliginesque
1573 2732 1743 2812 delebitur,
1760 2732 1839 2795 sicut
1855 2734 1981 2811 etlngn·

464 2842 551 2898 ctum
579 2844 636 2912 est,
663 2835 821 2916 quomodo
846 2833 1022 2896 secundum
1047 2834 1209 2897 doctorem
1265 2832 1368 2896 stinus
1394 2833 1426 2894 in
1452 2831 1551 2894 simili
1574 2832 1715 2914 loquitur
1738 2855 1745 2893 :
1767 2832 1860 2894 llabet
1879 2829 1981 2912 justitia

463 2932 559 2996 istum
584 2941 616 2996 et
640 2933 763 2995 Petrum
788 2933 828 2994 de
848 2931 980 3010 rilliaco,
1001 2932 1091 3012 juxta
1108 2933 1211 3014 tripli·
1264 2932 1433 3014 quamdam
1459 2930 1564 2994 lucem
1586 2949 1687 3011 suern,
1704 2929 1863 3012 perfundit
1880 2937 1909 2991 et
1923 2927 1980 2989 illn-

463 3050 532 3096 cem
561 3031 705 3114 politiam
734 3030 910 3092 naturalem
939 3029 979 3093 de
1007 3049 1068 3111 qna
1097 3038 1211 3094 tractet
1227 3034 1249 3097 G
1265 3031 1365 3093 minat
1392 3030 1533 3092 enimam
1560 3029 1769 3091 inherentem
1796 3027 1864 3090 sibi.
1888 3024 1980 3088 luins

463 3130 682 3212 Philosophus,
700 3129 794 3191 etiam
811 3129 843 3191 in
859 3129 1002 3192 Ecclesia
1020 3130 1136 3212 triplex
1154 3150 1210 3213 po·
1264 3139 1371 3193 autern
1389 3150 1409 3193 a
1426 3129 1498 3192 luce
1514 3129 1647 3210 justitiis
1665 3148 1700 3191 se
1719 3136 1869 3205 avertens,
1883 3130 1980 3207 quanto

462 3227 532 3290 litia
554 3227 781 3291 consideretur.
798 3227 885 3290 Unde
907 3235 938 3290 et
956 3228 1094 3291 l'homes
1114 3248 1210 3311 super
1265 3229 1336 3311 plus
1363 3228 1477 3309 qnaerit
1498 3229 1583 3310 quod
1608 3236 1718 3291 contra
1741 3225 1887 3308 justitiam
1909 3223 1980 3284 inve·

462 3336 609 3408 quartum
630 3326 874 3403 Sententiarum,
899 3326 1104 3389 distinctione
1126 3328 1210 3389 vice·
1264 3328 1342 3406 niet,
1359 3335 1446 3391 tanto
1460 3327 1597 3409 amplius
1617 3346 1637 3389 a
1657 3326 1729 3389 luce
1750 3324 1882 3389 veritatis
1899 3320 1981 3403 repel

462 3424 554 3502 sime,
575 3424 725 3488 disseruit
747 3448 753 3486 :
774 3425 876 3500 Quum
901 3424 1045 3487 Ecclesia
1069 3425 1112 3486 sit
1134 3444 1211 3488 con·
1264 3425 1351 3504 litur,
1367 3436 1399 3489 et
1411 3426 1444 3487 in
1459 3424 1618 3507 profunde
1631 3423 1832 3487 tenebrarum
1852 3418 1981 3501 demergi

462 3524 602 3605 gregario
627 3523 783 3601 fidelium,
801 3524 1005 3605 congregatio
1023 3532 1129 3589 autem
1154 3525 1210 3587 ho
1263 3521 1716 3605 tur.llincsimulelaaeqnitas
1730 3518 1979 3601 nonestsqdns
2092 3563 2093 3572 2

462 3622 584 3685 minum
611 3623 652 3684 sit
675 3621 802 3703 duplex,
825 3622 975 3685 videlicet
998 3623 1208 3702 oeconomica,
1264 3624 1320 3687 sed
1334 3623 1450 3706 duplex
1463 3622 1628 3703 iniquitas,
1643 3621 1719 3703 quia
1734 3619 1887 3684 simulatio
1899 3622 1980 3694 astet
2092 3673 2093 3676 ,

462 3729 495 3782 ut
510 3720 558 3782 illi
573 3720 628 3802 qui
644 3729 717 3783 sunt
731 3722 770 3783 de
785 3740 849 3783 una
864 3721 998 3801 lamilia,
1014 3730 1046 3783 et
1067 3722 1206 3803 politica,
1263 3723 1427 3803 iniquitas.
2092 3709 2093 3730 ¹

652 4300 746 4355 ElNlS
773 4301 886 4357 TRIUM
916 4301 1104 4356 LIBRORUM
1135 4303 1182 4354 DE
1208 4301 1456 4355 atterentem
1479 4299 1593 4353 stltlttl
1622 4299 1817 4351 Ponrrrlcrs

1005 4430 1048 4479 ET
1073 4430 1272 4479 GENERALIS
1295 4428 1463 4479 CONClLll.
