4309 6250
962 923 1053 1020 DE

230 1234 523 1388 MODO
568 1235 962 1387 AGENDI
1008 1233 1777 1388 PROGESSIONES

336 1609 1016 1758 snuouonuuouu
1059 1587 1684 1734 VENERATIONE¹

996 2271 1551 2451 *truttust‘usut
1570 2273 1786 2435 irritus

224 2481 278 2540 De
294 2479 435 2537 materia
449 2487 480 2536 ct
494 2497 592 2536 consa
608 2479 727 2537 motivo
742 2477 983 2554 compilationis
1036 2467 1154 2530 ducato
1176 2486 1212 2530 ac
1235 2467 1354 2546 bibere,
1371 2476 1466 2550 atquc
1488 2467 1604 2532 similia
1625 2485 1784 2532 exercere.

453 2567 555 2644 hujus
575 2567 759 2626 tractatutr'.
1036 2566 1183 2630 &cundo
1203 2566 1341 2648 allegant
1365 2567 1640 2630 consuetudinem.
1657 2566 1719 2631 Isto
1740 2576 1786 2629 at-

1036 2673 1135 2744 tento,
1151 2673 1274 2746 oportet
1289 2665 1421 2745 probare
1436 2666 1521 2746 quod
1542 2665 1617 2728 urbs
1638 2665 1693 2728 iila
1712 2665 1785 2728 indc

304 2761 342 2824 lu
366 2759 459 2842 cujus
487 2759 520 2822 in
548 2760 616 2822 fine
644 2759 830 2842 praeiudncti
859 2759 981 2843 prologi
1036 2782 1101 2826 non
1137 2763 1266 2841 ditatur,
1297 2763 1351 2826 scd
1386 2772 1517 2846 propter
1550 2773 1680 2845 peccata
1715 2782 1785 2845 qua

318 2858 462 2936 memini,
486 2858 569 2922 inter
589 2867 694 2922 cetera
715 2859 843 2940 scripsit
868 2857 980 2920 mibi:
1037 2861 1081 2924 ibi
1107 2861 1140 2922 in
1165 2860 1216 2923 die
1241 2867 1304 2924 tam
1334 2860 1450 2924 celebri
1475 2860 1571 2939 fiunt,
1600 2863 1705 2944 potius
1732 2863 1787 2925 de·

229 2961 288 3024 Est
303 2959 462 3041 quoddam
477 2957 630 3040 oppidum
649 2958 723 3020 satis
738 2957 908 3037 famosum,
926 2977 983 3038 per
1037 2967 1238 3042 pauperatur.
1257 2959 1415 3038 Secundo,
1431 2959 1514 3042 quod
1537 2960 1671 3023 Sanctus
1693 2960 1786 3042 cujus

229 3059 328 3141 cujus
347 3076 459 3140 gyrum
482 3074 597 3138 corpus
616 3056 782 3139 cujusdam
802 3055 909 3118 Sancti
928 3057 983 3118 de·
1037 3077 1153 3140 corpus
1167 3057 1319 3139 defertur,
1336 3057 1562 3135 dehonoratur,
1579 3067 1610 3120 et
1625 3059 1708 3121 Deus
1723 3059 1786 3141 glo

230 3159 337 3221 fertur
352 3156 630 3239 processionaliter
645 3155 743 3218 semel
766 3157 799 3217 in
814 3173 910 3233 anno,
927 3155 982 3218 sed
1037 3155 1141 3217 riosus
1176 3155 1362 3219 offenditur.
1393 3156 1466 3220 Peto
1501 3176 1577 3238 ergo
1606 3166 1640 3219 ut
1667 3157 1787 3239 absque

230 3276 310 3320 cum
332 3256 428 3318 tantis
448 3254 639 3333 insolentiis,
656 3254 882 3336 potationibus,
899 3253 984 3316 aliis·
1037 3273 1127 3316 mora
1156 3254 1261 3317 mittas
1296 3254 1373 3317 mibi
1402 3255 1565 3318 materiam
1594 3254 1688 3318 istam
1723 3264 1786 3318 tarn

228 3376 299 3438 que
312 3354 503 3432 defectibus,
519 3361 555 3415 ut
573 3352 809 3415 formidandum
828 3352 869 3414 sit
883 3352 982 3415 Deum
1038 3353 1225 3416 scholastice
1261 3352 1555 3435 rationabiliterque
1597 3354 1785 3433 discussam,

229 3454 488 3534 omnipotentem
500 3450 574 3513 inde
585 3470 649 3514 non
664 3470 777 3532 parum
792 3450 981 3513 exacerbari.
999 3454 1022 3516 B
1037 3452 1122 3531 quod
1138 3452 1287 3533 praefatus
1303 3451 1468 3533 religiosus
1483 3452 1683 3515 consulatum
1701 3452 1787 3515 urbis

229 3552 310 3615 idco
324 3551 527 3614 commodum
546 3558 630 3612 esset
643 3550 727 3631 quod
739 3547 922 3611 consulatus
936 3549 984 3610 di·
1038 3550 1177 3631 praeiatae
1192 3551 1238 3613 sic
1260 3550 1360 3633 possit
1382 3551 1588 3613 instruerent
1609 3550 1787 3613 emendatio

231 3652 278 3714 cti
305 3648 414 3731 oppidi
437 3648 559 3711 ratione
580 3656 612 3711 et
632 3648 794 3729 Scriptura
814 3646 984 3709 instruere·
1039 3647 1260 3729 subsequatur.

231 3759 300 3828 tur,
316 3748 411 3811 talem
433 3747 568 3809 abusum
589 3748 653 3810 Deo
673 3765 710 3809 ac
733 3764 790 3809 suo
812 3747 927 3809 Sancto
945 3764 983 3808 ac
1079 3748 1149 3811 Haec
1169 3756 1218 3811 est
1243 3748 1398 3825 recitatio,
1421 3748 1487 3811 haec
1513 3748 1702 3831 supplicatio
1727 3748 1787 3811 viri

231 3856 370 3931 patrono
393 3865 458 3909 non
480 3865 551 3907 esse
575 3853 741 3927 acceptum
766 3868 774 3907 :
801 3854 833 3908 et
857 3846 900 3907 ita
922 3843 983 3907 sol·
1038 3846 1271 3927 praenominati.
1295 3846 1413 3928 ltaque,
1436 3847 1525 3928 juxta
1550 3846 1649 3929 ipsius
1674 3865 1787 3910 conce·

231 3948 322 4010 licite
342 3946 597 4027 providerentdc
616 3945 818 4027 processione
837 3944 981 4021 honesta,
1038 3954 1127 4028 ptum
1163 3955 1195 4009 et
1230 3946 1489 4028 postulationem,
1519 3946 1603 4028 quod
1633 3944 1785 4009 Dominus

229 4048 350 4109 devota
377 4065 414 4107 ac
447 4043 603 4107 ordinata.
633 4044 739 4106 Restat
772 4043 869 4125 igitur
903 4042 981 4105 mibi
1038 4045 1105 4126 ipsc
1127 4046 1305 4125 donaverit,
1322 4044 1472 4109 scribam,

229 4144 394 4225 refugium
418 4144 457 4206 ad
483 4150 569 4204 tuam
594 4160 773 4223 personam,
795 4160 890 4223 quam
910 4150 983 4223 peto

228 4254 268 4307 ut
282 4262 390 4305 amore
404 4242 478 4304 iesu
493 4248 525 4303 ct
538 4241 706 4303 vulnerum
721 4241 803 4322 ejus,
815 4260 854 4303 er
868 4241 982 4322 quibus
1251 4256 1495 4321 ARTICULUS
1520 4257 1564 4321 Πι

228 4349 342 4405 1¹⁰5sta
370 4339 521 4422 Pfflflfflil
550 4338 738 4421 redempfi‘lt
769 4340 849 4401 velis
876 4339 983 4421 nuqua
1083 4389 1175 4455 Quod
1186 4388 1402 4463 processiones
1417 4388 1568 4448 Ecclesia
1582 4406 1623 4445 erc
1638 4389 1742 4447 ceteri

229 4440 323 4551 mili,
345 4438 557 4517 mmm&
587 4457 645 4520 W
671 4456 742 4519 qum
774 4438 903 4519 quidam
929 4440 984 4542 ,Vir
1052 4478 1253 4535 Testamenta
1277 4484 1384 4533 ortum
1410 4477 1582 4550 sumpsisse
1602 4477 1768 4537 uidentur.

231 4540 404 4620 reingrosus
424 4556 461 4599 ac
483 4536 587 4601 bonus
608 4535 808 4599 consulatum
829 4544 983 4619 pratactte

231 4638 323 4701 urbis
352 4636 398 4698 sic
428 4635 532 4697 valeat
564 4634 748 4711 informare,
778 4636 861 4716 quod
897 4632 1020 4697 ciresC
1044 4634 1272 4797 POPI'LOac
1293 4633 1436 4715 patribus
1456 4633 1573 4695 veteris
1593 4634 1784 4697 Testamenti

233 4737 345 4800 solitas
359 4733 529 4796 abusiones
544 4733 577 4795 in
592 4752 697 4795 annua
711 4733 766 4795 iiia
781 4734 983 4814 processione
1116 4732 1224 4795 omnia
1252 4733 1283 4795 in
1315 4732 1415 4814 figura
1446 4732 1656 4813 contigerunt,
1683 4742 1716 4796 ut
1741 4734 1929 4803 aittcmor.

233 4835 411 4897 dimittant.
435 4830 516 4905 Quas
537 4836 586 4911 (ut
610 4832 775 4909 metuitur)
796 4852 859 4893 nou
882 4832 985 4894 dimit·
1039 4832 1209 4913 Apostolus
1227 4856 1233 4893 ε
1251 4833 1334 4913 quod
1352 4832 1383 4893 in
1398 4831 1484 4913 ⁸libro
1499 4832 1539 4894 dc
1554 4832 1704 4913 Mysteriis
1724 4832 1786 4894 dif-

235 4942 304 4999 tent
319 4932 467 5011 faciliter,
483 4931 546 4993 nisi
569 4932 659 4993 vaide
682 4930 909 4993 rationabiliter
929 4950 986 5013 per
1040 4930 1110 4993 fuse
1140 4932 1251 5012 probat
1279 4930 1473 5009 Ambrosius
1503 4930 1621 4992 docens
1651 4930 1787 5010 qualiter

235 5033 357 5114 scripta
378 5028 561 5092 authentica
582 5028 795 5092 informentur
812 5052 818 5090 :
835 5028 985 5110 quoniam
1041 5030 1140 5091 muita
1155 5030 1186 5090 iu
1203 5028 1386 5109 evangelica
1401 5028 1469 5108 lege
1485 5036 1652 5090 serventur
1670 5048 1707 5091 ex
1727 5037 1787 5090 tra-

234 5132 362 5205 dicunt,
388 5126 474 5209 quod
499 5146 537 5188 ex
561 5126 655 5190 modo
683 5128 895 5211 processionis
923 5147 987 5189 sure
1042 5128 1161 5190 ditione
1178 5136 1209 5189 et
1225 5126 1479 5208 prefiguratione
1495 5126 1635 5189 Mosaicae
1656 5125 1745 5208 legis.

285 5321 296 5359 ¹
314 5316 358 5368 Ex
373 5313 497 5366 editione
510 5312 670 5367 Coloniensi
684 5314 800 5368 ioannis
815 5315 932 5377 soteris,
947 5314 1019 5365 1532.
