<?xml version="1.0" encoding="UTF-8"?>
<!DOCTYPE html PUBLIC "-//W3C//DTD XHTML 1.0 Transitional//EN"
    "http://www.w3.org/TR/xhtml1/DTD/xhtml1-transitional.dtd">
<html xmlns="http://www.w3.org/1999/xhtml" xml:lang="en" lang="en">
 <head>
  <title>
</title>
<meta http-equiv="Content-Type" content="text/html;charset=utf-8" />
  <meta name='ocr-system' content='tesseract 3.04.00' />
  <meta name='ocr-capabilities' content='ocr_page ocr_carea ocr_par ocr_line ocrx_word'/>
</head>
<body>
  <div class='ocr_page' id='page_1' title='image "./doctorisecstati03unkngoog_0255.png"; bbox 0 0 4309 6250; ppageno 0'>
   <div class='ocr_carea' id='block_1_1' title="bbox 710 593 1187 707">
    <p class='ocr_par' dir='ltr' id='par_1_1' title="bbox 710 593 1187 707">
     <span class='ocr_line' id='line_1_1' title="bbox 710 593 1187 707; baseline 0.002 -4"><span class='ocrx_word' id='word_1_1' title='bbox 710 593 1187 707; x_wconf 82' lang='lat' dir='ltr'>PROOEMIUM</span> 
     </span>
    </p>
   </div>
   <div class='ocr_carea' id='block_1_2' title="bbox 164 1248 1864 5396">
    <p class='ocr_par' dir='ltr' id='par_1_2' title="bbox 173 1248 1721 1547">
     <span class='ocr_line' id='line_1_2' title="bbox 304 1248 1721 1333; baseline 0.004 -23"><span class='ocrx_word' id='word_1_2' title='bbox 304 1248 489 1311; x_wconf 88' lang='lat' dir='ltr'><strong>doctoribus</strong></span> <span class='ocrx_word' id='word_1_3' title='bbox 504 1258 598 1331; x_wconf 90' lang='lat' dir='ltr'><strong>atque</strong></span> <span class='ocrx_word' id='word_1_4' title='bbox 614 1249 802 1327; x_wconf 89' lang='lat' dir='ltr'><strong>cultoribus,</strong></span> <span class='ocrx_word' id='word_1_5' title='bbox 818 1251 947 1333; x_wconf 89' lang='lat' dir='ltr'><strong>quidam</strong></span> <span class='ocrx_word' id='word_1_6' title='bbox 962 1251 1159 1314; x_wconf 78' lang='lat' dir='ltr'><strong>Christianus</strong></span> <span class='ocrx_word' id='word_1_7' title='bbox 1179 1250 1347 1331; x_wconf 86' lang='lat' dir='ltr'><strong>religiosus</strong></span> <span class='ocrx_word' id='word_1_8' title='bbox 1364 1275 1371 1313; x_wconf 75' lang='grc' dir='ltr'><strong><em>ι</em></strong></span> <span class='ocrx_word' id='word_1_9' title='bbox 1388 1251 1554 1315; x_wconf 87' lang='lat' dir='ltr'><strong>veritatem</strong></span> <span class='ocrx_word' id='word_1_10' title='bbox 1575 1272 1721 1315; x_wconf 87' lang='lat' dir='ltr'><strong>necessa·</strong></span> 
     </span>
     <span class='ocr_line' id='line_1_3' title="bbox 304 1356 1720 1440; baseline 0.003 -22"><span class='ocrx_word' id='word_1_11' title='bbox 304 1357 423 1418; x_wconf 88' lang='lat' dir='ltr'><strong>riorum</strong></span> <span class='ocrx_word' id='word_1_12' title='bbox 439 1356 628 1418; x_wconf 87' lang='lat' dir='ltr'><strong>adsalutem</strong></span> <span class='ocrx_word' id='word_1_13' title='bbox 644 1376 848 1438; x_wconf 78' lang='lat' dir='ltr'>cognoscere,</span> <span class='ocrx_word' id='word_1_14' title='bbox 865 1358 1066 1420; x_wconf 77' lang='lat' dir='ltr'><strong>rationabilia</strong></span> <span class='ocrx_word' id='word_1_15' title='bbox 1082 1358 1199 1439; x_wconf 88' lang='lat' dir='ltr'><strong>scripta</strong></span> <span class='ocrx_word' id='word_1_16' title='bbox 1217 1358 1437 1438; x_wconf 78' lang='lat' dir='ltr'><strong>aequanimiter</strong></span> <span class='ocrx_word' id='word_1_17' title='bbox 1457 1358 1562 1440; x_wconf 84' lang='lat' dir='ltr'><strong>legere</strong></span> <span class='ocrx_word' id='word_1_18' title='bbox 1582 1369 1612 1422; x_wconf 90' lang='lat' dir='ltr'><strong>et</strong></span> <span class='ocrx_word' id='word_1_19' title='bbox 1632 1361 1720 1422; x_wconf 92' lang='lat' dir='ltr'><strong>andi-</strong></span> 
     </span>
     <span class='ocr_line' id='line_1_4' title="bbox 173 1463 981 1547; baseline 0.002 -21"><span class='ocrx_word' id='word_1_20' title='bbox 173 1483 218 1533; x_wconf 87' lang='lat' dir='ltr'><strong>re,</strong></span> <span class='ocrx_word' id='word_1_21' title='bbox 241 1471 336 1544; x_wconf 90' lang='lat' dir='ltr'><strong>atquo</strong></span> <span class='ocrx_word' id='word_1_22' title='bbox 358 1463 397 1524; x_wconf 93' lang='lat' dir='ltr'><strong>ad</strong></span> <span class='ocrx_word' id='word_1_23' title='bbox 419 1482 527 1524; x_wconf 89' lang='lat' dir='ltr'><strong>veram</strong></span> <span class='ocrx_word' id='word_1_24' title='bbox 550 1463 778 1526; x_wconf 89' lang='lat' dir='ltr'><strong>beatitudiuem</strong></span> <span class='ocrx_word' id='word_1_25' title='bbox 801 1466 981 1547; x_wconf 90' lang='lat' dir='ltr'><strong>pervenire.</strong></span> 
     </span>
    </p>

    <p class='ocr_par' dir='ltr' id='par_1_3' title="bbox 166 1567 1864 3685">
     <span class='ocr_line' id='line_1_5' title="bbox 231 1567 1719 1654; baseline 0.003 -22"><span class='ocrx_word' id='word_1_26' title='bbox 231 1571 386 1645; x_wconf 76' lang='lat' dir='ltr'><strong>Quoniam</strong></span> <span class='ocrx_word' id='word_1_27' title='bbox 404 1571 494 1651; x_wconf 84' lang='lat' dir='ltr'><strong>juxta</strong></span> <span class='ocrx_word' id='word_1_28' title='bbox 515 1567 685 1632; x_wconf 88' lang='lat' dir='ltr'><strong>Salvatoris</strong></span> <span class='ocrx_word' id='word_1_29' title='bbox 706 1570 806 1633; x_wconf 78' lang='lat' dir='ltr'><strong>nostri</strong></span> <span class='ocrx_word' id='word_1_30' title='bbox 828 1570 901 1632; x_wconf 87' lang='lat' dir='ltr'><strong>Jesu</strong></span> <span class='ocrx_word' id='word_1_31' title='bbox 916 1570 1031 1633; x_wconf 83' lang='lat' dir='ltr'><strong>Christi</strong></span> <span class='ocrx_word' id='word_1_32' title='bbox 1044 1571 1222 1634; x_wconf 90' lang='lat' dir='ltr'><strong>doctrinam</strong></span> <span class='ocrx_word' id='word_1_33' title='bbox 1238 1590 1274 1633; x_wconf 90' lang='lat' dir='ltr'><strong>ac</strong></span> <span class='ocrx_word' id='word_1_34' title='bbox 1288 1571 1477 1654; x_wconf 86' lang='lat' dir='ltr'><strong>jussionem,</strong></span> <span class='ocrx_word' id='word_1_35' title='bbox 1492 1574 1646 1637; x_wconf 90' lang='lat' dir='ltr'><strong>dehemus</strong></span> <span class='ocrx_word' id='word_1_36' title='bbox 1662 1593 1719 1638; x_wconf 90' lang='lat' dir='ltr'><strong>uos</strong></span> 
     </span>
     <span class='ocr_line' id='line_1_6' title="bbox 169 1676 1864 1762; baseline 0.008 -24"><span class='ocrx_word' id='word_1_37' title='bbox 169 1677 342 1739; x_wconf 82' lang='lat' dir='ltr'><strong>Christiani</strong></span> <span class='ocrx_word' id='word_1_38' title='bbox 363 1694 427 1739; x_wconf 92' lang='lat' dir='ltr'><strong>non</strong></span> <span class='ocrx_word' id='word_1_39' title='bbox 448 1676 551 1738; x_wconf 92' lang='lat' dir='ltr'><strong>solum</strong></span> <span class='ocrx_word' id='word_1_40' title='bbox 571 1677 704 1757; x_wconf 87' lang='lat' dir='ltr'><strong>amicos,</strong></span> <span class='ocrx_word' id='word_1_41' title='bbox 721 1677 775 1740; x_wconf 91' lang='lat' dir='ltr'><strong>sed</strong></span> <span class='ocrx_word' id='word_1_42' title='bbox 797 1677 945 1741; x_wconf 89' lang='lat' dir='ltr'><strong>inimicos</strong></span> <span class='ocrx_word' id='word_1_43' title='bbox 963 1696 1090 1758; x_wconf 91' lang='lat' dir='ltr'><strong>quoqne</strong></span> <span class='ocrx_word' id='word_1_44' title='bbox 1109 1677 1254 1759; x_wconf 84' lang='lat' dir='ltr'><strong>diligere,</strong></span> <span class='ocrx_word' id='word_1_45' title='bbox 1270 1679 1452 1743; x_wconf 82' lang='lat' dir='ltr'><strong>odientibus</strong></span> <span class='ocrx_word' id='word_1_46' title='bbox 1472 1680 1671 1762; x_wconf 89' lang='lat' dir='ltr'><strong>benefacere,</strong></span> <span class='ocrx_word' id='word_1_47' title='bbox 1688 1691 1721 1744; x_wconf 91' lang='lat' dir='ltr'><strong>et</strong></span> <span class='ocrx_word' id='word_1_48' title='bbox 1745 1705 1832 1750; x_wconf 69' lang='lat' dir='ltr'><strong>noea.</strong></span> <span class='ocrx_word' id='word_1_49' title='bbox 1844 1720 1864 1757; x_wconf 75' lang='lat' dir='ltr'><strong>v.</strong></span> 
     </span>
     <span class='ocr_line' id='line_1_7' title="bbox 170 1772 1816 1870; baseline 0.005 -25"><span class='ocrx_word' id='word_1_50' title='bbox 170 1784 247 1845; x_wconf 87' lang='lat' dir='ltr'><strong>item</strong></span> <span class='ocrx_word' id='word_1_51' title='bbox 271 1803 330 1866; x_wconf 93' lang='lat' dir='ltr'><strong>pro</strong></span> <span class='ocrx_word' id='word_1_52' title='bbox 355 1784 613 1866; x_wconf 76' lang='lat' dir='ltr'><strong>persecutoribus</strong></span> <span class='ocrx_word' id='word_1_53' title='bbox 638 1792 671 1846; x_wconf 91' lang='lat' dir='ltr'><strong>et</strong></span> <span class='ocrx_word' id='word_1_54' title='bbox 695 1785 979 1848; x_wconf 82' lang='lat' dir='ltr'><strong>calumniatoribus</strong></span> <span class='ocrx_word' id='word_1_55' title='bbox 1003 1805 1145 1865; x_wconf 81' lang='lat' dir='ltr'><strong>exorare,</strong></span> <span class='ocrx_word' id='word_1_56' title='bbox 1173 1795 1208 1848; x_wconf 95' lang='lat' dir='ltr'><strong>ut</strong></span> <span class='ocrx_word' id='word_1_57' title='bbox 1232 1785 1332 1848; x_wconf 90' lang='lat' dir='ltr'><strong>simus</strong></span> <span class='ocrx_word' id='word_1_58' title='bbox 1357 1786 1418 1848; x_wconf 91' lang='lat' dir='ltr'><strong>filii</strong></span> <span class='ocrx_word' id='word_1_59' title='bbox 1448 1788 1590 1870; x_wconf 87' lang='lat' dir='ltr'><strong>adoptivi</strong></span> <span class='ocrx_word' id='word_1_60' title='bbox 1618 1789 1718 1852; x_wconf 90' lang='lat' dir='ltr'><strong>Patris</strong></span> <span class='ocrx_word' id='word_1_61' title='bbox 1733 1773 1767 1818; x_wconf 73' lang='lat'><strong>⁴⁴·</strong></span> <span class='ocrx_word' id='word_1_62' title='bbox 1782 1772 1816 1812; x_wconf 81' lang='lat'><strong>⁴⁵·</strong></span> 
     </span>
     <span class='ocr_line' id='line_1_8' title="bbox 168 1890 1720 1977; baseline 0.003 -23"><span class='ocrx_word' id='word_1_63' title='bbox 168 1892 409 1971; x_wconf 87' lang='lat' dir='ltr'><strong>omnipotentis,</strong></span> <span class='ocrx_word' id='word_1_64' title='bbox 425 1891 481 1972; x_wconf 93' lang='lat' dir='ltr'><strong>qui</strong></span> <span class='ocrx_word' id='word_1_65' title='bbox 496 1891 596 1954; x_wconf 93' lang='lat' dir='ltr'><strong>solem</strong></span> <span class='ocrx_word' id='word_1_66' title='bbox 612 1910 706 1953; x_wconf 88' lang='lat' dir='ltr'><strong>suum</strong></span> <span class='ocrx_word' id='word_1_67' title='bbox 720 1890 800 1954; x_wconf 89' lang='lat' dir='ltr'><strong>facit</strong></span> <span class='ocrx_word' id='word_1_68' title='bbox 813 1892 890 1954; x_wconf 89' lang='lat' dir='ltr'><strong>oriri</strong></span> <span class='ocrx_word' id='word_1_69' title='bbox 905 1912 1002 1974; x_wconf 89' lang='lat' dir='ltr'><strong>super</strong></span> <span class='ocrx_word' id='word_1_70' title='bbox 1015 1893 1117 1956; x_wconf 90' lang='lat' dir='ltr'><strong>bonos</strong></span> <span class='ocrx_word' id='word_1_71' title='bbox 1132 1901 1163 1955; x_wconf 91' lang='lat' dir='ltr'><strong>et</strong></span> <span class='ocrx_word' id='word_1_72' title='bbox 1177 1893 1289 1974; x_wconf 92' lang='lat' dir='ltr'><strong>malos,</strong></span> <span class='ocrx_word' id='word_1_73' title='bbox 1306 1902 1337 1956; x_wconf 89' lang='lat' dir='ltr'><strong>et</strong></span> <span class='ocrx_word' id='word_1_74' title='bbox 1352 1893 1434 1975; x_wconf 91' lang='lat' dir='ltr'><strong>pluit</strong></span> <span class='ocrx_word' id='word_1_75' title='bbox 1449 1914 1545 1976; x_wconf 88' lang='lat' dir='ltr'><strong>super</strong></span> <span class='ocrx_word' id='word_1_76' title='bbox 1562 1895 1665 1977; x_wconf 85' lang='lat' dir='ltr'><strong>justos</strong></span> <span class='ocrx_word' id='word_1_77' title='bbox 1688 1904 1720 1959; x_wconf 89' lang='lat' dir='ltr'><strong>et</strong></span> 
     </span>
     <span class='ocr_line' id='line_1_9' title="bbox 170 1998 1720 2086; baseline 0.004 -27"><span class='ocrx_word' id='word_1_78' title='bbox 170 1998 327 2078; x_wconf 75' lang='lat' dir='ltr'><strong>injustos,</strong></span> <span class='ocrx_word' id='word_1_79' title='bbox 344 1998 418 2059; x_wconf 90' lang='lat' dir='ltr'><strong>hinc</strong></span> <span class='ocrx_word' id='word_1_80' title='bbox 433 1999 590 2060; x_wconf 89' lang='lat' dir='ltr'><strong>veraciter</strong></span> <span class='ocrx_word' id='word_1_81' title='bbox 604 1998 770 2061; x_wconf 89' lang='lat' dir='ltr'><strong>christiani</strong></span> <span class='ocrx_word' id='word_1_82' title='bbox 787 1999 988 2078; x_wconf 77' lang='lat' dir='ltr'><strong>Sarracenos,</strong></span> <span class='ocrx_word' id='word_1_83' title='bbox 1004 1999 1149 2081; x_wconf 88' lang='lat' dir='ltr'><strong>quamvis</strong></span> <span class='ocrx_word' id='word_1_84' title='bbox 1165 1999 1225 2062; x_wconf 90' lang='lat' dir='ltr'><strong>sibi</strong></span> <span class='ocrx_word' id='word_1_85' title='bbox 1241 2001 1381 2082; x_wconf 88' lang='lat' dir='ltr'><strong>graviter</strong></span> <span class='ocrx_word' id='word_1_86' title='bbox 1394 2001 1610 2082; x_wconf 82' lang='lat' dir='ltr'><strong>adversantes,</strong></span> <span class='ocrx_word' id='word_1_87' title='bbox 1628 2004 1720 2086; x_wconf 90' lang='lat' dir='ltr'><strong>spiri-</strong></span> 
     </span>
     <span class='ocr_line' id='line_1_10' title="bbox 168 2103 1720 2191; baseline 0.006 -26"><span class='ocrx_word' id='word_1_88' title='bbox 168 2103 298 2166; x_wconf 89' lang='lat' dir='ltr'><strong>tualiter</strong></span> <span class='ocrx_word' id='word_1_89' title='bbox 311 2104 461 2185; x_wconf 89' lang='lat' dir='ltr'><strong>diligunt,</strong></span> <span class='ocrx_word' id='word_1_90' title='bbox 478 2112 572 2186; x_wconf 89' lang='lat' dir='ltr'><strong>atquc</strong></span> <span class='ocrx_word' id='word_1_91' title='bbox 594 2122 651 2185; x_wconf 93' lang='lat' dir='ltr'><strong>pro</strong></span> <span class='ocrx_word' id='word_1_92' title='bbox 669 2124 780 2168; x_wconf 90' lang='lat' dir='ltr'><strong>eorum</strong></span> <span class='ocrx_word' id='word_1_93' title='bbox 800 2105 1045 2183; x_wconf 81' lang='lat' dir='ltr'><strong>illuminatione,</strong></span> <span class='ocrx_word' id='word_1_94' title='bbox 1061 2107 1270 2169; x_wconf 87' lang='lat' dir='ltr'><strong>conversione</strong></span> <span class='ocrx_word' id='word_1_95' title='bbox 1290 2116 1322 2170; x_wconf 88' lang='lat' dir='ltr'><strong>at</strong></span> <span class='ocrx_word' id='word_1_96' title='bbox 1340 2107 1441 2170; x_wconf 89' lang='lat' dir='ltr'><strong>salute</strong></span> <span class='ocrx_word' id='word_1_97' title='bbox 1460 2109 1602 2191; x_wconf 89' lang='lat' dir='ltr'><strong>quotidie</strong></span> <span class='ocrx_word' id='word_1_98' title='bbox 1623 2111 1720 2174; x_wconf 87' lang='lat' dir='ltr'><strong>iuter·</strong></span> 
     </span>
     <span class='ocr_line' id='line_1_11' title="bbox 169 2211 1719 2298; baseline 0.005 -26"><span class='ocrx_word' id='word_1_99' title='bbox 169 2211 300 2272; x_wconf 91' lang='lat' dir='ltr'><strong>cedunt.</strong></span> <span class='ocrx_word' id='word_1_100' title='bbox 326 2211 511 2292; x_wconf 87' lang='lat' dir='ltr'><strong>Quanquam</strong></span> <span class='ocrx_word' id='word_1_101' title='bbox 538 2212 621 2274; x_wconf 89' lang='lat' dir='ltr'><strong>hauc</strong></span> <span class='ocrx_word' id='word_1_102' title='bbox 651 2212 752 2292; x_wconf 89' lang='lat' dir='ltr'><strong>ipsam</strong></span> <span class='ocrx_word' id='word_1_103' title='bbox 781 2211 1032 2275; x_wconf 88' lang='lat' dir='ltr'><strong>Christianorum</strong></span> <span class='ocrx_word' id='word_1_104' title='bbox 1060 2213 1265 2276; x_wconf 90' lang='lat' dir='ltr'><strong>dilectionem</strong></span> <span class='ocrx_word' id='word_1_105' title='bbox 1293 2233 1330 2277; x_wconf 92' lang='lat' dir='ltr'><strong>ac</strong></span> <span class='ocrx_word' id='word_1_106' title='bbox 1359 2216 1508 2297; x_wconf 90' lang='lat' dir='ltr'><strong>pietatem</strong></span> <span class='ocrx_word' id='word_1_107' title='bbox 1537 2217 1719 2298; x_wconf 86' lang='lat' dir='ltr'><strong>despiciant</strong></span> 
     </span>
     <span class='ocr_line' id='line_1_12' title="bbox 168 2317 1720 2402; baseline 0.006 -24"><span class='ocrx_word' id='word_1_108' title='bbox 168 2317 345 2393; x_wconf 89' lang='lat' dir='ltr'><strong>Sarraceni,</strong></span> <span class='ocrx_word' id='word_1_109' title='bbox 362 2317 482 2399; x_wconf 92' lang='lat' dir='ltr'><strong>quippo</strong></span> <span class='ocrx_word' id='word_1_110' title='bbox 501 2318 555 2400; x_wconf 91' lang='lat' dir='ltr'><strong>qui</strong></span> <span class='ocrx_word' id='word_1_111' title='bbox 574 2337 608 2380; x_wconf 93' lang='lat' dir='ltr'><strong>se</strong></span> <span class='ocrx_word' id='word_1_112' title='bbox 631 2318 717 2399; x_wconf 89' lang='lat' dir='ltr'><strong>ipsos</strong></span> <span class='ocrx_word' id='word_1_113' title='bbox 736 2318 925 2381; x_wconf 89' lang='lat' dir='ltr'><strong>Christianis</strong></span> <span class='ocrx_word' id='word_1_114' title='bbox 947 2319 1157 2402; x_wconf 88' lang='lat' dir='ltr'><strong>sapientiores</strong></span> <span class='ocrx_word' id='word_1_115' title='bbox 1182 2319 1405 2402; x_wconf 80' lang='lat' dir='ltr'><strong>felicioresque</strong></span> <span class='ocrx_word' id='word_1_116' title='bbox 1429 2321 1643 2400; x_wconf 70' lang='lat' dir='ltr'><strong>arbitrantur,</strong></span> <span class='ocrx_word' id='word_1_117' title='bbox 1665 2345 1720 2388; x_wconf 89' lang='lat' dir='ltr'><strong>ve-</strong></span> 
     </span>
     <span class='ocr_line' id='line_1_13' title="bbox 169 2424 1715 2510; baseline 0.006 -26"><span class='ocrx_word' id='word_1_118' title='bbox 169 2433 361 2503; x_wconf 85' lang='lat' dir='ltr'><strong>rumtamen,</strong></span> <span class='ocrx_word' id='word_1_119' title='bbox 379 2424 406 2485; x_wconf 92' lang='lat' dir='ltr'><strong>si</strong></span> <span class='ocrx_word' id='word_1_120' title='bbox 426 2443 465 2486; x_wconf 89' lang='lat' dir='ltr'><strong>ea</strong></span> <span class='ocrx_word' id='word_1_121' title='bbox 482 2443 553 2504; x_wconf 70' lang='lat' dir='ltr'><strong>quae</strong></span> <span class='ocrx_word' id='word_1_122' title='bbox 573 2424 605 2486; x_wconf 90' lang='lat' dir='ltr'><strong>in</strong></span> <span class='ocrx_word' id='word_1_123' title='bbox 626 2424 687 2487; x_wconf 88' lang='lat' dir='ltr'><strong>isto</strong></span> <span class='ocrx_word' id='word_1_124' title='bbox 705 2425 891 2488; x_wconf 89' lang='lat' dir='ltr'><strong>scribuntur</strong></span> <span class='ocrx_word' id='word_1_125' title='bbox 903 2426 1071 2510; x_wconf 88' lang='lat' dir='ltr'><strong>opusculo,</strong></span> <span class='ocrx_word' id='word_1_126' title='bbox 1089 2426 1245 2508; x_wconf 89' lang='lat' dir='ltr'><strong>patienter</strong></span> <span class='ocrx_word' id='word_1_127' title='bbox 1265 2446 1302 2490; x_wconf 92' lang='lat' dir='ltr'><strong>ac</strong></span> <span class='ocrx_word' id='word_1_128' title='bbox 1324 2427 1495 2510; x_wconf 80' lang='lat' dir='ltr'><strong>diligenter</strong></span> <span class='ocrx_word' id='word_1_129' title='bbox 1510 2429 1715 2510; x_wconf 89' lang='lat' dir='ltr'><strong>adverterint,</strong></span> 
     </span>
     <span class='ocr_line' id='line_1_14' title="bbox 168 2528 1717 2619; baseline 0.007 -29"><span class='ocrx_word' id='word_1_130' title='bbox 168 2528 305 2593; x_wconf 91' lang='lat' dir='ltr'><strong>forsitan</strong></span> <span class='ocrx_word' id='word_1_131' title='bbox 318 2531 412 2592; x_wconf 90' lang='lat' dir='ltr'><strong>aliter</strong></span> <span class='ocrx_word' id='word_1_132' title='bbox 431 2531 646 2613; x_wconf 88' lang='lat' dir='ltr'><strong>opinabuntur</strong></span> <span class='ocrx_word' id='word_1_133' title='bbox 660 2540 714 2594; x_wconf 89' lang='lat' dir='ltr'><strong>aut</strong></span> <span class='ocrx_word' id='word_1_134' title='bbox 729 2533 878 2595; x_wconf 88' lang='lat' dir='ltr'><strong>sentient.</strong></span> <span class='ocrx_word' id='word_1_135' title='bbox 895 2533 1002 2615; x_wconf 91' lang='lat' dir='ltr'><strong>ltaque</strong></span> <span class='ocrx_word' id='word_1_136' title='bbox 1022 2553 1081 2616; x_wconf 90' lang='lat' dir='ltr'><strong>ego</strong></span> <span class='ocrx_word' id='word_1_137' title='bbox 1101 2553 1265 2598; x_wconf 91' lang='lat' dir='ltr'><strong>servorum</strong></span> <span class='ocrx_word' id='word_1_138' title='bbox 1284 2534 1399 2598; x_wconf 86' lang='lat' dir='ltr'><strong>Christi</strong></span> <span class='ocrx_word' id='word_1_139' title='bbox 1420 2535 1585 2617; x_wconf 90' lang='lat' dir='ltr'><strong>minimus,</strong></span> <span class='ocrx_word' id='word_1_140' title='bbox 1602 2538 1655 2619; x_wconf 92' lang='lat' dir='ltr'><strong>qui</strong></span> <span class='ocrx_word' id='word_1_141' title='bbox 1678 2540 1717 2602; x_wconf 92' lang='lat' dir='ltr'><strong>de</strong></span> 
     </span>
     <span class='ocr_line' id='line_1_15' title="bbox 168 2637 1719 2730; baseline 0.008 -32"><span class='ocrx_word' id='word_1_142' title='bbox 168 2638 239 2718; x_wconf 84' lang='lat' dir='ltr'><strong>lege</strong></span> <span class='ocrx_word' id='word_1_143' title='bbox 262 2637 428 2702; x_wconf 88' lang='lat' dir='ltr'><strong>ldahometi</strong></span> <span class='ocrx_word' id='word_1_144' title='bbox 449 2637 633 2720; x_wconf 91' lang='lat' dir='ltr'><strong>frequenter</strong></span> <span class='ocrx_word' id='word_1_145' title='bbox 650 2640 793 2720; x_wconf 77' lang='lat' dir='ltr'><strong>quaedam</strong></span> <span class='ocrx_word' id='word_1_146' title='bbox 813 2640 920 2703; x_wconf 92' lang='lat' dir='ltr'><strong>audivi</strong></span> <span class='ocrx_word' id='word_1_147' title='bbox 942 2660 978 2703; x_wconf 91' lang='lat' dir='ltr'><strong>ac</strong></span> <span class='ocrx_word' id='word_1_148' title='bbox 999 2641 1123 2704; x_wconf 91' lang='lat' dir='ltr'><strong>modica</strong></span> <span class='ocrx_word' id='word_1_149' title='bbox 1142 2641 1216 2723; x_wconf 86' lang='lat' dir='ltr'><strong>legi,</strong></span> <span class='ocrx_word' id='word_1_150' title='bbox 1233 2642 1503 2726; x_wconf 88' lang='lat' dir='ltr'><strong>pereuntibusquo</strong></span> <span class='ocrx_word' id='word_1_151' title='bbox 1523 2644 1577 2707; x_wconf 89' lang='lat' dir='ltr'><strong>illa</strong></span> <span class='ocrx_word' id='word_1_152' title='bbox 1596 2647 1629 2708; x_wconf 92' lang='lat' dir='ltr'><strong>iu</strong></span> <span class='ocrx_word' id='word_1_153' title='bbox 1649 2647 1719 2730; x_wconf 90' lang='lat' dir='ltr'><strong>lege</strong></span> 
     </span>
     <span class='ocr_line' id='line_1_16' title="bbox 168 2745 1718 2837; baseline 0.009 -31"><span class='ocrx_word' id='word_1_154' title='bbox 168 2763 296 2828; x_wconf 90' lang='lat' dir='ltr'><strong>semper</strong></span> <span class='ocrx_word' id='word_1_155' title='bbox 314 2745 476 2822; x_wconf 87' lang='lat' dir='ltr'><strong>condolui,</strong></span> <span class='ocrx_word' id='word_1_156' title='bbox 492 2746 568 2808; x_wconf 93' lang='lat' dir='ltr'><strong>dum</strong></span> <span class='ocrx_word' id='word_1_157' title='bbox 588 2747 700 2808; x_wconf 94' lang='lat' dir='ltr'><strong>eodem</strong></span> <span class='ocrx_word' id='word_1_158' title='bbox 720 2765 783 2828; x_wconf 91' lang='lat' dir='ltr'><strong>quo</strong></span> <span class='ocrx_word' id='word_1_159' title='bbox 801 2747 868 2810; x_wconf 80' lang='lat' dir='ltr'><strong>haec</strong></span> <span class='ocrx_word' id='word_1_160' title='bbox 888 2747 1028 2810; x_wconf 87' lang='lat' dir='ltr'><strong>scribere</strong></span> <span class='ocrx_word' id='word_1_161' title='bbox 1047 2749 1130 2831; x_wconf 82' lang='lat' dir='ltr'><strong>coepi</strong></span> <span class='ocrx_word' id='word_1_162' title='bbox 1151 2767 1246 2827; x_wconf 90' lang='lat' dir='ltr'><strong>auno,</strong></span> <span class='ocrx_word' id='word_1_163' title='bbox 1261 2749 1452 2813; x_wconf 83' lang='lat' dir='ltr'><strong>Alcoranum</strong></span> <span class='ocrx_word' id='word_1_164' title='bbox 1475 2752 1718 2837; x_wconf 87' lang='lat' dir='ltr'><strong>Doctriuamque</strong></span> 
     </span>
     <span class='ocr_line' id='line_1_17' title="bbox 166 2837 1715 2942; baseline 0.007 -29"><span class='ocrx_word' id='word_1_165' title='bbox 166 2852 336 2916; x_wconf 73' lang='lat' dir='ltr'><strong>Mahometi</strong></span> <span class='ocrx_word' id='word_1_166' title='bbox 356 2861 388 2914; x_wconf 92' lang='lat' dir='ltr'><strong>et</strong></span> <span class='ocrx_word' id='word_1_167' title='bbox 405 2851 469 2914; x_wconf 88' lang='lat' dir='ltr'><strong>alia</strong></span> <span class='ocrx_word' id='word_1_168' title='bbox 488 2837 631 2932; x_wconf 80' lang='lat' dir='ltr'><strong>quedam</strong></span> <span class='ocrx_word' id='word_1_169' title='bbox 652 2853 691 2915; x_wconf 92' lang='lat' dir='ltr'><strong>de</strong></span> <span class='ocrx_word' id='word_1_170' title='bbox 710 2872 748 2916; x_wconf 92' lang='lat' dir='ltr'><strong>eo</strong></span> <span class='ocrx_word' id='word_1_171' title='bbox 767 2854 927 2934; x_wconf 79' lang='lat' dir='ltr'><strong>legissem,</strong></span> <span class='ocrx_word' id='word_1_172' title='bbox 943 2873 1016 2916; x_wconf 90' lang='lat' dir='ltr'><strong>cum</strong></span> <span class='ocrx_word' id='word_1_173' title='bbox 1038 2855 1159 2936; x_wconf 83' lang='lat' dir='ltr'><strong>ingenti</strong></span> <span class='ocrx_word' id='word_1_174' title='bbox 1180 2875 1306 2938; x_wconf 90' lang='lat' dir='ltr'><strong>quoque</strong></span> <span class='ocrx_word' id='word_1_175' title='bbox 1329 2857 1496 2940; x_wconf 86' lang='lat' dir='ltr'><strong>diligentia</strong></span> <span class='ocrx_word' id='word_1_176' title='bbox 1521 2861 1715 2942; x_wconf 89' lang='lat' dir='ltr'><strong>relegissem,</strong></span> 
     </span>
     <span class='ocr_line' id='line_1_18' title="bbox 166 2958 1719 3051; baseline 0.008 -31"><span class='ocrx_word' id='word_1_177' title='bbox 166 2958 277 3022; x_wconf 92' lang='lat' dir='ltr'><strong>dolore</strong></span> <span class='ocrx_word' id='word_1_178' title='bbox 292 2959 397 3021; x_wconf 90' lang='lat' dir='ltr'><strong>cordis</strong></span> <span class='ocrx_word' id='word_1_179' title='bbox 412 2958 605 3021; x_wconf 90' lang='lat' dir='ltr'><strong>intrinsecus</strong></span> <span class='ocrx_word' id='word_1_180' title='bbox 620 2967 721 3023; x_wconf 71' lang='lat' dir='ltr'><strong>nctus</strong></span> <span class='ocrx_word' id='word_1_181' title='bbox 737 2979 818 3038; x_wconf 87' lang='lat' dir='ltr'><strong>sum,</strong></span> <span class='ocrx_word' id='word_1_182' title='bbox 836 2969 899 3023; x_wconf 88' lang='lat' dir='ltr'><strong>tam</strong></span> <span class='ocrx_word' id='word_1_183' title='bbox 918 2961 1199 3024; x_wconf 89' lang='lat' dir='ltr'><strong>innumerabilium</strong></span> <span class='ocrx_word' id='word_1_184' title='bbox 1220 2963 1354 3026; x_wconf 92' lang='lat' dir='ltr'><strong>millium</strong></span> <span class='ocrx_word' id='word_1_185' title='bbox 1374 2965 1538 3028; x_wconf 91' lang='lat' dir='ltr'><strong>homiuum</strong></span> <span class='ocrx_word' id='word_1_186' title='bbox 1559 2969 1719 3051; x_wconf 87' lang='lat' dir='ltr'><strong>deceptio-</strong></span> 
     </span>
     <span class='ocr_line' id='line_1_19' title="bbox 166 3067 1716 3155; baseline 0.008 -28"><span class='ocrx_word' id='word_1_187' title='bbox 166 3085 242 3129; x_wconf 86' lang='lat' dir='ltr'><strong>nem</strong></span> <span class='ocrx_word' id='word_1_188' title='bbox 264 3075 360 3148; x_wconf 88' lang='lat' dir='ltr'><strong>atque</strong></span> <span class='ocrx_word' id='word_1_189' title='bbox 381 3074 532 3129; x_wconf 84' lang='lat' dir='ltr'><strong>aetemam</strong></span> <span class='ocrx_word' id='word_1_190' title='bbox 549 3067 786 3130; x_wconf 89' lang='lat' dir='ltr'><strong>damnationem</strong></span> <span class='ocrx_word' id='word_1_191' title='bbox 808 3068 1011 3131; x_wconf 88' lang='lat' dir='ltr'><strong>vehementer</strong></span> <span class='ocrx_word' id='word_1_192' title='bbox 1030 3069 1199 3151; x_wconf 90' lang='lat' dir='ltr'><strong>deplorans</strong></span> <span class='ocrx_word' id='word_1_193' title='bbox 1217 3093 1223 3132; x_wconf 93' lang='lat'>:</span> <span class='ocrx_word' id='word_1_194' title='bbox 1241 3071 1415 3152; x_wconf 78' lang='lat' dir='ltr'><strong>prasertim</strong></span> <span class='ocrx_word' id='word_1_195' title='bbox 1434 3092 1532 3155; x_wconf 92' lang='lat' dir='ltr'><strong>quum</strong></span> <span class='ocrx_word' id='word_1_196' title='bbox 1553 3075 1716 3140; x_wconf 89' lang='lat' dir='ltr'><strong>Sarraeeui</strong></span> 
     </span>
     <span class='ocr_line' id='line_1_20' title="bbox 167 3164 1718 3263; baseline 0.008 -28"><span class='ocrx_word' id='word_1_197' title='bbox 167 3174 218 3236; x_wconf 87' lang='lat' dir='ltr'><strong>isti</strong></span> <span class='ocrx_word' id='word_1_198' title='bbox 235 3174 404 3237; x_wconf 90' lang='lat' dir='ltr'><strong>uobiscum</strong></span> <span class='ocrx_word' id='word_1_199' title='bbox 419 3164 532 3236; x_wconf 87' lang='lat' dir='ltr'><strong>in&#39;tam</strong></span> <span class='ocrx_word' id='word_1_200' title='bbox 547 3175 658 3237; x_wconf 89' lang='lat' dir='ltr'><strong>multis</strong></span> <span class='ocrx_word' id='word_1_201' title='bbox 672 3177 879 3256; x_wconf 88' lang='lat' dir='ltr'><strong>concordent,</strong></span> <span class='ocrx_word' id='word_1_202' title='bbox 895 3186 926 3239; x_wconf 89' lang='lat' dir='ltr'><strong>et</strong></span> <span class='ocrx_word' id='word_1_203' title='bbox 940 3176 981 3239; x_wconf 93' lang='lat' dir='ltr'><strong>ob</strong></span> <span class='ocrx_word' id='word_1_204' title='bbox 996 3178 1028 3239; x_wconf 91' lang='lat' dir='ltr'><strong>id</strong></span> <span class='ocrx_word' id='word_1_205' title='bbox 1043 3178 1212 3240; x_wconf 89' lang='lat' dir='ltr'><strong>videantur</strong></span> <span class='ocrx_word' id='word_1_206' title='bbox 1227 3180 1301 3241; x_wconf 91' lang='lat' dir='ltr'><strong>satis</strong></span> <span class='ocrx_word' id='word_1_207' title='bbox 1317 3178 1455 3243; x_wconf 80' lang='lat' dir='ltr'><strong>faciliter</strong></span> <span class='ocrx_word' id='word_1_208' title='bbox 1472 3201 1565 3263; x_wconf 91' lang='lat' dir='ltr'><strong>posse</strong></span> <span class='ocrx_word' id='word_1_209' title='bbox 1585 3203 1718 3247; x_wconf 91' lang='lat' dir='ltr'><strong>couver-</strong></span> 
     </span>
     <span class='ocr_line' id='line_1_21' title="bbox 166 3282 1718 3366; baseline 0.008 -23"><span class='ocrx_word' id='word_1_210' title='bbox 166 3283 200 3344; x_wconf 91' lang='lat' dir='ltr'><strong>ti.</strong></span> <span class='ocrx_word' id='word_1_211' title='bbox 223 3283 305 3344; x_wconf 86' lang='lat' dir='ltr'><strong>lliuc</strong></span> <span class='ocrx_word' id='word_1_212' title='bbox 327 3283 366 3345; x_wconf 92' lang='lat' dir='ltr'><strong>ad</strong></span> <span class='ocrx_word' id='word_1_213' title='bbox 389 3282 514 3344; x_wconf 90' lang='lat' dir='ltr'><strong>laudem</strong></span> <span class='ocrx_word' id='word_1_214' title='bbox 534 3290 566 3344; x_wconf 91' lang='lat' dir='ltr'><strong>et</strong></span> <span class='ocrx_word' id='word_1_215' title='bbox 584 3282 719 3364; x_wconf 87' lang='lat' dir='ltr'><strong>gloriam</strong></span> <span class='ocrx_word' id='word_1_216' title='bbox 739 3284 793 3346; x_wconf 79' lang='lat' dir='ltr'><strong>oei</strong></span> <span class='ocrx_word' id='word_1_217' title='bbox 814 3284 961 3347; x_wconf 88' lang='lat' dir='ltr'><strong>sublimis</strong></span> <span class='ocrx_word' id='word_1_218' title='bbox 980 3292 1012 3345; x_wconf 94' lang='lat' dir='ltr'><strong>et</strong></span> <span class='ocrx_word' id='word_1_219' title='bbox 1029 3283 1199 3361; x_wconf 87' lang='lat' dir='ltr'><strong>benedicti,</strong></span> <span class='ocrx_word' id='word_1_220' title='bbox 1220 3286 1274 3366; x_wconf 92' lang='lat' dir='ltr'><strong>qui</strong></span> <span class='ocrx_word' id='word_1_221' title='bbox 1296 3305 1314 3347; x_wconf 91' lang='lat' dir='ltr'><strong>a</strong></span> <span class='ocrx_word' id='word_1_222' title='bbox 1334 3286 1408 3349; x_wconf 92' lang='lat' dir='ltr'><strong>solis</strong></span> <span class='ocrx_word' id='word_1_223' title='bbox 1428 3287 1615 3353; x_wconf 91' lang='lat' dir='ltr'><strong>Christianis</strong></span> <span class='ocrx_word' id='word_1_224' title='bbox 1635 3293 1718 3354; x_wconf 91' lang='lat' dir='ltr'><strong>salu-</strong></span> 
     </span>
     <span class='ocr_line' id='line_1_22' title="bbox 166 3382 1719 3471; baseline 0.007 -20"><span class='ocrx_word' id='word_1_225' title='bbox 166 3390 268 3451; x_wconf 87' lang='lat' dir='ltr'><strong>briter</strong></span> <span class='ocrx_word' id='word_1_226' title='bbox 281 3389 407 3469; x_wconf 91' lang='lat' dir='ltr'><strong>colitur,</strong></span> <span class='ocrx_word' id='word_1_227' title='bbox 422 3390 549 3451; x_wconf 89' lang='lat' dir='ltr'><strong>decrevi</strong></span> <span class='ocrx_word' id='word_1_228' title='bbox 566 3408 623 3471; x_wconf 93' lang='lat' dir='ltr'><strong>pro</strong></span> <span class='ocrx_word' id='word_1_229' title='bbox 638 3390 883 3453; x_wconf 90' lang='lat' dir='ltr'><strong>Sarraceuorum</strong></span> <span class='ocrx_word' id='word_1_230' title='bbox 898 3391 1107 3454; x_wconf 85' lang='lat' dir='ltr'><strong>conversione</strong></span> <span class='ocrx_word' id='word_1_231' title='bbox 1129 3392 1196 3454; x_wconf 79' lang='lat' dir='ltr'><strong>heac</strong></span> <span class='ocrx_word' id='word_1_232' title='bbox 1218 3393 1368 3471; x_wconf 89' lang='lat' dir='ltr'><strong>scribere,</strong></span> <span class='ocrx_word' id='word_1_233' title='bbox 1386 3382 1456 3458; x_wconf 81' lang='lat' dir='ltr'><strong>luco</strong></span> <span class='ocrx_word' id='word_1_234' title='bbox 1476 3396 1593 3459; x_wconf 90' lang='lat' dir='ltr'><strong>clarius</strong></span> <span class='ocrx_word' id='word_1_235' title='bbox 1613 3408 1719 3462; x_wconf 88' lang='lat' dir='ltr'><strong>osteu-</strong></span> 
     </span>
     <span class='ocr_line' id='line_1_23' title="bbox 166 3496 1716 3585; baseline 0.008 -29"><span class='ocrx_word' id='word_1_236' title='bbox 166 3496 273 3558; x_wconf 91' lang='lat' dir='ltr'><strong>dendo</strong></span> <span class='ocrx_word' id='word_1_237' title='bbox 288 3496 334 3557; x_wconf 90' lang='lat' dir='ltr'><strong>eis</strong></span> <span class='ocrx_word' id='word_1_238' title='bbox 349 3513 424 3558; x_wconf 92' lang='lat' dir='ltr'><strong>suos</strong></span> <span class='ocrx_word' id='word_1_239' title='bbox 438 3514 571 3574; x_wconf 90' lang='lat' dir='ltr'><strong>errores,</strong></span> <span class='ocrx_word' id='word_1_240' title='bbox 579 3496 734 3559; x_wconf 87' lang='lat' dir='ltr'><strong>falsitates</strong></span> <span class='ocrx_word' id='word_1_241' title='bbox 749 3496 965 3559; x_wconf 85' lang='lat' dir='ltr'><strong>doctrinarum</strong></span> <span class='ocrx_word' id='word_1_242' title='bbox 979 3496 1291 3581; x_wconf 87' lang='lat' dir='ltr'><strong>blahou,scriptaque</strong></span> <span class='ocrx_word' id='word_1_243' title='bbox 1306 3499 1452 3563; x_wconf 82' lang='lat' dir='ltr'><strong>Alcoraui</strong></span> <span class='ocrx_word' id='word_1_244' title='bbox 1468 3521 1538 3566; x_wconf 89' lang='lat' dir='ltr'><strong>esse</strong></span> <span class='ocrx_word' id='word_1_245' title='bbox 1553 3505 1716 3585; x_wconf 89' lang='lat' dir='ltr'><strong>mendosa,</strong></span> 
     </span>
     <span class='ocr_line' id='line_1_24' title="bbox 166 3603 1057 3685; baseline 0.003 -20"><span class='ocrx_word' id='word_1_246' title='bbox 166 3612 199 3665; x_wconf 91' lang='lat' dir='ltr'><strong>ct</strong></span> <span class='ocrx_word' id='word_1_247' title='bbox 220 3603 507 3666; x_wconf 90' lang='lat' dir='ltr'><strong>contradictionem</strong></span> <span class='ocrx_word' id='word_1_248' title='bbox 529 3603 741 3685; x_wconf 91' lang='lat' dir='ltr'><strong>implicantia,</strong></span> <span class='ocrx_word' id='word_1_249' title='bbox 764 3604 846 3667; x_wconf 87' lang='lat' dir='ltr'><strong>heut</strong></span> <span class='ocrx_word' id='word_1_250' title='bbox 863 3603 1057 3685; x_wconf 88' lang='lat' dir='ltr'><strong>frequenter.</strong></span> 
     </span>
    </p>

    <p class='ocr_par' dir='ltr' id='par_1_4' title="bbox 164 3710 1863 5396">
     <span class='ocr_line' id='line_1_25' title="bbox 228 3710 1720 3798; baseline 0.007 -25"><span class='ocrx_word' id='word_1_251' title='bbox 228 3712 381 3774; x_wconf 78' lang='lat' dir='ltr'><strong>Praeterea</strong></span> <span class='ocrx_word' id='word_1_252' title='bbox 401 3711 433 3772; x_wconf 93' lang='lat' dir='ltr'><strong>id</strong></span> <span class='ocrx_word' id='word_1_253' title='bbox 456 3719 581 3793; x_wconf 82' lang='lat' dir='ltr'><strong>exopto,</strong></span> <span class='ocrx_word' id='word_1_254' title='bbox 598 3719 634 3772; x_wconf 91' lang='lat' dir='ltr'><strong>ut</strong></span> <span class='ocrx_word' id='word_1_255' title='bbox 653 3730 749 3791; x_wconf 93' lang='lat' dir='ltr'><strong>quam</strong></span> <span class='ocrx_word' id='word_1_256' title='bbox 770 3710 942 3793; x_wconf 88' lang='lat' dir='ltr'><strong>diligenter</strong></span> <span class='ocrx_word' id='word_1_257' title='bbox 965 3732 1024 3776; x_wconf 93' lang='lat' dir='ltr'><strong>uos</strong></span> <span class='ocrx_word' id='word_1_258' title='bbox 1046 3712 1216 3777; x_wconf 89' lang='lat' dir='ltr'><strong>Christiani</strong></span> <span class='ocrx_word' id='word_1_259' title='bbox 1243 3714 1360 3797; x_wconf 87' lang='lat' dir='ltr'><strong>scripta</strong></span> <span class='ocrx_word' id='word_1_260' title='bbox 1384 3717 1422 3778; x_wconf 91' lang='lat' dir='ltr'><strong>ad</strong></span> <span class='ocrx_word' id='word_1_261' title='bbox 1448 3718 1550 3798; x_wconf 89' lang='lat' dir='ltr'><strong>legem</strong></span> <span class='ocrx_word' id='word_1_262' title='bbox 1574 3720 1720 3784; x_wconf 88' lang='lat' dir='ltr'><strong>Sarrace-</strong></span> 
     </span>
     <span class='ocr_line' id='line_1_26' title="bbox 166 3817 1718 3905; baseline 0.007 -25"><span class='ocrx_word' id='word_1_263' title='bbox 166 3838 285 3882; x_wconf 91' lang='lat' dir='ltr'><strong>uorum</strong></span> <span class='ocrx_word' id='word_1_264' title='bbox 309 3817 486 3899; x_wconf 89' lang='lat' dir='ltr'><strong>spectantia</strong></span> <span class='ocrx_word' id='word_1_265' title='bbox 511 3817 658 3899; x_wconf 87' lang='lat' dir='ltr'><strong>lcgimus,</strong></span> <span class='ocrx_word' id='word_1_266' title='bbox 675 3826 739 3880; x_wconf 90' lang='lat' dir='ltr'><strong>tam</strong></span> <span class='ocrx_word' id='word_1_267' title='bbox 764 3817 936 3900; x_wconf 90' lang='lat' dir='ltr'><strong>diligenter</strong></span> <span class='ocrx_word' id='word_1_268' title='bbox 960 3820 1020 3900; x_wconf 92' lang='lat' dir='ltr'><strong>ipsi</strong></span> <span class='ocrx_word' id='word_1_269' title='bbox 1047 3820 1114 3881; x_wconf 76' lang='lat' dir='ltr'><strong>hacc</strong></span> <span class='ocrx_word' id='word_1_270' title='bbox 1138 3820 1255 3901; x_wconf 89' lang='lat' dir='ltr'><strong>legant,</strong></span> <span class='ocrx_word' id='word_1_271' title='bbox 1278 3841 1337 3884; x_wconf 91' lang='lat' dir='ltr'><strong>nec</strong></span> <span class='ocrx_word' id='word_1_272' title='bbox 1361 3824 1569 3905; x_wconf 80' lang='lat' dir='ltr'><strong>apertissimae</strong></span> <span class='ocrx_word' id='word_1_273' title='bbox 1594 3829 1718 3891; x_wconf 88' lang='lat' dir='ltr'><strong>veritati</strong></span> 
     </span>
     <span class='ocr_line' id='line_1_27' title="bbox 167 3924 1720 4011; baseline 0.008 -26"><span class='ocrx_word' id='word_1_274' title='bbox 167 3924 376 4006; x_wconf 84' lang='lat' dir='ltr'><strong>pertinaciter</strong></span> <span class='ocrx_word' id='word_1_275' title='bbox 400 3924 628 3987; x_wconf 88' lang='lat' dir='ltr'><strong>contradicant.</strong></span> <span class='ocrx_word' id='word_1_276' title='bbox 651 3924 682 3985; x_wconf 93' lang='lat' dir='ltr'><strong>Si</strong></span> <span class='ocrx_word' id='word_1_277' title='bbox 703 3924 789 3987; x_wconf 91' lang='lat' dir='ltr'><strong>euim</strong></span> <span class='ocrx_word' id='word_1_278' title='bbox 809 3930 857 4004; x_wconf 83' lang='lat' dir='ltr'><strong>(ut</strong></span> <span class='ocrx_word' id='word_1_279' title='bbox 876 3924 1011 4006; x_wconf 91' lang='lat' dir='ltr'><strong>ipsemet</strong></span> <span class='ocrx_word' id='word_1_280' title='bbox 1029 3926 1140 3991; x_wconf 80' lang='lat' dir='ltr'><strong>Mahou</strong></span> <span class='ocrx_word' id='word_1_281' title='bbox 1161 3927 1253 3990; x_wconf 91' lang='lat' dir='ltr'><strong>toties</strong></span> <span class='ocrx_word' id='word_1_282' title='bbox 1273 3932 1480 4009; x_wconf 90' lang='lat' dir='ltr'><strong>contestatur)</strong></span> <span class='ocrx_word' id='word_1_283' title='bbox 1499 3931 1600 4011; x_wconf 84' lang='lat' dir='ltr'><strong>lesus,</strong></span> <span class='ocrx_word' id='word_1_284' title='bbox 1616 3934 1720 3998; x_wconf 78' lang='lat' dir='ltr'><strong>Mariae</strong></span> 
     </span>
     <span class='ocr_line' id='line_1_28' title="bbox 167 4030 1719 4117; baseline 0.008 -26"><span class='ocrx_word' id='word_1_285' title='bbox 167 4031 272 4107; x_wconf 88' lang='lat' dir='ltr'><strong>filius,</strong></span> <span class='ocrx_word' id='word_1_286' title='bbox 294 4030 437 4092; x_wconf 87' lang='lat' dir='ltr'><strong>Christus</strong></span> <span class='ocrx_word' id='word_1_287' title='bbox 460 4038 518 4110; x_wconf 87' lang='lat' dir='ltr'><strong>est,</strong></span> <span class='ocrx_word' id='word_1_288' title='bbox 542 4030 667 4092; x_wconf 91' lang='lat' dir='ltr'><strong>nullum</strong></span> <span class='ocrx_word' id='word_1_289' title='bbox 692 4049 822 4112; x_wconf 92' lang='lat' dir='ltr'><strong>prorsus</strong></span> <span class='ocrx_word' id='word_1_290' title='bbox 848 4030 1039 4112; x_wconf 89' lang='lat' dir='ltr'><strong>relinquitur</strong></span> <span class='ocrx_word' id='word_1_291' title='bbox 1062 4033 1196 4095; x_wconf 91' lang='lat' dir='ltr'><strong>dubium</strong></span> <span class='ocrx_word' id='word_1_292' title='bbox 1221 4035 1303 4115; x_wconf 94' lang='lat' dir='ltr'><strong>apud</strong></span> <span class='ocrx_word' id='word_1_293' title='bbox 1326 4034 1555 4117; x_wconf 84' lang='lat' dir='ltr'><strong>intelligentem</strong></span> <span class='ocrx_word' id='word_1_294' title='bbox 1582 4042 1655 4103; x_wconf 92' lang='lat' dir='ltr'><strong>uovi</strong></span> <span class='ocrx_word' id='word_1_295' title='bbox 1682 4061 1719 4105; x_wconf 90' lang='lat' dir='ltr'><strong>ac</strong></span> 
     </span>
     <span class='ocr_line' id='line_1_29' title="bbox 166 4136 1719 4223; baseline 0.008 -25"><span class='ocrx_word' id='word_1_296' title='bbox 166 4136 288 4199; x_wconf 86' lang='lat' dir='ltr'><strong>veteris</strong></span> <span class='ocrx_word' id='word_1_297' title='bbox 306 4136 497 4199; x_wconf 85' lang='lat' dir='ltr'><strong>Testamenti</strong></span> <span class='ocrx_word' id='word_1_298' title='bbox 517 4136 701 4217; x_wconf 88' lang='lat' dir='ltr'><strong>scripturas,</strong></span> <span class='ocrx_word' id='word_1_299' title='bbox 724 4137 803 4217; x_wconf 91' lang='lat' dir='ltr'><strong>quin</strong></span> <span class='ocrx_word' id='word_1_300' title='bbox 822 4156 933 4200; x_wconf 92' lang='lat' dir='ltr'><strong>omnes</strong></span> <span class='ocrx_word' id='word_1_301' title='bbox 953 4140 1130 4218; x_wconf 86' lang='lat' dir='ltr'><strong>Sarraeeui,</strong></span> <span class='ocrx_word' id='word_1_302' title='bbox 1154 4140 1235 4202; x_wconf 90' lang='lat' dir='ltr'><strong>sicut</strong></span> <span class='ocrx_word' id='word_1_303' title='bbox 1254 4150 1285 4202; x_wconf 91' lang='lat' dir='ltr'><strong>et</strong></span> <span class='ocrx_word' id='word_1_304' title='bbox 1304 4143 1401 4204; x_wconf 91' lang='lat' dir='ltr'><strong>ceteri</strong></span> <span class='ocrx_word' id='word_1_305' title='bbox 1422 4142 1582 4223; x_wconf 80' lang='lat' dir='ltr'><strong>infideles,</strong></span> <span class='ocrx_word' id='word_1_306' title='bbox 1603 4147 1666 4209; x_wconf 90' lang='lat' dir='ltr'><strong>siut</strong></span> <span class='ocrx_word' id='word_1_307' title='bbox 1686 4148 1719 4211; x_wconf 91' lang='lat' dir='ltr'><strong>in</strong></span> 
     </span>
     <span class='ocr_line' id='line_1_30' title="bbox 166 4244 1829 4337; baseline 0.007 -31"><span class='ocrx_word' id='word_1_308' title='bbox 166 4254 253 4307; x_wconf 86' lang='lat' dir='ltr'><strong>statu</strong></span> <span class='ocrx_word' id='word_1_309' title='bbox 275 4244 487 4307; x_wconf 91' lang='lat' dir='ltr'><strong>damnationis</strong></span> <span class='ocrx_word' id='word_1_310' title='bbox 505 4253 641 4323; x_wconf 74' lang='lat' dir='ltr'><strong>creme,</strong></span> <span class='ocrx_word' id='word_1_311' title='bbox 657 4244 833 4326; x_wconf 72' lang='lat' dir='ltr'><strong>praesertim</strong></span> <span class='ocrx_word' id='word_1_312' title='bbox 851 4264 950 4325; x_wconf 92' lang='lat' dir='ltr'><strong>quum</strong></span> <span class='ocrx_word' id='word_1_313' title='bbox 969 4245 1105 4327; x_wconf 90' lang='lat' dir='ltr'><strong>ipsemet</strong></span> <span class='ocrx_word' id='word_1_314' title='bbox 1123 4247 1265 4309; x_wconf 93' lang='lat' dir='ltr'><strong>Christus</strong></span> <span class='ocrx_word' id='word_1_315' title='bbox 1285 4248 1317 4309; x_wconf 92' lang='lat' dir='ltr'><strong>in</strong></span> <span class='ocrx_word' id='word_1_316' title='bbox 1338 4248 1510 4330; x_wconf 86' lang='lat' dir='ltr'><strong>Evangelio</strong></span> <span class='ocrx_word' id='word_1_317' title='bbox 1530 4251 1613 4314; x_wconf 89' lang='lat' dir='ltr'><strong>dicat</strong></span> <span class='ocrx_word' id='word_1_318' title='bbox 1631 4278 1637 4315; x_wconf 76' lang='grc' dir='ltr'>ε</span> <span class='ocrx_word' id='word_1_319' title='bbox 1655 4255 1719 4337; x_wconf 86' lang='lat' dir='ltr'><strong>Ego</strong></span> <span class='ocrx_word' id='word_1_320' title='bbox 1746 4287 1829 4330; x_wconf 59' lang='lat' dir='ltr'><strong>mm,</strong></span> 
     </span>
     <span class='ocr_line' id='line_1_31' title="bbox 166 4351 1806 4443; baseline 0.01 -31"><span class='ocrx_word' id='word_1_321' title='bbox 166 4370 239 4413; x_wconf 88' lang='lat' dir='ltr'><strong>sum</strong></span> <span class='ocrx_word' id='word_1_322' title='bbox 257 4351 318 4430; x_wconf 89' lang='lat' dir='ltr'><strong>via,</strong></span> <span class='ocrx_word' id='word_1_323' title='bbox 336 4351 452 4413; x_wconf 87' lang='lat' dir='ltr'><strong>veritas</strong></span> <span class='ocrx_word' id='word_1_324' title='bbox 466 4360 499 4413; x_wconf 92' lang='lat' dir='ltr'><strong>et</strong></span> <span class='ocrx_word' id='word_1_325' title='bbox 513 4352 577 4413; x_wconf 90' lang='lat' dir='ltr'><strong>vita</strong></span> <span class='ocrx_word' id='word_1_326' title='bbox 590 4376 599 4429; x_wconf 81' lang='lat'>3</span> <span class='ocrx_word' id='word_1_327' title='bbox 615 4370 709 4414; x_wconf 89' lang='lat' dir='ltr'><strong>uerno</strong></span> <span class='ocrx_word' id='word_1_328' title='bbox 724 4352 811 4414; x_wconf 91' lang='lat' dir='ltr'><strong>veuit</strong></span> <span class='ocrx_word' id='word_1_329' title='bbox 825 4354 864 4415; x_wconf 90' lang='lat' dir='ltr'><strong>ad</strong></span> <span class='ocrx_word' id='word_1_330' title='bbox 879 4351 1001 4414; x_wconf 91' lang='lat' dir='ltr'><strong>Patrem</strong></span> <span class='ocrx_word' id='word_1_331' title='bbox 1016 4351 1079 4414; x_wconf 92' lang='lat' dir='ltr'><strong>nisi</strong></span> <span class='ocrx_word' id='word_1_332' title='bbox 1096 4372 1153 4435; x_wconf 93' lang='lat' dir='ltr'><strong>per</strong></span> <span class='ocrx_word' id='word_1_333' title='bbox 1166 4374 1229 4417; x_wconf 92' lang='lat' dir='ltr'><strong>me.</strong></span> <span class='ocrx_word' id='word_1_334' title='bbox 1246 4356 1386 4436; x_wconf 85' lang='lat' dir='ltr'><strong>[leuique</strong></span> <span class='ocrx_word' id='word_1_335' title='bbox 1402 4357 1542 4420; x_wconf 91' lang='lat' dir='ltr'><strong>universi</strong></span> <span class='ocrx_word' id='word_1_336' title='bbox 1557 4360 1719 4443; x_wconf 82' lang='lat' dir='ltr'><strong>Prophetas</strong></span> <span class='ocrx_word' id='word_1_337' title='bbox 1734 4364 1777 4401; x_wconf 68' lang='lat'><strong>¹¹⁸⁷·</strong></span> <span class='ocrx_word' id='word_1_338' title='bbox 1787 4354 1806 4393; x_wconf 77' lang='lat'><strong>⁶·</strong></span> 
     </span>
     <span class='ocr_line' id='line_1_32' title="bbox 166 4458 1718 4551; baseline 0.01 -33"><span class='ocrx_word' id='word_1_339' title='bbox 166 4458 199 4518; x_wconf 92' lang='lat' dir='ltr'><strong>id</strong></span> <span class='ocrx_word' id='word_1_340' title='bbox 214 4458 430 4539; x_wconf 80' lang='lat' dir='ltr'><strong>predixerunt</strong></span> <span class='ocrx_word' id='word_1_341' title='bbox 451 4477 488 4519; x_wconf 88' lang='lat' dir='ltr'><strong>ac</strong></span> <span class='ocrx_word' id='word_1_342' title='bbox 507 4458 696 4534; x_wconf 87' lang='lat' dir='ltr'><strong>docueruut,</strong></span> <span class='ocrx_word' id='word_1_343' title='bbox 713 4459 798 4539; x_wconf 92' lang='lat' dir='ltr'><strong>qnod</strong></span> <span class='ocrx_word' id='word_1_344' title='bbox 820 4458 963 4521; x_wconf 90' lang='lat' dir='ltr'><strong>Christus</strong></span> <span class='ocrx_word' id='word_1_345' title='bbox 984 4459 1081 4522; x_wconf 92' lang='lat' dir='ltr'><strong>totius</strong></span> <span class='ocrx_word' id='word_1_346' title='bbox 1101 4461 1211 4522; x_wconf 91' lang='lat' dir='ltr'><strong>muudi</strong></span> <span class='ocrx_word' id='word_1_347' title='bbox 1233 4462 1370 4527; x_wconf 89' lang='lat' dir='ltr'><strong>salvator</strong></span> <span class='ocrx_word' id='word_1_348' title='bbox 1388 4464 1440 4544; x_wconf 90' lang='lat' dir='ltr'><strong>sit,</strong></span> <span class='ocrx_word' id='word_1_349' title='bbox 1458 4484 1516 4527; x_wconf 91' lang='lat' dir='ltr'><strong>uec</strong></span> <span class='ocrx_word' id='word_1_350' title='bbox 1536 4469 1718 4551; x_wconf 91' lang='lat' dir='ltr'><strong>quempiam</strong></span> 
     </span>
     <span class='ocr_line' id='line_1_33' title="bbox 164 4564 1721 4657; baseline 0.009 -30"><span class='ocrx_word' id='word_1_351' title='bbox 164 4582 264 4645; x_wconf 87' lang='lat' dir='ltr'><strong>posse</strong></span> <span class='ocrx_word' id='word_1_352' title='bbox 278 4564 392 4626; x_wconf 89' lang='lat' dir='ltr'><strong>salvari</strong></span> <span class='ocrx_word' id='word_1_353' title='bbox 409 4564 470 4625; x_wconf 91' lang='lat' dir='ltr'><strong>uisi</strong></span> <span class='ocrx_word' id='word_1_354' title='bbox 486 4565 668 4627; x_wconf 84' lang='lat' dir='ltr'><strong>credentem</strong></span> <span class='ocrx_word' id='word_1_355' title='bbox 683 4564 716 4626; x_wconf 92' lang='lat' dir='ltr'><strong>iu</strong></span> <span class='ocrx_word' id='word_1_356' title='bbox 732 4565 848 4645; x_wconf 90' lang='lat' dir='ltr'><strong>ipsum,</strong></span> <span class='ocrx_word' id='word_1_357' title='bbox 865 4565 908 4627; x_wconf 89' lang='lat' dir='ltr'><strong>ita</strong></span> <span class='ocrx_word' id='word_1_358' title='bbox 926 4567 1010 4646; x_wconf 94' lang='lat' dir='ltr'><strong>quod</strong></span> <span class='ocrx_word' id='word_1_359' title='bbox 1031 4576 1173 4648; x_wconf 90' lang='lat' dir='ltr'><strong>tempore</strong></span> <span class='ocrx_word' id='word_1_360' title='bbox 1193 4570 1386 4651; x_wconf 81' lang='lat' dir='ltr'><strong>evangelicae</strong></span> <span class='ocrx_word' id='word_1_361' title='bbox 1405 4570 1484 4653; x_wconf 88' lang='lat' dir='ltr'><strong>legis</strong></span> <span class='ocrx_word' id='word_1_362' title='bbox 1504 4592 1597 4637; x_wconf 88' lang='lat' dir='ltr'><strong>uemo</strong></span> <span class='ocrx_word' id='word_1_363' title='bbox 1616 4585 1721 4657; x_wconf 88' lang='lat' dir='ltr'><strong>potest</strong></span> 
     </span>
     <span class='ocr_line' id='line_1_34' title="bbox 164 4670 1719 4757; baseline 0.009 -24"><span class='ocrx_word' id='word_1_364' title='bbox 164 4670 230 4734; x_wconf 89' lang='lat' dir='ltr'><strong>Ileo</strong></span> <span class='ocrx_word' id='word_1_365' title='bbox 247 4671 373 4752; x_wconf 88' lang='lat' dir='ltr'><strong>placere</strong></span> <span class='ocrx_word' id='word_1_366' title='bbox 387 4670 449 4733; x_wconf 92' lang='lat' dir='ltr'><strong>uisi</strong></span> <span class='ocrx_word' id='word_1_367' title='bbox 465 4672 622 4734; x_wconf 87' lang='lat' dir='ltr'><strong>veraciter</strong></span> <span class='ocrx_word' id='word_1_368' title='bbox 635 4672 839 4734; x_wconf 89' lang='lat' dir='ltr'><strong>christianus.</strong></span> <span class='ocrx_word' id='word_1_369' title='bbox 857 4672 921 4735; x_wconf 90' lang='lat' dir='ltr'><strong>Nec</strong></span> <span class='ocrx_word' id='word_1_370' title='bbox 937 4671 1061 4735; x_wconf 90' lang='lat' dir='ltr'><strong>sufficit</strong></span> <span class='ocrx_word' id='word_1_371' title='bbox 1075 4674 1142 4737; x_wconf 91' lang='lat' dir='ltr'><strong>sola</strong></span> <span class='ocrx_word' id='word_1_372' title='bbox 1162 4674 1255 4753; x_wconf 90' lang='lat' dir='ltr'><strong>fides,</strong></span> <span class='ocrx_word' id='word_1_373' title='bbox 1273 4678 1328 4739; x_wconf 90' lang='lat' dir='ltr'><strong>sed</strong></span> <span class='ocrx_word' id='word_1_374' title='bbox 1348 4678 1449 4757; x_wconf 86' lang='lat' dir='ltr'><strong>(juxta</strong></span> <span class='ocrx_word' id='word_1_375' title='bbox 1469 4680 1582 4743; x_wconf 90' lang='lat' dir='ltr'><strong>Christi</strong></span> <span class='ocrx_word' id='word_1_376' title='bbox 1604 4684 1719 4747; x_wconf 90' lang='lat' dir='ltr'><strong>doctri-</strong></span> 
     </span>
     <span class='ocr_line' id='line_1_35' title="bbox 165 4777 1717 4867; baseline 0.01 -28"><span class='ocrx_word' id='word_1_377' title='bbox 165 4780 257 4857; x_wconf 91' lang='lat' dir='ltr'><strong>nam)</strong></span> <span class='ocrx_word' id='word_1_378' title='bbox 273 4777 304 4838; x_wconf 95' lang='lat' dir='ltr'><strong>iu</strong></span> <span class='ocrx_word' id='word_1_379' title='bbox 323 4779 410 4840; x_wconf 92' lang='lat' dir='ltr'><strong>omui</strong></span> <span class='ocrx_word' id='word_1_380' title='bbox 431 4777 621 4855; x_wconf 89' lang='lat' dir='ltr'><strong>humilitate,</strong></span> <span class='ocrx_word' id='word_1_381' title='bbox 639 4777 800 4859; x_wconf 88' lang='lat' dir='ltr'><strong>patientia,</strong></span> <span class='ocrx_word' id='word_1_382' title='bbox 825 4780 965 4859; x_wconf 89' lang='lat' dir='ltr'><strong>caritate,</strong></span> <span class='ocrx_word' id='word_1_383' title='bbox 990 4780 1165 4862; x_wconf 89' lang='lat' dir='ltr'><strong>celerisque</strong></span> <span class='ocrx_word' id='word_1_384' title='bbox 1186 4783 1367 4862; x_wconf 88' lang='lat' dir='ltr'><strong>virtutibus,</strong></span> <span class='ocrx_word' id='word_1_385' title='bbox 1391 4788 1717 4867; x_wconf 90' lang='lat' dir='ltr'><strong>supergloriosissimo</strong></span> 
     </span>
     <span class='ocr_line' id='line_1_36' title="bbox 164 4885 1863 4975; baseline 0.01 -27"><span class='ocrx_word' id='word_1_386' title='bbox 164 4895 197 4948; x_wconf 89' lang='lat' dir='ltr'><strong>et</strong></span> <span class='ocrx_word' id='word_1_387' title='bbox 213 4885 543 4966; x_wconf 90' lang='lat' dir='ltr'><strong>incircumscriptibili</strong></span> <span class='ocrx_word' id='word_1_388' title='bbox 558 4887 622 4948; x_wconf 88' lang='lat' dir='ltr'><strong>Deo</strong></span> <span class='ocrx_word' id='word_1_389' title='bbox 636 4885 755 4949; x_wconf 90' lang='lat' dir='ltr'><strong>servire</strong></span> <span class='ocrx_word' id='word_1_390' title='bbox 769 4895 905 4968; x_wconf 91' lang='lat' dir='ltr'><strong>oportet.</strong></span> <span class='ocrx_word' id='word_1_391' title='bbox 923 4888 1064 4969; x_wconf 89' lang='lat' dir='ltr'><strong>Denique</strong></span> <span class='ocrx_word' id='word_1_392' title='bbox 1080 4888 1222 4951; x_wconf 90' lang='lat' dir='ltr'><strong>Christus</strong></span> <span class='ocrx_word' id='word_1_393' title='bbox 1239 4890 1271 4951; x_wconf 94' lang='lat' dir='ltr'><strong>iu</strong></span> <span class='ocrx_word' id='word_1_394' title='bbox 1287 4890 1458 4973; x_wconf 88' lang='lat' dir='ltr'><strong>Evangelio</strong></span> <span class='ocrx_word' id='word_1_395' title='bbox 1478 4894 1638 4975; x_wconf 92' lang='lat' dir='ltr'><strong>loquitur:</strong></span> <span class='ocrx_word' id='word_1_396' title='bbox 1652 4897 1717 4961; x_wconf 86' lang='lat' dir='ltr'><strong>Nisi</strong></span> <span class='ocrx_word' id='word_1_397' title='bbox 1732 4917 1789 4962; x_wconf 70' lang='lat' dir='ltr'><strong>rosa.</strong></span> <span class='ocrx_word' id='word_1_398' title='bbox 1801 4933 1829 4972; x_wconf 77' lang='lat' dir='ltr'><strong>u,</strong></span> <span class='ocrx_word' id='word_1_399' title='bbox 1842 4924 1863 4965; x_wconf 82' lang='lat' dir='ltr'><strong>a.</strong></span> 
     </span>
     <span class='ocr_line' id='line_1_37' title="bbox 165 4992 1717 5086; baseline 0.009 -33"><span class='ocrx_word' id='word_1_400' title='bbox 165 4992 241 5073; x_wconf 91' lang='lat' dir='ltr'><strong>quis</strong></span> <span class='ocrx_word' id='word_1_401' title='bbox 257 5001 385 5055; x_wconf 76' lang='lat' dir='ltr'><strong>mustus</strong></span> <span class='ocrx_word' id='word_1_402' title='bbox 401 4992 496 5055; x_wconf 91' lang='lat' dir='ltr'><strong>fuerit</strong></span> <span class='ocrx_word' id='word_1_403' title='bbox 510 5011 547 5054; x_wconf 84' lang='lat' dir='ltr'><strong>ex</strong></span> <span class='ocrx_word' id='word_1_404' title='bbox 562 5011 644 5073; x_wconf 89' lang='lat' dir='ltr'><strong>aqua</strong></span> <span class='ocrx_word' id='word_1_405' title='bbox 657 5002 687 5055; x_wconf 91' lang='lat' dir='ltr'><strong>et</strong></span> <span class='ocrx_word' id='word_1_406' title='bbox 703 4993 823 5075; x_wconf 89' lang='lat' dir='ltr'><strong>Spiritu</strong></span> <span class='ocrx_word' id='word_1_407' title='bbox 838 4994 1036 5073; x_wconf 90' lang='lat' dir='ltr'><strong>Sancto,uou</strong></span> <span class='ocrx_word' id='word_1_408' title='bbox 1052 5004 1156 5075; x_wconf 87' lang='lat' dir='ltr'><strong>potest</strong></span> <span class='ocrx_word' id='word_1_409' title='bbox 1170 4996 1288 5059; x_wconf 90' lang='lat' dir='ltr'><strong>intrare</strong></span> <span class='ocrx_word' id='word_1_410' title='bbox 1303 5017 1436 5079; x_wconf 91' lang='lat' dir='ltr'><strong>reguum</strong></span> <span class='ocrx_word' id='word_1_411' title='bbox 1452 5000 1626 5075; x_wconf 85' lang='lat' dir='ltr'><strong>Dei.0uum</strong></span> <span class='ocrx_word' id='word_1_412' title='bbox 1642 5024 1717 5086; x_wconf 91' lang='lat' dir='ltr'><strong>ergo</strong></span> 
     </span>
     <span class='ocr_line' id='line_1_38' title="bbox 165 5100 1717 5189; baseline 0.008 -28"><span class='ocrx_word' id='word_1_413' title='bbox 165 5100 335 5161; x_wconf 89' lang='lat' dir='ltr'><strong>Sarraeeui</strong></span> <span class='ocrx_word' id='word_1_414' title='bbox 351 5118 415 5162; x_wconf 89' lang='lat' dir='ltr'><strong>non</strong></span> <span class='ocrx_word' id='word_1_415' title='bbox 431 5108 658 5181; x_wconf 89' lang='lat' dir='ltr'><strong>regenerentur</strong></span> <span class='ocrx_word' id='word_1_416' title='bbox 671 5120 708 5163; x_wconf 88' lang='lat' dir='ltr'><strong>ex</strong></span> <span class='ocrx_word' id='word_1_417' title='bbox 723 5119 805 5181; x_wconf 89' lang='lat' dir='ltr'><strong>aqua</strong></span> <span class='ocrx_word' id='word_1_418' title='bbox 819 5109 850 5162; x_wconf 87' lang='lat' dir='ltr'><strong>ct</strong></span> <span class='ocrx_word' id='word_1_419' title='bbox 869 5101 989 5183; x_wconf 89' lang='lat' dir='ltr'><strong>Spiritu</strong></span> <span class='ocrx_word' id='word_1_420' title='bbox 1011 5102 1136 5183; x_wconf 90' lang='lat' dir='ltr'><strong>Sancto,</strong></span> <span class='ocrx_word' id='word_1_421' title='bbox 1155 5102 1184 5165; x_wconf 94' lang='lat' dir='ltr'><strong>id</strong></span> <span class='ocrx_word' id='word_1_422' title='bbox 1208 5114 1266 5182; x_wconf 88' lang='lat' dir='ltr'><strong>est,</strong></span> <span class='ocrx_word' id='word_1_423' title='bbox 1283 5124 1347 5169; x_wconf 91' lang='lat' dir='ltr'><strong>nou</strong></span> <span class='ocrx_word' id='word_1_424' title='bbox 1369 5105 1579 5189; x_wconf 87' lang='lat' dir='ltr'><strong>baptizentur,</strong></span> <span class='ocrx_word' id='word_1_425' title='bbox 1596 5120 1717 5174; x_wconf 89' lang='lat' dir='ltr'><strong>certum</strong></span> 
     </span>
     <span class='ocr_line' id='line_1_39' title="bbox 165 5204 1717 5292; baseline 0.009 -25"><span class='ocrx_word' id='word_1_426' title='bbox 165 5215 216 5268; x_wconf 89' lang='lat' dir='ltr'><strong>est</strong></span> <span class='ocrx_word' id='word_1_427' title='bbox 230 5206 318 5285; x_wconf 91' lang='lat' dir='ltr'><strong>quod</strong></span> <span class='ocrx_word' id='word_1_428' title='bbox 332 5205 533 5268; x_wconf 79' lang='lat' dir='ltr'><strong>damnentur,</strong></span> <span class='ocrx_word' id='word_1_429' title='bbox 550 5204 587 5267; x_wconf 90' lang='lat' dir='ltr'><strong>Et</strong></span> <span class='ocrx_word' id='word_1_430' title='bbox 600 5207 668 5270; x_wconf 79' lang='lat' dir='ltr'><strong>heac</strong></span> <span class='ocrx_word' id='word_1_431' title='bbox 683 5206 812 5288; x_wconf 87' lang='lat' dir='ltr'><strong>quidem</strong></span> <span class='ocrx_word' id='word_1_432' title='bbox 827 5226 912 5269; x_wconf 93' lang='lat' dir='ltr'><strong>nunc</strong></span> <span class='ocrx_word' id='word_1_433' title='bbox 933 5208 1074 5289; x_wconf 89' lang='lat' dir='ltr'><strong>tetigisse</strong></span> <span class='ocrx_word' id='word_1_434' title='bbox 1094 5208 1247 5291; x_wconf 89' lang='lat' dir='ltr'><strong>sufficiat,</strong></span> <span class='ocrx_word' id='word_1_435' title='bbox 1264 5212 1414 5292; x_wconf 91' lang='lat' dir='ltr'><strong>quoniam</strong></span> <span class='ocrx_word' id='word_1_436' title='bbox 1436 5213 1521 5277; x_wconf 92' lang='lat' dir='ltr'><strong>iufra</strong></span> <span class='ocrx_word' id='word_1_437' title='bbox 1542 5215 1717 5282; x_wconf 90' lang='lat' dir='ltr'><strong>clarissime</strong></span> 
     </span>
     <span class='ocr_line' id='line_1_40' title="bbox 166 5312 401 5396; baseline 0 -21"><span class='ocrx_word' id='word_1_438' title='bbox 166 5312 401 5396; x_wconf 87' lang='lat' dir='ltr'><strong>probabuntur.</strong></span> 
     </span>
    </p>
   </div>
   <div class='ocr_carea' id='block_1_3' title="bbox 173 1142 1716 1412">
    <p class='ocr_par' dir='ltr' id='par_1_5' title="bbox 173 1142 1716 1412">
     <span class='ocr_line' id='line_1_41' title="bbox 173 1142 1716 1412; baseline 0.003 -208"><span class='ocrx_word' id='word_1_439' title='bbox 173 1143 353 1412; x_wconf 82' lang='lat' dir='ltr'><strong>REGl</strong></span> <span class='ocrx_word' id='word_1_440' title='bbox 369 1162 483 1224; x_wconf 89' lang='lat' dir='ltr'><strong>magno</strong></span> <span class='ocrx_word' id='word_1_441' title='bbox 497 1162 533 1205; x_wconf 90' lang='lat' dir='ltr'><strong>ac</strong></span> <span class='ocrx_word' id='word_1_442' title='bbox 549 1142 735 1225; x_wconf 77' lang='lat' dir='ltr'><strong>praepotenti</strong></span> <span class='ocrx_word' id='word_1_443' title='bbox 751 1143 934 1225; x_wconf 89' lang='lat' dir='ltr'><strong>lmperatori</strong></span> <span class='ocrx_word' id='word_1_444' title='bbox 949 1145 1206 1224; x_wconf 83' lang='lat' dir='ltr'><strong>Sarraceuorum,</strong></span> <span class='ocrx_word' id='word_1_445' title='bbox 1223 1143 1435 1226; x_wconf 91' lang='lat' dir='ltr'><strong>omnibusque</strong></span> <span class='ocrx_word' id='word_1_446' title='bbox 1456 1143 1534 1226; x_wconf 89' lang='lat' dir='ltr'><strong>legis</strong></span> <span class='ocrx_word' id='word_1_447' title='bbox 1549 1144 1716 1209; x_wconf 89' lang='lat' dir='ltr'><strong>Mahometi</strong></span> 
     </span>
    </p>
   </div>
   <div class='ocr_carea' id='block_1_4' title="bbox 0 0 2160 6246">
    <p class='ocr_par' dir='ltr' id='par_1_6' title="bbox 0 0 2160 6246">
     <span class='ocr_line' id='line_1_42' title="bbox 0 0 2160 6246; baseline 0 0"><span class='ocrx_word' id='word_1_448' title='bbox 0 0 2160 6246; x_wconf 95' lang='lat' dir='ltr'><strong> </strong></span> 
     </span>
    </p>
   </div>
  </div>
 </body>
</html>
