4309 6250
458 464 518 533 fil
682 486 722 535 nr
743 488 908 536 nrcnrrsra
930 490 967 535 ar
987 487 1136 537 sanemus
1157 491 1187 535 n.
1210 491 1239 535 v.
1262 488 1380 549 usare,
1402 492 1491 539 arnan
1512 491 1552 539 rr.
1576 511 1617 523 -
1637 493 1707 539 lar.
1730 492 1807 539 xvm

1224 661 1312 726 Aest
1332 665 1404 746 plus
1429 683 1524 747 quam
1547 674 1676 747 martyr,
1694 672 1800 729 mente
1823 672 1855 727 et
1877 682 1992 747 corpore
2106 747 2107 750 Ἴ

630 734 875 804 ARTICULUS
905 738 1030 803 XVIII·
1263 763 1542 827 vehementissime
1558 782 1687 846 pmrsus
1701 763 1826 825 afflicta
1839 770 1871 825 et
1884 762 1990 839 dolens,
2106 831 2107 834 Ἴ

1262 859 1295 921 in
1311 868 1434 924 tautum
1471 863 1534 925 uod
1548 861 1610 924 nisi
1625 861 1782 924 divinitus
1802 861 1913 923 fuisset
1931 879 1992 923 con-

456 921 512 980 An
530 922 806 995 pmmmssffl'ma
831 925 924 1000 mm
942 924 1055 985 Marta
1080 924 1209 1027 tripli&
1262 968 1396 1039 servata,
1413 881 1560 1041 spiritum
1576 960 1765 1039 exhalasset,
1781 967 1876 1042 prout
1888 960 1926 1022 de
1944 959 1992 1021 isto

496 1012 630 1113 aureola
645 1030 683 1070 uc
702 1013 832 1087 triplici
847 1014 964 1089 fructu
983 1014 1156 1072 decoretur
1170 1033 1206 1072 to
1261 1076 1367 1139 supra,
1384 1059 1478 1121 tertio
1493 1058 1586 1138 libro,
1604 1058 1704 1122 mulla
1723 1066 1797 1121 sunt
1817 1058 1990 1121 iamim
2003 1088 2098 1126 mm

493 1102 614 1175 ΨΜ
1260 1156 1415 1237 Amplius,
1442 1156 1474 1218 in
1499 1156 1568 1239 ipsa
1594 1155 1657 1219 fuit
1684 1155 1812 1219 castitas
1837 1155 1947 1237 triplex
1965 1146 2091 1253 taff-¹⁸²⁸*

1261 1273 1397 1333 summo,
1424 1261 1536 1336 utputa
1563 1254 1741 1337 virginalis,
1766 1253 1938 1336 conjugalis
1962 1272 1991 1316 ac

309 1356 440 1413 senati·
531 1352 660 1411 AECest
681 1371 754 1430 quoe
776 1354 913 1413 nescivit
935 1363 1044 1414 torum
1066 1356 1103 1414 in
1124 1357 1205 1414 deti·
1261 1352 1409 1416 vidualis.
1426 1351 1504 1416 Nam
1520 1361 1552 1416 et
1565 1361 1638 1416 aute
1660 1352 1857 1416 connubium
1878 1352 1992 1433 virgini·

460 1480 464 1484 -
544 1458 605 1519 cto,
621 1450 749 1509 habebit
773 1451 923 1526 fructum
949 1452 984 1511 in
1010 1454 1206 1528 respectione
1260 1458 1356 1513 tatem
1371 1452 1527 1534 promisit,
1543 1451 1576 1514 in
1591 1450 1743 1533 conjugio
1759 1452 1848 1533 virgo
1862 1470 1992 1533 perman-

455 1547 644 1606 unimorum
660 1557 861 1611 sanctarum.
880 1549 954 1611 'ires
969 1557 1132 1632 ponuntur
1149 1550 1207 1613 Be·
1260 1550 1312 1628 sit,
1329 1559 1401 1632 post
1414 1551 1536 1615 obitum
1559 1551 1667 1633 sponsi
1683 1551 1715 1612 in
1731 1558 1841 1613 sancta
1861 1569 1993 1632 perseve-

454 1652 577 1705 atorum
593 1645 740 1725 aureolae,
757 1665 827 1726 quae
842 1648 989 1728 operibus
1011 1648 1119 1711 arduis
1142 1650 1206 1732 pri·
1261 1649 1341 1711 ravit
1364 1649 1518 1713 viduitate
1534 1674 1542 1713 ε
1558 1650 1631 1713 ideo
1654 1650 1778 1713 fructus
1802 1648 1990 1730 centesimus,
2004 1676 2097 1718 nunu,

456 1742 675 1825 vilegiatisque
697 1754 882 1827 competunt
903 1766 939 1809 ac
962 1748 1132 1829 donantur,
1148 1768 1206 1831 per
1260 1749 1396 1811 castitati
1422 1749 1570 1831 virginali
1596 1749 1860 1831 correspondens,
1883 1742 2031 1810 fmetas²³·

455 1860 525 1923 quas
541 1842 687 1924 specialis
703 1843 835 1907 victoria
850 1843 1020 1924 obtinetur,
1037 1854 1069 1908 et
1083 1847 1118 1909 in
1135 1846 1205 1928 qui·
1220 1855 1244 1918 Β
1259 1867 1385 1929 quoque
1407 1848 1634 1930 sexagesimus,
1649 1847 1705 1930 qui
1724 1847 1861 1910 castitati
1885 1846 1992 1909 viduali
2106 1889 2107 1930 ,

455 1940 514 2003 bus
530 1941 678 2023 specialis
693 1941 867 2005 difficultas
882 1964 917 2006 ac
934 1964 1027 2026 poena
1039 1945 1119 2008 solet
1134 1965 1207 2017 con·
1259 1948 1401 2027 debetur,
1419 1947 1541 2010 fructus
1556 1948 1632 2010 item
1651 1946 1844 2025 tricesimus,
1860 1946 1995 2009 castimo-
2106 1939 2107 1976 ³

456 2038 568 2101 sistere
585 2063 592 2100 :
610 2040 690 2103 utin
706 2042 869 2124 martyrio,
886 2042 1081 2124 virginitate,
1098 2064 1135 2107 ac
1151 2046 1206 2107 do·
1259 2046 1320 2109 niae
1335 2047 1496 2129 conjugali
1512 2046 1778 2129 proportionatus,
1794 2046 1827 2107 in
1845 2045 1995 2127 gloriosis
2106 2083 2107 2106 i

456 2138 550 2199 cendi
571 2138 721 2203 exercitio
740 2139 880 2204 efficaci.
898 2142 998 2216 Quum
1023 2162 1099 2225 ergo
1120 2144 1206 2207 dicat
1260 2146 1340 2209 sima
1354 2155 1448 2227 atque
1467 2146 1639 2229 purissima
1653 2145 1782 2227 Virgine
1801 2144 1995 2207 inveniuntur
2106 2159 2107 2176 ¹

339 2257 401 2309 mn,
421 2258 441 2299 a.
457 2237 637 2320 Apostolus,
662 2239 783 2301 Mulieri
807 2241 922 2303 docere
950 2261 1014 2304 non
1044 2244 1202 2325 permitto,
1260 2244 1457 2326 plenissime,
1472 2264 1543 2326 que
1563 2246 1651 2307 omui
1676 2244 1854 2321 nobilitate,
1869 2242 1995 2325 plenitu-

456 2336 581 2399 videtur
594 2337 776 2400 beatissima
792 2339 887 2422 Virgo
909 2340 1074 2404 doctorum
1096 2362 1206 2406 aureo·
1259 2345 1333 2407 dine
1349 2352 1379 2406 et
1393 2343 1581 2407 excellentia
1594 2345 1702 2426 gratia
1716 2362 1754 2406 ae
1768 2343 1876 2425 gloria
1889 2344 1995 2405 iucem

457 2433 520 2497 lam
548 2454 614 2512 non
643 2436 771 2500 habere.
798 2438 930 2517 RursuS,
955 2458 1053 2521 quum
1082 2441 1204 2504 nullam
1259 2443 1445 2525 parabiliter
1465 2451 1513 2505 est
1534 2442 1738 2525 praefulgens.

456 2552 595 2615 unquam
610 2536 756 2599 habuerit
771 2536 1009 2603 inclinationem
1029 2539 1151 2604 fomitis
1165 2542 1205 2603 ad

456 2652 616 2712 venerem,
633 2654 692 2697 nec
719 2635 943 2700 difficultatem
968 2638 1002 2700 in
1029 2640 1205 2705 resistendo
1298 2642 1388 2705 Nunc
1414 2661 1500 2723 ergo,
1517 2661 1536 2705 o
1555 2636 1862 2719 misericordissima,
1877 2638 1996 2722 praecle

455 2732 736 2814 concupiscentiis
766 2735 892 2797 videtur
920 2756 979 2799 uec
1013 2739 1205 2821 virginitatis
1259 2741 1400 2804 ctissime
1427 2749 1460 2803 et
1487 2740 1756 2803 affectuosissima
1784 2739 1875 2821 virgo
1897 2737 1994 2817 llaria,

455 2830 617 2912 possidere
641 2833 814 2896 aureolam.
831 2835 987 2917 AmpliuS,
1009 2838 1068 2901 soli
1094 2839 1205 2901 volun·
1257 2841 1354 2903 Mater
1367 2839 1550 2903 dulcissima
1565 2848 1597 2902 et
1611 2837 1994 2921 praeclarissimallomina,

455 2930 511 2991 tati
526 2930 667 3012 patiendi
682 2939 735 2994 aut
750 2932 893 2997 interiori
909 2936 1122 3017 compassioni
1138 2956 1203 3001 non
1258 2939 1514 3022 spiritualissime
1534 2958 1571 3001 ac
1593 2938 1792 3001 divinissima
1807 2945 1946 3001 creatura
1966 2935 1995 2997 in

454 3027 588 3091 debetur
602 3030 730 3093 aureola
745 3039 931 3114 martyrum,
948 3034 1003 3096 sed
1022 3034 1099 3097 reali
1122 3056 1204 3097 mar·
1220 3033 1410 3102 (laternum
1433 3038 1633 3121 dignissima,
1649 3038 1711 3101 hoc
1736 3037 1903 3120 imperitiae
1923 3054 1996 3099 mea

454 3127 546 3208 tyrio.
573 3128 674 3202 Ouum
699 3130 805 3212 itaque
829 3131 922 3214 Virgo
951 3134 1140 3216 dignissima
1169 3137 1202 3197 in
1257 3139 1458 3220 opusculum,
1488 3139 1548 3202 hoc
1579 3138 1746 3221 parvitatis
1778 3157 1857 3201 meai
1889 3154 1997 3218 praeco

454 3245 533 3307 pace
558 3226 655 3290 vitam
680 3229 813 3308 finierit,
839 3250 902 3295 non
927 3233 1052 3295 videtur
1074 3236 1203 3298 aureola
1257 3239 1345 3299 nium
1360 3238 1517 3319 patienter
1535 3236 1676 3314 admitte,
1694 3236 1920 3318 benignissime
1933 3255 1997 3297 sus

455 3333 629 3406 martyrum
651 3327 805 3392 decorari.
1257 3336 1339 3419 cipe,
1368 3335 1617 3399 clementissima
1645 3335 1831 3418 dignatione
1859 3343 1993 3416 accepta.

493 3423 531 3485 Et
546 3425 813 3506 respondendum,
830 3428 914 3508 quod
930 3429 1025 3492 llaria
1043 3431 1204 3494 sanctissi-
1256 3435 1320 3498 Nec
1334 3435 1419 3517 juste
1433 3434 1602 3518 despicias,
1618 3435 1704 3515 quod
1725 3453 1784 3516 ego
1806 3434 1994 3511 immundus,

452 3542 515 3604 ma,
532 3543 602 3605 quae
617 3543 635 3586 a
649 3524 738 3587 nullo
755 3525 925 3590 illustrium
941 3539 1119 3611 superatur,
1136 3551 1204 3595 om·
1257 3534 1331 3597 vilis
1346 3553 1381 3596 ac
1396 3533 1651 3614 indignissimus,
1668 3532 1843 3620 telandare
1857 3551 1996 3614 preasum-

453 3623 548 3704 nique
563 3623 664 3704 gratia
678 3643 714 3687 ac
729 3624 832 3706 gloria
847 3634 879 3689 et
892 3630 1006 3692 decore
1021 3631 1200 3713 praefulget,
1256 3633 1318 3715 psi,
1334 3642 1366 3694 et
1380 3641 1433 3694 tua
1451 3632 1632 3696 describere
1651 3631 1812 3714 praeconia
1830 3649 1995 3713 usurpare;

451 3723 609 3804 praetactis
624 3722 727 3786 tribus
742 3725 879 3788 aureolis
895 3728 1137 3809 preclarissime
1152 3731 1204 3793 de·
1257 3731 1311 3794 sed
1327 3730 1452 3794 solitam
1467 3739 1553 3793 tuam
1567 3729 1797 3811 benignitatem
1817 3730 1948 3793 ostende
1967 3728 1996 3789 in

452 3829 579 3884 coratur
596 3845 602 3883 :
620 3822 703 3885 sicut
717 3830 748 3886 et
762 3823 831 3905 ipsa
845 3833 894 3888 est
908 3827 1003 3909 Virgo
1025 3829 1200 3911 virginum,
1256 3849 1319 3910 me,
1348 3836 1381 3892 et
1408 3829 1492 3911 apud
1520 3828 1664 3892 omnium
1697 3828 1840 3891 iudicem
1869 3827 1994 3910 justum,

451 3919 1202 4008 Apostolorumquedoctrix,etEvangelistarum
1255 3926 1995 4009 tuumfiliumadorandum,praesumptionem‚
2106 3930 2107 3993 ἶ

393 4052 435 4084 .v.
451 4017 611 4081 directrix.
635 4020 737 4101 Atque
762 4029 796 4083 ut
821 4041 926 4103 supra,
943 4022 1023 4087 libro
1048 4028 1199 4107 secundo,
1255 4026 1765 4109 insufficientiam,indignitatem
1784 4044 1889 4088 meam
1911 4044 1998 4088 excu·

451 4124 499 4178 est
520 4116 727 4198 declaratum,
744 4119 813 4200 ipsa
835 4121 1090 4186 benedictissima
1104 4125 1201 4208 Virgo
1255 4147 1301 4206 sa,
1319 4145 1432 4207 meque
1447 4126 1587 4188 subalas
1607 4124 1834 4188 misericordiae
1855 4134 1917 4188 tua
1937 4143 1997 4186 ma·
2106 4210 2107 4213 Ἴ

451 4234 508 4296 por
536 4214 633 4278 verba
659 4225 691 4279 et
720 4219 873 4298 quasdam
907 4220 1057 4302 epistolas
1092 4223 1201 4287 docuit
1215 4231 1239 4291 D
1254 4234 1352 4290 ternae
1379 4224 1596 4308 indesinenter
1623 4223 1758 4302 custodi,
1790 4241 1944 4287 conserva
1968 4230 1997 4285 ct

451 4313 567 4377 multas
586 4314 750 4397 utriusque
776 4337 868 4380 sexus
892 4338 1055 4400 personas,
1072 4331 1136 4385 tam
1162 4343 1199 4387 ex
1255 4324 1353 4388 salva.
1361 4325 1407 4386 Ad
1422 4323 1549 4387 laudem
1564 4331 1596 4385 et
1609 4321 1744 4405 gloriam
1759 4321 1995 4406 Omnipotentis,
2106 4336 2107 4339 ’

450 4412 611 4477 ludaismo
632 4433 728 4496 quam
753 4435 791 4479 ex
815 4419 1000 4500 paganismo
1016 4440 1196 4488 conversas.
1253 4424 1307 4506 qui
1323 4431 1481 4506 estsuper
1495 4421 1603 4486 omnia
1624 4423 1706 4484 Deus
1728 4421 1875 4484 sublimis
1898 4429 1929 4484 et
1948 4421 1998 4484 be
2106 4438 2107 4441 ’

450 4513 604 4596 Tempore
633 4535 759 4597 quoque
787 4519 945 4600 passionis
969 4520 1084 4584 Christi
1114 4521 1199 4588 facta
1254 4525 1410 4589 nedictus.
1428 4525 1539 4588 Amen.

458 4937 462 4941 .
546 4891 641 4946 etrus
667 4891 834 4956 QUATUOR
861 4897 1047 4952 bissonum
1075 4899 1121 4950 DE
1147 4898 1340 4951 DIGNlTA'l'E
1364 4899 1408 4950 ΕΤ
1436 4898 1616 4953 Leonteus
1642 4900 1675 4952 B.
1699 4902 1735 4953 V.
1758 4901 1899 4954 MARIAE.
