4309 6250
379 504 419 552 ns
439 504 604 553 orcarrars
624 504 662 551 ar
682 502 831 551 muorsus
852 505 880 551 a.
903 504 932 551 v.
956 504 1072 562 naara,
1096 505 1185 552 tusa
1204 505 1249 552 m.
1271 524 1312 535 -
1331 504 1401 551 aar.
1424 504 1501 553 xvm
1657 488 1714 551 tat

169 672 341 753 humilima,
374 682 436 738 tam
470 674 619 757 fecunda,
650 684 714 739 tam
750 675 847 757 digna
882 677 1033 739 ethnon
1052 676 1174 755 vident,
1191 695 1261 739 sum
1281 678 1467 758 reputatusl
1483 676 1587 739 Fama
1608 676 1714 754 credo,

167 772 228 833 beo
263 772 344 835 Patri
379 773 422 835 ita
456 774 634 854 gratissima
668 775 753 854 quod
789 773 913 855 perdito
967 774 1117 856 quoniam
1146 774 1377 838 conscientiam
1412 794 1476 839 non
1505 775 1655 853 attend03
1686 781 1718 836 et

167 870 284 932 mundo
312 870 437 953 peperit
464 870 671 950 Salvatorem,
701 872 786 951 quod
815 890 912 933 excae-
966 880 1054 935 tanto
1069 891 1121 937 mc
1134 872 1256 935 aestimo
1271 873 1543 954 sanctioremque
1554 891 1605 934 me
1620 890 1716 935 cerno

167 967 244 1029 catis
265 976 297 1029 et
317 967 474 1049 imperitis
495 968 608 1049 genuit
629 968 737 1031 lumen
759 978 910 1031 aeternum
967 969 1173 1052 superiorem.
1190 971 1230 1032 at
1243 971 1297 1033 illa
1311 990 1380 1053 que
1395 972 1491 1033 llater
1505 970 1560 1033 uei
1579 970 1718 1052 eligeba-

167 1072 197 1127 et
224 1064 418 1146 Sapientiam
447 1065 632 1143 increatam,
662 1067 745 1148 quod
774 1066 913 1129 homini·
967 1074 1030 1145 tur,
1055 1067 1270 1129 humilitatem
1299 1086 1364 1130 non
1392 1066 1653 1130 obliviscebatur.
1678 1065 1717 1129 Et

168 1162 224 1225 bus
252 1162 417 1243 generavit
444 1163 543 1225 Deum
577 1183 615 1226 ac
644 1162 813 1225 Dominum
841 1163 913 1226 uni·
968 1184 1076 1227 rursus
1098 1189 1106 1227 ε
1127 1164 1150 1228 0
1175 1165 1270 1227 llaria
1294 1165 1494 1246 dignissima,
1511 1173 1545 1227 tu
1569 1165 1716 1247 spiritum

166 1278 341 1339 versorum,
359 1260 442 1322 viam
461 1260 655 1339 errantibus,
672 1260 837 1323 veritatem
858 1262 913 1324 de-
967 1262 1113 1325 elationis
1131 1282 1169 1325 ea
1188 1262 1377 1325 humilitatis
1398 1262 1575 1326 contrivisti
1600 1262 1716 1327 virtute

168 1358 279 1439 ceptis,
295 1358 394 1421 vitam
410 1358 609 1437 mortalibus,
626 1358 690 1421 imo
710 1367 741 1421 et
757 1359 910 1437 mortuis;
966 1377 1062 1440 quam
1081 1359 1125 1422 ita
1145 1360 1178 1422 in
1197 1368 1228 1422 te
1248 1360 1387 1442 respexit
1410 1360 1573 1437 Dominus,
1590 1368 1626 1423 ut
1646 1360 1717 1442 ejus

166 1474 234 1537 qua
256 1474 313 1517 sua
336 1454 529 1519 fecunditate
552 1456 730 1537 angelicam
757 1456 913 1538 reparavit
967 1458 1081 1521 merito
1095 1478 1192 1540 super
1211 1477 1323 1521 omnes
1343 1458 1456 1521 choros
1478 1459 1663 1540 angelorum
1685 1466 1716 1522 te

167 1552 302 1630 minam,
332 1552 476 1615 detentos
504 1552 537 1616 in
570 1554 669 1617 limbo
698 1554 845 1636 perduxit
872 1554 911 1617 ad
966 1554 1096 1637 dignam
1111 1556 1241 1619 duceret
1256 1554 1616 1639 sublimare.Nuuquam
1631 1556 1716 1619 enim

165 1649 316 1733 gloriam!
967 1671 1064 1734 super
1076 1672 1189 1717 omnes
1203 1654 1331 1717 ordines
1346 1655 1532 1735 angelorum
1548 1654 1717 1717 sublimata

204 1747 227 1809 0
246 1746 476 1811 amabilissima
495 1768 531 1811 ac
553 1748 833 1812 delectabilissima
849 1748 913 1811 vir·
967 1751 1177 1829 ascendisses,
1195 1752 1254 1814 nisi
1272 1751 1360 1834 prius
1381 1750 1465 1814 infra
1483 1770 1596 1815 omnes
1616 1751 1718 1815 bomi-

165 1867 204 1929 go
238 1846 333 1908 Maria
367 1847 589 1927 mundissima,
625 1866 721 1929 quam
757 1848 846 1912 fortis
881 1846 949 1911 etB
967 1868 1024 1911 nes
1040 1849 1205 1912 humiliata
1219 1848 1604 1931 descendissesovirgo
1619 1849 1717 1911 subli-

166 1944 402 2027 insuperabilis,
431 1964 527 2026 quam
560 1946 703 2027 perlecta
730 1955 825 2028 atque
855 1947 913 2009 im·
968 1948 1040 2027 mis,
1071 1948 1111 2009 ad
1145 1956 1296 2028 quantam
1331 1946 1530 2010 altitudinem
1565 1948 1716 2011 verticem

166 2042 292 2105 mobilis
326 2040 388 2103 fuit
423 2050 477 2105 tua
512 2043 686 2120 humilitas,
718 2062 789 2124 que
824 2044 912 2108 nullo
968 2054 1056 2108 tuum
1081 2046 1247 2108 extendis!
1265 2046 1354 2108 Certe
1378 2046 1541 2126 usquead
1567 2045 1716 2109 thronum

165 2138 335 2221 praeconio,
369 2140 458 2203 nulla
493 2142 704 2223 promotione,
739 2141 827 2204 nulla
863 2142 911 2205 sui
967 2144 1154 2225 majestatis,
1183 2144 1334 2227 quoniam
1368 2143 1400 2205 in
1431 2143 1716 2225 profundissimum

164 2238 432 2301 honorificatione
465 2248 588 2321 poterat
619 2239 719 2317 flecti,
749 2248 805 2302 aut
836 2258 912 2320 qua·
967 2243 1079 2304 misisti
1102 2242 1225 2304 radices
1247 2241 1449 2304 humilitatis.

166 2335 328 2417 licumque
350 2338 487 2401 vanitate
510 2358 565 2401 seu
589 2339 727 2401 elatione
748 2349 803 2401 aut
827 2358 912 2402 com·
1007 2340 1177 2416 Postremo,
1194 2338 1276 2401 sicut
1291 2340 1325 2402 in
1345 2339 1551 2420 triumphanti
1575 2339 1718 2401 Ecclesia

165 2434 326 2517 placentia
358 2453 440 2498 vana
474 2436 613 2517 pulsarit
645 2437 740 2499 Vides
773 2438 913 2500 Archan-
966 2438 1187 2518 unusquisque
1220 2437 1439 2517 angelicorum
1468 2438 1638 2519 spirituum
1669 2445 1718 2499 est

165 2533 271 2614 gelum
301 2533 358 2595 tibi
392 2542 608 2616 apparentem,
638 2536 729 2597 audis
763 2534 852 2597 illum
882 2544 912 2597 te
967 2544 1053 2600 tanto
1067 2536 1222 2599 humilior
1234 2545 1353 2618 quanto
1368 2535 1616 2614 sublimior,n0n
1631 2536 1717 2617 quod

165 2631 433 2694 excellentissime
452 2632 653 2711 salutantem,
671 2643 701 2695 te
721 2634 846 2696 cunctis
865 2633 912 2697 fe
966 2633 1112 2715 superior
1125 2631 1276 2696 inferiore
1291 2652 1325 2695 se
1341 2641 1466 2715 reputet
1485 2632 1644 2711 viliorem,
1661 2633 1717 2696 sed

164 2728 259 2791 minis
286 2728 519 2810 preferentem,
541 2730 597 2791 tibi
623 2730 913 2814 incomparabiliter
966 2733 1051 2813 qued
1076 2739 1163 2796 tanto
1181 2732 1337 2794 humilius
1359 2750 1396 2793 ac
1416 2730 1658 2794 reverentialius
1683 2749 1717 2793 se

164 2828 296 2909 grandia
317 2828 567 2909 promittentem,
585 2838 615 2891 te
634 2828 836 2909 Unigenitum
856 2829 911 2893 Dei
967 2831 1030 2893 Deo
1046 2830 1207 2910 subjiciat,
1223 2838 1342 2910 quanto
1357 2838 1389 2892 et
1408 2829 1494 2891 illius
1517 2829 1716 2910 majestatem

164 2933 392 3007 concepturam
414 2926 667 2989 annuntiantem.
684 2926 783 2989 Audis
804 2928 913 2989 dicen·
967 2937 998 2990 et
1013 2948 1102 2990 suam
1118 2928 1281 3010 propriam
1298 2928 1511 2990 conditionem
1531 2928 1647 2990 clarius
1670 2926 1718 2988 in·

164 3030 226 3084 tem
252 3031 285 3084 et
312 3021 372 3085 tibi
400 3024 609 3104 spondentem
637 3025 723 3104 quod
748 3043 911 3105 nunquam
927 3022 950 3089 G
968 3035 1073 3089 tuetur
1087 3049 1095 3104 ;
1111 3045 1149 3088 eo
1168 3027 1263 3089 modo
1288 3025 1470 3088 beatissima
1493 3026 1584 3106 virgo
1608 3026 1715 3103 blaria,

163 3129 309 3184 creatura
341 3121 507 3185 rationalis
541 3141 643 3204 neque
671 3122 817 3205 angelica
850 3122 910 3186 sibi
943 3135 997 3190 ¹et
1012 3124 1107 3189 etiam
1122 3124 1236 3187 Christi
1252 3124 1369 3201 anima,
1382 3124 1532 3187 dicuntur
1545 3124 1645 3188 fuisse
1659 3124 1718 3188 hu·

47 3219 225 3296 imagdici
250 3227 283 3281 et
307 3219 457 3302 sponderi
481 3219 616 3299 audivit,
642 3228 753 3302 utputa
780 3243 787 3282 :
814 3221 912 3302 Spiri-
966 3222 1120 3301 millimae,
1145 3230 1177 3285 et
1201 3223 1261 3286 sub
1283 3222 1370 3286 omni
1396 3242 1429 3284 se
1459 3222 1590 3286 homine
1613 3221 1718 3285 humi-

163 3325 211 3378 tus
236 3317 373 3380 Sanctus
398 3319 602 3399 superveniet
626 3318 659 3380 in
689 3326 730 3396 te,
755 3327 786 3381 et
811 3319 911 3382 virtus
966 3321 1071 3400 liasse,
1094 3339 1276 3404 quanquam
1300 3321 1490 3402 agnoverint
1512 3339 1547 3384 se
1571 3321 1716 3384 omnium

162 3415 314 3477 ditissimi
329 3415 530 3480 obumbrabit
544 3415 598 3478 tibi
610 3439 618 3494 ;
632 3415 766 3496 ideoque
781 3425 812 3479 et
826 3417 910 3498 quod
966 3427 1183 3482 creaturarum
1207 3417 1420 3481 electissimas
1443 3427 1539 3500 atque
1567 3418 1717 3500 dignissi-

162 3522 311 3576 nascetur
333 3531 371 3576 ex
395 3521 427 3575 te
451 3522 608 3594 sanctum,
624 3515 791 3578 vocabitur
814 3515 910 3578 Filius
966 3536 1035 3580 mas
1056 3537 1139 3580 esse.

161 3611 225 3674 Dei.
256 3611 324 3685 Quo
352 3611 509 3693 promisso
541 3613 679 3675 advertis
708 3621 738 3676 te
767 3613 910 3676 omnium

162 3717 378 3772 creaturarum
407 3709 547 3790 reginam
576 3729 613 3772 ac
645 3711 808 3774 dominam
837 3730 910 3775 mox

162 3806 313 3870 futuram.
351 3805 414 3870 Nec
451 3814 554 3870 umen
598 3809 694 3871 tantis
729 3809 908 3891 praeconiis,
1144 3789 1389 3854 ARTIGULUS
1413 3788 1540 3852 XVIII·

163 3906 257 3968 tantis
274 3905 504 3987 prerogativis,
520 3906 617 3968 tantis
631 3906 804 3970 honeribus
820 3926 910 3971 mens
964 3941 1012 4000 De
1029 3939 1226 4006 obediam-a,
1245 3937 1435 4014 pigmenti,
1454 3955 1492 3994 a,
1510 3937 1715 4014 quotidiano,

163 4011 215 4065 ωδ
237 4003 410 4085 omuibus,
428 4022 486 4065 ¹1⁰⁰
512 4003 577 4066 '¹¹¹³
598 4005 738 4086 tangitur
759 4006 907 4086 Vflnimfla
1005 4029 1069 4086 imo
1083 4027 1216 4086 assiduo
1235 4026 1484 4105 incessabilique
1498 4025 1651 4100 prosectu
1665 4044 1715 4084 aa·

58 4124 107 4168 ou.
120 4130 150 4173 aa.
163 4102 216 4164 sed
244 4101 421 4185 respondes
449 4102 626 4166 humillime
650 4127 657 4165 τ
684 4102 766 4166 Ecce
795 4105 911 4167 ancilla
1000 4116 1218 4192 pientissimae
1236 4133 1274 4174 ac
1292 4115 1466 4190 deiformis
1482 4115 1611 4175 Murice.

162 4199 310 4278 homini,
346 4198 404 4262 frat
442 4199 520 4262 mihi
560 4201 736 4264 secundum
775 4203 950 4269 verbumf)

161 4305 260 4361 tuum.
1041 4303 1117 4365 UAE'
1134 4303 1290 4377 praecepit
1319 4302 1382 4361 cidi
1402 4303 1502 4371 Deus,
1522 4301 1584 4360 illa
1607 4302 1866 4378 capitanatum.
1956 4311 1960 4316 “

197 4395 277 4459 llinc
293 4403 366 4477 apte
380 4395 426 4459 ait
445 4395 623 4460 Bernardus
641 4421 648 4459 :
665 4396 733 4462 Non
756 4417 907 4480 magnum
1050 4419 1187 4476 semper.
1202 4397 1420 4461 Obedientiam
1434 4397 1467 4460 in
1481 4405 1606 4460 tantum
1627 4415 1714 4462 com·

160 4504 205 4556 est
223 4494 382 4557 humilem
401 4513 472 4559 esse
497 4495 530 4557 in
555 4495 745 4577 abjectione,
762 4497 816 4558 sed
842 4516 908 4559 ma·
964 4499 1095 4562 mendat
1127 4497 1301 4578 Scriptura,
1330 4504 1366 4560 ut
1399 4497 1481 4558 Deus
1509 4495 1712 4578 omnipotens

158 4611 219 4673 gna
239 4611 373 4674 prorsus
398 4602 430 4656 et
453 4612 523 4656 rara
548 4595 649 4656 virtus
674 4601 722 4658 est
747 4595 907 4658 humilitas
964 4616 1059 4679 supra
1074 4614 1202 4660 omnem
1217 4595 1333 4677 legem,
1344 4602 1488 4658 naturam
1504 4593 1713 4676 ordinemque

158 4692 323 4756 honorata.
341 4691 373 4754 Si
394 4709 445 4755 me
471 4693 621 4756 miserum
645 4693 905 4774 homuncionem,
963 4695 1152 4772 consistens,
1168 4693 1389 4756 obedientibus
1403 4693 1464 4756 sibi
1479 4693 1607 4756 obedire
1626 4693 1713 4756 dica·

159 4788 300 4852 Ecclesia
327 4789 583 4853 simulationibus
606 4792 686 4855 meis
711 4792 844 4875 decepta
866 4795 906 4856 ad
964 4801 1015 4855 tur
1032 4816 1039 4854 :
1056 4793 1133 4874 quia
1150 4809 1215 4873 quo
1233 4791 1306 4874 quis
1327 4791 1443 4854 divino
1459 4791 1631 4854 voluntatis
1653 4791 1713 4854 im·

159 4886 296 4969 aliquem
311 4887 363 4950 vel
379 4888 571 4952 mediocrem
582 4890 726 4972 pmvexit
741 4891 904 4969 honorem,
963 4891 1052 4974 perio
1078 4909 1168 4953 suam
1197 4890 1393 4953 voluntatem
1423 4889 1577 4970 integrius
1605 4909 1712 4973 prom·

159 4986 220 5051 Deo
235 4986 390 5050 nimirum
405 4986 465 5050 heo
480 4988 695 5069 permittente,
713 4990 762 5052 vel
777 4999 908 5072 propter
963 4991 1112 5074 ptiusque
1133 4989 1315 5072 subiacent,
1332 5007 1371 5052 eo
1392 4989 1546 5052 voluntati
1567 4988 1653 5052 illius
1674 5009 1711 5052 ec

159 5105 239 5164 mea,
270 5084 322 5148 vel
351 5093 483 5167 propter
510 5087 708 5151 subditorum
737 5097 868 5171 peecata
897 5113 905 5152 ε
964 5089 1113 5171 precibus
1127 5088 1222 5152 citius
1237 5108 1274 5151 ac
1290 5086 1452 5170 copiosius
1472 5087 1647 5168 acquiescit
1660 5090 1714 5151 hl·

160 5201 263 5246 nonne
288 5183 398 5246 statim
423 5185 541 5246 oblitus
565 5187 635 5268 quis
660 5186 788 5264 fuerim,
811 5188 906 5251 talem
964 5188 1117 5267 tissimus,
1134 5186 1178 5249 ita
1203 5195 1238 5248 ut
1257 5205 1315 5269 per
1332 5187 1462 5249 modum
1481 5185 1657 5248 obedientia
1677 5204 1711 5248 se

160 5300 209 5344 me
230 5291 355 5363 reputo,
380 5282 481 5363 qualis
500 5284 540 5347 ab
559 5284 753 5364 hominibus,
779 5286 834 5368 qui
853 5305 908 5350 cor
964 5286 1081 5349 habere
1094 5285 1339 5348 cematur.Hinc
1352 5284 1504 5366 scriptum
1519 5291 1569 5346 est
1581 5283 1615 5344 in
1630 5284 1711 5348 libro
