4309 6250
442 479 504 545 316
763 499 881 546 coarat
902 497 1070 544 assumta
1091 495 1262 552 annonari,
1285 494 1373 540 utana
1395 493 1426 540 u.
1449 510 1490 523 -
1510 494 1580 542 aur.
1601 492 1680 538 xxm

445 668 515 732 sitis
538 668 600 732 lilii
625 670 725 734 Patris
750 669 846 734 vestri
870 668 984 752 quiin
1009 667 1100 732 coelis
1129 675 1188 730 est.
1204 666 1229 729 A
1244 674 1380 727 mortem
1404 665 1603 734 emenderis,
1618 683 1673 741 eqo
1697 681 1903 742 nequaquam
1926 680 1986 721 ma·
2108 717 2109 722 ,

312 782 431 835 aarum,
445 765 587 830 Christus
602 787 730 849 quoque
747 768 855 833 docuit
874 785 934 832 nos
948 767 991 829 ita
1005 785 1095 830 orare
1113 789 1119 828 :
1136 764 1191 828 Pa·
1245 784 1325 825 num
1354 783 1457 824 meam
1487 764 1524 823 in
1553 772 1583 823 te
1606 764 1789 822 catenatam.
1817 759 1851 822 ln
1879 757 1985 822 Genesi
2108 821 2109 828 χ

300 848 321 890 ⁹·
445 873 495 929 ter
518 876 626 930 noster
648 867 702 948 qni
727 887 762 930 es
784 867 817 930 in
841 865 943 944 coelis,
968 874 1031 929 eto.
1058 865 1089 928 Si
1116 883 1191 946 ergo
1246 862 1373 944 legitur,
1389 862 1473 944 quod
1493 860 1570 924 Abel
1593 859 1709 924 obtulit
1730 859 1795 922 Deo
1816 859 1856 922 de
1877 857 1987 940 primo-
1998 863 2109 926 aalma}

446 965 529 1027 Deus
552 973 601 1028 est
624 975 714 1047 pater
736 966 996 1044 Christianorum,
1021 963 1191 1028 Christiani
1245 960 1363 1043 genitis
1377 959 1482 1042 gregis
1504 960 1565 1040 sui,
1582 968 1614 1022 et
1633 951 1672 1021 de
1693 957 1841 1040 adipibus
1860 975 1985 1032 eorum3

447 1072 522 1126 sunt
539 1062 602 1127 iilii
623 1064 705 1146 ejus,
720 1084 818 1147 quum
842 1073 983 1147 pateret
1002 1063 1092 1126 lilius
1114 1063 1193 1126 rela-
1246 1059 1321 1122 Cain
1335 1076 1423 1137 vero,
1439 1059 1478 1121 de
1499 1057 1658 1121 fructibus
1680 1064 1782 1119 terrae.
1798 1055 1837 1117 Et
1858 1054 1987 1136 respexit
2108 1117 2109 1130 ,

446 1161 510 1222 tive
538 1161 685 1224 dicantur
712 1163 751 1224 ad
778 1161 929 1224 invicem.
955 1161 1056 1234 Quum
1086 1160 1192 1242 itaque
1247 1157 1399 1221 Dominus
1420 1158 1459 1219 ad
1480 1155 1558 1218 Abel
1580 1163 1612 1217 ot
1635 1155 1674 1218 ad
1695 1172 1828 1218 munera
1847 1151 1986 1234 ejus;ad
2108 1205 2109 1210 ,

446 1257 481 1320 in
508 1257 664 1322 Alcorano
692 1259 821 1340 dieitur,
845 1259 929 1340 quod
954 1281 972 1318 c
997 1257 1079 1319 nibil
1107 1257 1191 1320 aliud
1247 1256 1320 1320 Cain
1336 1274 1411 1319 vero
1426 1263 1458 1318 et
1477 1255 1517 1317 ad
1533 1273 1665 1317 munera
1679 1253 1750 1335 ejus
1765 1271 1830 1316 non
1845 1250 1985 1333 respexit.
2108 1263 2109 1270 ¹

447 1373 543 1437 quam
571 1357 717 1421 bomines
746 1380 763 1418 u
792 1376 914 1436 sumus,
943 1357 1081 1419 fatemur
1108 1356 1192 1437 quod
1247 1355 1354 1436 Porro,
1370 1354 1425 1417 ubi
1441 1353 1606 1431 babemus,
1624 1353 1774 1435 Respexit
1787 1351 1940 1415 murinus
1952 1350 1987 1412 ad

447 1463 602 1536 quantum
622 1455 662 1518 ad
683 1465 827 1519 naturam
849 1464 881 1520 et
900 1475 970 1519 esse
989 1455 1191 1538 specificum,
1247 1453 1337 1533 Abel,
1358 1461 1433 1530 etc,
1450 1451 1643 1516 Theodotion
1664 1450 1828 1514 transtulit
1844 1473 1852 1510 :
1867 1448 1988 1511 lnilam-

446 1552 491 1615 ita
509 1561 567 1616 est.
589 1554 813 1617 Verumtamen
834 1573 892 1636 per
910 1555 994 1617 dona
1013 1553 1121 1635 gratiae
1140 1553 1194 1615 ad·
1248 1552 1348 1616 mavit
1374 1551 1526 1614 Dominus
1559 1569 1656 1633 super
1686 1549 1764 1613 Abel
1801 1556 1834 1612 et
1865 1567 1988 1611 munera
2108 1591 2109 1620 ,

446 1651 570 1732 optivus
584 1650 639 1714 Dei
655 1652 742 1716 illios
757 1671 816 1716 nos
835 1672 905 1715 esse
920 1651 1085 1714 humiliter
1097 1650 1194 1733 glori·
1247 1651 1328 1733 ejus.
1355 1650 1445 1713 Circa
1472 1649 1557 1731 quod
1582 1648 1783 1713 concorditer
1806 1646 1919 1710 dicunt
1941 1647 1989 1709 do
2108 1649 2109 1662 ³

445 1767 548 1826 amur,
572 1757 604 1812 et
624 1768 721 1831 super
740 1751 801 1813 boc
822 1749 939 1813 divinae
957 1749 1067 1831 pietati
1089 1768 1194 1832 regra-
1248 1758 1363 1827 oteres,
1379 1749 1464 1830 quod
1479 1746 1556 1810 Abel
1572 1747 1740 1826 offerente,
1757 1746 1842 1828 ignis
1862 1745 1902 1810 de
1915 1746 1989 1808 coelo

445 1846 573 1910 tiamur.
599 1848 717 1910 Verum
741 1849 780 1910 ad
806 1848 890 1910 istud
915 1849 998 1910 sicut
1020 1848 1059 1910 ad
1089 1855 1193 1910 cetera
1208 1845 1231 1906 B
1248 1846 1391 1924 veniens,
1407 1845 1604 1910 oblationem
1626 1846 1697 1927 ejus
1718 1845 1872 1922 incendit,
1889 1863 1990 1926 quem·

445 1962 572 2026 quoque
583 1946 856 2029 probanda,quasi
867 1945 1115 2009 innumerabiles
1126 1965 1194 2028 pos
1248 1946 1419 2009 admodum
1434 1946 1575 2009 seeundo
1586 1943 1849 2026 Paralipomenon
1861 1943 1902 2006 dc
1915 1941 1990 2005 obla·
2008 1967 2109 2034 naam,

447 2061 514 2105 sem
530 2043 696 2125 utriusque
711 2044 903 2108 Testamenti
925 2043 1126 2107 auctoritates
1141 2044 1195 2106 ad·
1249 2045 1335 2108 tione
1357 2043 1546 2124 Salomonis,
1563 2051 1595 2106 et
1609 2041 1700 2106 tertio
1720 2041 1842 2123 Regum
1858 2041 1898 2104 de
1912 2038 1990 2103 obla·
2002 2031 2109 2141 wi

446 2140 573 2202 ducere.
591 2140 651 2204 Sed
666 2141 718 2205 cui
733 2142 781 2206 ha
803 2161 912 2225 paucae
927 2160 992 2205 non
1013 2140 1193 2222 sufiiciunt,
1249 2144 1336 2206 tione
1360 2141 1437 2206 Eliae
1461 2140 1678 2223 conscriptum
1708 2148 1767 2203 est.
1793 2137 1864 2203 Non
1893 2139 1990 2220 itaque
2074 2123 2078 2132 ’
2108 2110 2109 2170 l

447 2236 555 2319 plures
569 2257 634 2302 non
648 2240 869 2323 proderunttl
884 2239 1061 2318 Sarraceni,
1079 2239 1194 2322 quibus
1248 2242 1326 2304 Abel
1346 2249 1378 2304 et
1391 2240 1465 2303 (lain
1486 2239 1702 2304 oblationibus
1707 2238 1783 2316 suis
1803 2237 1910 2319 ignem
1925 2256 1992 2318 sup

448 2337 654 2401 vehementer
677 2339 843 2417 condoleo,
868 2358 927 2402 cur
948 2339 1050 2401 oculis
1074 2341 1125 2418 (ut
1148 2338 1194 2400 sic
1249 2346 1443 2422 posuerunt;
1471 2338 1537 2418 sed,
1565 2346 1600 2400 ut
1626 2336 1747 2400 dictum
1775 2344 1835 2414 est,
1862 2334 1992 2400 ollcreu-
2108 2295 2109 2360 l

447 2435 571 2517 loquar)
583 2435 700 2518 apertis
711 2437 843 2520 pergitis
857 2438 896 2499 ad
910 2435 1084 2515 infernum,
1095 2455 1194 2518 quum
1250 2438 1335 2501 tibus
1361 2437 1420 2514 eis,
1447 2454 1544 2518 super
1571 2436 1667 2498 unius
1695 2434 1892 2498 oblationem
1917 2434 1992 2497 Deus

448 2541 555 2597 nmen
579 2535 675 2598 etiam
699 2555 738 2598 ex
760 2535 809 2598 his
828 2555 899 2617 quae
919 2535 952 2596 in
971 2535 1127 2598 Aleorano
1147 2554 1196 2597 as·
1250 2537 1358 2618 ignem
1382 2535 1481 2613 misit,
1498 2552 1562 2598 non
1586 2553 1683 2616 super
1706 2533 1901 2597 oblationem
1924 2531 1993 2594 alte-

448 2633 564 2695 sertive
585 2632 743 2714 dicuntur,
765 2642 914 2716 sequatur
935 2633 1038 2715 legem
1060 2653 1196 2716 evange·
1251 2635 1326 2697 rius.
1342 2633 1459 2696 lterum
1475 2632 1508 2694 in
1523 2630 1636 2696 Genesi
1651 2632 1787 2695 babetur
1804 2655 1811 2692 ε
1828 2630 1912 2694 Dixit
1924 2630 1991 2692 Cain
2004 2647 2093 2690 aaut

448 2729 544 2792 licam
573 2750 643 2794 esse
670 2731 825 2813 divinam,
850 2731 1016 2814 legemque
1039 2731 1197 2795 blabomet
1251 2734 1290 2796 ad
1304 2730 1382 2795 Abel
1399 2755 1407 2793 ι
1423 2731 1630 2813 Egrediamur
1644 2729 1678 2793 in
1695 2749 1818 2812 agrum.
1834 2728 1992 2810 Quumque

450 2828 605 2910 impiaml
1251 2831 1405 2894 essentia
1427 2848 1514 2912 agro,
1531 2829 1649 2894 occidit
1668 2848 1754 2892 eum.
1771 2828 1803 2890 Si
1817 2836 1923 2892 autem
1939 2826 1993 2910 pri·

488 2926 640 2991 Praeterea
657 2927 776 2992 dicitur
794 2928 859 3009 bie,
875 2929 959 3011 quod
974 2932 1102 3008 Moyses
1114 2931 1197 3006 filiis
1252 2948 1304 2992 mo
1319 2937 1452 2992 mortem
1474 2927 1504 2991 ei
1526 2927 1695 2992 manifeste
1713 2928 1857 2990 minatus
1876 2926 1991 3004 luisset,

446 3029 554 3088 lsrael
567 3028 658 3088 dixit
671 3047 705 3088 ae
719 3030 847 3089 nuttios
862 3029 930 3088 nisi
943 3029 1065 3088 animoe
1079 3044 1146 3088 sure
1159 3047 1198 3086 oo
1215 3025 1237 3090 G
1252 3026 1425 3091 verisimile
1440 3035 1489 3090 est
1509 3029 1593 3108 quod
1616 3045 1680 3090 non
1703 3025 1820 3090 exisset
1833 3025 1913 3089 Abel
1927 3043 1992 3088 oum

446 3126 570 3203 fratris
583 3128 638 3187 sui
651 3129 887 3187 moderatorem
905 3128 1198 3206 imperatoremque
1252 3127 1339 3204 Cain,
1357 3145 1455 3208 seque
1478 3123 1616 3189 cavisset
1636 3126 1676 3188 ab
1697 3144 1747 3189 eo.

448 3244 525 3285 ease.
542 3222 621 3297 Quid
637 3232 686 3287 est
699 3225 782 3288 boot
797 3223 908 3288 Nonne
927 3225 1047 3307 ldoyses
1067 3243 1196 3287 uxorem
1292 3226 1412 3289 Dicitur
1427 3244 1553 3308 quoque
1567 3224 1621 3288 bic
1634 3248 1641 3286 :
1654 3227 1813 3287 Homines
1824 3243 1943 3302 procos
1954 3226 1992 3283 ad

450 3323 593 3405 duosque
607 3323 695 3386 lilios
716 3323 828 3386 babuit
847 3332 880 3385 et
900 3326 1064 3386 sororemt
1080 3324 1118 3386 llt
1138 3322 1197 3384 uti·
1252 3327 1339 3385 aiom
1355 3334 1477 3385 rectam
1491 3328 1578 3387 Deus
1593 3325 1730 3384 minime
1743 3326 1877 3401 diripit.
1895 3322 1926 3385 Si
1939 3322 1991 3385 boc

449 3440 511 3502 que
535 3420 638 3503 magis
663 3421 831 3485 tenebatur
854 3441 925 3485 esse
953 3422 1134 3485 moderator
1160 3441 1196 3484 ac
1252 3442 1363 3486 verum
1385 3430 1444 3502 est,
1461 3440 1536 3504 ergo
1557 3422 1597 3485 de
1617 3421 1724 3503 pravis
1745 3414 1930 3484 bominibus
1947 3421 1992 3481 de·

448 3518 621 3602 imperator
642 3518 784 3583 liliorum
806 3520 1006 3602 propriorum
1028 3539 1065 3582 ac
1088 3518 1197 3601 conju·
1253 3522 1444 3602 sperandum
1467 3527 1527 3598 est,
1553 3538 1652 3602 quum
1678 3537 1742 3582 non
1765 3518 1942 3601 dirigantur
1962 3516 1991 3579 in

449 3617 498 3699 gis
519 3638 584 3682 suae
605 3638 701 3700 quam
721 3617 829 3681 fratris
851 3619 910 3681 sui.
926 3620 965 3681 lit
983 3639 1041 3681 our
1058 3638 1122 3683 non
1138 3619 1199 3681 luit
1252 3620 1336 3683 viam
1363 3628 1481 3682 rectam
1506 3619 1620 3682 aDeo.
1641 3618 1681 3681 Et
1705 3618 1867 3699 quomodo
1891 3616 1991 3679 llabcn

450 3717 632 3780 moderator
658 3724 690 3780 et
717 3718 889 3799 imperator
916 3717 1030 3781 animae
1059 3738 1124 3780 sue
1149 3736 1198 3781 so-
1252 3717 1450 3782 idololatraa
1471 3718 1535 3781 Deo
1556 3718 1590 3779 in
1611 3725 1732 3780 rectum
1754 3716 1815 3779 iter
1830 3735 1865 3779 se
1886 3714 1993 3778 latetur

427 3816 542 3893 roris,
571 3816 837 3897 quemadmodum
874 3816 923 3879 sui
951 3816 1068 3892 fratris,
1099 3836 1196 3899 quum
1251 3818 1430 3881 directuml
1459 3816 1601 3899 Denique
1630 3834 1687 3897 per
1719 3814 1834 3877 lsaiam
1863 3813 1993 3896 loquitur

449 3912 571 3976 femina
585 3914 641 3977 illa
655 3913 752 3976 lratre
767 3914 823 3977 illo
838 3914 973 3978 inlerior
987 3913 1103 3977 fueriti
1118 3914 1196 3995 lmo,
1253 3914 1334 3977 Deus
1352 3937 1359 3975 :
1376 3914 1495 3976 Ducam
1511 3931 1612 3976 cecos
1627 3912 1673 3992 (id
1695 3921 1745 3975 est
1764 3911 1851 3975 vitiis
1873 3911 1993 3975 obtene·
2004 3920 2093 3970 aiau.

448 4013 601 4096 quoniam
628 4014 750 4095 Moyses
782 4012 912 4095 praefuit
938 4013 996 4077 toti
1024 4013 1197 4077 lsraelitico
1252 4012 1372 4092 bratus)
1401 4010 1435 4073 in
1464 4010 1550 4073 viam
1578 4029 1674 4092 quam
1703 4010 1862 4073 nesciunt.
1892 4007 1992 4072 Nonne

451 4111 581 4195 populo,
597 4112 741 4175 omnium
755 4113 865 4194 utique
880 4112 1006 4176 illorum
1025 4131 1083 4196 pro
1104 4132 1198 4193 posse
1253 4108 1404 4172 infideles
1418 4109 1501 4172 Deus
1516 4108 1675 4173 convertit
1689 4110 1728 4171 ad
1743 4106 1991 4171 lidemlPaulum
2012 4124 2094 4169 mau-

451 4230 509 4275 suo
529 4212 707 4274 moderator
729 4210 792 4273 luit
811 4220 843 4274 et
864 4211 1047 4292 imperator,
1064 4210 1147 4273 sicut
1167 4219 1198 4273 et
1213 4212 1238 4276 D
1253 4225 1380 4289 quoque
1402 4207 1591 4288 apostolum,
1612 4226 1712 4289 quum
1733 4207 1838 4269 adbuc
1861 4202 1992 4268 infidelis
2005 4193 2030 4233 ²⁰·

451 4309 587 4391 quilibet
613 4318 722 4391 pastor
748 4310 862 4390 bonus,
888 4309 995 4391 gregis
1023 4309 1085 4372 sibi
1114 4328 1199 4373 com·
1253 4314 1400 4388 pergeret
1426 4307 1465 4368 ad
1489 4306 1676 4369 Damascum
1706 4313 1742 4368 ut
1765 4312 1894 4387 caperet
1916 4301 1994 4367 Chri-

452 4408 556 4471 missi.
1254 4404 1533 4482 stianoS,Cbristus
1548 4404 1581 4468 in
1597 4404 1648 4467 via
1662 4403 1826 4485 corripuit,
1834 4400 1992 4477 convertit,

490 4508 625 4589 lnsuper
637 4507 778 4589 tangitur
791 4507 1000 4571 bic-historia
1021 4508 1060 4570 de
1074 4506 1154 4570 Abel
1168 4514 1200 4571 et
1254 4510 1349 4585 atque
1371 4504 1410 4566 ad
1432 4502 1517 4565 viam
1540 4502 1652 4565 salutis
1673 4502 1799 4565 direxit.

450 4606 528 4671 Cain
545 4629 552 4667 ε
569 4625 639 4687 que
654 4605 687 4668 in
702 4605 814 4669 Genesi
836 4606 1003 4684 veraciter,
1019 4606 1071 4668 bic
1093 4614 1198 4669 autem
1293 4601 1440 4683 Amplius
1458 4599 1560 4664 fertur
1577 4600 1630 4664 bic
1647 4624 1654 4663 :
1672 4603 1740 4663 Cur
1758 4621 1778 4661 o
1796 4603 1867 4661 satis
1878 4601 1994 4678 primo-

451 4704 824 4769 mendaciterrecitatur.
841 4704 961 4786 Nempe
981 4705 1035 4767 bic
1056 4704 1197 4767 dicitur:
1255 4705 1342 4765 tibus
1364 4705 1453 4763 mala
1473 4702 1730 4778 pretermittere
1753 4720 1817 4761 non
1839 4700 1995 4778 jubentur

451 4806 541 4874 Illis,
566 4802 696 4866 scilicet·
712 4802 788 4866 Cain
812 4809 843 4865 et
866 4802 956 4880 Abel,
978 4805 1201 4863 holocaustam
1255 4802 1326 4861 oiri
1340 4804 1459 4877 teyum,
1474 4797 1599 4861 scilicet
1611 4796 1782 4861 Christiani
1802 4796 1870 4860 sive
1883 4794 1994 4860 Judeit

449 4906 516 4966 Deo
542 4904 618 4980 iprae
639 4903 804 4979 supposito
826 4902 1037 4979 facientibus,
1061 4902 1202 4961 atterius
1256 4897 1386 4975 Scitote,
1402 4914 1421 4959 ο
1437 4896 1612 4975 Sarraceni,
1628 4896 1713 4978 quod
1729 4894 1918 4960 Christianis
1936 4912 1995 4957 om·

451 5003 673 5061 holocaustum
696 5001 833 5059 minime
854 5004 920 5062 Deo
948 5002 1116 5060 collectum
1144 5008 1200 5059 est.
1257 4996 1310 5059 nia
1326 4995 1404 5058 vitia
1418 4996 1511 5059 valde
1525 4994 1687 5077 prohibita
1702 5002 1777 5057 sunl
1795 4994 1904 5071 aDeo,
1919 5001 1950 5055 et
1961 4990 1996 5053 ab

455 5103 547 5163 Unde
566 5100 679 5167 alteri,
702 5096 826 5160 seilicet
844 5096 932 5176 Cain,
952 5098 1077 5157 dicenti
1096 5096 1204 5174 fratri
1257 5094 1327 5176 ejus
1342 5093 1481 5173 vicariis,
1497 5092 1614 5156 sanctis
1636 5092 1785 5175 prelatis.
1801 5092 1840 5155 Et
1861 5089 1996 5174 quamvis

451 5218 522 5267 suo,
536 5199 606 5274 Epo
627 5205 658 5256 te
679 5197 892 5273 interficiam,
907 5199 992 5254 alter
1010 5195 1177 5270 respondit
1192 5214 1204 5254 .·
1258 5193 1322 5256 sint
1340 5192 1437 5274 aliqui
1460 5191 1623 5255 christiani
1646 5189 1810 5273 principes
1828 5209 1868 5253 ac
1886 5186 1996 5271 prelati

452 5298 544 5359 Licet
560 5315 694 5357 manum
716 5303 807 5355 tuem
828 5296 872 5355 ad
891 5294 1101 5370 inferendam
1121 5293 1206 5353 mitt
1259 5290 1293 5354 in
1310 5308 1440 5355 suorum
1455 5290 1654 5355 subditorum
1674 5288 1831 5372 regimine
1845 5287 1999 5371 negligen-
