<?xml version="1.0" encoding="UTF-8"?>
<!DOCTYPE html PUBLIC "-//W3C//DTD XHTML 1.0 Transitional//EN"
    "http://www.w3.org/TR/xhtml1/DTD/xhtml1-transitional.dtd">
<html xmlns="http://www.w3.org/1999/xhtml" xml:lang="en" lang="en">
 <head>
  <title>
</title>
<meta http-equiv="Content-Type" content="text/html;charset=utf-8" />
  <meta name='ocr-system' content='tesseract 3.04.00' />
  <meta name='ocr-capabilities' content='ocr_page ocr_carea ocr_par ocr_line ocrx_word'/>
</head>
<body>
  <div class='ocr_page' id='page_1' title='image "./doctorisecstati03unkngoog_0688.png"; bbox 0 0 4309 6250; ppageno 0'>
   <div class='ocr_carea' id='block_1_1' title="bbox 447 491 1927 572">
    <p class='ocr_par' dir='ltr' id='par_1_1' title="bbox 447 491 1927 572">
     <span class='ocr_line' id='line_1_1' title="bbox 447 491 1927 572; baseline 0.001 -14"><span class='ocrx_word' id='word_1_1' title='bbox 447 491 507 559; x_wconf 70' lang='lat'><strong>662</strong></span> <span class='ocrx_word' id='word_1_2' title='bbox 529 513 567 559; x_wconf 81' lang='lat' dir='ltr'><strong>llll</strong></span> <span class='ocrx_word' id='word_1_3' title='bbox 588 513 796 561; x_wconf 73' lang='lat' dir='ltr'><strong>Auurchtrnre</strong></span> <span class='ocrx_word' id='word_1_4' title='bbox 818 515 910 562; x_wconf 82' lang='lat' dir='ltr'><strong>sutfflt</strong></span> <span class='ocrx_word' id='word_1_5' title='bbox 930 515 1099 562; x_wconf 74' lang='lat' dir='ltr'><strong>rohrtrtcts</strong></span> <span class='ocrx_word' id='word_1_6' title='bbox 1120 515 1157 561; x_wconf 80' lang='grc' dir='ltr'><strong>ΕΤ</strong></span> <span class='ocrx_word' id='word_1_7' title='bbox 1178 513 1347 562; x_wconf 72' lang='lat' dir='ltr'><strong>cenamus</strong></span> <span class='ocrx_word' id='word_1_8' title='bbox 1369 514 1509 572; x_wconf 71' lang='lat' dir='ltr'><strong>concitat,</strong></span> <span class='ocrx_word' id='word_1_9' title='bbox 1531 515 1618 562; x_wconf 70' lang='lat' dir='ltr'><strong>creec</strong></span> <span class='ocrx_word' id='word_1_10' title='bbox 1641 514 1686 561; x_wconf 90' lang='lat' dir='ltr'><strong>lll.</strong></span> <span class='ocrx_word' id='word_1_11' title='bbox 1710 532 1750 545; x_wconf 90' lang='lat'><strong>·-</strong></span> <span class='ocrx_word' id='word_1_12' title='bbox 1769 514 1837 560; x_wconf 70' lang='grc' dir='ltr'>ΛΒΤ.</span> <span class='ocrx_word' id='word_1_13' title='bbox 1859 512 1927 559; x_wconf 71' lang='lat' dir='ltr'><strong>ml</strong></span> 
     </span>
    </p>
   </div>
   <div class='ocr_carea' id='block_1_2' title="bbox 446 671 2070 1851">
    <p class='ocr_par' dir='ltr' id='par_1_2' title="bbox 450 671 1974 768">
     <span class='ocr_line' id='line_1_2' title="bbox 450 671 1974 768; baseline 0.003 -24"><span class='ocrx_word' id='word_1_14' title='bbox 450 701 517 745; x_wconf 89' lang='lat' dir='ltr'><strong>mas</strong></span> <span class='ocrx_word' id='word_1_15' title='bbox 531 692 563 746; x_wconf 94' lang='lat' dir='ltr'><strong>et</strong></span> <span class='ocrx_word' id='word_1_16' title='bbox 576 684 630 746; x_wconf 85' lang='lat' dir='ltr'><strong>alii</strong></span> <span class='ocrx_word' id='word_1_17' title='bbox 646 704 742 768; x_wconf 90' lang='lat' dir='ltr'><strong>super</strong></span> <span class='ocrx_word' id='word_1_18' title='bbox 756 693 903 768; x_wconf 82' lang='lat' dir='ltr'><strong>quartum</strong></span> <span class='ocrx_word' id='word_1_19' title='bbox 916 685 1099 756; x_wconf 81' lang='lat' dir='ltr'><strong>‚declarant</strong></span> <span class='ocrx_word' id='word_1_20' title='bbox 1116 685 1196 760; x_wconf 84' lang='lat' dir='ltr'><strong>Quo·</strong></span> <span class='ocrx_word' id='word_1_21' title='bbox 1210 684 1235 747; x_wconf 83' lang='grc' dir='ltr'>Α</span> <span class='ocrx_word' id='word_1_22' title='bbox 1252 685 1340 767; x_wconf 91' lang='lat' dir='ltr'><strong>pium</strong></span> <span class='ocrx_word' id='word_1_23' title='bbox 1362 705 1455 748; x_wconf 92' lang='lat' dir='ltr'><strong>usum</strong></span> <span class='ocrx_word' id='word_1_24' title='bbox 1476 686 1578 768; x_wconf 91' lang='lat' dir='ltr'><strong>ipsius</strong></span> <span class='ocrx_word' id='word_1_25' title='bbox 1603 705 1666 750; x_wconf 94' lang='lat' dir='ltr'><strong>non</strong></span> <span class='ocrx_word' id='word_1_26' title='bbox 1691 671 1817 748; x_wconf 83' lang='lat' dir='ltr'><strong>videtur</strong></span> <span class='ocrx_word' id='word_1_27' title='bbox 1840 684 1974 767; x_wconf 84' lang='lat' dir='ltr'><strong>impedire</strong></span> 
     </span>
    </p>

    <p class='ocr_par' dir='ltr' id='par_1_3' title="bbox 448 783 1567 868">
     <span class='ocr_line' id='line_1_3' title="bbox 448 783 1567 868; baseline 0.004 -24"><span class='ocrx_word' id='word_1_28' title='bbox 448 783 543 846; x_wconf 91' lang='lat' dir='ltr'><strong>modo</strong></span> <span class='ocrx_word' id='word_1_29' title='bbox 564 802 639 863; x_wconf 84' lang='lat' dir='ltr'><strong>ergo</strong></span> <span class='ocrx_word' id='word_1_30' title='bbox 658 784 828 848; x_wconf 91' lang='lat' dir='ltr'><strong>concilium</strong></span> <span class='ocrx_word' id='word_1_31' title='bbox 854 785 916 847; x_wconf 91' lang='lat' dir='ltr'><strong>sibi</strong></span> <span class='ocrx_word' id='word_1_32' title='bbox 943 784 1003 867; x_wconf 89' lang='lat' dir='ltr'><strong>ipsi</strong></span> <span class='ocrx_word' id='word_1_33' title='bbox 1030 784 1197 866; x_wconf 80' lang='lat' dir='ltr'><strong>indulgen·</strong></span> <span class='ocrx_word' id='word_1_34' title='bbox 1250 784 1366 847; x_wconf 89' lang='lat' dir='ltr'><strong>debere</strong></span> <span class='ocrx_word' id='word_1_35' title='bbox 1388 793 1442 846; x_wconf 91' lang='lat' dir='ltr'><strong>aut</strong></span> <span class='ocrx_word' id='word_1_36' title='bbox 1463 803 1567 868; x_wconf 90' lang='lat' dir='ltr'><strong>posse.</strong></span> 
     </span>
    </p>

    <p class='ocr_par' dir='ltr' id='par_1_4' title="bbox 448 879 1974 963">
     <span class='ocr_line' id='line_1_4' title="bbox 448 879 1974 963; baseline 0.003 -23"><span class='ocrx_word' id='word_1_37' title='bbox 448 879 525 942; x_wconf 84' lang='lat' dir='ltr'><strong>tiam</strong></span> <span class='ocrx_word' id='word_1_38' title='bbox 553 881 651 945; x_wconf 82' lang='lat' dir='ltr'><strong>lacitl</strong></span> <span class='ocrx_word' id='word_1_39' title='bbox 681 882 892 946; x_wconf 83' lang='lat' dir='ltr'><strong>Cancellarius</strong></span> <span class='ocrx_word' id='word_1_40' title='bbox 925 892 1029 946; x_wconf 91' lang='lat' dir='ltr'><strong>autem</strong></span> <span class='ocrx_word' id='word_1_41' title='bbox 1059 883 1196 963; x_wconf 83' lang='lat' dir='ltr'><strong>quodem</strong></span> <span class='ocrx_word' id='word_1_42' title='bbox 1290 883 1361 946; x_wconf 87' lang='lat' dir='ltr'><strong>llec</strong></span> <span class='ocrx_word' id='word_1_43' title='bbox 1388 882 1564 961; x_wconf 78' lang='lat' dir='ltr'><strong>caritative,</strong></span> <span class='ocrx_word' id='word_1_44' title='bbox 1587 901 1652 945; x_wconf 95' lang='lat' dir='ltr'><strong>non</strong></span> <span class='ocrx_word' id='word_1_45' title='bbox 1677 882 1833 946; x_wconf 81' lang='lat' dir='ltr'><strong>malitiose</strong></span> <span class='ocrx_word' id='word_1_46' title='bbox 1855 882 1974 946; x_wconf 87' lang='lat' dir='ltr'><strong>conseri-</strong></span> 
     </span>
    </p>

    <p class='ocr_par' dir='ltr' id='par_1_5' title="bbox 448 979 1973 1064">
     <span class='ocr_line' id='line_1_5' title="bbox 448 979 1973 1064; baseline 0.002 -24"><span class='ocrx_word' id='word_1_47' title='bbox 448 979 480 1041; x_wconf 96' lang='lat' dir='ltr'><strong>in</strong></span> <span class='ocrx_word' id='word_1_48' title='bbox 497 979 566 1043; x_wconf 88' lang='lat' dir='ltr'><strong>loco</strong></span> <span class='ocrx_word' id='word_1_49' title='bbox 581 982 691 1062; x_wconf 89' lang='lat' dir='ltr'><strong>querit</strong></span> <span class='ocrx_word' id='word_1_50' title='bbox 705 1002 745 1044; x_wconf 89' lang='lat' dir='ltr'><strong>an</strong></span> <span class='ocrx_word' id='word_1_51' title='bbox 761 983 800 1045; x_wconf 85' lang='lat' dir='ltr'><strong>od</strong></span> <span class='ocrx_word' id='word_1_52' title='bbox 815 981 988 1045; x_wconf 90' lang='lat' dir='ltr'><strong>concilium</strong></span> <span class='ocrx_word' id='word_1_53' title='bbox 1009 990 1130 1064; x_wconf 79' lang='lat' dir='ltr'>spectet</span> <span class='ocrx_word' id='word_1_54' title='bbox 1149 979 1197 1042; x_wconf 92' lang='lat' dir='ltr'><strong>in·</strong></span> <span class='ocrx_word' id='word_1_55' title='bbox 1250 983 1311 1064; x_wconf 90' lang='lat' dir='ltr'><strong>psi,</strong></span> <span class='ocrx_word' id='word_1_56' title='bbox 1333 990 1367 1044; x_wconf 92' lang='lat' dir='ltr'><strong>ut</strong></span> <span class='ocrx_word' id='word_1_57' title='bbox 1392 981 1637 1064; x_wconf 72' lang='lat' dir='ltr'><strong>sapientioribus</strong></span> <span class='ocrx_word' id='word_1_58' title='bbox 1662 982 1754 1044; x_wconf 92' lang='lat' dir='ltr'><strong>detur</strong></span> <span class='ocrx_word' id='word_1_59' title='bbox 1777 981 1898 1045; x_wconf 76' lang='lat' dir='ltr'><strong>occasio</strong></span> <span class='ocrx_word' id='word_1_60' title='bbox 1917 1000 1973 1061; x_wconf 88' lang='lat' dir='ltr'><strong>pro</strong></span> 
     </span>
    </p>

    <p class='ocr_par' dir='ltr' id='par_1_6' title="bbox 447 1078 1973 1160">
     <span class='ocr_line' id='line_1_6' title="bbox 447 1078 1973 1160; baseline 0 -21"><span class='ocrx_word' id='word_1_61' title='bbox 447 1078 627 1159; x_wconf 84' lang='lat' dir='ltr'><strong>dulgentias</strong></span> <span class='ocrx_word' id='word_1_62' title='bbox 641 1080 737 1158; x_wconf 84' lang='lat' dir='ltr'><strong>dare;</strong></span> <span class='ocrx_word' id='word_1_63' title='bbox 755 1100 813 1143; x_wconf 88' lang='lat' dir='ltr'><strong>neo</strong></span> <span class='ocrx_word' id='word_1_64' title='bbox 835 1090 939 1143; x_wconf 80' lang='lat' dir='ltr'><strong>temen</strong></span> <span class='ocrx_word' id='word_1_65' title='bbox 959 1080 1125 1142; x_wconf 85' lang='lat' dir='ltr'><strong>evidenter</strong></span> <span class='ocrx_word' id='word_1_66' title='bbox 1143 1080 1197 1142; x_wconf 92' lang='lat' dir='ltr'><strong>de·</strong></span> <span class='ocrx_word' id='word_1_67' title='bbox 1250 1079 1382 1141; x_wconf 91' lang='lat' dir='ltr'><strong>lundius</strong></span> <span class='ocrx_word' id='word_1_68' title='bbox 1396 1079 1568 1160; x_wconf 74' lang='lat' dir='ltr'><strong>cogitandi.</strong></span> <span class='ocrx_word' id='word_1_69' title='bbox 1584 1079 1747 1154; x_wconf 85' lang='lat' dir='ltr'><strong>Quomodo</strong></span> <span class='ocrx_word' id='word_1_70' title='bbox 1766 1087 1868 1142; x_wconf 88' lang='lat' dir='ltr'><strong>autern</strong></span> <span class='ocrx_word' id='word_1_71' title='bbox 1887 1078 1973 1142; x_wconf 90' lang='lat' dir='ltr'><strong>eonci-</strong></span> 
     </span>
    </p>

    <p class='ocr_par' dir='ltr' id='par_1_7' title="bbox 448 1177 1973 1359">
     <span class='ocr_line' id='line_1_7' title="bbox 448 1177 1973 1258; baseline -0.001 -20"><span class='ocrx_word' id='word_1_72' title='bbox 448 1178 597 1240; x_wconf 85' lang='lat' dir='ltr'><strong>terminat</strong></span> <span class='ocrx_word' id='word_1_73' title='bbox 618 1178 751 1241; x_wconf 92' lang='lat' dir='ltr'><strong>dubium</strong></span> <span class='ocrx_word' id='word_1_74' title='bbox 774 1178 863 1241; x_wconf 95' lang='lat' dir='ltr'><strong>illud.</strong></span> <span class='ocrx_word' id='word_1_75' title='bbox 1250 1177 1328 1239; x_wconf 92' lang='lat' dir='ltr'><strong>lium</strong></span> <span class='ocrx_word' id='word_1_76' title='bbox 1359 1185 1511 1258; x_wconf 89' lang='lat' dir='ltr'><strong>quantum</strong></span> <span class='ocrx_word' id='word_1_77' title='bbox 1542 1178 1581 1238; x_wconf 92' lang='lat' dir='ltr'><strong>ad</strong></span> <span class='ocrx_word' id='word_1_78' title='bbox 1609 1177 1716 1258; x_wconf 82' lang='lat' dir='ltr'><strong>ulique</strong></span> <span class='ocrx_word' id='word_1_79' title='bbox 1744 1178 1786 1240; x_wconf 91' lang='lat' dir='ltr'><strong>sit</strong></span> <span class='ocrx_word' id='word_1_80' title='bbox 1812 1177 1935 1240; x_wconf 89' lang='lat' dir='ltr'><strong>liberum</strong></span> <span class='ocrx_word' id='word_1_81' title='bbox 1957 1197 1973 1237; x_wconf 89' lang='lat' dir='ltr'><strong>a</strong></span> 
     </span>
     <span class='ocr_line' id='line_1_8' title="bbox 487 1276 1971 1359; baseline 0 -23"><span class='ocrx_word' id='word_1_82' title='bbox 487 1276 592 1340; x_wconf 82' lang='lat' dir='ltr'><strong>Tertio</strong></span> <span class='ocrx_word' id='word_1_83' title='bbox 607 1295 724 1358; x_wconf 84' lang='lat' dir='ltr'><strong>quero,</strong></span> <span class='ocrx_word' id='word_1_84' title='bbox 741 1297 781 1340; x_wconf 86' lang='lat' dir='ltr'><strong>on</strong></span> <span class='ocrx_word' id='word_1_85' title='bbox 796 1277 925 1340; x_wconf 90' lang='lat' dir='ltr'><strong>dominc</strong></span> <span class='ocrx_word' id='word_1_86' title='bbox 946 1277 1028 1359; x_wconf 86' lang='lat' dir='ltr'><strong>Papo</strong></span> <span class='ocrx_word' id='word_1_87' title='bbox 1048 1279 1082 1340; x_wconf 90' lang='lat' dir='ltr'><strong>in</strong></span> <span class='ocrx_word' id='word_1_88' title='bbox 1100 1296 1197 1359; x_wconf 84' lang='lat' dir='ltr'><strong>gene·</strong></span> <span class='ocrx_word' id='word_1_89' title='bbox 1250 1278 1395 1339; x_wconf 85' lang='lat' dir='ltr'><strong>coercira</strong></span> <span class='ocrx_word' id='word_1_90' title='bbox 1425 1285 1580 1358; x_wconf 71' lang='lat' dir='ltr'><strong>potestate</strong></span> <span class='ocrx_word' id='word_1_91' title='bbox 1605 1285 1636 1338; x_wconf 91' lang='lat' dir='ltr'><strong>et</strong></span> <span class='ocrx_word' id='word_1_92' title='bbox 1663 1276 1862 1357; x_wconf 71' lang='lat' dir='ltr'><strong>presidentia</strong></span> <span class='ocrx_word' id='word_1_93' title='bbox 1887 1276 1971 1356; x_wconf 84' lang='lat' dir='ltr'><strong>Pape,</strong></span> 
     </span>
    </p>

    <p class='ocr_par' dir='ltr' id='par_1_8' title="bbox 447 1365 1972 1462">
     <span class='ocr_line' id='line_1_9' title="bbox 447 1365 1972 1462; baseline -0.001 -26"><span class='ocrx_word' id='word_1_94' title='bbox 447 1375 504 1436; x_wconf 85' lang='lat' dir='ltr'><strong>reli</strong></span> <span class='ocrx_word' id='word_1_95' title='bbox 522 1375 658 1439; x_wconf 89' lang='lat' dir='ltr'><strong>concilio</strong></span> <span class='ocrx_word' id='word_1_96' title='bbox 675 1377 884 1458; x_wconf 80' lang='lat' dir='ltr'><strong>personaliter</strong></span> <span class='ocrx_word' id='word_1_97' title='bbox 898 1384 1063 1457; x_wconf 84' lang='lat' dir='ltr'><strong>presente,</strong></span> <span class='ocrx_word' id='word_1_98' title='bbox 1081 1385 1112 1438; x_wconf 88' lang='lat' dir='ltr'><strong>et</strong></span> <span class='ocrx_word' id='word_1_99' title='bbox 1130 1385 1196 1438; x_wconf 93' lang='lat' dir='ltr'><strong>toto</strong></span> <span class='ocrx_word' id='word_1_100' title='bbox 1241 1365 1370 1437; x_wconf 83' lang='lat' dir='ltr'><strong>&#39;hahens</strong></span> <span class='ocrx_word' id='word_1_101' title='bbox 1395 1375 1617 1456; x_wconf 88' lang='lat' dir='ltr'><strong>presidentem</strong></span> <span class='ocrx_word' id='word_1_102' title='bbox 1636 1395 1673 1437; x_wconf 83' lang='lat' dir='ltr'><strong>oc</strong></span> <span class='ocrx_word' id='word_1_103' title='bbox 1692 1375 1877 1462; x_wconf 77' lang='lat' dir='ltr'><strong>dirigentem</strong></span> <span class='ocrx_word' id='word_1_104' title='bbox 1894 1375 1972 1455; x_wconf 90' lang='lat' dir='ltr'><strong>Spiri-</strong></span> 
     </span>
    </p>

    <p class='ocr_par' dir='ltr' id='par_1_9' title="bbox 446 1472 2070 1556">
     <span class='ocr_line' id='line_1_10' title="bbox 446 1472 2070 1556; baseline 0.001 -21"><span class='ocrx_word' id='word_1_105' title='bbox 446 1472 503 1536; x_wconf 94' lang='lat' dir='ltr'><strong>illo</strong></span> <span class='ocrx_word' id='word_1_106' title='bbox 519 1474 644 1536; x_wconf 88' lang='lat' dir='ltr'><strong>residuo</strong></span> <span class='ocrx_word' id='word_1_107' title='bbox 660 1473 824 1537; x_wconf 80' lang='lat' dir='ltr'><strong>conciliari</strong></span> <span class='ocrx_word' id='word_1_108' title='bbox 847 1474 1022 1537; x_wconf 87' lang='lat' dir='ltr'><strong>mortaliter</strong></span> <span class='ocrx_word' id='word_1_109' title='bbox 1042 1483 1195 1556; x_wconf 81' lang='lat' dir='ltr'><strong>peccante</strong></span> <span class='ocrx_word' id='word_1_110' title='bbox 1250 1481 1317 1536; x_wconf 93' lang='lat' dir='ltr'><strong>tum</strong></span> <span class='ocrx_word' id='word_1_111' title='bbox 1339 1475 1503 1554; x_wconf 89' lang='lat' dir='ltr'><strong>Sanctum,</strong></span> <span class='ocrx_word' id='word_1_112' title='bbox 1519 1474 1640 1536; x_wconf 89' lang='lat' dir='ltr'><strong>dictum</strong></span> <span class='ocrx_word' id='word_1_113' title='bbox 1662 1483 1712 1536; x_wconf 90' lang='lat' dir='ltr'><strong>est</strong></span> <span class='ocrx_word' id='word_1_114' title='bbox 1732 1493 1826 1554; x_wconf 86' lang='lat' dir='ltr'><strong>sepe.</strong></span> <span class='ocrx_word' id='word_1_115' title='bbox 1991 1504 2070 1546; x_wconf 59' lang='lat' dir='ltr'><strong>m</strong></span> 
     </span>
    </p>

    <p class='ocr_par' dir='ltr' id='par_1_10' title="bbox 446 1570 2070 1670">
     <span class='ocr_line' id='line_1_11' title="bbox 446 1570 2070 1670; baseline -0.002 -36"><span class='ocrx_word' id='word_1_116' title='bbox 446 1571 542 1634; x_wconf 91' lang='lat' dir='ltr'><strong>etiam</strong></span> <span class='ocrx_word' id='word_1_117' title='bbox 558 1570 723 1634; x_wconf 89' lang='lat' dir='ltr'><strong>evidenter</strong></span> <span class='ocrx_word' id='word_1_118' title='bbox 736 1573 834 1653; x_wconf 85' lang='lat' dir='ltr'><strong>(quod</strong></span> <span class='ocrx_word' id='word_1_119' title='bbox 851 1571 1004 1654; x_wconf 91' lang='lat' dir='ltr'><strong>possibile</strong></span> <span class='ocrx_word' id='word_1_120' title='bbox 1019 1579 1079 1651; x_wconf 91' lang='lat' dir='ltr'><strong>est,</strong></span> <span class='ocrx_word' id='word_1_121' title='bbox 1096 1591 1194 1653; x_wconf 87' lang='lat' dir='ltr'><strong>quum</strong></span> <span class='ocrx_word' id='word_1_122' title='bbox 1288 1574 1432 1655; x_wconf 91' lang='lat' dir='ltr'><strong>lnsuper,</strong></span> <span class='ocrx_word' id='word_1_123' title='bbox 1449 1574 1626 1636; x_wconf 92' lang='lat' dir='ltr'><strong>secundum</strong></span> <span class='ocrx_word' id='word_1_124' title='bbox 1640 1572 1793 1635; x_wconf 89' lang='lat' dir='ltr'><strong>Thomam</strong></span> <span class='ocrx_word' id='word_1_125' title='bbox 1808 1572 1840 1633; x_wconf 94' lang='lat' dir='ltr'><strong>in</strong></span> <span class='ocrx_word' id='word_1_126' title='bbox 1854 1571 1972 1634; x_wconf 80' lang='lat' dir='ltr'><strong>secucdc</strong></span> <span class='ocrx_word' id='word_1_127' title='bbox 1982 1579 2070 1670; x_wconf 62' lang='lat' dir='ltr'>ffi</span> 
     </span>
    </p>

    <p class='ocr_par' dir='ltr' id='par_1_11' title="bbox 446 1662 2069 1753">
     <span class='ocr_line' id='line_1_12' title="bbox 446 1662 2069 1753; baseline 0.001 -22"><span class='ocrx_word' id='word_1_128' title='bbox 446 1687 557 1732; x_wconf 92' lang='lat' dir='ltr'><strong>omnes</strong></span> <span class='ocrx_word' id='word_1_129' title='bbox 583 1669 629 1730; x_wconf 96' lang='lat' dir='ltr'><strong>illi</strong></span> <span class='ocrx_word' id='word_1_130' title='bbox 653 1670 776 1752; x_wconf 87' lang='lat' dir='ltr'><strong>possint</strong></span> <span class='ocrx_word' id='word_1_131' title='bbox 795 1670 890 1732; x_wconf 92' lang='lat' dir='ltr'><strong>simul</strong></span> <span class='ocrx_word' id='word_1_132' title='bbox 910 1689 980 1732; x_wconf 91' lang='lat' dir='ltr'><strong>esse</strong></span> <span class='ocrx_word' id='word_1_133' title='bbox 1002 1668 1035 1731; x_wconf 93' lang='lat' dir='ltr'><strong>in</strong></span> <span class='ocrx_word' id='word_1_134' title='bbox 1056 1671 1196 1732; x_wconf 88' lang='lat' dir='ltr'><strong>mortali·</strong></span> <span class='ocrx_word' id='word_1_135' title='bbox 1249 1673 1396 1735; x_wconf 85' lang='lat' dir='ltr'><strong>secunde</strong></span> <span class='ocrx_word' id='word_1_136' title='bbox 1416 1680 1447 1734; x_wconf 88' lang='lat' dir='ltr'><strong>et</strong></span> <span class='ocrx_word' id='word_1_137' title='bbox 1467 1691 1564 1752; x_wconf 89' lang='lat' dir='ltr'><strong>super</strong></span> <span class='ocrx_word' id='word_1_138' title='bbox 1582 1681 1729 1753; x_wconf 84' lang='lat' dir='ltr'><strong>quartum</strong></span> <span class='ocrx_word' id='word_1_139' title='bbox 1749 1662 2023 1738; x_wconf 67' lang='lat' dir='ltr'><strong>Sententiarume&#39;</strong></span> <span class='ocrx_word' id='word_1_140' title='bbox 2066 1662 2069 1670; x_wconf 49' lang='lat'>²</span> 
     </span>
    </p>

    <p class='ocr_par' dir='ltr' id='par_1_12' title="bbox 447 1755 2040 1851">
     <span class='ocr_line' id='line_1_13' title="bbox 447 1755 2040 1851; baseline 0.001 -23"><span class='ocrx_word' id='word_1_141' title='bbox 447 1765 506 1828; x_wconf 92' lang='lat' dir='ltr'><strong>bus</strong></span> <span class='ocrx_word' id='word_1_142' title='bbox 521 1765 648 1848; x_wconf 89' lang='lat' dir='ltr'><strong>culpis),</strong></span> <span class='ocrx_word' id='word_1_143' title='bbox 664 1786 703 1828; x_wconf 91' lang='lat' dir='ltr'><strong>an</strong></span> <span class='ocrx_word' id='word_1_144' title='bbox 721 1775 795 1829; x_wconf 90' lang='lat' dir='ltr'><strong>tunc</strong></span> <span class='ocrx_word' id='word_1_145' title='bbox 811 1767 893 1848; x_wconf 80' lang='lat' dir='ltr'><strong>Papa</strong></span> <span class='ocrx_word' id='word_1_146' title='bbox 912 1767 1012 1848; x_wconf 90' lang='lat' dir='ltr'><strong>possit</strong></span> <span class='ocrx_word' id='word_1_147' title='bbox 1032 1767 1103 1830; x_wconf 92' lang='lat' dir='ltr'><strong>illos</strong></span> <span class='ocrx_word' id='word_1_148' title='bbox 1123 1787 1197 1850; x_wconf 89' lang='lat' dir='ltr'><strong>pec·</strong></span> <span class='ocrx_word' id='word_1_149' title='bbox 1250 1768 1443 1832; x_wconf 87' lang='lat' dir='ltr'><strong>schismatici</strong></span> <span class='ocrx_word' id='word_1_150' title='bbox 1466 1771 1594 1851; x_wconf 84' lang='lat' dir='ltr'><strong>proprie</strong></span> <span class='ocrx_word' id='word_1_151' title='bbox 1615 1769 1825 1851; x_wconf 86' lang='lat' dir='ltr'><strong>appellantur,</strong></span> <span class='ocrx_word' id='word_1_152' title='bbox 1845 1768 1895 1849; x_wconf 88' lang='lat' dir='ltr'><strong>qui</strong></span> <span class='ocrx_word' id='word_1_153' title='bbox 1916 1786 1974 1849; x_wconf 80' lang='lat' dir='ltr'><strong>pro</strong></span> <span class='ocrx_word' id='word_1_154' title='bbox 1987 1755 2040 1796; x_wconf 42' lang='grc' dir='ltr'><strong>δ”·</strong></span> 
     </span>
    </p>
   </div>
   <div class='ocr_carea' id='block_1_3' title="bbox 448 1817 2069 1950">
    <p class='ocr_par' dir='ltr' id='par_1_13' title="bbox 448 1817 2069 1950">
     <span class='ocr_line' id='line_1_14' title="bbox 2013 1819 2048 1844; baseline 0 0"><span class='ocrx_word' id='word_1_155' title='bbox 2013 1819 2048 1844; x_wconf 63' lang='lat'><strong>³·-</strong></span> 
     </span>
     <span class='ocr_line' id='line_1_15' title="bbox 448 1817 2069 1950; baseline 0.001 -26"><span class='ocrx_word' id='word_1_156' title='bbox 448 1872 555 1925; x_wconf 87' lang='lat' dir='ltr'><strong>cantes</strong></span> <span class='ocrx_word' id='word_1_157' title='bbox 579 1866 610 1925; x_wconf 90' lang='lat' dir='ltr'><strong>et</strong></span> <span class='ocrx_word' id='word_1_158' title='bbox 635 1863 798 1944; x_wconf 85' lang='lat' dir='ltr'><strong>punitione</strong></span> <span class='ocrx_word' id='word_1_159' title='bbox 824 1863 949 1944; x_wconf 83' lang='lat' dir='ltr'><strong>dignos,</strong></span> <span class='ocrx_word' id='word_1_160' title='bbox 975 1863 1195 1926; x_wconf 73' lang='lat' dir='ltr'><strong>auctoritative</strong></span> <span class='ocrx_word' id='word_1_161' title='bbox 1211 1862 1234 1922; x_wconf 91' lang='lat' dir='ltr'>B</span> <span class='ocrx_word' id='word_1_162' title='bbox 1250 1868 1319 1950; x_wconf 86' lang='lat' dir='ltr'><strong>pria</strong></span> <span class='ocrx_word' id='word_1_163' title='bbox 1339 1876 1452 1948; x_wconf 92' lang='lat' dir='ltr'><strong>sponte</strong></span> <span class='ocrx_word' id='word_1_164' title='bbox 1471 1877 1502 1931; x_wconf 91' lang='lat' dir='ltr'><strong>et</strong></span> <span class='ocrx_word' id='word_1_165' title='bbox 1520 1888 1558 1930; x_wconf 85' lang='lat' dir='ltr'><strong>ex</strong></span> <span class='ocrx_word' id='word_1_166' title='bbox 1583 1867 1761 1930; x_wconf 87' lang='lat' dir='ltr'><strong>intentione</strong></span> <span class='ocrx_word' id='word_1_167' title='bbox 1784 1867 1823 1929; x_wconf 91' lang='lat' dir='ltr'><strong>ab</strong></span> <span class='ocrx_word' id='word_1_168' title='bbox 1844 1867 1972 1929; x_wconf 66' lang='lat' dir='ltr'><strong>Ecclesiae</strong></span> <span class='ocrx_word' id='word_1_169' title='bbox 1982 1817 2069 1925; x_wconf 64' lang='lat' dir='ltr'><strong>iusti</strong></span> 
     </span>
    </p>
   </div>
   <div class='ocr_carea' id='block_1_4' title="bbox 396 1940 2069 5290">
    <p class='ocr_par' dir='ltr' id='par_1_14' title="bbox 396 1940 2069 5290">
     <span class='ocr_line' id='line_1_16' title="bbox 447 1940 2069 2049; baseline 0.001 -26"><span class='ocrx_word' id='word_1_170' title='bbox 447 1961 616 2043; x_wconf 85' lang='lat' dir='ltr'><strong>corrigere,</strong></span> <span class='ocrx_word' id='word_1_171' title='bbox 630 1962 809 2040; x_wconf 91' lang='lat' dir='ltr'><strong>instruere,</strong></span> <span class='ocrx_word' id='word_1_172' title='bbox 833 1971 863 2025; x_wconf 91' lang='lat' dir='ltr'><strong>et</strong></span> <span class='ocrx_word' id='word_1_173' title='bbox 888 1963 1000 2043; x_wconf 87' lang='lat' dir='ltr'><strong>punire</strong></span> <span class='ocrx_word' id='word_1_174' title='bbox 1023 1963 1079 2024; x_wconf 88' lang='lat' dir='ltr'><strong>tali</strong></span> <span class='ocrx_word' id='word_1_175' title='bbox 1104 1963 1195 2045; x_wconf 95' lang='lat' dir='ltr'><strong>puni·</strong></span> <span class='ocrx_word' id='word_1_176' title='bbox 1250 1967 1369 2029; x_wconf 82' lang='lat' dir='ltr'><strong>unitate</strong></span> <span class='ocrx_word' id='word_1_177' title='bbox 1384 1986 1418 2029; x_wconf 92' lang='lat' dir='ltr'><strong>se</strong></span> <span class='ocrx_word' id='word_1_178' title='bbox 1433 1976 1590 2048; x_wconf 84' lang='lat' dir='ltr'><strong>separant.</strong></span> <span class='ocrx_word' id='word_1_179' title='bbox 1604 1967 1713 2030; x_wconf 91' lang='lat' dir='ltr'><strong>Unitas</strong></span> <span class='ocrx_word' id='word_1_180' title='bbox 1727 1974 1831 2028; x_wconf 86' lang='lat' dir='ltr'><strong>autem</strong></span> <span class='ocrx_word' id='word_1_181' title='bbox 1846 1965 1972 2027; x_wconf 82' lang='lat' dir='ltr'><strong>Ecclesia</strong></span> <span class='ocrx_word' id='word_1_182' title='bbox 1982 1940 2069 2049; x_wconf 53' lang='grc' dir='ltr'><strong>3ᾚῖ</strong></span> 
     </span>
     <span class='ocr_line' id='line_1_17' title="bbox 396 2059 2024 2142; baseline 0.006 -28"><span class='ocrx_word' id='word_1_183' title='bbox 396 2105 401 2114; x_wconf 94' lang='grc'><em>.</em></span> <span class='ocrx_word' id='word_1_184' title='bbox 448 2059 533 2121; x_wconf 93' lang='lat' dir='ltr'><strong>tione</strong></span> <span class='ocrx_word' id='word_1_185' title='bbox 550 2079 605 2140; x_wconf 92' lang='lat' dir='ltr'><strong>per</strong></span> <span class='ocrx_word' id='word_1_186' title='bbox 619 2080 715 2142; x_wconf 85' lang='lat' dir='ltr'><strong>quom</strong></span> <span class='ocrx_word' id='word_1_187' title='bbox 731 2061 849 2124; x_wconf 93' lang='lat' dir='ltr'><strong>bonum</strong></span> <span class='ocrx_word' id='word_1_188' title='bbox 866 2060 994 2122; x_wconf 89' lang='lat' dir='ltr'><strong>concilii</strong></span> <span class='ocrx_word' id='word_1_189' title='bbox 1016 2080 1083 2124; x_wconf 87' lang='lat' dir='ltr'><strong>non</strong></span> <span class='ocrx_word' id='word_1_190' title='bbox 1096 2061 1197 2142; x_wconf 90' lang='lat' dir='ltr'><strong>impe·</strong></span> <span class='ocrx_word' id='word_1_191' title='bbox 1249 2064 1281 2125; x_wconf 91' lang='lat' dir='ltr'><strong>iu</strong></span> <span class='ocrx_word' id='word_1_192' title='bbox 1298 2065 1422 2127; x_wconf 89' lang='lat' dir='ltr'><strong>duobus</strong></span> <span class='ocrx_word' id='word_1_193' title='bbox 1436 2064 1591 2141; x_wconf 89' lang='lat' dir='ltr'><strong>consistit,</strong></span> <span class='ocrx_word' id='word_1_194' title='bbox 1605 2065 1739 2140; x_wconf 91' lang='lat' dir='ltr'><strong>seilicet,</strong></span> <span class='ocrx_word' id='word_1_195' title='bbox 1753 2065 1784 2126; x_wconf 95' lang='lat' dir='ltr'><strong>in</strong></span> <span class='ocrx_word' id='word_1_196' title='bbox 1799 2063 2024 2128; x_wconf 71' lang='lat' dir='ltr'><strong>connexiones-²</strong></span> 
     </span>
     <span class='ocr_line' id='line_1_18' title="bbox 446 2158 1973 2243; baseline 0 -23"><span class='ocrx_word' id='word_1_197' title='bbox 446 2158 577 2234; x_wconf 92' lang='lat' dir='ltr'><strong>diretur,</strong></span> <span class='ocrx_word' id='word_1_198' title='bbox 596 2159 649 2220; x_wconf 93' lang='lat' dir='ltr'><strong>sed</strong></span> <span class='ocrx_word' id='word_1_199' title='bbox 666 2159 771 2240; x_wconf 89' lang='lat' dir='ltr'><strong>potius</strong></span> <span class='ocrx_word' id='word_1_200' title='bbox 790 2167 1030 2241; x_wconf 89' lang='lat' dir='ltr'><strong>promoveretur</strong></span> <span class='ocrx_word' id='word_1_201' title='bbox 1051 2178 1108 2240; x_wconf 93' lang='lat' dir='ltr'><strong>per</strong></span> <span class='ocrx_word' id='word_1_202' title='bbox 1125 2179 1196 2239; x_wconf 83' lang='lat' dir='ltr'><strong>gra·</strong></span> <span class='ocrx_word' id='word_1_203' title='bbox 1250 2163 1465 2226; x_wconf 90' lang='lat' dir='ltr'><strong>membrorum</strong></span> <span class='ocrx_word' id='word_1_204' title='bbox 1479 2163 1629 2226; x_wconf 87' lang='lat' dir='ltr'><strong>Ecclesie</strong></span> <span class='ocrx_word' id='word_1_205' title='bbox 1648 2163 1687 2226; x_wconf 90' lang='lat' dir='ltr'><strong>ad</strong></span> <span class='ocrx_word' id='word_1_206' title='bbox 1709 2163 1857 2243; x_wconf 88' lang='lat' dir='ltr'><strong>invicem,</strong></span> <span class='ocrx_word' id='word_1_207' title='bbox 1871 2162 1973 2224; x_wconf 87' lang='lat' dir='ltr'><strong>etitem</strong></span> 
     </span>
     <span class='ocr_line' id='line_1_19' title="bbox 447 2255 1973 2338; baseline 0.001 -20"><span class='ocrx_word' id='word_1_208' title='bbox 447 2256 498 2318; x_wconf 86' lang='lat' dir='ltr'><strong>tie</strong></span> <span class='ocrx_word' id='word_1_209' title='bbox 527 2255 782 2338; x_wconf 88' lang='lat' dir='ltr'><strong>impetrationem</strong></span> <span class='ocrx_word' id='word_1_210' title='bbox 812 2257 977 2337; x_wconf 87' lang='lat' dir='ltr'><strong>majorem.</strong></span> <span class='ocrx_word' id='word_1_211' title='bbox 1009 2257 1042 2318; x_wconf 87' lang='lat' dir='ltr'><strong>Si</strong></span> <span class='ocrx_word' id='word_1_212' title='bbox 1071 2257 1197 2319; x_wconf 87' lang='lat' dir='ltr'><strong>dicetur</strong></span> <span class='ocrx_word' id='word_1_213' title='bbox 1249 2263 1280 2323; x_wconf 90' lang='lat' dir='ltr'><strong>in</strong></span> <span class='ocrx_word' id='word_1_214' title='bbox 1307 2261 1418 2324; x_wconf 87' lang='lat' dir='ltr'><strong>ordine</strong></span> <span class='ocrx_word' id='word_1_215' title='bbox 1441 2263 1583 2325; x_wconf 91' lang='lat' dir='ltr'><strong>omnium</strong></span> <span class='ocrx_word' id='word_1_216' title='bbox 1609 2263 1822 2325; x_wconf 87' lang='lat' dir='ltr'><strong>membrorum</strong></span> <span class='ocrx_word' id='word_1_217' title='bbox 1845 2260 1973 2324; x_wconf 84' lang='lat' dir='ltr'><strong>Ecclesia</strong></span> 
     </span>
     <span class='ocr_line' id='line_1_20' title="bbox 445 2354 1974 2442; baseline 0.001 -26"><span class='ocrx_word' id='word_1_218' title='bbox 445 2355 530 2435; x_wconf 91' lang='lat' dir='ltr'><strong>quod</strong></span> <span class='ocrx_word' id='word_1_219' title='bbox 553 2354 610 2432; x_wconf 91' lang='lat' dir='ltr'><strong>sic,</strong></span> <span class='ocrx_word' id='word_1_220' title='bbox 626 2373 701 2435; x_wconf 85' lang='lat' dir='ltr'><strong>ergo</strong></span> <span class='ocrx_word' id='word_1_221' title='bbox 727 2364 841 2438; x_wconf 84' lang='lat' dir='ltr'><strong>preest</strong></span> <span class='ocrx_word' id='word_1_222' title='bbox 864 2355 1013 2418; x_wconf 92' lang='lat' dir='ltr'><strong>omnibus</strong></span> <span class='ocrx_word' id='word_1_223' title='bbox 1039 2355 1103 2417; x_wconf 92' lang='lat' dir='ltr'><strong>illis</strong></span> <span class='ocrx_word' id='word_1_224' title='bbox 1128 2364 1197 2418; x_wconf 90' lang='lat' dir='ltr'><strong>tan·</strong></span> <span class='ocrx_word' id='word_1_225' title='bbox 1250 2360 1288 2421; x_wconf 91' lang='lat' dir='ltr'><strong>ad</strong></span> <span class='ocrx_word' id='word_1_226' title='bbox 1305 2379 1404 2421; x_wconf 93' lang='lat' dir='ltr'><strong>unum</strong></span> <span class='ocrx_word' id='word_1_227' title='bbox 1420 2369 1525 2442; x_wconf 90' lang='lat' dir='ltr'><strong>caput.</strong></span> <span class='ocrx_word' id='word_1_228' title='bbox 1539 2361 1603 2423; x_wconf 90' lang='lat' dir='ltr'><strong>Hoc</strong></span> <span class='ocrx_word' id='word_1_229' title='bbox 1618 2369 1724 2423; x_wconf 82' lang='lat' dir='ltr'><strong>cutem</strong></span> <span class='ocrx_word' id='word_1_230' title='bbox 1741 2369 1833 2441; x_wconf 92' lang='lat' dir='ltr'><strong>caput</strong></span> <span class='ocrx_word' id='word_1_231' title='bbox 1846 2368 1890 2422; x_wconf 88' lang='lat' dir='ltr'><strong>est</strong></span> <span class='ocrx_word' id='word_1_232' title='bbox 1902 2358 1974 2420; x_wconf 82' lang='lat' dir='ltr'><strong>Chri-</strong></span> 
     </span>
     <span class='ocr_line' id='line_1_21' title="bbox 445 2453 1973 2540; baseline 0.001 -26"><span class='ocrx_word' id='word_1_233' title='bbox 445 2472 540 2533; x_wconf 83' lang='lat' dir='ltr'><strong>quam</strong></span> <span class='ocrx_word' id='word_1_234' title='bbox 563 2454 710 2534; x_wconf 82' lang='lat' dir='ltr'><strong>prelatus</strong></span> <span class='ocrx_word' id='word_1_235' title='bbox 732 2462 763 2515; x_wconf 91' lang='lat' dir='ltr'><strong>et</strong></span> <span class='ocrx_word' id='word_1_236' title='bbox 783 2453 890 2534; x_wconf 87' lang='lat' dir='ltr'><strong>judex.</strong></span> <span class='ocrx_word' id='word_1_237' title='bbox 908 2454 938 2516; x_wconf 90' lang='lat' dir='ltr'><strong>Si</strong></span> <span class='ocrx_word' id='word_1_238' title='bbox 965 2453 1089 2516; x_wconf 83' lang='lat' dir='ltr'><strong>dicetur</strong></span> <span class='ocrx_word' id='word_1_239' title='bbox 1111 2455 1194 2534; x_wconf 89' lang='lat' dir='ltr'><strong>quod</strong></span> <span class='ocrx_word' id='word_1_240' title='bbox 1250 2469 1328 2536; x_wconf 91' lang='lat' dir='ltr'><strong>stus,</strong></span> <span class='ocrx_word' id='word_1_241' title='bbox 1350 2458 1443 2540; x_wconf 89' lang='lat' dir='ltr'><strong>cujus</strong></span> <span class='ocrx_word' id='word_1_242' title='bbox 1465 2459 1568 2521; x_wconf 91' lang='lat' dir='ltr'><strong>vicem</strong></span> <span class='ocrx_word' id='word_1_243' title='bbox 1588 2459 1621 2520; x_wconf 94' lang='lat' dir='ltr'><strong>in</strong></span> <span class='ocrx_word' id='word_1_244' title='bbox 1640 2467 1725 2521; x_wconf 90' lang='lat' dir='ltr'><strong>terra</strong></span> <span class='ocrx_word' id='word_1_245' title='bbox 1747 2459 1827 2540; x_wconf 82' lang='lat' dir='ltr'><strong>gerit</strong></span> <span class='ocrx_word' id='word_1_246' title='bbox 1850 2457 1973 2520; x_wconf 76' lang='lat' dir='ltr'><strong>Pontifex</strong></span> 
     </span>
     <span class='ocr_line' id='line_1_22' title="bbox 446 2551 1974 2636; baseline 0.001 -24"><span class='ocrx_word' id='word_1_247' title='bbox 446 2571 521 2628; x_wconf 92' lang='lat' dir='ltr'><strong>nou,</strong></span> <span class='ocrx_word' id='word_1_248' title='bbox 538 2571 675 2633; x_wconf 83' lang='lat' dir='ltr'><strong>queram</strong></span> <span class='ocrx_word' id='word_1_249' title='bbox 697 2551 734 2612; x_wconf 92' lang='lat' dir='ltr'><strong>ad</strong></span> <span class='ocrx_word' id='word_1_250' title='bbox 756 2571 849 2633; x_wconf 87' lang='lat' dir='ltr'><strong>quem</strong></span> <span class='ocrx_word' id='word_1_251' title='bbox 870 2553 920 2615; x_wconf 86' lang='lat' dir='ltr'><strong>vel</strong></span> <span class='ocrx_word' id='word_1_252' title='bbox 940 2553 979 2614; x_wconf 93' lang='lat' dir='ltr'><strong>ad</strong></span> <span class='ocrx_word' id='word_1_253' title='bbox 999 2572 1079 2633; x_wconf 86' lang='lat' dir='ltr'><strong>quos</strong></span> <span class='ocrx_word' id='word_1_254' title='bbox 1100 2553 1197 2635; x_wconf 90' lang='lat' dir='ltr'><strong>perti·</strong></span> <span class='ocrx_word' id='word_1_255' title='bbox 1251 2575 1405 2618; x_wconf 89' lang='lat' dir='ltr'><strong>summus.</strong></span> <span class='ocrx_word' id='word_1_256' title='bbox 1426 2556 1499 2619; x_wconf 89' lang='lat' dir='ltr'><strong>ideo</strong></span> <span class='ocrx_word' id='word_1_257' title='bbox 1521 2556 1715 2619; x_wconf 86' lang='lat' dir='ltr'><strong>schismatici</strong></span> <span class='ocrx_word' id='word_1_258' title='bbox 1740 2566 1821 2633; x_wconf 90' lang='lat' dir='ltr'><strong>sunt,</strong></span> <span class='ocrx_word' id='word_1_259' title='bbox 1845 2554 1896 2636; x_wconf 88' lang='lat' dir='ltr'><strong>qui</strong></span> <span class='ocrx_word' id='word_1_260' title='bbox 1914 2553 1974 2615; x_wconf 87' lang='lat' dir='ltr'><strong>sub</strong></span> 
     </span>
     <span class='ocr_line' id='line_1_23' title="bbox 446 2649 1973 2733; baseline 0 -22"><span class='ocrx_word' id='word_1_261' title='bbox 446 2649 535 2712; x_wconf 87' lang='lat' dir='ltr'><strong>nebit</strong></span> <span class='ocrx_word' id='word_1_262' title='bbox 550 2649 676 2712; x_wconf 93' lang='lat' dir='ltr'><strong>illorum</strong></span> <span class='ocrx_word' id='word_1_263' title='bbox 692 2651 845 2713; x_wconf 87' lang='lat' dir='ltr'><strong>correctio</strong></span> <span class='ocrx_word' id='word_1_264' title='bbox 865 2650 1088 2713; x_wconf 88' lang='lat' dir='ltr'><strong>auctoritativa</strong></span> <span class='ocrx_word' id='word_1_265' title='bbox 1101 2651 1196 2733; x_wconf 88' lang='lat' dir='ltr'><strong>etju-</strong></span> <span class='ocrx_word' id='word_1_266' title='bbox 1250 2674 1319 2717; x_wconf 87' lang='lat' dir='ltr'><strong>csse</strong></span> <span class='ocrx_word' id='word_1_267' title='bbox 1353 2664 1492 2717; x_wconf 90' lang='lat' dir='ltr'><strong>renuunt</strong></span> <span class='ocrx_word' id='word_1_268' title='bbox 1525 2673 1649 2717; x_wconf 91' lang='lat' dir='ltr'><strong>summo</strong></span> <span class='ocrx_word' id='word_1_269' title='bbox 1683 2653 1841 2732; x_wconf 81' lang='lat' dir='ltr'><strong>Pontifici,</strong></span> <span class='ocrx_word' id='word_1_270' title='bbox 1872 2663 1900 2716; x_wconf 89' lang='lat' dir='ltr'><strong>et</strong></span> <span class='ocrx_word' id='word_1_271' title='bbox 1929 2651 1973 2732; x_wconf 89' lang='lat' dir='ltr'><strong>qui</strong></span> 
     </span>
     <span class='ocr_line' id='line_1_24' title="bbox 446 2746 1974 2835; baseline 0.001 -26"><span class='ocrx_word' id='word_1_272' title='bbox 446 2747 581 2810; x_wconf 87' lang='lat' dir='ltr'><strong>dieialis.</strong></span> <span class='ocrx_word' id='word_1_273' title='bbox 598 2746 666 2809; x_wconf 93' lang='lat' dir='ltr'><strong>Non</strong></span> <span class='ocrx_word' id='word_1_274' title='bbox 688 2748 727 2810; x_wconf 95' lang='lat' dir='ltr'><strong>ad</strong></span> <span class='ocrx_word' id='word_1_275' title='bbox 749 2747 845 2829; x_wconf 91' lang='lat' dir='ltr'><strong>ipsos,</strong></span> <span class='ocrx_word' id='word_1_276' title='bbox 862 2768 960 2829; x_wconf 89' lang='lat' dir='ltr'><strong>quum</strong></span> <span class='ocrx_word' id='word_1_277' title='bbox 984 2749 1027 2811; x_wconf 78' lang='lat' dir='ltr'><strong>ite</strong></span> <span class='ocrx_word' id='word_1_278' title='bbox 1054 2769 1087 2812; x_wconf 91' lang='lat' dir='ltr'><strong>se</strong></span> <span class='ocrx_word' id='word_1_279' title='bbox 1109 2749 1196 2831; x_wconf 91' lang='lat' dir='ltr'><strong>ipsos</strong></span> <span class='ocrx_word' id='word_1_280' title='bbox 1251 2754 1401 2816; x_wconf 89' lang='lat' dir='ltr'><strong>membris</strong></span> <span class='ocrx_word' id='word_1_281' title='bbox 1426 2754 1575 2816; x_wconf 88' lang='lat' dir='ltr'><strong>Eoolesie</strong></span> <span class='ocrx_word' id='word_1_282' title='bbox 1594 2754 1623 2816; x_wconf 94' lang='lat' dir='ltr'><strong>ei</strong></span> <span class='ocrx_word' id='word_1_283' title='bbox 1645 2753 1798 2835; x_wconf 88' lang='lat' dir='ltr'><strong>subjectis</strong></span> <span class='ocrx_word' id='word_1_284' title='bbox 1820 2751 1974 2815; x_wconf 88' lang='lat' dir='ltr'><strong>commuui-</strong></span> 
     </span>
     <span class='ocr_line' id='line_1_25' title="bbox 447 2846 1974 2928; baseline 0.001 -20"><span class='ocrx_word' id='word_1_285' title='bbox 447 2847 605 2927; x_wconf 84' lang='lat' dir='ltr'><strong>corrigere</strong></span> <span class='ocrx_word' id='word_1_286' title='bbox 620 2865 683 2910; x_wconf 93' lang='lat' dir='ltr'><strong>non</strong></span> <span class='ocrx_word' id='word_1_287' title='bbox 706 2846 747 2907; x_wconf 91' lang='lat' dir='ltr'><strong>sit</strong></span> <span class='ocrx_word' id='word_1_288' title='bbox 769 2865 905 2926; x_wconf 90' lang='lat' dir='ltr'><strong>reorum,</strong></span> <span class='ocrx_word' id='word_1_289' title='bbox 923 2846 986 2909; x_wconf 93' lang='lat' dir='ltr'><strong>imo</strong></span> <span class='ocrx_word' id='word_1_290' title='bbox 1006 2867 1078 2910; x_wconf 90' lang='lat' dir='ltr'><strong>reus</strong></span> <span class='ocrx_word' id='word_1_291' title='bbox 1097 2856 1129 2910; x_wconf 92' lang='lat' dir='ltr'><strong>et</strong></span> <span class='ocrx_word' id='word_1_292' title='bbox 1146 2848 1197 2928; x_wconf 84' lang='lat' dir='ltr'><strong>ju·</strong></span> <span class='ocrx_word' id='word_1_293' title='bbox 1251 2871 1322 2915; x_wconf 87' lang='lat' dir='ltr'><strong>care</strong></span> <span class='ocrx_word' id='word_1_294' title='bbox 1337 2861 1495 2914; x_wconf 84' lang='lat' dir='ltr'><strong>recusant.</strong></span> <span class='ocrx_word' id='word_1_295' title='bbox 1511 2850 1597 2914; x_wconf 89' lang='lat' dir='ltr'><strong>Istud</strong></span> <span class='ocrx_word' id='word_1_296' title='bbox 1614 2852 1697 2914; x_wconf 92' lang='lat' dir='ltr'><strong>idem</strong></span> <span class='ocrx_word' id='word_1_297' title='bbox 1712 2851 1910 2927; x_wconf 86' lang='lat' dir='ltr'><strong>Roimundus,</strong></span> <span class='ocrx_word' id='word_1_298' title='bbox 1925 2849 1974 2910; x_wconf 84' lang='lat' dir='ltr'><strong>llu·</strong></span> 
     </span>
     <span class='ocr_line' id='line_1_26' title="bbox 446 2942 1974 3027; baseline 0 -21"><span class='ocrx_word' id='word_1_299' title='bbox 446 2944 507 3006; x_wconf 89' lang='lat' dir='ltr'><strong>dex</strong></span> <span class='ocrx_word' id='word_1_300' title='bbox 521 2942 639 3005; x_wconf 88' lang='lat' dir='ltr'><strong>diversi</strong></span> <span class='ocrx_word' id='word_1_301' title='bbox 656 2951 730 3005; x_wconf 89' lang='lat' dir='ltr'><strong>sunt</strong></span> <span class='ocrx_word' id='word_1_302' title='bbox 747 2967 753 3004; x_wconf 94' lang='lat'>:</span> <span class='ocrx_word' id='word_1_303' title='bbox 773 2944 832 3007; x_wconf 91' lang='lat' dir='ltr'><strong>hoc</strong></span> <span class='ocrx_word' id='word_1_304' title='bbox 849 2945 942 3007; x_wconf 91' lang='lat' dir='ltr'><strong>modo</strong></span> <span class='ocrx_word' id='word_1_305' title='bbox 963 2963 1038 3026; x_wconf 87' lang='lat' dir='ltr'><strong>ergo</strong></span> <span class='ocrx_word' id='word_1_306' title='bbox 1058 2945 1196 3026; x_wconf 91' lang='lat' dir='ltr'><strong>pertine·</strong></span> <span class='ocrx_word' id='word_1_307' title='bbox 1251 2951 1380 3027; x_wconf 92' lang='lat' dir='ltr'><strong>randus,</strong></span> <span class='ocrx_word' id='word_1_308' title='bbox 1409 2951 1629 3013; x_wconf 87' lang='lat' dir='ltr'><strong>Bonarentura</strong></span> <span class='ocrx_word' id='word_1_309' title='bbox 1657 2958 1689 3012; x_wconf 93' lang='lat' dir='ltr'><strong>et</strong></span> <span class='ocrx_word' id='word_1_310' title='bbox 1715 2949 1770 3012; x_wconf 92' lang='lat' dir='ltr'><strong>alii</strong></span> <span class='ocrx_word' id='word_1_311' title='bbox 1798 2948 1974 3013; x_wconf 86' lang='lat' dir='ltr'><strong>concorditer</strong></span> 
     </span>
     <span class='ocr_line' id='line_1_27' title="bbox 446 3041 1973 3130; baseline 0 -26"><span class='ocrx_word' id='word_1_312' title='bbox 446 3041 493 3104; x_wconf 92' lang='lat' dir='ltr'><strong>bit</strong></span> <span class='ocrx_word' id='word_1_313' title='bbox 514 3041 553 3102; x_wconf 91' lang='lat' dir='ltr'><strong>ad</strong></span> <span class='ocrx_word' id='word_1_314' title='bbox 576 3041 701 3123; x_wconf 89' lang='lat' dir='ltr'><strong>Papam,</strong></span> <span class='ocrx_word' id='word_1_315' title='bbox 721 3041 770 3104; x_wconf 87' lang='lat' dir='ltr'><strong>vel</strong></span> <span class='ocrx_word' id='word_1_316' title='bbox 791 3043 830 3104; x_wconf 91' lang='lat' dir='ltr'><strong>ad</strong></span> <span class='ocrx_word' id='word_1_317' title='bbox 853 3041 987 3105; x_wconf 93' lang='lat' dir='ltr'><strong>nullum.</strong></span> <span class='ocrx_word' id='word_1_318' title='bbox 1214 3041 1404 3110; x_wconf 87' lang='lat' dir='ltr'><strong>Cscribunt.</strong></span> <span class='ocrx_word' id='word_1_319' title='bbox 1431 3048 1462 3110; x_wconf 90' lang='lat' dir='ltr'><strong>Si</strong></span> <span class='ocrx_word' id='word_1_320' title='bbox 1492 3067 1567 3129; x_wconf 82' lang='lat' dir='ltr'><strong>ergo</strong></span> <span class='ocrx_word' id='word_1_321' title='bbox 1592 3048 1633 3109; x_wconf 87' lang='lat' dir='ltr'><strong>sit</strong></span> <span class='ocrx_word' id='word_1_322' title='bbox 1657 3048 1765 3129; x_wconf 84' lang='lat' dir='ltr'><strong>alique</strong></span> <span class='ocrx_word' id='word_1_323' title='bbox 1793 3045 1973 3130; x_wconf 70' lang='lat' dir='ltr'><strong>congregatio</strong></span> 
     </span>
     <span class='ocr_line' id='line_1_28' title="bbox 486 3140 1973 3229; baseline 0 -27"><span class='ocrx_word' id='word_1_324' title='bbox 486 3140 602 3215; x_wconf 83' lang='lat' dir='ltr'><strong>Quarto</strong></span> <span class='ocrx_word' id='word_1_325' title='bbox 619 3140 789 3222; x_wconf 83' lang='lat' dir='ltr'><strong>interrogo,</strong></span> <span class='ocrx_word' id='word_1_326' title='bbox 806 3141 833 3202; x_wconf 91' lang='lat' dir='ltr'><strong>si</strong></span> <span class='ocrx_word' id='word_1_327' title='bbox 849 3141 963 3222; x_wconf 83' lang='lat' dir='ltr'><strong>alique</strong></span> <span class='ocrx_word' id='word_1_328' title='bbox 979 3150 1072 3204; x_wconf 83' lang='lat' dir='ltr'><strong>certe</strong></span> <span class='ocrx_word' id='word_1_329' title='bbox 1090 3161 1196 3223; x_wconf 90' lang='lat' dir='ltr'><strong>perso-</strong></span> <span class='ocrx_word' id='word_1_330' title='bbox 1250 3167 1319 3229; x_wconf 84' lang='lat' dir='ltr'><strong>que</strong></span> <span class='ocrx_word' id='word_1_331' title='bbox 1345 3167 1378 3209; x_wconf 92' lang='lat' dir='ltr'><strong>se</strong></span> <span class='ocrx_word' id='word_1_332' title='bbox 1406 3147 1446 3209; x_wconf 89' lang='lat' dir='ltr'><strong>ab</strong></span> <span class='ocrx_word' id='word_1_333' title='bbox 1475 3147 1656 3209; x_wconf 85' lang='lat' dir='ltr'><strong>obedientia</strong></span> <span class='ocrx_word' id='word_1_334' title='bbox 1683 3146 1800 3209; x_wconf 91' lang='lat' dir='ltr'><strong>summi</strong></span> <span class='ocrx_word' id='word_1_335' title='bbox 1827 3143 1973 3209; x_wconf 80' lang='lat' dir='ltr'><strong>Pontificis</strong></span> 
     </span>
     <span class='ocr_line' id='line_1_29' title="bbox 447 3238 1974 3323; baseline 0.001 -23"><span class='ocrx_word' id='word_1_336' title='bbox 447 3258 494 3301; x_wconf 88' lang='lat' dir='ltr'><strong>ne</strong></span> <span class='ocrx_word' id='word_1_337' title='bbox 516 3238 703 3301; x_wconf 88' lang='lat' dir='ltr'><strong>conciliares</strong></span> <span class='ocrx_word' id='word_1_338' title='bbox 724 3240 864 3320; x_wconf 84' lang='lat' dir='ltr'><strong>graviter</strong></span> <span class='ocrx_word' id='word_1_339' title='bbox 885 3249 1029 3322; x_wconf 83' lang='lat' dir='ltr'><strong>peccent,</strong></span> <span class='ocrx_word' id='word_1_340' title='bbox 1051 3260 1092 3302; x_wconf 86' lang='lat' dir='ltr'><strong>an</strong></span> <span class='ocrx_word' id='word_1_341' title='bbox 1113 3240 1195 3322; x_wconf 92' lang='lat' dir='ltr'><strong>Papa</strong></span> <span class='ocrx_word' id='word_1_342' title='bbox 1250 3246 1379 3308; x_wconf 89' lang='lat' dir='ltr'><strong>omnino</strong></span> <span class='ocrx_word' id='word_1_343' title='bbox 1398 3244 1558 3323; x_wconf 89' lang='lat' dir='ltr'><strong>subducit,</strong></span> <span class='ocrx_word' id='word_1_344' title='bbox 1582 3244 1750 3321; x_wconf 89' lang='lat' dir='ltr'><strong>subtrahit,</strong></span> <span class='ocrx_word' id='word_1_345' title='bbox 1772 3244 1885 3320; x_wconf 86' lang='lat' dir='ltr'><strong>eximit,</strong></span> <span class='ocrx_word' id='word_1_346' title='bbox 1904 3260 1974 3304; x_wconf 74' lang='lat' dir='ltr'><strong>asse</strong></span> 
     </span>
     <span class='ocr_line' id='line_1_30' title="bbox 447 3338 1974 3425; baseline 0.001 -26"><span class='ocrx_word' id='word_1_347' title='bbox 447 3356 586 3418; x_wconf 84' lang='lat' dir='ltr'><strong>presens</strong></span> <span class='ocrx_word' id='word_1_348' title='bbox 601 3338 701 3418; x_wconf 90' lang='lat' dir='ltr'><strong>possit</strong></span> <span class='ocrx_word' id='word_1_349' title='bbox 719 3357 773 3399; x_wconf 92' lang='lat' dir='ltr'><strong>eas</strong></span> <span class='ocrx_word' id='word_1_350' title='bbox 792 3338 923 3419; x_wconf 86' lang='lat' dir='ltr'><strong>prelato</strong></span> <span class='ocrx_word' id='word_1_351' title='bbox 942 3339 1035 3401; x_wconf 94' lang='lat' dir='ltr'><strong>modo</strong></span> <span class='ocrx_word' id='word_1_352' title='bbox 1057 3338 1195 3421; x_wconf 81' lang='lat' dir='ltr'><strong>corrige·</strong></span> <span class='ocrx_word' id='word_1_353' title='bbox 1251 3365 1323 3407; x_wconf 89' lang='lat' dir='ltr'><strong>rens</strong></span> <span class='ocrx_word' id='word_1_354' title='bbox 1339 3364 1372 3406; x_wconf 89' lang='lat' dir='ltr'><strong>se</strong></span> <span class='ocrx_word' id='word_1_355' title='bbox 1392 3363 1591 3425; x_wconf 87' lang='lat' dir='ltr'><strong>nequaquam</strong></span> <span class='ocrx_word' id='word_1_356' title='bbox 1611 3362 1736 3406; x_wconf 92' lang='lat' dir='ltr'><strong>summo</strong></span> <span class='ocrx_word' id='word_1_357' title='bbox 1758 3342 1897 3406; x_wconf 88' lang='lat' dir='ltr'><strong>Pontilici</strong></span> <span class='ocrx_word' id='word_1_358' title='bbox 1913 3340 1974 3402; x_wconf 85' lang='lat' dir='ltr'><strong>sub</strong></span> 
     </span>
     <span class='ocr_line' id='line_1_31' title="bbox 447 3434 1973 3524; baseline 0.001 -27"><span class='ocrx_word' id='word_1_359' title='bbox 447 3454 491 3497; x_wconf 90' lang='lat' dir='ltr'><strong>re.</strong></span> <span class='ocrx_word' id='word_1_360' title='bbox 509 3434 540 3496; x_wconf 87' lang='lat' dir='ltr'><strong>Si</strong></span> <span class='ocrx_word' id='word_1_361' title='bbox 562 3434 686 3497; x_wconf 86' lang='lat' dir='ltr'><strong>dicatur</strong></span> <span class='ocrx_word' id='word_1_362' title='bbox 705 3434 789 3515; x_wconf 89' lang='lat' dir='ltr'><strong>quod</strong></span> <span class='ocrx_word' id='word_1_363' title='bbox 811 3436 868 3512; x_wconf 91' lang='lat' dir='ltr'><strong>sic,</strong></span> <span class='ocrx_word' id='word_1_364' title='bbox 885 3454 961 3517; x_wconf 84' lang='lat' dir='ltr'><strong>ergo</strong></span> <span class='ocrx_word' id='word_1_365' title='bbox 981 3437 1128 3517; x_wconf 88' lang='lat' dir='ltr'><strong>presidet</strong></span> <span class='ocrx_word' id='word_1_366' title='bbox 1148 3437 1194 3500; x_wconf 90' lang='lat' dir='ltr'><strong>eis</strong></span> <span class='ocrx_word' id='word_1_367' title='bbox 1249 3444 1377 3524; x_wconf 86' lang='lat' dir='ltr'><strong>jectam,</strong></span> <span class='ocrx_word' id='word_1_368' title='bbox 1394 3443 1437 3504; x_wconf 90' lang='lat' dir='ltr'><strong>ita</strong></span> <span class='ocrx_word' id='word_1_369' title='bbox 1453 3442 1536 3523; x_wconf 87' lang='lat' dir='ltr'><strong>quod</strong></span> <span class='ocrx_word' id='word_1_370' title='bbox 1553 3442 1606 3522; x_wconf 91' lang='lat' dir='ltr'><strong>ille</strong></span> <span class='ocrx_word' id='word_1_371' title='bbox 1621 3442 1741 3504; x_wconf 87' lang='lat' dir='ltr'><strong>nullam</strong></span> <span class='ocrx_word' id='word_1_372' title='bbox 1763 3440 1973 3524; x_wconf 86' lang='lat' dir='ltr'><strong>presidentiam</strong></span> 
     </span>
     <span class='ocr_line' id='line_1_32' title="bbox 448 3534 1974 3622; baseline 0.003 -29"><span class='ocrx_word' id='word_1_373' title='bbox 448 3534 622 3595; x_wconf 87' lang='lat' dir='ltr'><strong>secundum</strong></span> <span class='ocrx_word' id='word_1_374' title='bbox 650 3534 778 3595; x_wconf 92' lang='lat' dir='ltr'><strong>modum</strong></span> <span class='ocrx_word' id='word_1_375' title='bbox 805 3543 999 3615; x_wconf 82' lang='lat' dir='ltr'><strong>preteetum.</strong></span> <span class='ocrx_word' id='word_1_376' title='bbox 1017 3535 1047 3596; x_wconf 90' lang='lat' dir='ltr'><strong>Si</strong></span> <span class='ocrx_word' id='word_1_377' title='bbox 1071 3536 1195 3597; x_wconf 85' lang='lat' dir='ltr'><strong>dicotur</strong></span> <span class='ocrx_word' id='word_1_378' title='bbox 1250 3550 1278 3602; x_wconf 91' lang='lat' dir='ltr'><strong>et</strong></span> <span class='ocrx_word' id='word_1_379' title='bbox 1300 3539 1557 3620; x_wconf 88' lang='lat' dir='ltr'><strong>jurisdictionem</strong></span> <span class='ocrx_word' id='word_1_380' title='bbox 1579 3559 1675 3622; x_wconf 91' lang='lat' dir='ltr'><strong>super</strong></span> <span class='ocrx_word' id='word_1_381' title='bbox 1693 3560 1727 3602; x_wconf 91' lang='lat' dir='ltr'><strong>se</strong></span> <span class='ocrx_word' id='word_1_382' title='bbox 1745 3541 1867 3617; x_wconf 81' lang='lat' dir='ltr'><strong>haheat,</strong></span> <span class='ocrx_word' id='word_1_383' title='bbox 1882 3538 1974 3601; x_wconf 84' lang='lat' dir='ltr'><strong>riden-</strong></span> 
     </span>
     <span class='ocr_line' id='line_1_33' title="bbox 448 3632 1974 3719; baseline 0.002 -27"><span class='ocrx_word' id='word_1_384' title='bbox 448 3632 532 3713; x_wconf 90' lang='lat' dir='ltr'><strong>quod</strong></span> <span class='ocrx_word' id='word_1_385' title='bbox 548 3650 623 3707; x_wconf 92' lang='lat' dir='ltr'><strong>non,</strong></span> <span class='ocrx_word' id='word_1_386' title='bbox 640 3632 845 3712; x_wconf 90' lang='lat' dir='ltr'><strong>querendum</strong></span> <span class='ocrx_word' id='word_1_387' title='bbox 861 3640 919 3711; x_wconf 89' lang='lat' dir='ltr'><strong>est,</strong></span> <span class='ocrx_word' id='word_1_388' title='bbox 936 3652 1035 3713; x_wconf 89' lang='lat' dir='ltr'><strong>quum</strong></span> <span class='ocrx_word' id='word_1_389' title='bbox 1056 3633 1139 3714; x_wconf 86' lang='lat' dir='ltr'><strong>Papa</strong></span> <span class='ocrx_word' id='word_1_390' title='bbox 1158 3653 1195 3695; x_wconf 83' lang='lat' dir='ltr'><strong>ex</strong></span> <span class='ocrx_word' id='word_1_391' title='bbox 1249 3640 1326 3700; x_wconf 89' lang='lat' dir='ltr'><strong>dnm</strong></span> <span class='ocrx_word' id='word_1_392' title='bbox 1350 3647 1398 3700; x_wconf 90' lang='lat' dir='ltr'><strong>est</strong></span> <span class='ocrx_word' id='word_1_393' title='bbox 1417 3639 1576 3719; x_wconf 89' lang='lat' dir='ltr'><strong>quomodo</strong></span> <span class='ocrx_word' id='word_1_394' title='bbox 1595 3647 1764 3701; x_wconf 85' lang='lat' dir='ltr'><strong>excusetur</strong></span> <span class='ocrx_word' id='word_1_395' title='bbox 1783 3659 1802 3701; x_wconf 92' lang='lat' dir='ltr'><strong>a</strong></span> <span class='ocrx_word' id='word_1_396' title='bbox 1818 3638 1888 3700; x_wconf 89' lang='lat' dir='ltr'><strong>ritio</strong></span> <span class='ocrx_word' id='word_1_397' title='bbox 1905 3634 1974 3698; x_wconf 90' lang='lat' dir='ltr'><strong>schi-</strong></span> 
     </span>
     <span class='ocr_line' id='line_1_34' title="bbox 448 3728 1974 3818; baseline 0.003 -28"><span class='ocrx_word' id='word_1_398' title='bbox 448 3748 506 3792; x_wconf 91' lang='lat' dir='ltr'><strong>suo</strong></span> <span class='ocrx_word' id='word_1_399' title='bbox 527 3728 638 3792; x_wconf 87' lang='lat' dir='ltr'><strong>cilicio</strong></span> <span class='ocrx_word' id='word_1_400' title='bbox 663 3738 694 3791; x_wconf 90' lang='lat' dir='ltr'><strong>et</strong></span> <span class='ocrx_word' id='word_1_401' title='bbox 716 3728 787 3810; x_wconf 88' lang='lat' dir='ltr'><strong>jure</strong></span> <span class='ocrx_word' id='word_1_402' title='bbox 814 3730 922 3792; x_wconf 92' lang='lat' dir='ltr'><strong>divino</strong></span> <span class='ocrx_word' id='word_1_403' title='bbox 948 3731 1061 3793; x_wconf 82' lang='lat' dir='ltr'><strong>haheat</strong></span> <span class='ocrx_word' id='word_1_404' title='bbox 1085 3750 1195 3811; x_wconf 88' lang='lat' dir='ltr'><strong>quem·</strong></span> <span class='ocrx_word' id='word_1_405' title='bbox 1251 3737 1371 3799; x_wconf 83' lang='lat' dir='ltr'><strong>sinatis.</strong></span> <span class='ocrx_word' id='word_1_406' title='bbox 1398 3737 1430 3799; x_wconf 88' lang='lat' dir='ltr'><strong>Si</strong></span> <span class='ocrx_word' id='word_1_407' title='bbox 1456 3736 1581 3799; x_wconf 88' lang='lat' dir='ltr'><strong>dicatur</strong></span> <span class='ocrx_word' id='word_1_408' title='bbox 1604 3737 1687 3818; x_wconf 92' lang='lat' dir='ltr'><strong>quod</strong></span> <span class='ocrx_word' id='word_1_409' title='bbox 1712 3737 1866 3800; x_wconf 89' lang='lat' dir='ltr'><strong>subtrahit</strong></span> <span class='ocrx_word' id='word_1_410' title='bbox 1887 3756 1917 3799; x_wconf 86' lang='lat' dir='ltr'><strong>se</strong></span> <span class='ocrx_word' id='word_1_411' title='bbox 1940 3734 1974 3795; x_wconf 84' lang='lat' dir='ltr'><strong>ah</strong></span> 
     </span>
     <span class='ocr_line' id='line_1_35' title="bbox 447 3827 1974 3915; baseline 0.003 -26"><span class='ocrx_word' id='word_1_412' title='bbox 447 3827 525 3889; x_wconf 90' lang='lat' dir='ltr'><strong>libet</strong></span> <span class='ocrx_word' id='word_1_413' title='bbox 552 3837 736 3909; x_wconf 87' lang='lat' dir='ltr'><strong>peccantem</strong></span> <span class='ocrx_word' id='word_1_414' title='bbox 766 3828 936 3909; x_wconf 89' lang='lat' dir='ltr'><strong>corrigere,</strong></span> <span class='ocrx_word' id='word_1_415' title='bbox 968 3829 993 3890; x_wconf 93' lang='lat' dir='ltr'><strong>si</strong></span> <span class='ocrx_word' id='word_1_416' title='bbox 1027 3838 1137 3891; x_wconf 83' lang='lat' dir='ltr'><strong>cernat</strong></span> <span class='ocrx_word' id='word_1_417' title='bbox 1163 3837 1196 3891; x_wconf 91' lang='lat' dir='ltr'><strong>et</strong></span> <span class='ocrx_word' id='word_1_418' title='bbox 1250 3833 1429 3896; x_wconf 90' lang='lat' dir='ltr'><strong>ohedientia</strong></span> <span class='ocrx_word' id='word_1_419' title='bbox 1446 3833 1512 3911; x_wconf 83' lang='lat' dir='ltr'><strong>tali,</strong></span> <span class='ocrx_word' id='word_1_420' title='bbox 1529 3852 1592 3896; x_wconf 93' lang='lat' dir='ltr'><strong>nou</strong></span> <span class='ocrx_word' id='word_1_421' title='bbox 1610 3843 1644 3895; x_wconf 92' lang='lat' dir='ltr'><strong>ut</strong></span> <span class='ocrx_word' id='word_1_422' title='bbox 1657 3834 1804 3915; x_wconf 83' lang='lat' dir='ltr'><strong>quedam</strong></span> <span class='ocrx_word' id='word_1_423' title='bbox 1825 3850 1974 3915; x_wconf 73' lang='lat' dir='ltr'><strong>congrega-</strong></span> 
     </span>
     <span class='ocr_line' id='line_1_36' title="bbox 447 3926 1974 4013; baseline 0.002 -25"><span class='ocrx_word' id='word_1_424' title='bbox 447 3927 528 3989; x_wconf 89' lang='lat' dir='ltr'><strong>soiat</strong></span> <span class='ocrx_word' id='word_1_425' title='bbox 548 3926 618 4007; x_wconf 88' lang='lat' dir='ltr'><strong>ejus</strong></span> <span class='ocrx_word' id='word_1_426' title='bbox 643 3946 819 4003; x_wconf 83' lang='lat' dir='ltr'><strong>excessum,</strong></span> <span class='ocrx_word' id='word_1_427' title='bbox 837 3936 868 3989; x_wconf 90' lang='lat' dir='ltr'><strong>et</strong></span> <span class='ocrx_word' id='word_1_428' title='bbox 892 3926 954 3989; x_wconf 89' lang='lat' dir='ltr'><strong>loci</strong></span> <span class='ocrx_word' id='word_1_429' title='bbox 980 3946 1016 3990; x_wconf 85' lang='lat' dir='ltr'><strong>oc</strong></span> <span class='ocrx_word' id='word_1_430' title='bbox 1042 3926 1195 4008; x_wconf 89' lang='lat' dir='ltr'><strong>temporis</strong></span> <span class='ocrx_word' id='word_1_431' title='bbox 1252 3932 1295 3993; x_wconf 90' lang='lat' dir='ltr'><strong>tio</strong></span> <span class='ocrx_word' id='word_1_432' title='bbox 1311 3930 1520 4012; x_wconf 83' lang='lat' dir='ltr'><strong>particularis,</strong></span> <span class='ocrx_word' id='word_1_433' title='bbox 1537 3932 1640 3994; x_wconf 92' lang='lat' dir='ltr'><strong>sedin</strong></span> <span class='ocrx_word' id='word_1_434' title='bbox 1659 3941 1813 4013; x_wconf 91' lang='lat' dir='ltr'><strong>quantum</strong></span> <span class='ocrx_word' id='word_1_435' title='bbox 1833 3931 1974 3994; x_wconf 81' lang='lat' dir='ltr'><strong>universa·</strong></span> 
     </span>
     <span class='ocr_line' id='line_1_37' title="bbox 447 4023 1973 4112; baseline 0 -25"><span class='ocrx_word' id='word_1_436' title='bbox 447 4024 665 4105; x_wconf 88' lang='lat' dir='ltr'><strong>opportunitas</strong></span> <span class='ocrx_word' id='word_1_437' title='bbox 681 4023 774 4100; x_wconf 81' lang='lat' dir='ltr'><strong>adsit,</strong></span> <span class='ocrx_word' id='word_1_438' title='bbox 792 4042 849 4085; x_wconf 92' lang='lat' dir='ltr'><strong>cur</strong></span> <span class='ocrx_word' id='word_1_439' title='bbox 868 4023 939 4086; x_wconf 92' lang='lat' dir='ltr'><strong>illas</strong></span> <span class='ocrx_word' id='word_1_440' title='bbox 959 4044 1111 4106; x_wconf 86' lang='lat' dir='ltr'><strong>personas</strong></span> <span class='ocrx_word' id='word_1_441' title='bbox 1130 4044 1194 4087; x_wconf 93' lang='lat' dir='ltr'><strong>non</strong></span> <span class='ocrx_word' id='word_1_442' title='bbox 1250 4030 1313 4092; x_wconf 91' lang='lat' dir='ltr'><strong>lem</strong></span> <span class='ocrx_word' id='word_1_443' title='bbox 1337 4028 1513 4091; x_wconf 84' lang='lat' dir='ltr'><strong>Ecclesiam</strong></span> <span class='ocrx_word' id='word_1_444' title='bbox 1539 4031 1744 4112; x_wconf 73' lang='lat' dir='ltr'><strong>representat</strong></span> <span class='ocrx_word' id='word_1_445' title='bbox 1760 4054 1768 4092; x_wconf 89' lang='lat'>:</span> <span class='ocrx_word' id='word_1_446' title='bbox 1785 4050 1857 4111; x_wconf 84' lang='lat' dir='ltr'><strong>ergo</strong></span> <span class='ocrx_word' id='word_1_447' title='bbox 1877 4029 1973 4091; x_wconf 85' lang='lat' dir='ltr'><strong>saltem</strong></span> 
     </span>
     <span class='ocr_line' id='line_1_38' title="bbox 446 4121 1973 4209; baseline -0.001 -24"><span class='ocrx_word' id='word_1_448' title='bbox 446 4122 563 4205; x_wconf 92' lang='lat' dir='ltr'><strong>poterit</strong></span> <span class='ocrx_word' id='word_1_449' title='bbox 584 4122 626 4183; x_wconf 87' lang='lat' dir='ltr'><strong>ita</strong></span> <span class='ocrx_word' id='word_1_450' title='bbox 649 4122 817 4202; x_wconf 83' lang='lat' dir='ltr'><strong>corrigere.</strong></span> <span class='ocrx_word' id='word_1_451' title='bbox 840 4122 870 4183; x_wconf 87' lang='lat' dir='ltr'><strong>Si</strong></span> <span class='ocrx_word' id='word_1_452' title='bbox 893 4121 1017 4185; x_wconf 86' lang='lat' dir='ltr'><strong>dicatur</strong></span> <span class='ocrx_word' id='word_1_453' title='bbox 1037 4124 1122 4203; x_wconf 88' lang='lat' dir='ltr'><strong>quod</strong></span> <span class='ocrx_word' id='word_1_454' title='bbox 1148 4143 1196 4185; x_wconf 87' lang='lat' dir='ltr'><strong>ra-</strong></span> <span class='ocrx_word' id='word_1_455' title='bbox 1251 4135 1285 4188; x_wconf 92' lang='lat' dir='ltr'><strong>ut</strong></span> <span class='ocrx_word' id='word_1_456' title='bbox 1299 4126 1555 4189; x_wconf 86' lang='lat' dir='ltr'><strong>exsistentialiter</strong></span> <span class='ocrx_word' id='word_1_457' title='bbox 1569 4136 1617 4189; x_wconf 89' lang='lat' dir='ltr'><strong>est</strong></span> <span class='ocrx_word' id='word_1_458' title='bbox 1632 4128 1777 4208; x_wconf 82' lang='lat' dir='ltr'><strong>quedam</strong></span> <span class='ocrx_word' id='word_1_459' title='bbox 1797 4124 1973 4209; x_wconf 89' lang='lat' dir='ltr'><strong>particularis</strong></span> 
     </span>
     <span class='ocr_line' id='line_1_39' title="bbox 446 4220 1973 4305; baseline -0.002 -20"><span class='ocrx_word' id='word_1_460' title='bbox 446 4223 533 4285; x_wconf 90' lang='lat' dir='ltr'><strong>tione</strong></span> <span class='ocrx_word' id='word_1_461' title='bbox 548 4221 728 4284; x_wconf 83' lang='lat' dir='ltr'><strong>concilieris</strong></span> <span class='ocrx_word' id='word_1_462' title='bbox 744 4221 874 4302; x_wconf 83' lang='lat' dir='ltr'><strong>negotii,</strong></span> <span class='ocrx_word' id='word_1_463' title='bbox 894 4241 949 4283; x_wconf 90' lang='lat' dir='ltr'><strong>seu</strong></span> <span class='ocrx_word' id='word_1_464' title='bbox 971 4230 1101 4305; x_wconf 86' lang='lat' dir='ltr'><strong>propter</strong></span> <span class='ocrx_word' id='word_1_465' title='bbox 1120 4241 1196 4286; x_wconf 91' lang='lat' dir='ltr'><strong>con·</strong></span> <span class='ocrx_word' id='word_1_466' title='bbox 1211 4220 1235 4281; x_wconf 87' lang='lat' dir='ltr'><strong>l)</strong></span> <span class='ocrx_word' id='word_1_467' title='bbox 1250 4224 1396 4287; x_wconf 87' lang='lat' dir='ltr'><strong>collectio</strong></span> <span class='ocrx_word' id='word_1_468' title='bbox 1411 4224 1596 4303; x_wconf 87' lang='lat' dir='ltr'><strong>christiana,</strong></span> <span class='ocrx_word' id='word_1_469' title='bbox 1613 4226 1707 4287; x_wconf 90' lang='lat' dir='ltr'><strong>dehet</strong></span> <span class='ocrx_word' id='word_1_470' title='bbox 1722 4245 1849 4289; x_wconf 80' lang='lat' dir='ltr'><strong>manere</strong></span> <span class='ocrx_word' id='word_1_471' title='bbox 1866 4240 1973 4287; x_wconf 88' lang='lat' dir='ltr'><strong>summo</strong></span> 
     </span>
     <span class='ocr_line' id='line_1_40' title="bbox 446 4319 1974 4403; baseline -0.001 -21"><span class='ocrx_word' id='word_1_472' title='bbox 446 4321 513 4383; x_wconf 93' lang='lat' dir='ltr'><strong>oilii</strong></span> <span class='ocrx_word' id='word_1_473' title='bbox 542 4319 801 4402; x_wconf 90' lang='lat' dir='ltr'><strong>prohibitionem,</strong></span> <span class='ocrx_word' id='word_1_474' title='bbox 828 4327 902 4381; x_wconf 89' lang='lat' dir='ltr'><strong>tunc</strong></span> <span class='ocrx_word' id='word_1_475' title='bbox 927 4321 1059 4400; x_wconf 79' lang='lat' dir='ltr'><strong>questio</strong></span> <span class='ocrx_word' id='word_1_476' title='bbox 1083 4320 1195 4401; x_wconf 89' lang='lat' dir='ltr'><strong>quinta</strong></span> <span class='ocrx_word' id='word_1_477' title='bbox 1250 4321 1397 4384; x_wconf 81' lang='lat' dir='ltr'><strong>Pontifici</strong></span> <span class='ocrx_word' id='word_1_478' title='bbox 1412 4322 1564 4385; x_wconf 90' lang='lat' dir='ltr'><strong>obediens</strong></span> <span class='ocrx_word' id='word_1_479' title='bbox 1584 4330 1616 4384; x_wconf 91' lang='lat' dir='ltr'><strong>et</strong></span> <span class='ocrx_word' id='word_1_480' title='bbox 1634 4323 1779 4403; x_wconf 87' lang='lat' dir='ltr'><strong>subjecta</strong></span> <span class='ocrx_word' id='word_1_481' title='bbox 1800 4325 1833 4386; x_wconf 93' lang='lat' dir='ltr'><strong>in</strong></span> <span class='ocrx_word' id='word_1_482' title='bbox 1852 4324 1896 4386; x_wconf 90' lang='lat' dir='ltr'><strong>his</strong></span> <span class='ocrx_word' id='word_1_483' title='bbox 1915 4339 1974 4402; x_wconf 82' lang='lat' dir='ltr'><strong>que</strong></span> 
     </span>
     <span class='ocr_line' id='line_1_41' title="bbox 446 4417 1972 4503; baseline -0.002 -21"><span class='ocrx_word' id='word_1_484' title='bbox 446 4418 595 4482; x_wconf 88' lang='lat' dir='ltr'><strong>occurrit.</strong></span> <span class='ocrx_word' id='word_1_485' title='bbox 613 4418 713 4491; x_wconf 81' lang='lat' dir='ltr'><strong>Quum</strong></span> <span class='ocrx_word' id='word_1_486' title='bbox 730 4417 899 4479; x_wconf 86' lang='lat' dir='ltr'><strong>celebratio</strong></span> <span class='ocrx_word' id='word_1_487' title='bbox 914 4418 1043 4480; x_wconf 90' lang='lat' dir='ltr'><strong>concilii</strong></span> <span class='ocrx_word' id='word_1_488' title='bbox 1060 4438 1123 4482; x_wconf 93' lang='lat' dir='ltr'><strong>non</strong></span> <span class='ocrx_word' id='word_1_489' title='bbox 1145 4439 1195 4481; x_wconf 88' lang='lat' dir='ltr'><strong>ce·</strong></span> <span class='ocrx_word' id='word_1_490' title='bbox 1250 4420 1333 4481; x_wconf 91' lang='lat' dir='ltr'><strong>illius</strong></span> <span class='ocrx_word' id='word_1_491' title='bbox 1345 4422 1525 4483; x_wconf 78' lang='lat' dir='ltr'><strong>cathedram</strong></span> <span class='ocrx_word' id='word_1_492' title='bbox 1538 4421 1801 4503; x_wconf 77' lang='lat' dir='ltr'><strong>pontificiumque</strong></span> <span class='ocrx_word' id='word_1_493' title='bbox 1812 4421 1972 4503; x_wconf 80' lang='lat' dir='ltr'><strong>respiciunt</strong></span> 
     </span>
     <span class='ocr_line' id='line_1_42' title="bbox 446 4516 1973 4599; baseline 0 -19"><span class='ocrx_word' id='word_1_494' title='bbox 446 4518 500 4580; x_wconf 90' lang='lat' dir='ltr'><strong>dat</strong></span> <span class='ocrx_word' id='word_1_495' title='bbox 515 4517 798 4597; x_wconf 85' lang='lat' dir='ltr'><strong>indercgationem</strong></span> <span class='ocrx_word' id='word_1_496' title='bbox 813 4516 1008 4579; x_wconf 83' lang='lat' dir='ltr'><strong>auctoritatis</strong></span> <span class='ocrx_word' id='word_1_497' title='bbox 1028 4517 1194 4599; x_wconf 84' lang='lat' dir='ltr'><strong>ciliciique</strong></span> <span class='ocrx_word' id='word_1_498' title='bbox 1249 4538 1346 4598; x_wconf 90' lang='lat' dir='ltr'><strong>quum</strong></span> <span class='ocrx_word' id='word_1_499' title='bbox 1370 4520 1409 4582; x_wconf 91' lang='lat' dir='ltr'><strong>de</strong></span> <span class='ocrx_word' id='word_1_500' title='bbox 1429 4519 1501 4599; x_wconf 86' lang='lat' dir='ltr'><strong>jure</strong></span> <span class='ocrx_word' id='word_1_501' title='bbox 1525 4520 1635 4583; x_wconf 87' lang='lat' dir='ltr'><strong>divino</strong></span> <span class='ocrx_word' id='word_1_502' title='bbox 1661 4522 1817 4584; x_wconf 83' lang='lat' dir='ltr'><strong>reseratur</strong></span> <span class='ocrx_word' id='word_1_503' title='bbox 1839 4522 1874 4584; x_wconf 81' lang='lat' dir='ltr'><strong>ad</strong></span> <span class='ocrx_word' id='word_1_504' title='bbox 1897 4519 1973 4581; x_wconf 90' lang='lat' dir='ltr'><strong>illum</strong></span> 
     </span>
     <span class='ocr_line' id='line_1_43' title="bbox 446 4613 1973 4701; baseline -0.001 -23"><span class='ocrx_word' id='word_1_505' title='bbox 446 4616 581 4699; x_wconf 81' lang='lat' dir='ltr'><strong>papalis,</strong></span> <span class='ocrx_word' id='word_1_506' title='bbox 598 4624 632 4677; x_wconf 94' lang='lat' dir='ltr'><strong>ut</strong></span> <span class='ocrx_word' id='word_1_507' title='bbox 647 4615 728 4695; x_wconf 84' lang='lat' dir='ltr'><strong>Papa</strong></span> <span class='ocrx_word' id='word_1_508' title='bbox 742 4613 813 4694; x_wconf 86' lang='lat' dir='ltr'><strong>jure</strong></span> <span class='ocrx_word' id='word_1_509' title='bbox 829 4614 939 4677; x_wconf 87' lang='lat' dir='ltr'><strong>dirino</strong></span> <span class='ocrx_word' id='word_1_510' title='bbox 956 4615 1062 4695; x_wconf 87' lang='lat' dir='ltr'><strong>presit</strong></span> <span class='ocrx_word' id='word_1_511' title='bbox 1082 4615 1193 4678; x_wconf 83' lang='lat' dir='ltr'><strong>saltem</strong></span> <span class='ocrx_word' id='word_1_512' title='bbox 1250 4618 1333 4680; x_wconf 90' lang='lat' dir='ltr'><strong>siout</strong></span> <span class='ocrx_word' id='word_1_513' title='bbox 1355 4618 1393 4679; x_wconf 93' lang='lat' dir='ltr'><strong>ad</strong></span> <span class='ocrx_word' id='word_1_514' title='bbox 1414 4626 1510 4699; x_wconf 92' lang='lat' dir='ltr'><strong>caput</strong></span> <span class='ocrx_word' id='word_1_515' title='bbox 1529 4618 1696 4699; x_wconf 89' lang='lat' dir='ltr'><strong>vicarium,</strong></span> <span class='ocrx_word' id='word_1_516' title='bbox 1713 4640 1731 4681; x_wconf 93' lang='lat' dir='ltr'><strong>a</strong></span> <span class='ocrx_word' id='word_1_517' title='bbox 1750 4640 1813 4701; x_wconf 88' lang='lat' dir='ltr'><strong>quo</strong></span> <span class='ocrx_word' id='word_1_518' title='bbox 1836 4631 1866 4683; x_wconf 89' lang='lat' dir='ltr'><strong>et</strong></span> <span class='ocrx_word' id='word_1_519' title='bbox 1885 4619 1973 4681; x_wconf 91' lang='lat' dir='ltr'><strong>unitas</strong></span> 
     </span>
     <span class='ocr_line' id='line_1_44' title="bbox 446 4712 1971 4797; baseline 0.001 -21"><span class='ocrx_word' id='word_1_520' title='bbox 446 4714 618 4795; x_wconf 91' lang='lat' dir='ltr'><strong>unicuique</strong></span> <span class='ocrx_word' id='word_1_521' title='bbox 634 4712 823 4789; x_wconf 87' lang='lat' dir='ltr'><strong>Christiano,</strong></span> <span class='ocrx_word' id='word_1_522' title='bbox 833 4712 969 4794; x_wconf 89' lang='lat' dir='ltr'><strong>ipsomet</strong></span> <span class='ocrx_word' id='word_1_523' title='bbox 983 4713 1194 4795; x_wconf 83' lang='lat' dir='ltr'><strong>dempto,qua</strong></span> <span class='ocrx_word' id='word_1_524' title='bbox 1249 4716 1397 4779; x_wconf 74' lang='lat' dir='ltr'><strong>Ecclesiae</strong></span> <span class='ocrx_word' id='word_1_525' title='bbox 1419 4717 1619 4797; x_wconf 82' lang='lat' dir='ltr'><strong>secundario,</strong></span> <span class='ocrx_word' id='word_1_526' title='bbox 1637 4719 1814 4782; x_wconf 90' lang='lat' dir='ltr'><strong>secundum</strong></span> <span class='ocrx_word' id='word_1_527' title='bbox 1837 4721 1971 4793; x_wconf 67' lang='lat' dir='ltr'><strong>doctores</strong></span> 
     </span>
     <span class='ocr_line' id='line_1_45' title="bbox 447 4810 1973 4899; baseline -0.001 -23"><span class='ocrx_word' id='word_1_528' title='bbox 447 4813 580 4890; x_wconf 86' lang='lat' dir='ltr'><strong>ratione,</strong></span> <span class='ocrx_word' id='word_1_529' title='bbox 597 4831 659 4892; x_wconf 86' lang='lat' dir='ltr'><strong>que</strong></span> <span class='ocrx_word' id='word_1_530' title='bbox 678 4810 874 4889; x_wconf 84' lang='lat' dir='ltr'><strong>auctoritate,</strong></span> <span class='ocrx_word' id='word_1_531' title='bbox 892 4829 956 4891; x_wconf 89' lang='lat' dir='ltr'><strong>quo</strong></span> <span class='ocrx_word' id='word_1_532' title='bbox 970 4811 1042 4891; x_wconf 92' lang='lat' dir='ltr'><strong>jure</strong></span> <span class='ocrx_word' id='word_1_533' title='bbox 1062 4821 1139 4876; x_wconf 49' lang='lat' dir='ltr'><strong>‘tunc</strong></span> <span class='ocrx_word' id='word_1_534' title='bbox 1160 4833 1193 4875; x_wconf 92' lang='lat' dir='ltr'><strong>se</strong></span> <span class='ocrx_word' id='word_1_535' title='bbox 1248 4814 1415 4895; x_wconf 90' lang='lat' dir='ltr'><strong>dependet.</strong></span> <span class='ocrx_word' id='word_1_536' title='bbox 1433 4816 1516 4878; x_wconf 89' lang='lat' dir='ltr'><strong>Dicit</strong></span> <span class='ocrx_word' id='word_1_537' title='bbox 1531 4834 1657 4897; x_wconf 88' lang='lat' dir='ltr'><strong>quoque</strong></span> <span class='ocrx_word' id='word_1_538' title='bbox 1672 4816 1895 4899; x_wconf 80' lang='lat' dir='ltr'><strong>Hieronymus:</strong></span> <span class='ocrx_word' id='word_1_539' title='bbox 1910 4813 1973 4876; x_wconf 80' lang='lat' dir='ltr'><strong>h&#39;ul-</strong></span> 
     </span>
     <span class='ocr_line' id='line_1_46' title="bbox 446 4910 1970 4996; baseline -0.003 -21"><span class='ocrx_word' id='word_1_540' title='bbox 446 4912 635 4975; x_wconf 86' lang='lat' dir='ltr'><strong>subtrahunt</strong></span> <span class='ocrx_word' id='word_1_541' title='bbox 663 4928 792 4990; x_wconf 94' lang='lat' dir='ltr'><strong>prorsus</strong></span> <span class='ocrx_word' id='word_1_542' title='bbox 820 4910 860 4972; x_wconf 93' lang='lat' dir='ltr'><strong>ab</strong></span> <span class='ocrx_word' id='word_1_543' title='bbox 884 4910 1064 4972; x_wconf 86' lang='lat' dir='ltr'><strong>obedientie</strong></span> <span class='ocrx_word' id='word_1_544' title='bbox 1089 4912 1190 4992; x_wconf 86' lang='lat' dir='ltr'><strong>Pape,</strong></span> <span class='ocrx_word' id='word_1_545' title='bbox 1248 4912 1315 4973; x_wconf 90' lang='lat' dir='ltr'><strong>lum</strong></span> <span class='ocrx_word' id='word_1_546' title='bbox 1339 4922 1387 4975; x_wconf 90' lang='lat' dir='ltr'><strong>est</strong></span> <span class='ocrx_word' id='word_1_547' title='bbox 1411 4914 1549 4976; x_wconf 87' lang='lat' dir='ltr'><strong>schisma</strong></span> <span class='ocrx_word' id='word_1_548' title='bbox 1571 4915 1655 4996; x_wconf 85' lang='lat' dir='ltr'><strong>quod</strong></span> <span class='ocrx_word' id='word_1_549' title='bbox 1680 4934 1745 4977; x_wconf 94' lang='lat' dir='ltr'><strong>non</strong></span> <span class='ocrx_word' id='word_1_550' title='bbox 1769 4916 1898 4996; x_wconf 83' lang='lat' dir='ltr'><strong>aliquam</strong></span> <span class='ocrx_word' id='word_1_551' title='bbox 1919 4911 1970 4973; x_wconf 91' lang='lat' dir='ltr'><strong>sibi</strong></span> 
     </span>
     <span class='ocr_line' id='line_1_47' title="bbox 445 5007 1972 5094; baseline -0.002 -22"><span class='ocrx_word' id='word_1_552' title='bbox 445 5010 560 5092; x_wconf 91' lang='lat' dir='ltr'><strong>quibus</strong></span> <span class='ocrx_word' id='word_1_553' title='bbox 576 5007 724 5072; x_wconf 92' lang='lat' dir='ltr'><strong>omnihus</strong></span> <span class='ocrx_word' id='word_1_554' title='bbox 740 5015 812 5069; x_wconf 91' lang='lat' dir='ltr'><strong>ante</strong></span> <span class='ocrx_word' id='word_1_555' title='bbox 828 5007 955 5070; x_wconf 88' lang='lat' dir='ltr'><strong>concilii</strong></span> <span class='ocrx_word' id='word_1_556' title='bbox 976 5009 1191 5091; x_wconf 86' lang='lat' dir='ltr'><strong>inceptionem</strong></span> <span class='ocrx_word' id='word_1_557' title='bbox 1248 5011 1393 5072; x_wconf 85' lang='lat' dir='ltr'><strong>heresim</strong></span> <span class='ocrx_word' id='word_1_558' title='bbox 1408 5011 1584 5094; x_wconf 77' lang='lat' dir='ltr'><strong>conlingat,</strong></span> <span class='ocrx_word' id='word_1_559' title='bbox 1592 5021 1627 5075; x_wconf 90' lang='lat' dir='ltr'><strong>ut</strong></span> <span class='ocrx_word' id='word_1_560' title='bbox 1640 5012 1680 5075; x_wconf 87' lang='lat' dir='ltr'><strong>ab</strong></span> <span class='ocrx_word' id='word_1_561' title='bbox 1695 5014 1900 5077; x_wconf 84' lang='lat' dir='ltr'><strong>ecclesiastica</strong></span> <span class='ocrx_word' id='word_1_562' title='bbox 1914 5010 1972 5073; x_wconf 94' lang='lat' dir='ltr'><strong>uui·</strong></span> 
     </span>
     <span class='ocr_line' id='line_1_48' title="bbox 445 5106 1787 5190; baseline 0.005 -21"><span class='ocrx_word' id='word_1_563' title='bbox 445 5107 571 5190; x_wconf 86' lang='lat' dir='ltr'><strong>preluit</strong></span> <span class='ocrx_word' id='word_1_564' title='bbox 600 5124 723 5168; x_wconf 86' lang='lat' dir='ltr'><strong>summa</strong></span> <span class='ocrx_word' id='word_1_565' title='bbox 752 5106 959 5168; x_wconf 81' lang='lat' dir='ltr'><strong>auctoritatei</strong></span> <span class='ocrx_word' id='word_1_566' title='bbox 985 5106 1022 5167; x_wconf 89' lang='lat' dir='ltr'><strong>Et</strong></span> <span class='ocrx_word' id='word_1_567' title='bbox 1045 5108 1190 5189; x_wconf 83' lang='lat' dir='ltr'><strong>quamvis</strong></span> <span class='ocrx_word' id='word_1_568' title='bbox 1247 5117 1309 5171; x_wconf 87' lang='lat' dir='ltr'><strong>tate</strong></span> <span class='ocrx_word' id='word_1_569' title='bbox 1331 5119 1417 5172; x_wconf 89' lang='lat' dir='ltr'><strong>reete</strong></span> <span class='ocrx_word' id='word_1_570' title='bbox 1439 5111 1609 5174; x_wconf 89' lang='lat' dir='ltr'><strong>recessisse</strong></span> <span class='ocrx_word' id='word_1_571' title='bbox 1631 5111 1787 5176; x_wconf 84' lang='lat' dir='ltr'><strong>videatur.</strong></span> 
     </span>
     <span class='ocr_line' id='line_1_49' title="bbox 445 5203 1971 5290; baseline -0.001 -21"><span class='ocrx_word' id='word_1_572' title='bbox 445 5208 574 5269; x_wconf 90' lang='lat' dir='ltr'><strong>absente</strong></span> <span class='ocrx_word' id='word_1_573' title='bbox 600 5211 753 5288; x_wconf 85' lang='lat' dir='ltr'><strong>potestate</strong></span> <span class='ocrx_word' id='word_1_574' title='bbox 771 5204 876 5285; x_wconf 89' lang='lat' dir='ltr'><strong>papali</strong></span> <span class='ocrx_word' id='word_1_575' title='bbox 897 5203 1068 5267; x_wconf 87' lang='lat' dir='ltr'><strong>concilium</strong></span> <span class='ocrx_word' id='word_1_576' title='bbox 1092 5206 1192 5287; x_wconf 91' lang='lat' dir='ltr'><strong>possit</strong></span> <span class='ocrx_word' id='word_1_577' title='bbox 1284 5208 1456 5285; x_wconf 83' lang='lat' dir='ltr'><strong>Postremo,</strong></span> <span class='ocrx_word' id='word_1_578' title='bbox 1474 5210 1609 5273; x_wconf 90' lang='lat' dir='ltr'><strong>Thomas</strong></span> <span class='ocrx_word' id='word_1_579' title='bbox 1628 5219 1740 5290; x_wconf 90' lang='lat' dir='ltr'><strong>quarto</strong></span> <span class='ocrx_word' id='word_1_580' title='bbox 1760 5211 1841 5276; x_wconf 93' lang='lat' dir='ltr'><strong>libro</strong></span> <span class='ocrx_word' id='word_1_581' title='bbox 1853 5213 1971 5274; x_wconf 81' lang='lat' dir='ltr'><strong>Summe</strong></span> 
     </span>
    </p>
   </div>
   <div class='ocr_carea' id='block_1_5' title="bbox 444 5302 2047 5392">
    <p class='ocr_par' dir='ltr' id='par_1_15' title="bbox 444 5302 2047 5392">
     <span class='ocr_line' id='line_1_50' title="bbox 444 5302 2047 5392; baseline 0.002 -23"><span class='ocrx_word' id='word_1_582' title='bbox 444 5324 497 5369; x_wconf 93' lang='lat' dir='ltr'><strong>eos</strong></span> <span class='ocrx_word' id='word_1_583' title='bbox 526 5322 645 5381; x_wconf 81' lang='lat' dir='ltr'><strong>arcere,</strong></span> <span class='ocrx_word' id='word_1_584' title='bbox 676 5310 781 5365; x_wconf 86' lang='lat' dir='ltr'><strong>tamen</strong></span> <span class='ocrx_word' id='word_1_585' title='bbox 811 5302 982 5383; x_wconf 80' lang='lat' dir='ltr'><strong>salubrem,</strong></span> <span class='ocrx_word' id='word_1_586' title='bbox 1009 5303 1129 5386; x_wconf 85' lang='lat' dir='ltr'><strong>justum</strong></span> <span class='ocrx_word' id='word_1_587' title='bbox 1158 5315 1190 5367; x_wconf 90' lang='lat' dir='ltr'><strong>et</strong></span> <span class='ocrx_word' id='word_1_588' title='bbox 1245 5313 1355 5369; x_wconf 86' lang='lat' dir='ltr'><strong>contro</strong></span> <span class='ocrx_word' id='word_1_589' title='bbox 1375 5308 1523 5388; x_wconf 79' lang='lat' dir='ltr'><strong>gentiles,</strong></span> <span class='ocrx_word' id='word_1_590' title='bbox 1541 5308 1573 5370; x_wconf 91' lang='lat' dir='ltr'><strong>in</strong></span> <span class='ocrx_word' id='word_1_591' title='bbox 1596 5306 1662 5370; x_wconf 92' lang='lat' dir='ltr'><strong>line</strong></span> <span class='ocrx_word' id='word_1_592' title='bbox 1684 5309 1816 5391; x_wconf 88' lang='lat' dir='ltr'><strong>capituli</strong></span> <span class='ocrx_word' id='word_1_593' title='bbox 1836 5328 1893 5392; x_wconf 88' lang='lat' dir='ltr'><strong>quo</strong></span> <span class='ocrx_word' id='word_1_594' title='bbox 1910 5324 1971 5388; x_wconf 80' lang='lat' dir='ltr'><strong>pro</strong></span> <span class='ocrx_word' id='word_1_595' title='bbox 1982 5317 2047 5373; x_wconf 52' lang='lat' dir='ltr'><strong>eo.</strong></span> 
     </span>
    </p>
   </div>
   <div class='ocr_carea' id='block_1_6' title="bbox 0 0 2160 6246">
    <p class='ocr_par' dir='ltr' id='par_1_16' title="bbox 0 0 2160 6246">
     <span class='ocr_line' id='line_1_51' title="bbox 0 0 2160 6246; baseline 0 0"><span class='ocrx_word' id='word_1_596' title='bbox 0 0 2160 6246; x_wconf 95' lang='lat' dir='ltr'><strong> </strong></span> 
     </span>
    </p>
   </div>
  </div>
 </body>
</html>
