4309 6250
502 508 810 558 communimur
830 505 1003 566 ιιιιιοιιιτι,
1024 507 1114 554 nunu
1135 509 1154 554 ι.
1179 527 1217 538 -
1239 509 1309 556 sur.
1333 510 1355 556 ιι
1652 491 1711 556 iit

158 698 196 741 ac
225 679 409 744 invariabili
432 687 650 762 permanente,
674 679 744 761 ipse
766 677 908 742 Christus
922 677 948 740 Α
961 686 1138 750 straturus,
1166 698 1210 738 aa
1238 681 1305 742 Deo
1333 680 1492 740 nescitum
1516 679 1715 756 imponunt?

158 777 336 839 secundum
351 777 523 840 humanam
534 795 624 839 suam
635 785 781 839 naturam
796 795 908 858 passus
963 776 1077 838 Omnis
1090 778 1298 837 mendacium
1313 779 1371 838 boc
1384 779 1450 840 lieo
1465 779 1645 854 imponeris,
1661 777 1714 836 bic

158 891 194 935 ac
208 881 354 936 mortuus
369 881 427 936 est.
444 874 506 937 Sed
520 873 552 936 id
574 893 660 936 nunc
681 873 824 956 tetigisse
842 871 909 934 sui·
962 871 1340 951 boaocarebit,etpostea
1351 877 1473 936 malum
1477 875 1713 952 pravissimum

156 968 257 1048 ficiat,
283 971 437 1052 quoniam
461 970 545 1033 inira
569 969 687 1032 clarius
710 970 904 1034 ostendetur.
962 971 1003 1028 ab
1017 971 1086 1044 ipso
1102 972 1245 1047 recipiet.

155 1067 292 1150 insuper
316 1069 428 1131 eodem
459 1067 607 1131 Alcorani
633 1068 773 1150 capitulo
796 1065 909 1129 scribi·
1002 1065 1156 1148 benique,
1180 1067 1269 1130 utin
1291 1067 1713 1132 Doctriuaidahcndescri-

155 1173 207 1228 tur
232 1189 241 1226 ε
267 1169 385 1230 Omnes
412 1168 555 1226 dicentes
583 1167 763 1235 Christum,
787 1167 909 1226 Marias
962 1160 1060 1239 bitur,
1086 1162 1297 1244 interrogatus
1326 1164 1394 1247 ipse
1423 1184 1441 1226 a
1469 1164 1575 1228 Iudaeo
1599 1165 1711 1246 Abdia,

154 1265 280 1342 filium,
294 1267 400 1326 Deum
414 1265 583 1333 exsistere,
598 1265 767 1322 mendaces
781 1263 909 1322 inuenti
961 1259 1041 1334 Quid
1068 1267 1118 1322 ast
1147 1265 1267 1324 unumi
1297 1262 1460 1345 respondit
1490 1285 1497 1324 ι
1529 1265 1637 1325 Unum
1666 1273 1712 1324 est

156 1362 540 1441 suntatqueiaoreduIi,
556 1361 823 1439 quemchristus
840 1361 909 1434 ipse
961 1359 1061 1427 Deus,
1082 1359 1139 1418 cui
1158 1377 1216 1418 aec
1237 1363 1416 1436 particeps,
1437 1378 1495 1420 nec
1518 1362 1635 1431 socius,
1656 1379 1714 1422 aec

156 1461 286 1520 dicerit
301 1480 313 1519 .·
326 1459 412 1522 Filii
424 1461 542 1529 Israel,
554 1461 590 1518 iri
603 1461 720 1528 Deum,
732 1459 908 1520 Dominum
961 1457 1064 1532 filius.
1082 1453 1207 1518 ulicubi
1223 1455 1319 1519 etiam
1341 1457 1431 1536 dicit,
1447 1457 1532 1539 quod
1548 1459 1711 1520 neuram

157 1577 267 1618 meum
280 1577 320 1616 ac
333 1557 701 1627 oestrum,credite,·eui
713 1556 909 1634 quicumque
961 1553 1077 1614 babuit
1100 1573 1248 1625 umorem,
1264 1565 1301 1615 ut
1321 1557 1430 1632 filium
1453 1557 1626 1631 sumpsisse
1646 1575 1713 1616 cre·

157 1658 280 1716 socium
308 1665 368 1716 aut
391 1656 589 1730 participem
613 1655 774 1731 posuerit,
801 1655 908 1730 ipnem
962 1651 1074 1712 datur.
1092 1649 1182 1714 Circa
1196 1649 1297 1715 finem
1318 1671 1445 1734 quoquo
1459 1653 1615 1716 Doctrime
1635 1673 1711 1735 sum,

158 1755 301 1814 intrabit
317 1762 526 1830 perpetuum.
549 1754 711 1823 Christus,
731 1753 853 1813 Maria·
871 1756 909 1829 fi·
963 1747 1017 1810 ubi
1044 1747 1159 1828 judicii
1188 1750 1271 1812 diem
1307 1751 1468 1831 describit,
1498 1751 1581 1814 inter
1608 1761 1713 1816 cetum

157 1853 237 1920 iius,
257 1871 322 1912 mon
344 1860 390 1912 est
412 1853 480 1910 nisi
499 1853 639 1911 nuntius
659 1852 722 1912 Dei
742 1871 754 1909 .·
772 1851 852 1929 quia
876 1858 907 1908 et
925 1846 1119 1910 Biduhomet
1132 1848 1277 1929 ait,qu0d
1293 1851 1432 1910 mortuis
1441 1853 1607 1911 suscitatis
1616 1860 1714 1930 atque

156 1951 265 2025 ipsum
285 1953 401 2024 piures
424 1951 540 2009 nuntii
559 1957 821 2024 proecesserunt;
841 1967 909 2008 ma·
961 1948 1139 2007 aduentum
1167 1950 1231 2008 Dei
1250 1949 1381 2026 judicis
1408 1969 1482 2010 cum
1512 1951 1630 2010 timore
1652 1968 1714 2026 per

156 2056 271 2126 terque
291 2049 364 2124 ejus
385 2056 416 2106 et
440 2049 509 2122 ipse
530 2047 781 2106 comestibiiibus
810 2065 908 2106 vesce·
961 2047 1184 2124 quadrapimta
1196 2049 1714 2122 aurosecspectaattbus,taudem

156 2147 292 2207 bantur.
962 2145 1186 2219 implorabunt
1203 2147 1372 2204 auxilium
1390 2147 1527 2217 Christi,
1545 2148 1688 2207 dicentes
1702 2165 1713 2208 .·

196 2242 362 2322 Praeteraa,
385 2241 471 2306 circa
491 2241 594 2305 finem
615 2241 747 2324 capituli
769 2241 909 2306 tartiide·
960 2244 1038 2303 Iesu
1056 2245 1195 2314 Christe,
1216 2245 1368 2320 spiritus,
1391 2247 1522 2305 verbum
1550 2255 1580 2306 et
1606 2247 1715 2307 virtus

157 2341 233 2403 cimi
265 2340 415 2405 bicorani
448 2339 612 2403 inducitur
639 2341 721 2403 Deus
749 2341 838 2422 quasi
863 2340 910 2404 lo·
962 2343 1036 2410 Dei,
1045 2351 1170 2402 moveat
1189 2351 1219 2401 te
1230 2344 1336 2418 pietas
1350 2351 1419 2412 tuo,
1431 2353 1461 2402 et
1477 2346 1641 2404 intercede
1651 2362 1714 2420 pro

157 2458 261 2522 quens
281 2440 350 2502 hnic
371 2438 908 2516 verba201esu,Martoeptt,tu
962 2441 1063 2500 mobis.
1090 2443 1181 2500 Tunc
1198 2442 1283 2500 dicet
1306 2441 1352 2498 eis
1371 2442 1465 2501 Iesus
1480 2461 1492 2502 .·
1508 2444 1600 2510 Quod
1623 2462 1644 2501 a
1664 2461 1714 2502 me

152 2541 321 2614 persuade
348 2539 534 2598 bominibus
561 2557 603 2598 rte
629 2541 696 2598 ioco
722 2539 786 2599 Dei
814 2547 845 2598 te
878 2547 909 2598 et
958 2538 1086 2612 petitis,
1103 2539 1168 2614 ipsi
1187 2539 1355 2599 amisistis.
1372 2541 1494 2600 Missus
1512 2541 1645 2619 quidem
1658 2541 1716 2617 fui

157 2645 299 2696 matrem
314 2645 404 2696 tuam
419 2637 502 2696 duos
514 2639 597 2698 Deos
609 2637 749 2696 babeant
763 2655 802 2696 ac
820 2655 910 2697 cene
963 2637 1051 2694 vobis
1065 2636 1102 2694 in
1118 2637 1315 2697 uirtuteDei
1328 2645 1358 2695 et
1375 2637 1469 2697 verbo
1482 2639 1651 2708 ceritatis;
1662 2656 1715 2698 vos

158 2743 289 2794 rentur.
304 2735 485 2809 Respondit
503 2736 598 2794 lesus
617 2753 630 2792 .·
650 2735 744 2796 Noiit
764 2736 852 2794 Deus
872 2744 910 2794 ut
962 2741 1072 2792 autem
1098 2734 1289 2803 aberrastis,
1309 2742 1339 2792 et
1362 2753 1424 2804 me,
1439 2737 1517 2809 ptus
1538 2755 1636 2814 quam
1659 2753 1714 2812 epo

157 2851 214 2908 epo
238 2833 323 2911 quid
338 2839 464 2906 proeter
485 2831 655 2890 veritatem
679 2833 797 2892 dicam.
818 2833 862 2894 lit
880 2833 911 2890 si
958 2832 1213 2905 praedicaverim
1237 2832 1336 2901 uobis,
1350 2834 1455 2892 Deum
1478 2841 1622 2893 vestrum
1635 2833 1715 2910 feci·

154 2930 297 3003 protuli,
313 2937 350 2988 tu
364 2930 451 2988 nosti
459 2948 471 2986 .·
480 2929 560 3008 quia
575 2937 612 2988 tu
626 2929 773 2988 omnium
787 2938 909 2989 secreta
962 2929 1099 2988 stisHic
1109 2929 1220 3007 itaque
1231 2930 1419 3004 beneficium
1429 2949 1535 2989 meum
1545 2933 1711 2991 dimisistis

156 3028 308 3086 cordium
323 3045 467 3096 nomene,
482 3027 592 3086 cordis
605 3028 671 3085 mei
683 3045 843 3086 arcanum
854 3030 951 3102 pec
1003 3022 1048 3084 Ex
1072 3022 1123 3085 his
1152 3021 1249 3104 igitur
1276 3022 1461 3104 innotescit,
1485 3024 1571 3105 quod
1599 3025 1712 3089 Mahon

156 3133 283 3194 metros,
298 3142 355 3201 epo
375 3144 452 3185 vero
473 3126 526 3183 tui
545 3143 764 3204 nequaquam.
782 3126 910 3187 Tuscis
963 3140 1075 3184 omnes
1089 3120 1283 3186 Christianos
1306 3121 1479 3187 catholicos
1494 3123 1614 3187 idcirco
1635 3122 1714 3187 dicit

156 3223 210 3281 nit
228 3240 281 3280 me
303 3221 492 3281 bominibus
511 3222 581 3281 uisi
599 3224 758 3281 mandata
779 3230 838 3283 tua
858 3224 909 3283 di·
962 3219 1145 3284 incredulos
1169 3238 1206 3283 ac
1229 3220 1437 3299 damnandos,
1453 3220 1605 3302 quoniam
1625 3220 1714 3285 Chri·

129 3318 257 3388 -aisse,
285 3318 449 3386 videlicet,
477 3320 565 3397 quod
594 3321 698 3380 Deum
733 3340 840 3381 meum
871 3341 910 3381 ac
963 3326 1047 3381 stum
1083 3318 1216 3381 credunt
1251 3318 1361 3398 Deum,
1391 3327 1424 3381 et
1451 3319 1549 3383 Deum
1580 3320 1714 3383 credunt

154 3436 254 3475 suum
276 3418 426 3475 invocent
446 3424 478 3475 et
498 3417 647 3476 adorent.
963 3434 1063 3479 uuum
1083 3434 1120 3478 ac
1141 3416 1271 3479 trinum.
1293 3416 1343 3479 Sic
1366 3416 1472 3497 itaque
1496 3417 1604 3480 laudnt
1626 3416 1713 3481 Chri·

196 3512 356 3595 Amplius,
379 3510 575 3575 hiahometus
597 3512 644 3575 sic
672 3532 773 3576 unum
797 3534 909 3579 verum
963 3524 1059 3593 stum,
1089 3521 1120 3577 et
1156 3514 1200 3577 sic
1235 3513 1390 3597 approbat
1421 3514 1492 3595 ejus
1520 3515 1710 3595 doctrinam,

155 3610 257 3673 Deum
272 3609 383 3673 docuit
402 3609 611 3689 adoraudum,
627 3611 712 3692 quod
728 3611 819 3675 illum
838 3632 915 3681 esse
962 3612 1062 3675 iidem
1090 3630 1128 3674 ac
1157 3612 1271 3693 legem,
1302 3620 1335 3675 ut
1362 3611 1528 3675 universus
1557 3614 1714 3677 veraciter

155 3708 279 3769 trinum
293 3708 328 3769 in
347 3706 494 3789 personis
514 3725 645 3789 prorsus
665 3710 804 3791 negavit.
821 3710 908 3773 Unde
963 3708 1154 3773 christianos
1170 3711 1370 3773 condemnet.
1388 3710 1493 3790 Porro,
1510 3710 1537 3773 si
1551 3712 1624 3793 quis
1644 3730 1712 3775 cra

154 3806 191 3867 in
213 3804 385 3884 Alcorano,
408 3804 549 3886 capitulo
572 3805 747 3871 centesimo
770 3808 906 3890 decimo,
961 3808 1016 3870 dat
1038 3808 1145 3869 iesum
1169 3824 1284 3889 purum
1309 3804 1470 3871 hominem
1498 3816 1530 3870 et
1552 3808 1607 3872 Dei
1631 3827 1712 3873 nun·

153 3903 293 3966 habetur
308 3926 316 3964 ε
334 3905 492 3967 Omnibus
511 3906 689 3965 deteriores
708 3916 785 3967 sunt
807 3908 908 3967 bomi·
962 3905 1041 3968 tium
1056 3924 1093 3968 ac
1109 3904 1307 3987 prophetam,
1323 3903 1486 3987 Deumque
1500 3926 1600 3969 unum
1620 3907 1712 3971 dum·

152 4022 213 4061 ries
231 4003 359 4078 lapibus
378 4001 515 4071 subditi,
530 4021 632 4080 quum
646 4006 712 4063 Deo
728 4006 909 4081 participes
961 4012 1046 4067 taxat
1073 4002 1107 4065 in
1132 4002 1269 4065 essentia
1293 4010 1325 4064 et
1347 4022 1494 4084 persona,
1520 4013 1552 4067 et
1580 4006 1712 4089 insuper

151 4100 358 4177 adjunpuat.
374 4100 504 4159 Idcirco
519 4108 716 4175 perpetuum
731 4103 839 4178 apuam
855 4123 908 4180 pe·
962 4101 1069 4164 credat
1084 4100 1274 4163 Alooraunm
1290 4100 1428 4183 desuper
1441 4100 1587 4183 missum,
1604 4111 1636 4165 et
1650 4102 1712 4167 hia·

151 4199 272 4258 beauce
286 4198 481 4273 perenniter
490 4198 674 4272 patientur.
691 4196 731 4259 Et
750 4198 824 4280 alibi
845 4200 907 4263 ire
921 4200 947 4265 i)
961 4200 1124 4263 humetum
1140 4217 1210 4261 esse
1224 4196 1278 4260 Dei
1293 4198 1442 4261 nuntium
1456 4218 1493 4263 ac
1510 4200 1708 4284 prophetam,

150 4303 291 4378 quanter
311 4293 494 4358 consimilia
511 4293 601 4372 dicit,
619 4303 696 4377 puta
715 4297 800 4377 quod
819 4302 908 4361 Deus
962 4305 1056 4379 atque
1079 4297 1253 4359 secundum
1275 4295 1389 4359 Christi
1405 4296 1490 4361 vivat
1509 4298 1709 4380 docuinam

151 4414 224 4455 non
249 4396 344 4454 babet
371 4395 480 4470 filium
516 4394 581 4453 sibi
613 4398 783 4473 aqualem,
811 4405 907 4479 atque
961 4395 1057 4459 talem
1078 4396 1155 4458 dicit
1175 4394 1287 4458 Mahon
1309 4394 1480 4459 insideat
1502 4397 1573 4478 lego
1594 4397 1710 4462 Christi

150 4494 241 4575 quod
264 4512 374 4553 omnes
394 4494 455 4572 qui
474 4494 579 4553 Deum
603 4494 730 4553 trimum
755 4506 907 4557 asserunt
961 4512 1055 4577 posse
1079 4492 1206 4557 salvari.
1232 4492 1309 4573 lmo,
1335 4494 1362 4555 si
1386 4494 1511 4559 Judnus
1533 4498 1710 4561 secundum

150 4596 189 4653 ia
215 4592 379 4668 personis,
408 4600 476 4651 tres
500 4594 584 4653 Deos
611 4592 795 4668 affirmant.
826 4593 906 4657 iiiuc
961 4592 1073 4674 hioysis
1102 4592 1203 4673 legem
1233 4592 1329 4671 vivat,
1350 4600 1382 4655 et
1409 4613 1468 4657 nec
1495 4594 1619 4660 Christo
1649 4614 1709 4661 nac

150 4692 263 4771 itaque
285 4706 398 4753 omnes
418 4686 625 4768 christianos,
640 4690 696 4771 qui
719 4690 819 4754 Deum
839 4712 907 4756 cre
960 4692 1137 4754 Mahomcto
1166 4692 1199 4753 in
1223 4690 1332 4772 aliquo
1360 4693 1566 4773 contradicat,
1596 4696 1711 4758 asserit

149 4790 236 4852 dunt
258 4788 391 4865 trinum,
407 4794 439 4851 et
463 4788 569 4850 lesum
593 4808 704 4851 verum
730 4790 842 4868 Deum,
862 4794 907 4855 ait
961 4809 1035 4855 eum
1049 4790 1205 4853 Mahomet
1221 4790 1254 4853 iu
1270 4808 1327 4852 sua
1342 4808 1434 4873 posse
1450 4791 1519 4873 lege
1535 4792 1661 4856 salvari.

148 4906 225 4951 esse
245 4886 429 4949 incredulos
452 4905 489 4948 sc
513 4887 721 4951 damnandos.
739 4888 827 4953 Unde
850 4909 907 4954 no-
1000 4892 1087 4953 istud
1105 4891 1232 4954 videtur
1250 4890 1329 4952 mihi
1348 4909 1417 4954 esse
1432 4891 1471 4953 dc
1487 4898 1592 4954 mente
1607 4890 1711 4955 hiahc·

148 4986 324 5051 nodecimc
345 4984 494 5047 Alccrani
519 4985 659 5067 capitulo
682 4986 800 5069 legitur
820 5012 828 5050 ι
845 4992 907 5053 Nil
961 4990 1049 5053 meti.
1077 4989 1241 5071 Siquidem
1269 4988 1457 5051 duodecimo
1485 4989 1632 5051 Alcorani
1658 5008 1710 5052 ca·

142 5095 276 5165 praeter
308 5086 495 5161 opinionem
534 5094 730 5164 sequuntur,
764 5090 907 5149 dicentes
960 5088 1063 5174 pitulo
1090 5088 1180 5171 quasi
1208 5107 1247 5150 ex
1274 5086 1328 5149 Dei
1358 5106 1494 5169 persona
1517 5087 1669 5151 asseritur
1700 5108 1707 5151 s

146 5189 257 5248 Deum
279 5184 456 5259 sumpsisse
477 5185 599 5259 filium,
613 5204 677 5263 quo
700 5205 906 5267 nequaquam
960 5194 1033 5253 Sua
1046 5191 1164 5267 cuique
1177 5206 1198 5246 a
1219 5189 1310 5247 nobis
1324 5196 1401 5247 suni
1413 5188 1521 5263 posita
1542 5191 1595 5247 iem
1613 5196 1711 5267 atque

147 5286 313 5363 indipuit.
329 5286 386 5345 Aa
406 5283 525 5341 babeat
546 5284 690 5343 ratibnes
704 5286 762 5345 boe
779 5290 907 5349 demon·
953 5291 1101 5368 judicia.
1124 5288 1157 5349 ln
1179 5284 1338 5369 principio
1358 5304 1484 5368 quoque
1506 5286 1709 5349 tertiidccimi

278 5416 313 5471 Τ.
325 5417 367 5467 bb.
1554 5420 1584 5470 16
