4309 6250
417 463 476 531 394
747 485 866 533 comm
886 485 1055 533 naariam!
1074 484 1245 542 ιιιιιοιιιιιι,
1267 484 1356 530 amsa
1376 484 1421 532 m.
1443 502 1484 513 -
1504 484 1574 531 aar.
1597 484 1639 531 xv

418 660 450 719 ei
466 680 477 717 .·
493 660 581 725 Quid
603 661 665 719 tibi
685 662 746 730 ais,
762 661 873 747 miser,
890 661 950 739 qui
963 680 1061 719 aures
1081 677 1169 718 meas
1182 657 1209 719 A
1223 658 1353 721 modum
1382 657 1531 739 praeteriti
1560 676 1717 737 asserens,
1742 663 1936 740 protestatur
1961 678 1969 717 :
2002 732 2005 735 ξ

419 758 607 837 iuquietare
629 778 694 819 aaa
709 760 818 819 siais?
834 761 911 827 Qua
926 768 956 819 te
968 759 1094 837 fiducia
1108 761 1169 819 du·
1222 757 1296 831 Quae
1324 765 1440 839 paratae
1467 764 1569 837 erant,
1600 756 1800 819 intraverunt
1827 742 1901 819 crim
1932 774 1972 817 eo
1994 775 2075 819 ιιαιι.

418 860 462 919 eit
475 858 490 917 i
505 860 573 927 Quo
595 860 711 919 merito
732 858 1097 935 sperastftespoadebit
1115 876 1170 933 pe-
1222 855 1359 935 (scilicet
1372 854 1510 935 Christo)
1525 856 1565 917 ad
1580 855 1708 937 nuptias
1722 855 1768 935 (id
1783 862 1971 917 estaeterne
1984 852 2031 887 ¹¹³·
2045 842 2072 880 ¹²

419 976 509 1016 meas
525 977 536 1016 .·
552 958 688 1018 Domine
702 959 789 1017 Deus
802 976 905 1025 meus,
920 974 976 1033 epo
993 974 1057 1015 noa
1071 956 1169 1014 babeo
1222 953 1386 1017 felicitatis
1401 953 1582 1034 spirituales
1603 952 1794 1016 refectiones
1809 960 1904 1032 atque
1916 952 1973 1012 de-

418 1065 541 1132 prceter
565 1064 595 1116 te
618 1056 678 1135 qui
691 1056 898 1114 misereatur
919 1054 992 1115 mei.
1017 1057 1065 1115 Tu
1089 1055 1169 1113 satis
1223 1053 1338 1133 licias),
1355 1061 1386 1115 et
1400 1053 1508 1115 clausa
1529 1060 1578 1115 est
1589 1053 1688 1133 janua
1705 1076 1712 1114 ε
1729 1050 1805 1133 qaia
1819 1049 1971 1112 videlicet

419 1156 514 1214 kades
525 1162 649 1230 praeter
664 1154 789 1223 maadi
802 1153 947 1213 vindices
963 1154 1049 1212 iram
1065 1160 1166 1212 tuam.
1223 1160 1295 1234 post
1309 1152 1392 1215 diem
1407 1151 1519 1235 judicil
1542 1169 1607 1214 non
1623 1158 1709 1233 patet
1729 1168 1860 1231 precum
1876 1148 1973 1211 meri·

370 1266 373 1273 ’
419 1256 577 1316 Miserere
592 1254 667 1323 mei,
683 1254 832 1322 Domine,
849 1254 1002 1312 miserere
1018 1253 1090 1311 mei.
1103 1253 1170 1312 Sed
1222 1259 1368 1315 torumve
1383 1248 1820 1332 locus.Amplius,Psalmista
1830 1247 1972 1328 loquitm
2131 1317 2132 1320 Ἴ

418 1356 505 1414 Deus
512 1352 642 1429 jubebit
657 1370 730 1410 eum
753 1352 850 1411 reddi
865 1352 1006 1427 inferno.
1024 1350 1169 1411 Abduce·
1222 1352 1286 1413 Deo
1312 1372 1319 1412 ε
1344 1348 1413 1412 Νοιι
1436 1357 1485 1411 θεῖ
1508 1348 1541 1410 in
1566 1356 1667 1411 morte
1695 1348 1751 1429 qui
1780 1364 1905 1409 memor
1932 1345 1971 1407 sit
1985 1366 2089 1413 raas

418 1461 476 1511 tur
498 1468 585 1527 erpo,
607 1469 665 1509 uec
689 1451 797 1509 adbuc
820 1449 1083 1509 misericordiam
1108 1447 1170 1509 Dei
1223 1448 1292 1525 tui;
1319 1448 1352 1509 in
1379 1447 1505 1511 inferno
1532 1455 1637 1510 autem
1661 1446 1734 1527 quis
1762 1443 1972 1509 confitebitur

419 1551 570 1609 inuocare
583 1549 727 1608 cessabit.
744 1549 903 1611 Misertus
922 1549 1051 1607 tandem
1068 1550 1168 1615 Deus,
1223 1546 1304 1609 tibil
1325 1545 1415 1628 quasi
1442 1546 1528 1609 dicat
1545 1570 1552 1608 ε
1569 1544 1693 1608 Nullus.
1708 1544 1870 1619 Quomodo
1894 1560 1972 1624 ergo

418 1648 506 1723 eripi
529 1666 601 1707 eum
620 1648 803 1723 praecipiet.
831 1649 1001 1725 Quumque
1021 1648 1094 1722 pice
1117 1646 1167 1704 ai·
1223 1646 1256 1707 in
1272 1644 1398 1708 inferno
1419 1644 1533 1725 aliquis
1554 1645 1774 1707 damnatorum
1789 1643 1890 1706 Deum
1907 1649 1972 1703 tam

414 1749 510 1826 prior
533 1747 714 1824 infernalis
731 1766 805 1805 eum
826 1747 928 1822 tiapet
949 1749 1048 1815 color,
1068 1746 1170 1805 iuter·
1222 1744 1342 1825 iugiter
1372 1743 1544 1823 invocabit,
1574 1742 1659 1823 quod
1687 1742 1807 1823 absque
1834 1740 1973 1824 propriae

419 1847 579 1923 ropabuut
593 1846 706 1919 capeti
724 1846 870 1924 qualiter
884 1844 1038 1920 paradisi
1052 1844 1169 1903 ineatis
1186 1844 1209 1906 B
1224 1842 1326 1925 culpa
1352 1851 1446 1924 atque
1470 1842 1588 1904 divinae
1614 1840 1741 1923 pietatis
1769 1839 1973 1903 confessione

418 1945 551 2005 misceri
570 1944 683 2019 possit.
709 1945 799 2004 Tunc
823 1944 933 2002 lauari
956 1962 1030 2001 eum
1050 1942 1168 2017 proeci-
1223 1940 1296 2003 fieri
1319 1959 1384 2005 non
1405 1940 1547 2004 valebitl

415 2046 485 2120 piet
499 2044 587 2103 Deus
602 2044 639 2103 ia
658 2044 750 2119 sonte
765 2042 867 2111 aerio,
882 2044 1001 2119 fietque
1015 2042 1109 2100 atius
1129 2050 1170 2100 to
1261 2040 1425 2119 Praeterea,
1441 2039 1535 2103 electi
1556 2046 1628 2120 post
1641 2038 1727 2101 diem
1741 2036 1853 2118 ludicii
1877 2043 1975 2099 eruut

421 2152 473 2203 tus
484 2149 610 2217 praeter
623 2143 786 2201 maculam
801 2140 836 2198 ia
852 2140 972 2215 fronte.
985 2141 1170 2200 Mandatus

420 2260 495 2319 erpo
521 2242 647 2299 incedet
672 2256 734 2314 per
754 2238 951 2314 paradisum
978 2238 1015 2295 in
1038 2238 1169 2313 publico

419 2347 588 2415 conspectu
602 2338 751 2397 omnibus
767 2337 929 2397 motabilis.
947 2338 1011 2397 Hic
1026 2355 1101 2411 erpa
1121 2356 1171 2395 as-

418 2439 594 2515 sipaabuut
617 2456 690 2496 eum
720 2436 859 2495 inuicem
883 2454 988 2495 maces
1013 2436 1169 2504 uidentes,

418 2544 628 2615 ereptumque
643 2536 776 2611 inferno
795 2534 891 2613 quasi
905 2534 1170 2609 improperando,

420 2636 497 2695 isiae
526 2635 604 2694 iude
631 2634 900 2693 murmurabunt.
932 2634 994 2692 Itie
1022 2650 1173 2691 uerecun-

420 2736 516 2802 dans,
537 2734 575 2791 ia
594 2741 723 2791 tactum
739 2734 867 2807 pudore
887 2732 1037 2790 uincetur
1055 2750 1173 2808 quous-

420 2850 482 2910 que
506 2832 595 2890 dicat
610 2850 621 2889 .·
636 2832 770 2891 Mallem
795 2830 893 2888 reddi
916 2829 1048 2905 iaseruo
1072 2847 1171 2905 quarn

420 2929 611 3007 hujusmodi
635 2928 759 3003 probra
788 2928 917 3003 lampius
947 2929 1047 3004 ferre.
1079 2928 1171 2987 Dicet

1224 2137 1404 2204 confirmati
1421 2138 1454 2199 in
1469 2138 1665 2218 bono,atque
1683 2136 1799 2199 divine
1814 2134 1974 2198 voluntati

1224 2237 1364 2318 plenarie
1389 2236 1578 2301 conformati
1602 2259 1610 2297 ι
1634 2235 1727 2298 aliter
1747 2240 1879 2317 possent
1899 2253 1975 2316 pcc·

1225 2353 1307 2398 carc.
1325 2335 1486 2411 Quomodo
1501 2353 1576 2416 ergo
1591 2334 1705 2398 incolae
1720 2332 1857 2417 paradisi
1873 2333 1975 2394 istum

1224 2454 1242 2496 a
1271 2434 1334 2497 Deo
1357 2442 1501 2515 creptam
1526 2434 1653 2496 inferno
1677 2452 1715 2495 ac
1740 2431 1892 2494 traditam
1921 2451 1976 2513 pa·

1225 2532 1340 2610 radiso,
1357 2531 1463 2593 taliter
1483 2530 1684 2611 deridebunt,
1701 2537 1733 2592 et
1747 2531 1786 2592 de
1800 2530 1871 2610 eius
1888 2548 1977 2591 mur·

1225 2631 1397 2693 murebunt
1416 2628 1606 2711 praesentiat
1628 2628 1792 2708 Praetcrea,
1815 2636 1869 2689 aut
1891 2626 1976 2690 bene

1225 2738 1255 2792 et
1270 2728 1431 2810 sapienter
1449 2726 1546 2791 faciet
1565 2727 1643 2790 illud
1658 2727 1752 2805 Deus,
1768 2734 1903 2789 autnon
1922 2749 1930 2787 :
1947 2726 1975 2787 si

1224 2829 1375 2910 primum,
1406 2846 1481 2909 ergo
1510 2826 1623 2889 incole
1651 2824 1789 2907 paradisi
1824 2825 1910 2887 male
1944 2834 1975 2886 et

1227 2926 1413 3009 insipienter
1439 2925 1479 2988 dc
1507 2925 1567 2989 hoc
1600 2924 1864 2997 murmurabunt;
1896 2932 1976 3005 puto

419 3030 531 3107 itaque
545 3030 632 3089 Deus
646 3027 772 3102 anpetis
783 3036 819 3086 ut
831 3028 952 3087 iterum
965 3028 1059 3085 ittam
1075 3028 1170 3104 quia·
1186 3023 1207 3086 G
1225 3035 1329 3088 autem
1358 3025 1442 3107 quod
1471 3043 1565 3087 nemo
1601 3032 1666 3085 tam
1695 3042 1805 3085 amens
1834 3022 1887 3100 sit,
1919 3023 1975 3103 qui

421 3129 512 3207 quies
532 3131 640 3186 lactent
664 3127 701 3186 ire
725 3127 815 3202 fonte
839 3128 947 3186 eodem
963 3145 974 3183 .·
989 3145 1052 3204 quo
1070 3126 1170 3200 sacto,

421 3229 556 3287 tolletur
584 3227 724 3294 macula,
755 3226 974 3302 reddeturque
999 3225 1170 3299 paradiso,

420 3334 451 3384 et
465 3325 599 3383 cessabit
614 3323 836 3398 opprobrium.

461 3421 522 3484 lsta
536 3429 584 3483 est
599 3418 706 3482 fabula
723 3443 729 3480 :
747 3419 780 3480 in
802 3438 864 3500 qua
885 3420 984 3481 malta
1005 3419 1170 3481 continen-

422 3529 475 3582 tur
489 3518 665 3582 mendacia.
684 3518 907 3580 Verumtamen
929 3536 1036 3598 quero
1058 3517 1091 3579 in
1107 3517 1171 3599 pri-

1224 3126 1329 3188 dicere
1353 3124 1468 3186 audeat
1494 3123 1578 3205 quod
1607 3122 1689 3186 Deus
1713 3141 1778 3186 non
1803 3122 1884 3185 bene
1915 3141 1976 3183 nec

1225 3224 1386 3305 sapienter
1412 3223 1444 3284 id
1474 3222 1580 3284 faciet.
1605 3222 1737 3301 Rursus,
1763 3221 1796 3282 in
1826 3221 1977 3302 paradiso
2029 3303 2035 3312 ·

1225 3342 1319 3386 nemo
1348 3321 1504 3385 locabitur
1532 3321 1593 3383 uisi
1623 3320 1664 3383 ab
1696 3321 1784 3384 omni
1820 3329 1977 3402 purgatus

1225 3430 1366 3504 peccato.
1383 3419 1439 3483 llle
1454 3437 1530 3500 ergo
1548 3438 1647 3500 quum
1668 3418 1772 3500 primo
1786 3427 1928 3500 ponetur
1943 3419 1977 3479 in

1225 3521 1382 3604 paradiso,
1398 3527 1453 3581 aut
1466 3519 1507 3581 ab
1520 3518 1608 3581 omni
1623 3516 1716 3599 culpa
1730 3516 1793 3580 erit
1806 3517 1976 3593 immunis,

421 3619 494 3696 mis,
521 3617 598 3699 quid
623 3617 664 3679 sit
688 3616 759 3695 iste,
785 3635 824 3678 en
851 3615 975 3678 scilicet
997 3616 1105 3694 homo,
1129 3635 1169 3677 an
1224 3629 1279 3683 aut
1300 3638 1363 3682 non
1381 3643 1387 3680 :
1405 3618 1431 3680 si
1454 3617 1602 3699 primum,
1620 3617 1659 3678 de
1679 3615 1750 3697 ipso
1773 3635 1977 3677 murmurare

422 3719 557 3781 dromon.
575 3715 643 3779 Nou
666 3715 791 3778 videtur
812 3732 905 3795 posse
920 3714 983 3777 dici
1005 3715 1088 3797 qaod
1104 3714 1170 3776 dia·
1225 3738 1288 3782 non
1314 3724 1463 3800 poterunt
1487 3715 1600 3778 incolae
1625 3713 1786 3796 paradisi,
1807 3714 1834 3775 si
1859 3733 1978 3776 secun-

422 3816 514 3879 bolus
538 3817 589 3895 sit,
606 3814 756 3898 quoniam
778 3813 938 3876 daemones
960 3832 1071 3876 omnes
1094 3812 1170 3874 irre-
1223 3819 1311 3895 dum,
1338 3815 1457 3897 injuste
1484 3813 1582 3876 faciet
1608 3813 1703 3892 Deus,
1727 3813 1870 3876 nondum
1898 3813 1978 3874 satis

423 3912 608 3995 parabilitcr
636 3919 710 3974 suut
738 3911 890 3973 damnati.
918 3910 950 3972 Si
979 3911 1086 3990 bomo,
1113 3930 1170 3973 cur
1224 3912 1430 3997 purificatum
1453 3910 1484 3973 in
1509 3910 1655 3993 paradiso
1676 3897 1886 3973 constituens.

423 4031 487 4075 non
503 4031 576 4074 cum
599 4009 713 4073 ceteris
734 4008 919 4072 bominibus
935 4008 967 4071 in
983 4009 1035 4070 die
1056 4007 1169 4090 judicii
1264 4012 1319 4074 Est
1345 4030 1420 4092 ergo
1449 4011 1515 4073 baec
1542 4008 1651 4072 fabula
1674 4027 1805 4091 prorsus
1828 4006 1920 4070 fatua
1945 4016 1978 4070 et

423 4111 554 4173 finalem
570 4117 674 4172 sumet
688 4107 889 4188 sententiam,
906 4107 1170 4189 praesertimque
1224 4112 1399 4174 mendosa:
1417 4110 1500 4192 quod
1516 4107 1588 4171 eliis
1610 4107 1785 4171 rationibus
1803 4107 1978 4171 auctorita-

422 4210 508 4272 niam
538 4208 617 4271 illud
647 4207 707 4270 erit
733 4206 881 4289 generale
917 4226 952 4270 ac
989 4207 1372 4292 ultimatumlltibusque
1386 4209 1557 4290 Scriptura
1571 4215 1679 4289 posset
1693 4205 1898 4289 probari,sed
1915 4205 1977 4268 ista

420 4309 591 4391 judicium,
609 4309 641 4370 ia
664 4305 857 4389 quaomnia
878 4306 1102 4388 planabuntur,
1119 4324 1171 4367 ex·
1224 4317 1301 4392 puto
1322 4308 1405 4390 apud
1427 4306 1640 4388 intelligentes
1662 4304 1825 4368 sufficere.

422 4408 591 4490 pedientur
606 4415 637 4469 et
651 4405 900 4470 ordinabunturl
912 4403 1063 4485 Denique,
1081 4404 1107 4465 si
1123 4411 1171 4466 est

422 4508 529 4586 bomo,
555 4515 610 4568 aut
633 4505 712 4570 obiit
736 4505 768 4566 in
793 4513 924 4587 peccato
954 4503 1090 4584 mortali,
1116 4512 1171 4566 aut

424 4624 487 4669 non
505 4629 512 4668 ε
530 4604 556 4667 si
581 4605 732 4687 primum,
753 4623 818 4668 non
843 4610 947 4686 potest
971 4601 1100 4680 salvari,
1123 4621 1172 4664 se-
1426 4589 1669 4654 ARTICULUS
1692 4587 1767 4651 XV·

424 4705 565 4768 cundum
580 4722 782 4766 communem
798 4703 900 4784 legem
914 4725 922 4780 3
938 4701 965 4764 si
981 4702 1169 4781 secuudum,
1225 4735 1273 4794 D,
1291 4734 1383 4790 modo
1402 4750 1465 4810 qu,
1483 4729 1762 4789 mammam,
1781 4730 1929 4788 mundus
1945 4735 1978 4786 εἴ

423 4802 539 4887 poterit
560 4809 633 4866 ante
654 4801 803 4884 generale
823 4800 979 4882 judicium
1002 4800 1076 4862 satis
1099 4819 1172 4881 pur·
1252 4824 1416 4898 ,morale
1432 4820 1603 4896 judicium
1625 4823 1694 4896 fiet,
1718 4819 1895 4877 secundum
1922 4819 1978 4877 do.

423 4901 503 4985 gari.
520 4902 683 4979 Praeterea,
699 4900 772 4980 quis
793 4907 841 4962 cst
862 4899 943 4962 istet
959 4906 990 4961 et
1009 4917 1066 4961 cur
1088 4898 1172 4960 istud
1266 4910 1410 4969 carinam
1424 4909 1557 4970 Marum,

425 5021 489 5084 pru
512 5001 627 5065 ceteris
649 5000 678 5064 ei
700 4998 850 5062 evenietl

464 5101 607 5181 lumper,
629 5099 690 5161 boc
715 5106 763 5160 est
788 5105 898 5160 contra
920 5095 1129 5178 Evangelium
1155 5116 1173 5159 a
1290 5096 1359 5159 OSl'
1374 5097 1440 5158 hec
1455 5094 1498 5156 ait
1512 5094 1978 5170 Juduusmtemjuaiciaoro,

424 5199 579 5263 llabomct
601 5197 868 5260 commendatum.
893 5193 1034 5258 Christus
1055 5195 1173 5277 quippe
1302 5199 1401 5272 plane
1422 5194 1598 5254 describas.
1618 5194 1797 5268 Respondit
1816 5211 1829 5251 .·
1846 5195 1896 5254 De
1919 5194 1979 5251 itta

423 5299 463 5362 de
487 5298 539 5362 die
562 5295 675 5379 judicii
701 5296 845 5378 loquens,
869 5302 901 5358 et
924 5295 963 5358 de
987 5294 1095 5358 futuro
1116 5314 1174 5376 per
1227 5295 1498 5356 mandabitDeus
1518 5294 1631 5368 anpelo
1650 5291 1831 5361 martiani
1851 5310 1981 5352 omnem
