4309 6250
497 492 616 540 comm
638 491 806 541 aranon!
825 491 999 549 annonari,
1020 492 1109 542 arnan
1129 495 1162 540 n.
1183 513 1224 524 -
1244 495 1313 542 aar.
1337 495 1369 542 rx
1652 482 1711 547 287

160 679 234 724 mus
265 671 361 743 atque
395 663 609 745 corrupimus,
638 663 784 726 dicemus
811 663 868 726 tibi
900 663 1038 726 :adem
1073 666 1168 730 modo
1203 667 1437 748 commendata,
1471 667 1642 732 uniiormia
1675 687 1713 732 ac

159 758 297 822 Ostende
322 760 415 822 nobis
439 759 526 822 aliud
551 761 707 844 originale
731 770 909 826 correctum
965 761 1088 842 integra
1103 763 1135 825 in
1152 771 1217 826 toto
1237 765 1356 828 mundo
1378 765 1521 828 babetur.
1539 767 1595 829 Cui
1617 767 1713 828 etiam

159 867 191 920 et
205 857 291 920 sicut
303 857 408 940 primo
426 859 592 921 descendit
612 881 620 919 t
641 859 726 940 quod
745 878 845 940 quum
864 858 910 921 ia·
965 866 1019 922 tua
1042 861 1212 944 scriptura,
1236 863 1383 944 quamvis
1409 864 1451 926 sit
1475 864 1535 928 sibi
1560 865 1622 946 ipsi
1648 873 1712 928 tam

158 973 233 1017 cere
252 974 404 1037 nequeas,
420 975 478 1018 cur
499 955 592 1020 nobis
613 955 786 1020 falsitatem
809 957 911 1040 impo-
964 957 1149 1039 frequenter
1163 961 1559 1040 contraria,testimonium
1574 972 1712 1045 prestat,

157 1054 258 1116 nitist
278 1054 318 1116 Et
343 1063 377 1117 tu
401 1055 465 1117 scis
488 1055 651 1136 Evangelii
676 1056 866 1138 scripturam
891 1075 910 1118 a
964 1057 1099 1120 dicendo
1114 1059 1205 1140 quasi
1221 1079 1259 1122 ex
1274 1078 1410 1142 persona
1432 1060 1486 1123 Dei
1509 1063 1547 1124 ad
1569 1061 1680 1126 Mallon
1705 1085 1711 1124 :

158 1153 279 1215 sanctis
307 1153 467 1234 Apostolis
494 1153 646 1216 Ecclesiae
669 1154 827 1233 traditam,
853 1153 909 1235 qui
963 1157 1005 1216 Si
1017 1157 1191 1232 ombipuus
1204 1159 1313 1233 [ceria
1326 1161 1366 1218 de
1380 1159 1514 1236 bisque
1523 1162 1715 1220 descendere

157 1250 265 1331 primo
288 1250 322 1312 in
346 1250 520 1314 Jerusalem
539 1259 672 1332 accepto
689 1251 808 1332 Spiritu
832 1251 909 1314 San·
962 1251 1114 1326 fecimus,
1129 1252 1297 1330 interroga
1312 1257 1436 1332 eosqui
1450 1257 1599 1330 legerunt
1614 1259 1713 1332 legem

44 1369 144 1416 ronta.
158 1338 222 1425 cto',
253 1347 334 1410 illud
369 1349 621 1430 predicaverunt
652 1349 748 1411 variis
776 1349 906 1431 linguis,
963 1357 1040 1408 ante
1055 1358 1109 1419 te:
1123 1352 1192 1410 noli
1205 1369 1271 1410 ease
1284 1353 1326 1411 de
1339 1353 1392 1412 bis
1405 1355 1465 1432 qui
1483 1373 1547 1414 non
1568 1355 1712 1414 credide·

158 1456 256 1529 prout
275 1447 414 1528 Spiritus
431 1447 567 1510 Sanctus
584 1447 680 1510 dabat
697 1447 803 1528 eloqui
830 1448 905 1511 illis.
964 1456 1045 1508 runt
1057 1449 1163 1524 siparis
1177 1450 1249 1518 Dei,
1265 1469 1305 1510 ne
1318 1453 1406 1526 forte
1419 1453 1597 1512 damneris.
1611 1453 1712 1535 Atque

35 1565 144 1612 uma..
157 1546 363 1608 Postmodum
384 1545 518 1627 dispersi
542 1554 617 1608 sunt
640 1565 697 1628 per
721 1546 906 1609 universum
963 1543 996 1606 in
1010 1545 1074 1608 alio
1089 1545 1160 1608 loco
1177 1569 1184 1608 ι
1202 1550 1362 1616 Quoniam
1377 1551 1494 1610 babent
1515 1551 1711 1626 sapientiam

28 1628 283 1732 {³²⁸⁶·'¹'orbem,
311 1644 519 1726 praedicantes
547 1644 756 1725 Evangelium
788 1645 907 1727 linguis
963 1645 1044 1720 lepis
1064 1654 1094 1704 et
1117 1647 1304 1722 decapolis,
1319 1657 1349 1707 et
1374 1649 1453 1727 quia
1477 1651 1562 1710 sicut
1586 1660 1710 1725 oportet

156 1742 308 1820 diversis,
324 1750 357 1804 et
370 1742 482 1804 babuit
496 1761 694 1824 unaqueque
707 1762 787 1824 gens
805 1743 908 1806 Euan·
964 1743 1105 1801 recitant
1124 1743 1196 1812 illa,
1216 1745 1355 1804 credunt
1376 1746 1470 1814 illia·
1487 1755 1518 1805 et
1537 1749 1596 1826 qui
1619 1751 1711 1808 nolo-

153 1841 278 1922 gelinm
292 1840 325 1901 in
338 1841 466 1923 propria
481 1840 697 1922 lingua,juxta
710 1842 795 1922 quod
809 1861 907 1904 unus-
922 1847 945 1910 B
962 1841 1052 1898 erint
1074 1843 1208 1900 credere
1232 1843 1313 1912 iltis,
1327 1844 1513 1904 damnandi
1536 1854 1623 1907 runt.
1640 1844 1710 1908 Per·

153 1939 294 2020 quiaque
315 1938 484 2020 Apostolus
507 1939 625 2022 populo
649 1938 710 2001 sibi
735 1940 906 2004 commisso
962 1937 1066 2018 pende
1083 1945 1126 2016 tu,
1142 1956 1237 2018 quem
1259 1938 1340 2002 [leus
1362 1942 1474 2018 salvet,
1491 1941 1628 2023 qualiter
1650 1943 1710 2006 ila-

152 2036 396 2120 erangelizavit.
414 2037 525 2100 Nullus
549 2037 582 2099 in
607 2055 647 2102 eo
669 2038 791 2120 aliquid
814 2039 903 2102 alteri
962 2035 1070 2096 homet
1094 2043 1166 2098 tuus
1190 2043 1356 2100 attestatur
1379 2039 1483 2120 nobis,
1508 2040 1620 2104 dicens
1650 2061 1709 2106 nos

152 2136 321 2198 dissonum
338 2136 387 2198 vel
403 2136 572 2198 adversum
588 2135 751 2198 invenitur
764 2137 906 2220 scripsis-
962 2133 1096 2195 recitare
1121 2133 1205 2196 sicut
1229 2143 1363 2216 oportet,
1380 2145 1412 2198 et
1434 2136 1550 2218 jubens
1576 2139 1710 2204 interro-

153 2254 197 2296 se.
216 2234 273 2296 Dic
289 2253 366 2314 ergo
381 2233 472 2311 mihi,
488 2234 561 2314 quis
576 2234 678 2316 potuit
699 2235 849 2317 colligere
864 2237 904 2298 ab
960 2231 1028 2312 gari
1044 2251 1103 2295 nos
1122 2241 1153 2294 et
1173 2234 1345 2296 auscultari
1365 2254 1401 2298 ac
1424 2237 1555 2319 suscipi.
1573 2239 1611 2301 Et
1632 2259 1709 2322 quo-

152 2333 315 2396 universis
329 2332 441 2395 mundi
460 2333 603 2415 partibus
622 2333 842 2415 Evangelium,
859 2344 905 2398 at·
961 2331 1056 2393 modo
1077 2330 1267 2412 scripturam
1292 2333 1380 2396 illam
1406 2345 1587 2418 corruptam
1613 2339 1706 2418 dicis,

151 2451 214 2512 que
229 2431 272 2493 ad
287 2450 380 2492 suum
396 2430 523 2493 libitum
538 2437 661 2494 mutare
675 2431 744 2494 sive
762 2450 906 2496 corrum·
960 2429 1013 2491 cui
1034 2427 1190 2492 blabomet
1215 2438 1287 2494 tuus
1311 2433 1530 2497 testimonium
1556 2435 1618 2498 tale
1639 2456 1708 2519 per-

149 2549 240 2611 pere,
268 2528 543 2592 consentientibus
566 2529 718 2593 omnibus
745 2549 816 2612 qum
844 2533 905 2596 sub
959 2526 1086 2590 hibuitl
1113 2527 1168 2590 Vel
1197 2547 1295 2610 qnare
1323 2537 1353 2592 te
1383 2531 1487 2614 ipsum
1517 2533 1705 2617 tibimetipsi

148 2628 233 2691 coelo
249 2636 326 2690 sunt
341 2626 462 2709 linguis
475 2647 512 2690 ac
527 2627 699 2710 gentibust
714 2629 761 2690 An
785 2631 903 2711 poteris
959 2625 1154 2688 contrarium
1174 2645 1244 2690 esse
1264 2645 1328 2692 non
1351 2629 1514 2712 intelligis,
1530 2651 1629 2714 quum
1652 2633 1708 2696 ali-

146 2727 271 2804 dicere,
298 2728 382 2808 quod
412 2727 570 2789 universae
597 2727 744 2790 nationes
768 2736 800 2790 et
827 2749 904 2810 gen·
958 2723 1086 2803 quando
1101 2723 1189 2785 dicas
1204 2743 1263 2788 nos
1278 2734 1396 2788 certam
1419 2728 1589 2792 lectionem
1611 2731 1707 2794 babe-

147 2833 286 2906 tesqua
303 2845 338 2888 se
352 2825 536 2888 alterutram
556 2825 687 2888 minime
707 2826 901 2909 intelligunt,
959 2841 1003 2898 re,
1019 2821 1191 2902 aliquando
1207 2842 1282 2886 vcro
1298 2824 1390 2887 nobis
1411 2828 1646 2910 corruptionem
1669 2850 1706 2894 ac

146 2943 240 3006 reges
272 2941 400 3005 quoque
428 2932 461 2986 et
493 2923 666 3006 principos,
691 2924 746 3006 qui
778 2925 901 2990 inimici
958 2921 1165 2982 mutationem
1186 2921 1359 3002 adscribaS,
1374 2925 1459 3004 quod
1482 2935 1565 2989 certe
1588 2947 1705 2992 vanum

147 3041 232 3104 saepe
260 3029 335 3084 sunt
359 3031 481 3101 mutuo,
508 3040 572 3085 non
598 3023 716 3085 divinar
740 3021 819 3086 fidoi
846 3027 938 3090 sede
958 3016 1705 3107 salsissimumqueconsistittQuumitaquehuic

146 3121 299 3184 humanm
318 3121 428 3203 gloriae
450 3141 545 3185 causa
568 3121 765 3185 unanimiter
787 3142 903 3188 conve·
957 3126 1072 3181 nostru
1087 3119 1254 3183 assertioni
1275 3140 1333 3185 nec
1353 3130 1398 3201 tu,
1415 3142 1474 3185 nec
1493 3123 1608 3205 aliquis
1630 3146 1705 3191 con·

145 3228 269 3283 nerunt
291 3220 609 3303 adcommpendam
624 3222 678 3284 Dei
692 3222 900 3304 scripturam,
956 3214 1112 3279 tradicere
1140 3218 1251 3301 possit,
1277 3236 1374 3299 quare
1404 3220 1506 3283 iactus
1532 3241 1565 3284 es
1595 3225 1702 3306 segnis

145 3337 245 3399 qnam
275 3327 487 3401 susceperunt
521 3319 623 3401 siguis
652 3327 748 3401 atque
777 3321 902 3385 virtuti·
955 3330 993 3375 ac
1021 3314 1165 3395 stolidus,
1195 3316 1350 3397 objiciens
1378 3319 1472 3382 nobis
1500 3320 1580 3383 laisa
1609 3330 1702 3405 atquc

145 3418 206 3479 bus
226 3416 448 3499 prodigiisque
467 3416 641 3498 firmatam,
656 3419 740 3501 quod
767 3420 901 3483 nullatc-
957 3412 1086 3475 inaniat

144 3534 206 3576 nus
238 3514 283 3576 ab
310 3514 419 3595 aliqua
449 3513 630 3577 rationabili
662 3524 769 3579 mente
801 3518 901 3581 susci·
995 3510 1178 3591 Considera,
1208 3530 1326 3593 queso,
1356 3514 1535 3597 diligenter,
1565 3518 1619 3599 qui
1647 3538 1705 3583 uo-

144 3614 258 3693 piturt
956 3618 1056 3672 strum
1070 3610 1172 3692 magis
1192 3611 1357 3674 videantur
1378 3614 1568 3694 scripturam
1590 3617 1703 3681 falsam

181 3714 232 3774 An
249 3711 385 3774 forsitan
402 3710 474 3775 ideo
493 3712 590 3775 ctiam
609 3721 718 3775 nostra
736 3714 899 3798 scriptum
955 3715 987 3770 et
1001 3717 1181 3790 corruptam
1198 3709 1314 3771 habere
1330 3734 1338 3771 ι
1356 3729 1425 3792 nos,
1438 3712 1492 3793 qui
1508 3733 1577 3777 cam
1593 3734 1702 3779 sanam

143 3809 202 3871 tibi
218 3818 373 3891 corrupta
393 3828 464 3872 esse
486 3808 622 3887 videtur,
638 3812 790 3892 qnoniam
813 3820 899 3876 tuam
955 3825 992 3869 ac
1014 3805 1172 3869 sinceram
1192 3807 1375 3889 accepimus
1394 3828 1412 3871 a
1432 3812 1550 3874 sanctis
1570 3812 1705 3877 bomini-

144 3907 240 3970 toties
272 3915 438 3988 mutatam,
464 3906 558 3970 toties
586 3916 778 3991 corruptam,
805 3912 899 3975 toties
956 3904 1026 3983 bus,
1044 3923 1101 3987 per
1116 3904 1204 3986 signa
1219 3913 1251 3967 et
1265 3906 1410 3987 prodigia
1425 3926 1520 3990 supra
1534 3930 1626 3973 usum
1648 3932 1704 3975 na·

143 4006 277 4069 diverso
292 4008 387 4069 modo
401 4005 571 4069 laceratam
586 4024 651 4069 non
666 4006 822 4089 ambigist
838 4009 900 4072 Ab·
957 4011 1033 4065 turm
1051 4004 1203 4085 exhibita,
1219 4012 1250 4067 et
1270 4022 1340 4085 qun
1359 4004 1400 4067 ab
1419 4006 1603 4071 bominibus
1623 4030 1704 4073 nun-

143 4104 266 4168 sithoc
282 4104 478 4186 aScriptura
492 4104 661 4185 Dei,qaam
676 4104 810 4187 Spiritus
825 4108 899 4170 San·
955 4120 1062 4183 quam,
1080 4102 1141 4164 nisi
1161 4102 1225 4165 Deo
1244 4112 1404 4184 operante,
1423 4104 1493 4167 lieri
1515 4109 1702 4191 potuissent,

143 4212 215 4265 ctus
249 4202 337 4264 sicut
363 4202 502 4264 similem
534 4201 653 4284 ubique
682 4204 823 4285 tradidit,
854 4201 989 4271 itania
1018 4199 1133 4283 quibus
1156 4201 1289 4263 diversa
1312 4203 1458 4265 nationes
1484 4213 1515 4267 ct
1538 4216 1648 4286 gentes
1672 4218 1705 4273 et

143 4301 267 4381 ubique
288 4300 427 4363 similem
449 4301 660 4364 conservavit.
676 4302 723 4364 An
745 4310 799 4365 tua
820 4306 898 4367 scri·
956 4300 1083 4381 lingum,
1100 4306 1132 4361 et
1154 4298 1291 4362 allectus
1315 4308 1409 4383 atque
1435 4303 1580 4385 consilia,
1604 4325 1703 4371 unum

141 4406 238 4480 ptum
265 4398 427 4481 corrumpi
452 4397 574 4463 idcirco
596 4418 660 4462 non
686 4402 801 4482 potuit,
821 4403 897 4483 quia
954 4398 1102 4479 idemque
1117 4399 1280 4477 sentiunt3
1296 4418 1336 4461 au
1358 4419 1425 4478 vos,
1442 4402 1496 4483 qui
1518 4406 1703 4487 suscepistis

141 4498 271 4562 scilicet
284 4498 411 4578 magnis
425 4516 462 4561 ac
476 4497 597 4560 divinis
612 4498 896 4583 miraculis,signis
952 4496 1141 4579 scripturam
1166 4495 1322 4560 Mabomet
1350 4499 1470 4581 absque
1494 4500 1601 4584 aliquo
1627 4524 1702 4571 vero

140 4614 273 4677 quoque
301 4604 334 4657 et
358 4596 525 4678 prodigiis,
551 4616 570 4658 a
593 4597 750 4660 blahomet
777 4599 897 4663 coniir·
952 4595 1070 4657 indicio
1093 4618 1100 4656 :
1121 4613 1228 4675 quam,
1256 4614 1341 4659 more
1367 4606 1542 4679 poetarum,
1569 4601 1636 4683 ipsc
1662 4604 1700 4667 ad

140 4703 227 4757 mata
242 4695 309 4757 siti
325 4694 385 4757 Sed
401 4694 462 4757 boc
476 4714 534 4777 pro
548 4703 636 4759 certo
650 4716 808 4777 nusquam
824 4718 896 4780 pro·
951 4694 1076 4757 libitum
1093 4713 1184 4756 suurn
1202 4694 1260 4757 sibi
1278 4695 1444 4775 confinxit,
1461 4708 1493 4760 et
1515 4701 1609 4764 unius
1632 4712 1700 4766 tan·

141 4793 236 4856 batur
252 4816 261 4855 :
280 4792 456 4875 praesertim
470 4812 569 4875 quum
585 4794 618 4855 iu
633 4794 790 4859 alcorano
811 4797 895 4880 ipse·
950 4802 1018 4856 tum
1040 4812 1144 4874 parve
1165 4793 1268 4875 gentis
1290 4794 1417 4857 tradidit
1439 4799 1570 4877 nationi,
1588 4810 1697 4865 contra

141 4900 207 4955 met
231 4892 322 4954 dicat
346 4908 410 4955 nou
440 4891 502 4954 sibi
529 4892 638 4954 datum
666 4912 737 4957 esse
766 4895 893 4977 signum
949 4891 1200 4975 quamdividit',
1217 4912 1472 4977 unamquamque
1490 4897 1575 4961 illius
1595 4900 1697 4963 irrati-
1724 4926 1777 4969 mre
1799 4926 1840 4971 nr.

143 4990 275 5072 aliquod
290 4989 408 5052 lacere.
425 4990 588 5073 Scriptura
603 5011 677 5054 vero
691 4991 812 5073 divina,
829 5004 893 5057 tam
949 4990 1085 5055 onabilis
1106 4998 1137 5053 et
1152 4992 1325 5072 turpissimi
1343 4994 1451 5075 scripti
1466 4995 1629 5075 (videlicet
1643 4999 1695 5060 Al·
1708 4989 1842 5095 mm

143 5088 220 5151 novi
246 5106 345 5169 quam
370 5088 487 5151 veteris
509 5089 713 5168 Testamenti,
737 5091 838 5175 signis
862 5101 894 5155 et
951 5090 1072 5168 corani)
1088 5090 1277 5151 sententiam
1297 5090 1483 5154 miraculum
1500 5114 1695 5173 vocans,vo
1795 5084 1800 5095 ¹

142 5186 314 5250 miraculis
327 5192 421 5249 autea
439 5186 591 5250 inauditis
611 5189 811 5272 confirmata,
827 5210 896 5254 om·
950 5190 1019 5253 lens
1033 5206 1087 5250 eas
1102 5204 1286 5269 comparare
1301 5188 1397 5251 Rubri
1419 5191 1514 5253 maris
1533 5193 1694 5274 divisioni,

143 5286 307 5367 nibusque
332 5284 457 5369 populis
477 5304 515 5349 ac
535 5288 684 5369 gentibus
705 5306 769 5353 nno
790 5298 822 5353 et
842 5308 895 5354 eo·
949 5286 1183 5351 resuscitationi
1199 5290 1695 5377 mortuoram,curationibusque
