4309 6250
446 491 488 539 nx
506 491 612 540 xurna
633 487 813 539 mosmos}
831 487 996 536 nsaroxmr
1015 487 1048 536 nr
1069 487 1194 538 ramis.
1217 507 1257 520 -
1277 489 1348 536 aar.
1372 491 1424 537 xrr
1649 469 1706 534 tol

161 661 296 726 centiam
311 681 443 745 prorsus
456 663 658 742 immensam,
680 657 1126 725 etdelectatiobarboribus
1155 666 1186 722 ct
1210 655 1366 742 uirgultis.
1396 657 1484 722 Etsi
1509 657 1541 720 in
1565 657 1710 721 leciebus

161 780 230 824 nem
255 761 423 824 verissime
442 761 689 824 interminatam.
707 758 907 824 AEternaliter
959 757 1169 840 quorumdam
1191 758 1357 821 bominum
1383 757 1563 820 mortalium
1589 765 1708 820 tantm

159 878 283 941 quoque
304 861 471 923 intuentur
488 880 523 922 se
543 859 682 922 invicem
702 855 908 921 deliciosissi·
960 854 1229 938 pulchritudinem
1251 856 1358 939 posuit
1382 856 1476 936 Deus,
1492 862 1527 918 ut
1549 855 1709 918 intuentos

160 977 208 1020 me
226 967 325 1039 atque
341 943 530 1038 clarissime,
550 967 583 1021 et
603 955 755 1020 fruuntur
772 975 806 1018 se
824 954 906 1018 invi·
959 950 1058 1016 iacies
1072 961 1136 1016 tam
1152 955 1283 1018 decores
1303 955 1477 1037 plurimum
1499 954 1707 1033 delectentur,

159 1075 224 1119 cem
239 1075 316 1118 curn
332 1057 493 1138 voluptate
511 1055 640 1118 infinita
659 1073 697 1116 ao
719 1071 907 1135 supermun·
959 1061 991 1116 et
1004 1053 1123 1116 diutius
1140 1053 1340 1136 inspiciendo
1352 1053 1404 1116 vix
1419 1053 1710 1135 lassentur,ipsum-

158 1153 288 1216 (lissima
315 1177 324 1216 :
350 1155 460 1236 sicque
484 1154 601 1232 laetitia,
625 1172 687 1235 pax
710 1159 743 1214 et
765 1150 906 1214 suavitas
958 1167 1022 1230 que
1036 1158 1163 1232 tempus
1184 1151 1231 1214 eis
1254 1151 1350 1215 breve
1371 1152 1527 1232 videatur,
1544 1170 1642 1234 quum
1665 1159 1710 1214 ta-

159 1251 283 1315 llominl
299 1251 355 1316 Ilei
369 1253 469 1316 nostri
485 1254 517 1314 in
533 1272 567 1315 sa
583 1251 654 1334 ipso
667 1259 716 1313 est
736 1248 905 1314 omnifarie
960 1267 1033 1312 men
1049 1248 1148 1312 iacies
1163 1249 1301 1314 bominis
1316 1249 1358 1312 sit
1373 1249 1447 1314 vilis
1466 1259 1498 1314 ct
1520 1249 1710 1331 corruptibi-

159 1351 262 1433 plena,
285 1350 438 1432 perlecta,
466 1351 632 1414 immense.
658 1349 697 1412 Et
721 1349 747 1411 si
773 1367 847 1411 vere
868 1367 905 1410 ao
961 1346 1001 1409 lis
1024 1348 1163 1410 materie
1189 1348 1291 1430 portio
1316 1367 1412 1430 parva
1429 1372 1436 1410 ι
1454 1367 1548 1430 quem
1576 1349 1710 1431 pulcher

159 1451 281 1514 sincere
303 1450 470 1531 diligimus
493 1468 579 1529 cum,
601 1449 756 1512 debemus
779 1447 819 1509 de
843 1446 905 1509 boc
958 1453 1008 1508 est
1022 1446 1090 1527 ipse
1105 1445 1232 1510 Creator
1244 1447 1456 1530 omnipotens,
1465 1447 1556 1528 cujus
1571 1447 1709 1510 essentia

159 1548 386 1614 cordialissime
411 1548 567 1611 exsultem
588 1571 596 1608 :
617 1565 682 1630 quo
704 1543 826 1609 etenim
848 1543 907 1608 ali·
959 1551 1007 1606 est
1020 1544 1074 1606 lux
1096 1545 1373 1628 superpurissima,
1390 1563 1519 1626 prorsus
1540 1545 1705 1624 immensa,

157 1648 225 1730 quis
239 1647 401 1710 sincerius
415 1654 510 1728 atque
529 1645 707 1709 ferventius
725 1643 830 1726 diligit
850 1643 907 1705 ali·
959 1651 992 1706 et
1006 1642 1075 1724 ipsa
1089 1644 1156 1706 baec
1172 1641 1238 1721 lux,
1255 1651 1303 1706 est
1318 1643 1472 1726 sapientie
1487 1644 1637 1723 increata,
1655 1663 1710 1707 ve-

158 1743 745 1829 quem,eodelelicitate,perleotione
759 1752 791 1808 et
804 1741 907 1825 gloria
961 1741 1037 1803 ritas
1061 1742 1274 1819 interminata,
1303 1742 1457 1836 sanctitas
1482 1742 1575 1824 eujus
1600 1743 1709 1806 nullus

157 1847 225 1928 ejus
245 1843 463 1908 abundantius
482 1845 610 1926 gaudet.
919 1835 943 1898 B
961 1849 1011 1903 est
1030 1839 1129 1902 iinisl

1000 1938 1163 2018 Praeterea,
1179 1957 1278 2020 quum
1293 1937 1375 2002 Deus
1390 1939 1645 2022 superamabilis,
1657 1957 1710 2002 su-

353 2063 597 2128 ARTIGULUS
619 2062 712 2128 xlv,
962 2037 1238 2118 perdesiderabilis
1252 2055 1289 2101 ao
1304 2037 1657 2120 supergratiosissimus,
1669 2038 1710 2101 sit

962 2135 995 2196 in
1015 2153 1049 2198 sa
1068 2135 1139 2219 ipso
1161 2135 1297 2199 infinitas
1319 2136 1495 2217 suavitatis,
1512 2137 1577 2200 imo
1601 2137 1709 2219 utique

962 2233 1033 2316 ipse
1045 2233 1181 2297 dulcedo
1202 2233 1343 2312 iontene,
1363 2235 1590 2298 immensurate
1607 2259 1614 2297 ι
1631 2254 1711 2298 non·

961 2351 1002 2396 ne
1016 2331 1088 2414 ejus
1102 2331 1223 2412 lruitio,
1239 2333 1310 2416 ejus
1324 2343 1436 2416 gustus
1451 2341 1483 2397 et
1497 2352 1592 2417 sapor
1613 2334 1711 2397 inter-

960 2449 1022 2494 nus
1034 2429 1245 2495 ineffabiliter
1257 2431 1511 2514 jucundissimus
1532 2431 1711 2497 deliciosis-

215 2534 397 2600 Umfluoll
415 2552 567 2598 vocemus
586 2536 672 2617 quod
693 2534 799 2597 risum
820 2533 906 2598 dele·
960 2529 1125 2612 simusque
1149 2530 1319 2594 consistitt
1338 2531 1376 2594 Et
1401 2532 1428 2594 si
1454 2531 1631 2615 corporalia
1653 2530 1711 2594 ali·

229 2643 318 2714 ctat;
334 2644 367 2697 et
380 2633 485 2714 dulce,
500 2633 585 2715 quod
607 2632 837 2696 delectabiliter
856 2653 905 2696 se·
960 2637 1068 2692 menta
1082 2647 1119 2692 ec
1134 2637 1227 2712 potus
1242 2629 1389 2693 nonnulli
1401 2638 1465 2692 tem
1477 2630 1711 2696 delectabiliter

154 2735 211 2817 pit.
236 2733 277 2797 m
301 2751 365 2816 quo
388 2731 511 2814 aliquid
539 2731 703 2815 pulcbrius
732 2731 839 2810 luerit,
866 2751 905 2796 eo
959 2726 1100 2810 sapiunt,
1126 2729 1153 2790 si
1183 2747 1351 2812 corpomm
1377 2729 1454 2792 unio
1478 2737 1600 2792 tantum
1624 2729 1710 2792 dele-

155 2834 224 2914 ejus
237 2834 411 2915 adspectus
429 2831 613 2894 deliciosior
630 2839 700 2908 est3
715 2849 780 2912 quo
797 2839 905 2894 autem
961 2837 1025 2892 ctat
1041 2852 1049 2890 ε
1065 2847 1160 2911 quarn
1186 2829 1467 2912 voluptuosissima
1491 2839 1540 2893 est
1561 2830 1711 2894 bassilica

155 2931 286 2994 suavius
301 2937 413 3009 exstat,
428 2948 467 2993 eo
480 2937 593 3012 gustus
607 2937 729 2992 etusus
749 2948 807 2992 seu
828 2927 906 2992 imi·
962 2927 1018 2991 illa
1046 2927 1239 3011 lruitiveque
1269 2929 1356 3008 unio,
1382 2947 1447 3010 que
1474 2947 1564 2992 mens
1592 2938 1709 3008 creata,

155 3029 199 3092 tio
225 3031 301 3111 ejus
324 3029 461 3092 sentitur
486 3026 670 3110 jucundior.
699 3028 802 3103 Quum
829 3045 906 3110 orgo
923 3025 945 3090 C
960 3026 1129 3090 dulcedine
1155 3027 1208 3094 Dei
1233 3027 1383 3107 increata,
1401 3027 1572 3110 purissima
1596 3035 1628 3091 et
1653 3027 1712 3090 im·

154 3129 236 3192 Deus
259 3126 435 3191 altissimus
462 3133 494 3189 et
520 3134 658 3189 aeternus
680 3126 722 3189 sit
744 3126 814 3209 ipsa
836 3126 907 3210 pul·
961 3146 1083 3206 mensa,
1101 3126 1133 3189 in
1149 3146 1182 3191 se
1198 3127 1267 3210 ipsa
1281 3128 1319 3191 ad
1337 3127 1461 3191 libitum
1483 3126 1608 3206 fruitur,
1626 3147 1711 3192 oam-

155 3226 304 3290 cbritudo
332 3225 460 3309 penitus
482 3224 623 3304 infinite,
648 3224 848 3308 sapientielis
868 3243 906 3288 ac
960 3244 1022 3307 quo
1044 3224 1076 3287 in
1101 3244 1158 3289 suo
1183 3225 1271 3289 lanto
1297 3226 1468 3307 experitur,
1484 3234 1600 3307 gustat,
1617 3235 1649 3290 et
1673 3246 1710 3291 aa

155 3326 239 3406 viva,
259 3342 327 3389 non
352 3322 570 3402 accidentalis,
594 3324 650 3387 sod
675 3324 904 3403 substantialis,
961 3323 1156 3406 adplenum
1184 3324 1270 3387 intus
1298 3324 1330 3387 in
1358 3334 1512 3389 eternum
1543 3324 1709 3389 reliciturl

154 3423 218 3486 imo
232 3422 344 3505 potius
358 3421 645 3505 superessentialis,
661 3422 693 3484 in
709 3440 743 3485 se
757 3422 828 3504 ipsa
848 3440 906 3505 pu·
960 3420 1071 3487 Nonne
1090 3422 1249 3503 excecati,
1267 3422 1455 3506 insipientes
1478 3432 1573 3505 atque
1600 3424 1711 3488 miser·

154 3522 280 3585 rissime
296 3519 588 3603 invariabiliterque
607 3520 795 3599 subsistens,
810 3528 905 3602 atque
961 3520 1033 3583 rimi
1048 3520 1306 3603 comprobentur,
1322 3522 1377 3602 qui
1393 3530 1478 3585 tanta
1501 3520 1653 3585 felicitate
1675 3542 1709 3587 so

152 3621 193 3684 ab
219 3620 374 3685 omnibus
402 3637 461 3702 per
494 3616 654 3683 infinitam
682 3618 904 3683 excellentiam
960 3620 1089 3703 privent
1103 3620 1410 3701 propterpresentis
1433 3620 1504 3684 vites
1526 3619 1710 3685 delectatio-

153 3725 302 3800 separata
324 3724 357 3779 ct
379 3714 611 3798 superexaltate
631 3739 639 3776 :
659 3735 767 3780 nonne
789 3716 906 3781 inesti—
961 3737 1019 3781 nes
1043 3718 1196 3801 impunes,
1218 3717 1318 3781 loedes
1342 3736 1379 3781 ac
1404 3718 1568 3797 bestiales,
1581 3728 1709 3803 propter

153 3816 321 3879 mobiliter
341 3814 529 3897 gaudiosum
553 3821 613 3893 est,
629 3814 714 3878 bunc
739 3814 906 3898 superpul-
961 3817 1098 3880 oaducos
1113 3818 1250 3881 bonores
1264 3836 1301 3879 ac
1317 3826 1485 3899 pereuntes
1500 3818 1647 3881 divitiasl

153 3914 353 3979 cberrimum
375 3914 487 3992 Deum
504 3913 651 3994 hancque
664 3911 837 3993 infinitam,
854 3933 906 3976 su·
1001 3914 1090 3978 Nunc
1105 3914 1201 3996 igitur
1215 3914 1331 3977 mantis
1347 3915 1516 3998 puritatem
1536 3936 1680 3980 amemus
1698 3942 1705 3981 :

153 4011 508 4097 persplendidissimam
532 4010 815 4093 pulchritudinem,
841 4012 906 4095 pri·
960 4012 1046 4097 quia,
1062 4020 1099 4076 ut
1114 4013 1262 4076 Salomon
1277 4012 1426 4095 loquitur,
1442 4012 1497 4095 qui
1517 4013 1621 4096 diligit
1640 4034 1709 4078 cor-
1734 4036 1801 4083 resa.
1804 4051 1855 4089 11111

154 4132 252 4190 marn,
269 4110 486 4193 exemplarem
500 4130 539 4173 ac
552 4110 903 4193 supermundissimam,
959 4112 1011 4175 dis
1033 4110 1235 4189 munditiem,
1252 4110 1388 4174 amicum
1414 4112 1543 4175 hebebit
1566 4132 1673 4195 regom
1698 4138 1705 4179 :
1723 4105 1755 4143 ¹¹·

153 4211 185 4274 in
199 4230 236 4274 se
250 4211 325 4293 ipse
338 4208 424 4273 clare
445 4228 483 4272 sc
504 4208 687 4272 immediate
707 4209 904 4293 conspicere,
921 4211 1000 4274 ilde
1013 4228 1077 4293 quo
1099 4209 1143 4272 ait
1157 4210 1336 4291 Apostolus,
1353 4210 1428 4292 llogi
1449 4218 1555 4273 autem
1577 4212 1709 4277 saeculo-
1724 4234 1853 4287 trumo.

154 4330 227 4374 cnm
258 4309 332 4392 ipsa
358 4306 551 4371 eternaliter
584 4308 736 4389 habitare,
765 4308 807 4371 ab
833 4309 905 4390 ejus
961 4328 1031 4373 rum
1053 4308 1236 4387 immortali,
1254 4306 1417 4387 invisibili,
1435 4309 1493 4374 soli
1515 4310 1590 4389 Deo,
1607 4312 1709 4377 bonor

152 4409 270 4472 intuitu
292 4425 457 4489 nunquam
479 4408 626 4469 cesserat
960 4416 993 4471 ct
1005 4406 1118 4489 gloria.
1135 4406 1215 4482 Quid
1230 4414 1335 4469 autem
1350 4414 1397 4470 est
1416 4408 1474 4471 ista
1494 4410 1598 4471 cordis
1617 4429 1710 4473 mun·

191 4508 304 4586 Porro,
325 4524 422 4588 quam
446 4504 715 4588 incomparabilis,
730 4506 908 4571 amoenissi·
960 4506 1050 4584 ditia,
1066 4504 1130 4569 nisi
1151 4504 1318 4569 detestatio
1340 4506 1444 4569 ornnis
1469 4507 1605 4571 camelis
1630 4508 1709 4573 alie-

153 4626 205 4670 ms
219 4616 319 4689 etque
332 4604 514 4688 gratissime
527 4604 568 4667 sit
582 4604 786 4685 pulcbritudo
800 4614 833 4668 et
846 4606 907 4669 cla·
961 4604 1088 4685 ctionis,
1111 4602 1257 4687 expulsio
1282 4603 1378 4666 totius
1401 4605 1554 4669 mundani
1578 4607 1707 4689 amoris,
1723 4591 1727 4599 ¹

154 4708 231 4771 ritas
255 4703 315 4768 Dei
335 4703 487 4768 adorandi
510 4722 549 4767 ac
572 4702 742 4782 benedicti,
769 4722 807 4767 ex
834 4705 908 4767 dili·
961 4712 1054 4788 atque
1076 4704 1298 4767 immunitesa
1322 4714 1464 4786 peccato,
1481 4706 1576 4769 decor
1599 4708 1709 4789 gratiae

155 4804 244 4889 genti
274 4810 492 4867 creaturarum
522 4801 776 4866 consideratione
803 4810 907 4885 potest
961 4811 993 4868 et
1014 4804 1179 4883 virtutum,
1195 4802 1297 4866 divini
1317 4803 1435 4867 amoris
1454 4803 1641 4869 sinceritast
1665 4807 1708 4871 lle

155 4900 327 4987 perpendi.
344 4899 426 4964 Ecce
445 4900 532 4963 enirn
549 4908 669 4982 quante
686 4908 736 4963 est
759 4900 908 4983 speciosi·
962 4902 1060 4984 hujus
1074 4902 1238 4965 munditie
1253 4902 1458 4982 amatoribus,
1474 4903 1529 4985 qui
1544 4924 1562 4967 a
1577 4912 1708 4986 peccato

155 5012 203 5067 tas
236 5012 271 5067 et
301 5000 426 5063 claritas
455 4998 542 5077 solis,
571 5000 665 5075 lune,
696 4998 906 5081 planetarum,
962 5001 1226 5066 velutacolubro
1246 4999 1383 5083 lugiunt,
1400 5002 1455 5083 qui
1474 5020 1600 5065 omnem
1624 5004 1708 5086 inju-
1723 5020 1860 5079 saetosus.

156 5100 496 5179 stellarum,coelorum
511 5117 549 5162 ac
563 5098 909 5182 elementorum3quam
962 5101 1081 5165 stitiam
1097 5110 1247 5182 tanquam
1266 5120 1426 5165 venenum
1446 5103 1626 5181 abhorrent,
1643 5104 1708 5167 Sal-

155 5200 390 5266 delectabiliter
410 5208 553 5280 tompore
570 5196 702 5261 ssovui
720 5206 803 5262 terra
817 5218 909 5263 orna·
962 5210 1052 5265 vator
1074 5200 1248 5264 disseruit:
1265 5200 1351 5262 Beati
1371 5201 1490 5264 mundo
1510 5202 1615 5280 corde,
1632 5221 1710 5283 quo·
1722 5219 1855 5276 aarum.

155 5310 208 5365 tur
222 5298 526 5378 lructibus,berbis,
538 5297 747 5381 graminibus,
759 5297 906 5381 floribus,
963 5300 1050 5363 niam
1070 5299 1132 5381 ipsi
1147 5300 1246 5362 Deum
1268 5298 1432 5365 videbunt.

155 2201 201 2260 De
214 2198 382 2274 ineffabili
394 2205 425 2256 et
444 2197 672 2256 inaestimabili
683 2197 808 2271 gaudio
819 2213 906 2271 proe·

195 2289 256 2347 mii
270 2287 457 2346 essentialis
469 2287 668 2346 Sanctorum
683 2285 719 2344 r'n
735 2303 834 2362 regno
847 2303 906 2344 coe·

194 2377 281 2438 lasti.
