4309 6250
537 489 657 539 aournu
677 490 842 538 ιιιιιιιιιιιιι
863 490 1035 549 ιιιιιιοιιιιι,
1059 488 1148 536 arasa
1168 488 1209 535 ιι.
1232 507 1273 519 -
1292 490 1362 536 aar.
1385 491 1439 537 xri
1703 473 1763 537 tta
1805 516 1809 522 -

211 660 296 739 tiori,
304 660 459 739 liberiori,
470 660 590 744 puriori
605 660 840 743 ardentiorique
857 666 962 722 mente
977 660 1003 722 Α
1019 660 1149 723 dileetio
1167 668 1216 723 est
1234 659 1331 737 foeda,
1347 658 1422 721 vilis
1432 705 1433 708 ,
1444 679 1482 745 ac
1501 659 1637 739 vitiosa3
1653 667 1766 723 cetere

210 758 365 821 inhaereat
388 758 462 821 Deo.
488 758 568 821 llinc
592 758 699 840 itaque
722 756 865 821 Salvator
887 775 963 819 con·
1018 758 1142 839 species
1152 756 1333 821 dilectionis
1345 766 1419 821 sunt
1429 755 1767 843 indifferentes.Quum

211 856 312 919 suluit
327 864 452 919 terrena
467 854 642 935 contemni,
658 862 816 939 parentes,
834 854 963 936 propin·
1019 872 1094 936 ergo
1122 854 1320 937 spiritualem
1349 855 1553 919 dilectionem
1583 854 1708 918 inliciat
1735 863 1768 918 et

211 974 293 1037 quos
307 953 513 1036 sobolemque
526 952 747 1035 relinqui,imo
758 961 788 1015 et
799 952 961 1034 propriam
1018 950 1107 1014 tollat
1135 970 1226 1015 amor
1253 952 1401 1030 carnalis,
1427 952 1537 1016 docuit
1563 950 1705 1015 Christus
1733 959 1768 1014 ut

40 1064 198 1118 Nutu-¹¹1.
213 1053 409 1119 voluntatem
423 1052 554 1115 omnino
568 1052 737 1134 abnegare,
753 1051 888 1114 dicendo
906 1074 913 1111 :
930 1049 961 1112 Si
1019 1050 1179 1113 carnalem
1213 1070 1354 1114 amorem
1387 1050 1519 1115 omnino
1554 1050 1702 1128 vitemus,
1732 1050 1767 1112 in

212 1152 262 1215 vis
277 1150 439 1235 perlectus
454 1149 638 1230 esse,vade,
652 1150 755 1213 vende
769 1147 961 1230 omniaque
1018 1156 1142 1211 tantum
1162 1156 1197 1212 ut
1215 1168 1274 1212 nec
1298 1157 1447 1230 parentes
1468 1168 1528 1212 nec
1552 1147 1638 1212 lilios
1662 1168 1767 1232 neque

211 1250 323 1327 babes,
345 1257 377 1311 et
397 1248 437 1311 da
459 1246 664 1335 pauperibus,
680 1254 712 1310 et
733 1265 865 1327 sequere
888 1264 959 1324 me3
1019 1246 1215 1330 propinquos
1233 1246 1326 1311 aliter
1346 1266 1442 1329 quam
1464 1246 1675 1329 spiritualiter
1696 1246 1768 1310 dili·

67 1371 136 1414 raar.
152 1374 196 1415 so.
212 1349 353 1431 itemque
380 1370 387 1409 ι
413 1346 523 1410 Omnis
550 1344 605 1428 qui
635 1345 799 1427 reliquerit
826 1352 959 1428 patrem,
1019 1365 1141 1428 gamus.
1170 1345 1351 1427 Spiritualis
1379 1364 1455 1409 vero
1478 1346 1609 1409 dilectio
1632 1354 1767 1428 estque

211 1456 267 1511 aut
295 1456 441 1527 matrem,
470 1454 525 1509 aut
552 1462 693 1521 uxorem,
724 1451 778 1506 aut
806 1441 904 1522 lilios,
930 1450 962 1505 et
1018 1443 1112 1509 nobis
1140 1464 1177 1507 ac
1210 1444 1364 1527 proximis
1398 1445 1545 1509 volumus
1578 1443 1766 1508 felicitatem

212 1554 328 1624 cetera,
356 1552 486 1628 propter
510 1563 573 1623 me,
598 1542 783 1625 centuplum
812 1541 958 1623 accipiet,
1018 1549 1180 1620 eternam,
1196 1542 1343 1623 donaque
1366 1542 1474 1625 gratie
1496 1562 1533 1606 ac
1558 1541 1710 1605 virtutum
1734 1551 1766 1605 et

211 1655 244 1709 et
259 1646 358 1708 vitam
372 1652 522 1707 aeternam
538 1641 722 1726 possidebit.
737 1639 961 1703 Verumtamen
1018 1640 1126 1704 omnia
1140 1641 1246 1705 media
1266 1642 1383 1723 quibus
1404 1642 1443 1704 ad
1458 1641 1547 1705 illam
1563 1641 1763 1725 pertingitur.

211 1764 292 1809 uxor
325 1744 393 1826 jam
422 1742 559 1823 cognita,
589 1760 652 1805 non
686 1747 735 1803 est
769 1738 869 1802 invita
903 1756 961 1801 nec
1017 1739 1056 1801 Et
1073 1740 1224 1821 quoniam
1244 1759 1302 1823 per
1320 1742 1464 1820 adversa,
1485 1760 1542 1822 per
1562 1740 1765 1820 tentationes,

210 1841 401 1907 auctoritate
416 1840 545 1923 propria
559 1840 778 1922 relinquenda.
793 1838 832 1901 Et
846 1837 961 1900 iterum
979 1842 1003 1907 B
1019 1838 1268 1921 persecutiones,
1285 1838 1438 1920 inopiam,
1458 1840 1497 1902 ad
1521 1847 1673 1903 aeternam
1697 1859 1768 1921 per-

31 1963 191 2015 taesum.
209 1942 254 2005 ait
280 1940 424 2004 Christus
452 1963 459 2001 :
485 1938 543 2013 Qui
571 1938 640 2001 vult
668 1937 778 2001 venire
802 1944 874 2019 post
897 1956 960 2015 me,
1018 1938 1167 2001 ducimur
1189 1940 1337 2021 gloriam,
1362 1940 1438 2021 quia
1466 1938 1625 2021 pertalis
1653 1958 1768 2021 purga·

209 2040 348 2121 abneget
362 2038 581 2121 semetipsum,
589 2045 621 2100 et
632 2036 722 2100 tollat
732 2054 859 2099 crucem
876 2054 962 2097 suam
1018 2057 1133 2100 mura
1162 2038 1262 2115 vitiis,
1288 2047 1320 2100 et
1347 2038 1440 2102 donis
1468 2037 1577 2119 gratie
1607 2057 1644 2100 ac
1670 2038 1769 2100 virtu·

209 2138 367 2221 quotidie,
383 2145 416 2200 et
435 2144 587 2218 sequatur
608 2154 670 2199 me.
1019 2146 1087 2200 turn
1116 2136 1299 2220 implemur,
1328 2136 1451 2201 Christo
1481 2156 1608 2219 quoque
1638 2145 1769 2219 propter

251 2238 415 2315 Preterea,
432 2235 507 2317 quia
521 2254 579 2318 per
593 2234 716 2298 nullam
731 2234 882 2297 virtutem
896 2241 961 2296 tam
1019 2254 1076 2298 nos
1096 2253 1190 2319 passo
1209 2234 1459 2316 conformamur,
1479 2243 1510 2298 et
1532 2235 1684 2298 aluturis
1704 2244 1769 2299 tor-

210 2336 352 2419 perlecte
368 2334 575 2416 conjungitur
595 2333 692 2398 homo
707 2332 770 2397 Deo
785 2331 962 2395 incommu-
1019 2334 1137 2397 mentis
1167 2334 1372 2412 redimimur3
1393 2334 1469 2397 hinc
1493 2334 1604 2397 docuit
1626 2334 1768 2397 Christus

210 2435 302 2499 tabili
322 2442 354 2497 et
372 2433 497 2499 excelso
517 2432 600 2496 siout
624 2452 681 2514 por
702 2432 962 2513 caritatemque
1019 2442 1053 2497 ut
1081 2434 1190 2497 omnia
1216 2434 1276 2496 ista
1307 2433 1464 2517 patienter
1488 2432 1640 2512 ieramus,
1664 2453 1767 2516 nequa

209 2534 356 2599 omnium
370 2541 420 2596 est
433 2532 585 2595 virtutum
605 2532 725 2613 regina,
733 2529 847 2609 forma,
855 2538 963 2593 vertex
1018 2533 1059 2597 ob
1094 2533 1206 2595 talium
1240 2532 1465 2615 irrogationem
1499 2532 1684 2611 irascamur,
1717 2533 1766 2594 in-

210 2652 249 2697 ae
272 2632 346 2695 linis
360 2656 369 2709 3
384 2630 461 2694 hinc
481 2628 623 2694 Christus
646 2629 796 2693 universa
815 2646 886 2711 quae
906 2629 962 2693 do-
1018 2632 1198 2713 dignemur,
1220 2631 1433 2712 invideamus,
1458 2631 1639 2709 timeamus,
1660 2631 1768 2695 turbe-

209 2731 290 2811 cuit,
310 2729 472 2795 consuluit
494 2749 531 2793 ac
556 2728 718 2812 precepit,
739 2725 898 2791 ordinavit
921 2728 960 2789 ad
1019 2751 1100 2810 mur,
1121 2730 1187 2795 imo
1205 2750 1278 2793 cum
1298 2731 1414 2813 gaudio
1434 2750 1472 2793 ea
1487 2738 1639 2812 tanquam
1660 2730 1767 2793 multi·
1793 2754 1910 2807 uarium,

208 2832 275 2895 boc
299 2838 332 2892 ut
356 2829 456 2893 Deum
481 2827 678 2907 naturaliter,
695 2826 834 2891 totaliter
854 2846 892 2889 ao
915 2826 962 2889 in·
1017 2829 1146 2911 pliciter
1172 2828 1335 2893 fructuosa
1360 2827 1571 2893 victorialiter
1594 2828 1765 2911 patiamur,
1782 2823 1815 2871 ¹¹¹
1829 2822 1862 2871 ¹²·
1876 2822 1910 2863 ⁴⁴·

209 2924 554 3011 circumscriptibiliter
573 2926 704 3005 bonum,
720 2933 874 3006 quanttun
890 2943 962 3006 pos-
1018 2928 1164 2992 inimicos
1188 2929 1336 3006 amando,
1357 2925 1539 2991 odientibus
1563 2925 1768 2990 benefacien-

208 3027 307 3091 sibile
329 3027 432 3090 estin
454 3025 518 3089 vita
540 3022 688 3107 presenti
710 3022 852 3105 perlecta
876 3027 998 3092 ame-G
1017 3029 1069 3108 do,
1097 3046 1154 3110 pro
1182 3026 1439 3109 persecutoribus
1469 3024 1769 3089 calumniatoribus-

211 3147 297 3191 mus.
313 3127 408 3190 Porro
422 3134 499 3188 tuno
513 3124 613 3188 Deum
628 3121 769 3206 perleote
784 3121 959 3205 diligimus,
1017 3147 1080 3210 que
1113 3128 1244 3205 orando,
1279 3126 1361 3189 nulli
1393 3145 1521 3209 quoque
1556 3126 1675 3189 malum
1709 3144 1768 3207 pro
1795 3151 1861 3194 nm.
1878 3163 1915 3201 ιιι,

206 3227 290 3290 dum
304 3233 405 3290 totum
427 3224 511 3306 quod
534 3242 655 3300 sumus,
672 3221 757 3303 quod
780 3239 959 3302 possumus,
1017 3226 1102 3289 malo
1128 3225 1299 3306 reddendo,
1320 3225 1377 3288 sod
1401 3225 1522 3288 malum
1548 3225 1707 3288 vincendo
1733 3223 1767 3286 in
1785 3215 1816 3265 ¹⁷·
1832 3215 1866 3256 ²¹·

206 3326 337 3406 agimus
357 3331 389 3386 et
409 3323 574 3398 habemus,
591 3321 630 3383 ad
652 3319 758 3402 ipsum
780 3318 960 3400 referimus,
1018 3325 1113 3388 bono.

206 3425 252 3488 ad
286 3425 354 3506 ejus
386 3439 540 3501 amorem,
573 3421 727 3484 bonorem
761 3427 793 3482 et
826 3418 961 3501 gloriam
1057 3422 1221 3500 Preterea,
1241 3421 1331 3502 juxta
1352 3421 1538 3503 evangelica
1562 3421 1765 3502 documenta,

207 3523 321 3586 omnia
347 3519 543 3585 ordinantes.
572 3507 843 3593 Quemadmodum
875 3517 960 3581 onim
1018 3522 1135 3604 duplex
1149 3530 1199 3584 cst
1211 3539 1312 3584 amor.
1328 3520 1414 3584 Unus
1436 3527 1484 3584 est
1503 3538 1593 3583 amor
1607 3519 1668 3597 sui,
1685 3519 1768 3583 alter

206 3628 313 3684 toturn
336 3617 421 3701 quod
447 3635 569 3694 sumus,
593 3615 678 3696 quod
702 3615 844 3678 valemus
867 3625 960 3698 atque
1018 3629 1067 3683 est
1090 3639 1178 3685 amor
1200 3620 1267 3683 Dei.
1290 3619 1388 3684 Amor
1410 3619 1460 3682 sui
1482 3628 1532 3682 est
1553 3619 1698 3683 omnium
1720 3618 1768 3680 vi-

207 3719 378 3797 babemus‚
394 3716 491 3778 abeo
506 3721 628 3794 sancto,
644 3713 718 3777 vivo
733 3720 854 3778 atvero
873 3733 963 3778 acce-
1019 3719 1135 3783 tiorum
1163 3718 1255 3800 origo
1285 3741 1292 3780 ι
1323 3726 1355 3780 et
1381 3726 1500 3799 quanto
1527 3717 1601 3800 quis
1629 3716 1767 3799 amplius

207 3817 320 3902 pimus
335 3823 367 3878 et
382 3822 549 3890 tenemus3
565 3811 612 3875 sic
627 3830 721 3876 omne
742 3811 822 3875 illud
836 3813 877 3874 ad
892 3812 962 3894 ejus
1019 3818 1052 3880 in
1077 3817 1126 3880 sui
1150 3835 1257 3880 amore
1281 3816 1432 3893 abundat,
1449 3824 1536 3879 tanto
1561 3814 1707 3897 pluribus
1729 3834 1767 3879 ae

207 3916 351 3993 laudem,
366 3912 514 3996 gloriam,
530 3930 670 3975 amorem
689 3919 721 3974 et
739 3910 893 3974 bonorem
915 3929 963 3974 re·
1017 3916 1216 3998 gravioribus
1239 3915 1391 3998 impletur
1414 3914 1566 3997 peccatis.
1592 3914 1654 3977 Sed
1678 3933 1769 3977 amor

205 4013 298 4078 ferre
325 4012 491 4089 debemus,
520 4009 563 4072 ita
593 4016 627 4071 ut
655 4016 720 4074 toto
748 4028 821 4072 eum
855 4009 961 4074 animo
1017 4015 1072 4078 Dei
1091 4022 1140 4077 est
1157 4012 1300 4078 omnium
1320 4022 1450 4077 actuum
1468 4014 1558 4095 origo
1578 4013 1764 4077 bonorum:

205 4122 342 4194 totoque
357 4110 472 4193 spiritu
486 4108 667 4191 diligamus,
684 4116 871 4172 cunctarum
885 4125 963 4188 quo-
1017 4121 1048 4176 et
1062 4120 1182 4196 quanto
1203 4112 1276 4195 quia
1296 4112 1330 4174 in
1344 4112 1400 4175 Dei
1417 4130 1530 4183 ¹amore
1551 4111 1653 4193 magis
1667 4110 1768 4174 abun·

204 4231 277 4296 que
296 4211 412 4274 virium
431 4207 546 4272 animat
565 4206 765 4289 operationes
785 4207 961 4270 secundum
975 4211 1001 4276 lt
1017 4212 1081 4292 dat,
1105 4219 1191 4275 tanto
1214 4209 1497 4274 abundantioribus
1518 4209 1669 4292 impletur
1690 4209 1768 4273 acti-

205 4309 332 4376 dirine
359 4307 551 4390 exigentiam
581 4305 720 4370 caritatis
749 4323 895 4388 regamus
924 4324 961 4368 ao
1018 4311 1079 4374 bus
1100 4309 1259 4373 virtuosis.
1276 4310 1373 4372 Amor
1392 4307 1510 4371 etenim
1532 4307 1593 4387 sui,
1609 4316 1659 4371 est
1679 4325 1769 4372 amor

205 4407 405 4493 regulamus.
435 4405 514 4470 ilino
547 4403 688 4470 Christus
722 4404 756 4466 in
789 4403 961 4487 Evangelio
1018 4408 1183 4492 improbus
1211 4415 1244 4471 et
1266 4407 1421 4490 privatus,
1447 4425 1511 4488 quo
1536 4425 1680 4470 amamus
1708 4423 1768 4470 nos

206 4515 406 4595 protestatur
420 4504 519 4588 (quod
540 4502 636 4568 etiam
657 4503 739 4566 Deus
760 4522 818 4585 per
836 4504 962 4586 Moysen
1019 4509 1107 4592 ipsos
1120 4506 1440 4590 perverse,videlicet
1453 4524 1519 4570 non
1535 4505 1569 4568 in
1580 4506 1768 4587 lleo‚neque

103 4655 123 4684 2
157 4669 167 4685 ‚
206 4611 250 4673 in
271 4603 516 4670 Deuteronomio
535 4601 627 4682 dixit)
644 4601 806 4665 :Primum
827 4611 860 4666 et
877 4623 964 4666 sum-
1019 4607 1196 4672 secundum
1222 4606 1333 4683 Deum,
1364 4606 1419 4668 sed
1452 4604 1486 4667 in
1513 4604 1765 4688 nobismetipsis,

108 4737 134 4810 gn
176 4715 305 4773 imum
333 4705 515 4768 mandatum
540 4710 600 4781 est,
616 4710 651 4764 ut
674 4701 842 4766 Dominum
863 4704 962 4766 Deum
1019 4727 1057 4771 ea
1084 4707 1235 4789 optando,
1264 4706 1435 4787 querendo
1467 4711 1500 4767 et
1532 4703 1766 4786 amplectendo,

91 4801 97 4811 '
137 4798 145 4818 '
175 4795 360 4872 'nostrum
385 4811 450 4867 toto
476 4802 583 4881 corde,
607 4808 672 4864 tota
697 4810 803 4866 mente
825 4804 962 4886 totisque
1019 4825 1090 4887 quaa
1115 4804 1207 4868 nobis
1230 4803 1407 4868 secundum
1435 4802 1596 4886 propriam
1624 4800 1770 4865 allectio·

205 4903 339 4972 viribus
358 4902 542 4984 diligamus.
1019 4925 1094 4969 nem
1108 4902 1310 4968 delectabilia
1330 4911 1415 4980 sunt,
1432 4902 1523 4965 utilia
1545 4920 1602 4964 eeu
1622 4901 1766 4978 honesta,

254 5004 419 5082 Praeterea,
444 5019 544 5082 quum
568 4998 735 5082 multiplex
763 5007 863 5064 exstet
885 5001 965 5066 dile·
1020 5004 1181 5082 videlicet,
1205 5001 1343 5064 delicata
1370 5000 1499 5078 cibaria,
1526 4999 1676 5063 mulieres
1704 4997 1769 5061 lor·

206 5099 293 5180 ctio,
317 5107 405 5182 puta,
429 5096 594 5174 naturalis,
621 5096 759 5174 socialis,
783 5096 960 5178 familiaris,
1020 5121 1137 5181 mosas,
1165 5100 1267 5182 iocos,
1296 5100 1400 5179 ludos,
1431 5097 1595 5180 pecunias,
1624 5096 1764 5173 divitias,

205 5199 406 5268 carnalisne
428 5195 602 5280 spiritualis
619 5217 626 5258 ι
643 5193 816 5279 spiritualis
837 5197 964 5262 dilectio
1020 5202 1203 5285 dignitates,
1229 5198 1439 5281 praelationes,
1464 5197 1602 5260 honores
1625 5216 1634 5258 ι
1657 5194 1767 5276 sicque

206 5309 264 5368 est
279 5296 451 5374 meritoria,
469 5294 594 5377 [leoque
609 5304 717 5376 grata;
735 5295 872 5359 earnalis
890 5318 963 5363 vero
1021 5321 1059 5366 ex
1088 5319 1195 5364 amore
1228 5297 1276 5360 sui
1308 5304 1484 5360 nascuntur
1515 5294 1601 5376 gula,
1630 5292 1766 5372 luxuria,

339 5431 373 5485 T.
392 5431 433 5482 36.
1610 5427 1642 5483 28
