4309 6250
450 471 512 538 ddi
789 493 909 542 coum
928 492 1097 540 ιιιιιιιιι
1117 491 1288 550 usnemu,
1311 492 1400 540 ursan
1420 493 1465 540 ιιι.
1487 509 1528 523 -
1547 493 1617 540 ιιι.
1641 494 1664 541 ιι

451 669 595 743 tumeat,
611 665 697 746 quod
710 683 912 748 nequaquam
925 685 946 728 a
958 665 1023 729 [teo
1036 672 1092 728 aut
1104 684 1199 747 ange·
1213 664 1239 729 ll
1253 683 1488 748 quamcumque
1501 666 1647 730 arborem
1668 665 1869 746 materialem,
1884 663 1978 749 inepta

452 763 485 827 lo
503 771 625 842 sancto,
641 765 696 827 sed
715 782 734 827 a
752 764 862 847 Sergio
879 765 1028 829 haeretico
1052 763 1199 845 perfidis·
1253 764 1404 846 probatur
1419 765 1593 846 responsio.
1606 765 1773 830 Paradisus
1786 784 1914 847 namque
1926 773 1978 828 ter-

452 879 516 942 que
550 860 676 940 ludaeis,
708 863 883 926 instructus
915 863 959 926 sit
989 863 1196 926 ldahometus.
1253 863 1362 926 restris
1384 882 1457 946 pars
1482 871 1573 928 terras
1596 873 1655 945 est,
1671 883 1768 948 quam
1789 873 1893 945 tetam,
1907 863 1979 927 sieut

451 960 595 1043 Insuper,
611 961 696 1043 quod
710 962 754 1024 ait
767 962 953 1026 Psalterium
973 962 1068 1025 simul
1089 962 1198 1025 datum
1253 971 1284 1025 et
1298 970 1403 1026 cetera
1417 963 1585 1042 elementa,
1601 963 1683 1027 Dens
1698 982 1756 1047 per
1769 963 1978 1026 seimmediate
2104 989 2105 1016 ι

452 1078 523 1122 ease
546 1059 657 1139 Dauid,
673 1061 873 1142 apertissime
895 1061 1013 1124 laisum
1033 1069 1082 1123 est
1098 1084 1105 1123 :
1122 1079 1199 1143 quo-
1253 1060 1412 1142 produxit,
1424 1061 1489 1126 imo
1503 1062 1634 1140 creavit,
1647 1061 1731 1125 sicut
1745 1061 1779 1123 in
1792 1060 1899 1125 Genesi
1913 1060 1979 1125 scri-

450 1157 554 1239 nium,-
566 1165 602 1220 ut
614 1177 653 1221 ex
671 1158 773 1222 titulis
792 1166 879 1241 patet
897 1158 1093 1242 psalmomm
1105 1161 1198 1240 (quos
1253 1158 1338 1222 bitur
1354 1182 1361 1222 :
1377 1159 1411 1222 lu
1428 1160 1589 1243 principio
1604 1161 1726 1224 crearit
1740 1161 1818 1224 Deus
1831 1158 1940 1224 colum
1954 1167 1981 1222 et
1991 1179 2073 1230 cana.

449 1255 577 1337 Esdras,
592 1257 644 1320 vir
666 1265 795 1320 sanctus
815 1277 853 1320 ac
875 1257 1041 1339 prophete,
1057 1256 1199 1320 creditur
1253 1266 1379 1322 terram.
1396 1257 1458 1322 Cur
1471 1277 1547 1341 crgo
1567 1260 1731 1342 paradisus
1753 1258 1924 1342 specialiter
1941 1258 1982 1321 in-

450 1354 582 1436 psalmis
600 1355 836 1437 proposuisse),
857 1364 951 1438 atquc
969 1375 1008 1419 ex
1025 1354 1117 1418 lihris
1141 1354 1198 1418 lle
1252 1363 1301 1420 ter
1314 1364 1449 1439 quatuor
1466 1377 1486 1420 a
1507 1358 1570 1421 heo
1593 1356 1731 1441 propriis
1752 1366 1875 1440 operata
1894 1357 1983 1420 mani·

450 1471 526 1533 qum
553 1471 601 1516 ac.
618 1452 881 1535 Paralipomenon
913 1453 1029 1535 partim
1057 1452 1195 1533 elicitur,
1252 1454 1312 1517 hus
1335 1457 1544 1518 numeraturi
1558 1456 1702 1538 Denique
1727 1455 1823 1518 multa
1845 1455 1896 1518 his
1918 1473 1984 1536 qua·

451 1557 580 1614 sanctus
597 1550 698 1614 David
721 1551 919 1634 temporibus
944 1550 1037 1614 valde
1060 1550 1197 1614 diversis
1252 1564 1324 1618 tuor
1338 1553 1428 1637 quasi
1449 1555 1742 1637 incomparabiliter
1755 1555 1894 1636 digniora
1912 1555 1983 1618 licus

451 1655 484 1712 et
501 1667 521 1710 ι
538 1667 573 1712 se
591 1648 732 1713 invicem
753 1649 883 1714 remotis
908 1648 1008 1712 edidit
1031 1647 1197 1732 psalmos:
1253 1653 1389 1736 propriis
1405 1653 1550 1717 manibus
1565 1655 1717 1734 condidit,
1725 1654 1870 1718 videlicet
1884 1671 1983 1718 norem
2105 1703 2106 1734 ,

451 1746 517 1811 imo
530 1749 685 1830 quosdam
699 1747 925 1831 composuitiu
937 1748 1200 1830 juventute,non·
1254 1751 1384 1815 ordines
1408 1751 1617 1833 angelorum
1642 1759 1780 1834 suntque
1802 1751 1833 1813 iu
1856 1750 1985 1832 quolibet
2105 1747 2106 1758 ’

450 1848 528 1910 dum
553 1864 607 1909 rex
632 1846 746 1925 iactus,
768 1847 824 1909 sed
849 1845 976 1909 ΒιιιΙιιιι
1000 1844 1128 1927 lugiens
1152 1865 1200 1909 re-
1216 1851 1239 1914 B
1255 1852 1367 1916 ordine
1388 1852 1637 1916 innumerabiles
1658 1852 1764 1934 augeli
1789 1851 1897 1915 sancti.
1911 1851 1986 1914 lecit

451 1963 536 2027 gem,
551 1944 706 2026 quosdam
718 1944 785 2027 jam
799 1945 833 2007 in
848 1963 956 2026 regem
976 1953 1152 2026 promotus,
1169 1951 1201 2007 et
1255 1956 1287 2011 et
1303 1948 1396 2011 orbes
1417 1948 1563 2012 eoelestes
1578 1967 1650 2011 cum
1666 1947 1819 2011 sideribus
1839 1955 1871 2010 et
1890 1947 1986 2030 plane

451 2043 607 2124 quosdam
639 2042 796 2106 senectuti
829 2041 1037 2126 propinquus.
1067 2043 1198 2123 Rursus,
1255 2045 1306 2109 tis.
1323 2046 1461 2121 Quomm
1486 2046 1734 2129 comparatione,
1751 2045 1912 2129 paradisus
1933 2053 1986 2108 tec

451 2141 586 2204 verbum
600 2141 686 2204 istud
699 2141 813 2204 ldahon
828 2141 986 2204 incertum
1007 2147 1066 2202 est.
1084 2139 1200 2202 Omnes
1255 2143 1376 2221 restris,
1401 2144 1495 2207 arhor
1517 2143 1612 2223 tube,
1637 2143 1753 2207 tabule
1778 2142 1898 2225 hloysis,
1918 2142 1986 2224 quid

451 2258 590 2320 namque
603 2240 805 2303 Hebraeorum
819 2240 1113 2320 doctores,senctus
1127 2257 1202 2320 quo·
1256 2244 1351 2304 eunti
1367 2242 1399 2304 Si
1414 2261 1490 2305 vero
1504 2261 1562 2324 per
1575 2241 1758 2323 paradisum
1774 2240 1925 2304 intellexit
1941 2260 1988 2323 pu-

451 2357 514 2420 qne
527 2338 748 2420 Hieronymus,
765 2346 912 2400 asserunt
931 2355 996 2400 non
1019 2336 1122 2400 solum
1144 2336 1201 2400 lla·
1256 2341 1395 2404 radisum
1410 2340 1573 2403 coelestem
1595 2359 1651 2404 seu
1672 2339 1790 2403 coelum
1804 2358 1985 2422 empyreum,

451 2437 505 2500 vid
519 2437 660 2519 psalmos
674 2435 902 2519 composuisse,
914 2437 970 2499 sed
986 2435 1103 2499 multos
1117 2436 1202 2518 psal·
1255 2439 1339 2520 quod
1372 2447 1421 2502 est
1452 2438 1555 2521 patria
1585 2438 1765 2518 beaterum,
1794 2438 1987 2502 excusahihor
2106 2477 2107 2522 ,

451 2553 577 2599 morum
601 2533 704 2598 editos
726 2553 797 2598 esse
820 2554 839 2598 a
863 2533 977 2617 hloyse,
1003 2534 1201 2616 quosdama
1255 2544 1338 2600 esset
1373 2536 1547 2618 responsio.
1578 2571 1619 2582 -
1651 2536 1795 2618 Insuper,
1825 2535 1858 2598 in
1884 2535 1986 2599 Genesi
2106 2561 2107 2574 ι

452 2633 532 2696 filiis
552 2632 642 2713 Cere,
657 2633 811 2714 quosdam
832 2632 872 2695 ah
894 2631 977 2695 aliis.
1104 2707 1106 2710 ¹
1255 2635 1409 2716 scriptum
1430 2641 1479 2698 est
1497 2634 1764 2716 quemadmodum
1784 2633 1865 2697 Deus
1882 2633 2089 2698 forma-recen

492 2731 665 2811 Postremo,
681 2751 701 2794 a
720 2730 903 2793 Sarracenis
922 2731 975 2794 hic
995 2748 1102 2813 quero
1125 2749 1201 2812 qua·
1256 2734 1304 2797 vit
1320 2733 1417 2796 Evam
1441 2732 1481 2795 de
1505 2732 1604 2795 latere
1626 2731 1711 2796 Adae.
1729 2732 1791 2794 Cur
1807 2751 1882 2814 erge
1899 2732 1986 2795 Adam

453 2829 492 2893 lis
513 2828 576 2892 luit
598 2827 658 2891 iste
681 2829 807 2892 Judaeus
831 2828 995 2911 praelatam
1019 2829 1200 2911 approbans
1256 2831 1437 2913 specialiter
1451 2829 1589 2913 propriis
1604 2829 1718 2893 iecisse
1735 2829 1882 2894 manibus
1895 2830 1988 2912 perhi-

453 2927 706 3009 responsionem,
736 2926 911 3009 praesertim
944 2927 1079 2990 verbum
1108 2926 1198 3004 illud,
1255 2930 1370 2994 beturi

452 3026 537 3108 qued
559 3024 670 3088 hlahon
690 3025 825 3088 asseruit
842 3025 1052 3106 Evangelium
1077 3025 1200 3088 Christo
1219 3026 1241 3089 C
1295 3026 1448 3108 lienique,
1474 3045 1587 3090 manus
1614 3025 1669 3088 uei
1696 3025 1903 3107 spiritualiter
1925 3035 1990 3088 sunt

452 3126 549 3189 alteo
563 3123 726 3188 collatum.
742 3123 775 3187 Si
789 3123 876 3187 enim
891 3123 925 3185 in
946 3122 1108 3187 ludaismo
1127 3124 1202 3187 huc·
1257 3123 1469 3205 intelligendae
1505 3123 1736 3207 omnipotentia
1772 3143 1810 3187 ac
1849 3121 1991 3206 sapientia

452 3244 554 3306 usque
581 3231 809 3306 permanserat,
833 3241 1035 3305 nequaquam
1065 3223 1202 3286 eredidit
1256 3223 1337 3305 ejus.
1354 3223 1516 3297 Quomodo
1540 3240 1616 3303 ergo
1640 3222 1721 3285 Deus
1743 3222 1879 3305 propriis
1902 3221 1991 3284 mani·

452 3325 559 3387 lesum
581 3342 651 3386 esse
671 3321 829 3384 Christum
850 3320 883 3383 in
903 3322 974 3403 lege
992 3322 1198 3403 promissum.
1256 3321 1315 3383 bus
1331 3320 1457 3402 scripsit
1471 3319 1595 3383 tabulas
1610 3319 1745 3401 ldoysisi
1760 3319 1881 3383 ldcirce
1894 3320 1991 3383 dieen-
2107 3316 2108 3389 Ῠ

452 3422 486 3485 Si
505 3420 593 3485 enim
612 3414 676 3483 hod
692 3420 891 3499 credidisset,
907 3419 1103 3483 Christianus
1122 3419 1201 3482 iuis-
1255 3419 1343 3497 dum,
1356 3420 1441 3500 quod
1456 3418 1538 3481 sicut
1553 3416 1672 3500 hleyses
1687 3418 1789 3499 legem
1804 3438 1824 3481 e
1838 3419 1899 3482 lieo
1912 3436 1991 3481 acce

453 3529 513 3598 set,
528 3539 589 3582 nec
604 3519 711 3600 aliquo
725 3518 820 3582 modo
834 3526 906 3600 post
923 3517 1023 3581 iidem
1044 3526 1076 3580 et
1097 3518 1200 3599 legem
1255 3518 1304 3601 pit
1317 3537 1375 3601 per
1388 3517 1547 3600 angelum,
1564 3516 1617 3599 qui
1639 3515 1824 3598 frequenter
1842 3518 1876 3579 in
1896 3516 1991 3580 Exodo

407 3671 414 3688 .
453 3618 568 3683 Christi
587 3625 763 3700 acceptam,
780 3617 882 3698 legem
901 3616 1057 3679 ldahomet
1080 3636 1202 3679 assum·
1257 3616 1419 3679 inducitur
1439 3615 1528 3699 quasi
1551 3614 1584 3677 in
1607 3632 1744 3698 persona
1767 3615 1822 3678 Dei
1846 3634 1992 3699 apperens

455 3717 582 3800 psisaet.
608 3716 725 3779 Omnes
748 3734 886 3797 namque
914 3714 1012 3777 ludaei
1041 3714 1201 3779 Christum
1256 3725 1287 3781 et
1302 3716 1446 3797 loquens,
1462 3714 1547 3777 unde
1565 3722 1597 3777 et
1617 3733 1700 3796 saepe
1721 3714 1840 3778 ibidem
1855 3715 1992 3779 dominus

453 3813 618 3898 accipiunt
636 3814 686 3876 vel
711 3821 896 3895 exspectant
918 3820 989 3894 post
1013 3811 1112 3874 licum
1134 3820 1202 3875 tau-
1256 3813 1454 3897 appellatur3
1480 3812 1524 3875 ita
1551 3821 1583 3875 et
1611 3811 1743 3894 angelus
1767 3812 1852 3877 idem
1880 3812 1992 3877 tabulas

453 3933 550 3996 quarn
569 3932 730 3976 summum
752 3930 872 3993 regem,
889 3912 1077 3979 salvatorem
1100 3930 1136 3975 ac
1159 3911 1203 3975 le-
1255 3913 1369 3995 Moysis
1397 3911 1535 3993 scripsit.
1566 3911 1696 3994 Scriptae
1724 3919 1829 3974 tamen
1853 3912 2097 3977 dicunturceum.

453 4013 649 4095 gislatorcm,
659 4010 810 4093 omnique
825 4008 965 4089 homine,
975 4010 1071 4072 etiam
1085 4009 1200 4091 Moyse,
1256 4012 1353 4094 digito
1368 4011 1435 4091 Dei,
1448 4010 1522 4091 quia
1536 4009 1567 4073 in
1584 4027 1719 4091 persona
1734 4009 1788 4072 hei
1803 4012 1933 4093 augelus
1946 4011 1992 4073 ille
2004 3992 2097 4106 W·

453 4109 689 4194 sapientiorem,
706 4108 897 4171 sanctiorem
912 4126 948 4170 ac
969 4106 1198 4171 sublimiorem.
1256 4110 1413 4194 apparuit.
1440 4108 1531 4171 Juxta
1554 4127 1650 4189 quem
1678 4126 1807 4171 sensum
1837 4109 1870 4171 in
1897 4109 1993 4175 Exodo

453 4211 486 4275 Si
509 4219 615 4274 autem
639 4227 704 4272 uon
729 4207 861 4270 credidit
885 4206 991 4269 lesum
1015 4224 1086 4269 esse
1115 4206 1201 4268 Chri·
1217 4203 1243 4265 D
1258 4208 1411 4291 scriptum
1439 4216 1498 4286 est,
1525 4207 1610 4288 quod
1638 4206 1790 4271 Dominus
1817 4207 1995 4290 loquebatur
2014 4225 2069 4271 cna

453 4318 550 4386 stum,
580 4315 705 4372 constat
736 4306 823 4388 quod
856 4304 932 4367 licta
961 4303 1201 4386 responsionem
1258 4326 1330 4371 cum
1354 4308 1458 4388 Moyse
1483 4306 1564 4368 iacie
1592 4306 1631 4368 ad
1660 4305 1789 4386 faciem,
1815 4307 1899 4369 sieut
1924 4302 2061 4370 selel¹¹¹¹¹¹'
2078 4286 2098 4325 ¹¹·

453 4409 536 4471 hanc
556 4403 756 4488 approbavit,
773 4404 856 4466 sicut
877 4410 909 4465 et
932 4401 1011 4465 alias
1035 4401 1200 4483 plurimas,
1257 4406 1353 4469 horno
1375 4404 1461 4485 loqui
1485 4403 1524 4465 ad
1550 4404 1689 4466 amicum
1713 4423 1806 4467 suurn
1820 4428 1828 4483 ;
1844 4412 1875 4467 et
1898 4412 1994 4467 tamen

454 4514 491 4568 ut
510 4504 642 4589 patebit.
1258 4504 1353 4585 paulo
1374 4510 1445 4583 post
1464 4500 1609 4565 subditur
1628 4502 1672 4566 ihi
1691 4502 1799 4565 :Dixit
1821 4503 1939 4584 Moyses
1960 4502 1993 4566 ad
2008 4514 2100 4562 imae.

494 4605 628 4685 insuper
645 4601 757 4684 quaerit
775 4601 901 4664 ludaeus
918 4622 926 4661 ε
944 4603 1021 4668 Qeoe
1035 4608 1112 4660 sunt
1127 4620 1204 4679 qua·
1257 4601 1437 4681 Dominum,
1454 4601 1486 4663 Si
1500 4599 1609 4663 inveni
1624 4600 1758 4682 gratiam
1776 4601 1810 4663 in
1832 4608 1995 4683 conspectu
2006 4582 2065 4627 Μ’

456 4715 533 4766 taor
547 4705 609 4763 illc
619 4721 741 4779 perere
755 4721 828 4781 qum
842 4703 930 4762 Deus
939 4701 1088 4775 propriis
1102 4700 1205 4759 mani·
1259 4706 1323 4777 tue,
1334 4698 1466 4762 ostende
1480 4696 1559 4759 mihi
1574 4695 1691 4760 faciem
1707 4704 1805 4760 tuam.
1818 4696 1996 4780 llespondit-

456 4806 514 4865 bus
542 4811 695 4879 operatus
717 4800 789 4860 eat?
812 4798 990 4875 Respondit
1014 4817 1026 4857 .·
1047 4799 1204 4859 Manibus
1258 4816 1320 4880 que
1335 4796 1416 4859 Deus
1434 4819 1440 4857 :
1457 4796 1582 4860 Faciem
1598 4814 1701 4859 meam
1717 4796 1824 4860 videre
1839 4816 1904 4861 uon
1919 4806 1996 4881 pole·

455 4904 588 4983 quidem
597 4900 748 4977 propriis
764 4898 942 4975 aedificavit
962 4899 1049 4958 Deus
1065 4898 1203 4973 paradi·
1259 4897 1325 4974 ris3
1341 4894 1506 4959 nonenim
1521 4894 1643 4958 videbit
1664 4914 1716 4959 me
1737 4895 1833 4960 horno
1855 4904 1886 4959 et
1906 4896 1994 4960 viret.

454 5022 539 5071 aum,
551 4999 718 5076 plantavit
732 4998 882 5057 arborem
903 4997 999 5065 tubo,
1010 4996 1141 5071 scripsit
1158 5004 1206 5054 ta·
1259 4992 1480 5073 Coniormiter‚
1496 5012 1594 5075 quum
1609 4993 1705 5057 Jacob
1720 4994 1898 5076 patriarcha
1912 5014 1996 5076 ange

455 5104 549 5162 dulas
563 5099 697 5177 Moysis,
709 5096 887 5175 plasmavit
902 5097 1021 5156 Adoro.
1260 5093 1326 5155 lum
1351 5091 1405 5153 Dei
1434 5091 1576 5170 vidisset,
1602 5090 1680 5154 dixit
1706 5115 1713 5153 ε
1738 5092 1810 5154 Vidi
1836 5092 1995 5155 Dominum
2015 5110 2099 5152 carue

495 5198 528 5260 Si
548 5216 606 5279 per
623 5219 641 5256 u
663 5194 844 5276 paradisum
867 5214 884 5252 ι
906 5190 1057 5273 intelligit
1081 5192 1206 5273 paradi·
1260 5190 1343 5253 iacie
1364 5190 1403 5252 ad
1423 5189 1549 5266 faciem,
1566 5197 1599 5253 et
1617 5188 1705 5253 salva
1724 5188 1809 5253 iacta
1828 5198 1879 5253 est
1901 5176 2034 5253 animai*

456 5316 527 5360 sum
549 5301 742 5373 terrestrem,
757 5299 790 5355 et
809 5309 867 5373 per
881 5312 898 5350 e
914 5290 1058 5353 arborem
1074 5288 1158 5353 tubae
1173 5312 1203 5369 ι,
1261 5308 1354 5369 mea3
1373 5296 1409 5352 ut
1428 5288 1462 5351 in
1483 5286 1597 5353 Genesi
1618 5287 1778 5352 scribitur.
