4309 6250
154 527 276 576 fflif'ffl
298 530 382 576 urna
403 529 662 578 suruasttrtortu!
682 531 790 588 QUIBUS
810 529 899 578 ctttca
920 531 1038 578 CULTU!
1059 531 1131 577 ΠΜ
1153 531 1204 577 Ml
1226 529 1380 578 hhnawtt.
1404 549 1442 560 ···
1464 531 1533 577 ΛΠ.
1557 529 1609 576 xvt
1643 511 1702 575 227

154 707 246 760 actus
273 699 406 762 hnmani
431 700 471 762 ab
497 700 662 763 intellectu
686 709 719 763 ct
742 701 944 763 voluntateri
959 700 1066 780 qualia
1082 709 1155 763 sunt
1170 701 1336 765 molimina
1354 701 1399 781 (id
1419 708 1468 763 est
1485 703 1593 782 opera)
1609 699 1706 782 magi-

155 797 408 877 progredientes,
424 799 566 861 casualia
582 817 710 881 quoque
729 807 823 879 atque
842 798 906 861 for·
959 818 1068 860 carum
1097 800 1224 862 artium.
1252 800 1298 861 Ad
1328 799 1387 862 hoc
1416 818 1516 881 genus
1545 799 1706 880 pertinent

157 894 247 955 tuita.
264 894 381 976 Sicque
406 895 618 978 superstitiosi
643 895 828 978 probantur,
849 894 904 976 qni
960 897 1102 979 ligatura
1130 905 1224 977 atque
1251 897 1390 958 remedia
1417 916 1487 977 quac
1511 895 1706 960 medicorum

155 991 200 1054 ita
213 991 386 1056 observant
398 1000 524 1076 tempus
538 993 628 1075 quasi
643 993 742 1075 aliqui
757 994 825 1057 dies
841 993 906 1055 sint
959 1011 1085 1074 quoque
1100 993 1272 1073 disciplina
1286 994 1488 1069 condemnat,
1501 992 1568 1055 sive
1584 993 1616 1054 in
1633 1011 1707 1074 praa

155 1091 353 1152 exsefansti
370 1092 437 1155 sive
457 1091 600 1167 infausti,
618 1091 678 1155 hoc
698 1101 746 1154 est
765 1093 906 1154 fortuna·
960 1090 1204 1166 cantationibus,
1236 1090 1304 1152 sive
1339 1091 1371 1151 in
1405 1087 1595 1170 quibusdam
1624 1088 1707 1152 notis

155 1187 179 1250 ti
201 1197 257 1250 aut
276 1188 488 1252 infortunati:
506 1191 737 1271 propterquod
757 1189 790 1250 in
809 1189 905 1252 certis
959 1205 1038 1268 quas
1059 1187 1258 1250 characteres
1282 1195 1407 1264 vocant,
1429 1186 1496 1248 sive
1522 1185 1554 1248 in
1579 1185 1708 1267 quibus-

155 1285 270 1349 diebus
294 1286 408 1350 nolunt
432 1287 552 1370 aliquid
577 1287 737 1351 inchoare.
754 1287 841 1351 Unde
865 1287 903 1350 ad
959 1303 1022 1365 que
1036 1283 1131 1346 rebus
1153 1283 1385 1366 suspendendis
1406 1302 1442 1346 ac
1465 1283 1634 1365 alligandis
1656 1283 1707 1346 vel

31 1392 142 1442 Matr.
156 1382 282 1446 Galatas
305 1385 653 1466 aitApostolus21lies
675 1385 850 1448 observatis
873 1393 905 1448 at
959 1380 1118 1463 aptandis,
1145 1399 1209 1444 non
1238 1381 1277 1444 ad
1306 1380 1569 1463 temperationem
1598 1400 1709 1464 corpo-

29 1459 48 1498 ⁰'
156 1499 284 1544 menses
303 1489 335 1545 et
355 1491 500 1565 tempora
520 1490 552 1546 et
572 1503 684 1546 annos.
699 1483 787 1558 Quod
809 1501 904 1564 qnam
960 1498 1042 1558 rum,
1058 1479 1114 1542 sed
1136 1480 1174 1540 ad
1196 1479 1349 1560 quasdam
1376 1479 1639 1560 significationes,
1656 1487 1710 1542 aut

43 1591 97 1634 Itid-
109 1596 141 1635 u.
155 1598 254 1661 grave
269 1579 322 1659 sit,
339 1581 445 1644 innuit
464 1581 602 1644 subdens
619 1605 626 1644 :
643 1581 753 1644 Timeo
774 1600 814 1644 ne
836 1581 905 1643 sine
959 1577 1101 1640 occultas
1125 1585 1178 1638 aut
1201 1577 1397 1656 manifestaS,
1412 1596 1491 1658 quas
1512 1577 1630 1640 mitiori
1653 1597 1709 1640 nc

156 1696 254 1740 causa
268 1677 479 1742 laboraverim
494 1679 527 1741 in
543 1679 643 1743 vobis.
660 1680 843 1742 Tenendum
859 1687 906 1741 est
960 1675 1045 1737 mine
1068 1675 1199 1758 physica
1214 1685 1340 1755 vocant,
1358 1684 1392 1738 ut
1405 1676 1495 1756 quasi
1516 1694 1579 1738 nou
1599 1695 1709 1758 super-

156 1793 245 1859 ergo,
261 1778 346 1858 quad
361 1778 535 1860 tempusin
554 1785 638 1840 sect
657 1795 695 1839 ex
715 1796 774 1839 sua
794 1785 907 1840 natura
961 1773 1089 1848 stitione
1121 1773 1298 1855 implicare,
1328 1774 1384 1836 sed
1415 1782 1527 1836 natura
1558 1775 1708 1855 prodesse

155 1875 278 1936 bonum
306 1884 367 1955 est,
393 1885 426 1938 et
451 1894 516 1939 non
541 1876 673 1954 malum,
701 1876 907 1956 quemadmo
923 1872 946 1934 B
962 1872 1130 1934 videantur
1146 1896 1153 1934 :
1171 1871 1264 1934 sicuti
1284 1880 1358 1935 sunt
1379 1873 1506 1934 inaures
1529 1871 1562 1933 in
1584 1892 1708 1936 summo

155 1973 232 2033 dum
248 1981 362 2036 ceterae
384 1981 546 2036 creaturae.
562 1973 670 2054 Neque
684 1991 723 2036 ex
737 1972 908 2035 influentia
961 1971 1085 2032 aurium
1110 1969 1319 2050 singularum,
1347 1979 1401 2033 aut
1425 1971 1464 2034 de
1495 1972 1707 2035 struthionum

156 2068 293 2151 coelesti,
310 2089 413 2152 neque
427 2091 466 2133 ex
480 2071 531 2134 his
545 2091 616 2153 quar
634 2071 718 2133 fiunt
739 2072 771 2132 in
794 2090 843 2149 eo,
859 2078 908 2133 est
962 2069 1086 2131 ossibus
1111 2069 1230 2130 ansnlae
1256 2069 1289 2129 in
1313 2069 1434 2149 digitis,
1450 2077 1505 2131 aut
1527 2088 1625 2150 quum
1651 2069 1708 2132 tibi

156 2169 278 2231 malurn
293 2168 481 2248 formaliter,
498 2171 553 2232 sed
573 2169 676 2232 solum
696 2169 908 2232 denominati·
961 2166 1079 2228 dicitur
1094 2164 1304 2248 singultienti,
1321 2175 1354 2228 ut
1368 2166 1496 2229 dextera
1517 2185 1613 2228 manu
1633 2167 1710 2228 sini-

156 2285 208 2345 ve,
228 2267 490 2330 denominatione
513 2267 702 2346 extrinseca,
724 2275 835 2348 utputa
860 2286 908 2329 re-
962 2271 1062 2324 strum
1086 2263 1233 2344 pollicem
1256 2272 1375 2325 teneas.
1801 2251 1804 2256 ’

156 2373 269 2446 spectu
292 2365 447 2428 malcrum
468 2383 539 2446 qua
560 2366 594 2427 in
616 2365 686 2448 ipso
705 2366 904 2446 contingunt.
1001 2361 1056 2423 ilis
1091 2361 1308 2442 adjunguntur
1340 2360 1442 2423 millia
1468 2361 1514 2440 (id
1543 2369 1590 2424 est
1618 2360 1710 2424 valde

28 2479 141 2530 naara.
156 2462 249 2524 Juxta
272 2481 369 2543 quem
393 2464 522 2526 modum
542 2463 587 2526 ait
605 2463 775 2544 Apostolus
791 2487 798 2524 ε
815 2464 908 2526 ltedi-
961 2459 1074 2538 multa)
1095 2458 1353 2520 inanissimarum
1377 2457 1633 2522 observationum
1651 2483 1658 2520 ε
1676 2467 1711 2520 ut

157 2566 282 2620 mentes
306 2567 443 2641 tempus,
459 2559 610 2641 quoniam
634 2559 704 2621 dies
727 2559 802 2621 mali
822 2567 905 2621 suat.
962 2556 989 2618 si
1012 2557 1190 2619 membrum
1211 2556 1339 2637 aliquod
1365 2557 1506 2634 saliarit;
1523 2558 1549 2619 si
1573 2557 1709 2638 junctim

28 2675 141 2729 raram,
156 2655 302 2718 Christus
330 2675 457 2737 quoque
485 2656 518 2717 in
542 2655 716 2738 Evangelio
743 2681 750 2718 :
778 2656 909 2720 Sufficit
961 2655 1200 2718 ambulantibus
1222 2653 1335 2716 amicis
1361 2653 1440 2735 lapis
1466 2664 1520 2716 aut
1544 2655 1632 2716 canis
1657 2663 1710 2716 aut

29 2745 44 2782 ⁸
156 2753 291 2834 (inquit)
305 2753 369 2816 diei
385 2753 506 2815 malitia
527 2772 595 2816 sua.
612 2755 690 2816 ilinc
706 2754 801 2816 etiam
818 2755 909 2817 inno
961 2772 1041 2834 puer
1065 2751 1189 2814 medius
1211 2752 1428 2830 intervenerit,
1445 2761 1540 2832 atque
1557 2753 1643 2833 quod
1668 2752 1712 2814 la-

156 2851 250 2914 tescit
269 2851 408 2932 qnalitcr
426 2853 622 2914 consuetudo
644 2851 698 2913 illa
723 2853 824 2933 possit
848 2852 909 2914 sal·
963 2850 1069 2931 pidem
1085 2849 1379 2929 calcant,tanquam
1394 2849 1620 2931 diremptorem
1638 2849 1711 2910 ami·

156 2949 224 3010 vari
247 2956 303 3010 aut
327 2949 500 3030 reprobari,
521 2969 583 3030 qua
606 2949 704 3031 aliqui
731 2950 832 3030 prima
856 2951 908 3012 die
962 2947 1055 3021 citiae,
1083 2947 1188 3008 minus
1222 2947 1391 3009 molestum
1420 2955 1468 3009 cst
1498 2966 1593 3028 quam
1625 2948 1709 3028 qnod

156 3047 231 3109 anni
258 3048 449 3110 munuscula
473 3047 660 3129 largiuntur.
678 3047 710 3108 Si
735 3047 821 3109 enim
845 3048 907 3112 hoc
925 3045 1165 3107 Cinnoccntem
1195 3063 1327 3128 puerum
1357 3044 1490 3127 colapho
1515 3046 1707 3128 percutiunt.

155 3144 278 3207 faciant
295 3147 387 3233 quasi
408 3146 511 3227 prima
528 3146 597 3208 dies
621 3146 698 3207 anni
723 3146 755 3207 in
781 3166 815 3208 se
838 3146 907 3229 ipsa
960 3144 1150 3225 Plerumque
1173 3152 1279 3205 autem
1309 3151 1371 3205 tam
1397 3144 1610 3225 superstitiosi
1636 3153 1711 3206 sunt

154 3264 221 3326 praa
236 3245 353 3307 ceteris
368 3243 507 3325 aliquam
529 3245 678 3307 virtutem
701 3243 815 3307 babeat
836 3264 907 3326 spe-
960 3240 1100 3321 quidam,
1127 3249 1162 3303 nt
1183 3259 1294 3303 canem
1309 3240 1364 3321 qui
1384 3240 1508 3303 medius
1531 3241 1710 3304 intervene-

155 3342 284 3420 cialem,
296 3349 406 3423 utpote
420 3342 580 3405 fortunata
594 3360 650 3404 seu
666 3342 780 3420 fausta,
798 3362 906 3425 super·
961 3338 1002 3400 rit
1026 3337 1151 3400 feriant.
1177 3338 1257 3400 ilinc
1281 3346 1355 3399 sunt
1379 3338 1474 3400 etiam
1501 3337 1556 3399 illa
1580 3362 1586 3399 :
1610 3339 1709 3400 limen

154 3440 318 3502 stitiosum
341 3458 574 3521 erroneumque
599 3438 755 3502 consistit.
773 3440 805 3502 Si
831 3459 906 3503 vero
960 3436 1083 3498 calcare
1098 3456 1197 3517 quum
1219 3444 1292 3498 ante
1311 3436 1441 3497 domum
1462 3454 1551 3498 snam
1574 3438 1708 3515 transit,

153 3556 194 3599 ex
208 3538 316 3618 aliqua
331 3536 511 3599 rationabili
525 3556 622 3600 causa
642 3537 675 3599 id
696 3544 802 3618 agant,
820 3538 907 3601 vide-
961 3534 1064 3595 redire
1085 3534 1124 3596 ad
1144 3534 1273 3612 lectum,
1290 3532 1316 3593 si
1336 3532 1408 3615 quis
1428 3533 1504 3594 dum
1524 3552 1557 3595 sa
1576 3533 1707 3611 calceat,

154 3634 232 3697 licet
259 3634 299 3696 ad
325 3634 559 3716 provocandam
587 3653 626 3697 ac
654 3635 906 3697 conservandam
960 3631 1199 3709 sternutaverit3
1217 3631 1320 3693 redire
1335 3631 1477 3707 domum,
1490 3631 1517 3692 si
1533 3632 1709 3713 procedens

153 3731 330 3795 amicitiam
350 3740 493 3794 mutuam
507 3738 572 3795 toto
588 3740 729 3814 ternpore
748 3732 836 3811 anni,
852 3740 907 3795 aut
960 3727 1154 3807 offenderit;
1179 3746 1278 3808 quum
1309 3728 1406 3789 vestis
1432 3746 1450 3788 a
1476 3728 1634 3791 soricibus
1662 3727 1709 3809 (id

152 3849 304 3893 excausa
319 3830 494 3907 consimili,
511 3829 634 3892 licitum
647 3830 818 3910 judicatur.
959 3834 1008 3887 est
1041 3825 1200 3903 muribus)
1231 3825 1362 3903 roditur,
1392 3824 1464 3907 plus
1499 3824 1611 3887 timere
1644 3845 1711 3887 ma·

960 3925 1025 3987 lum
1040 3923 1184 3986 futurum
1206 3942 1299 4005 quarn
1321 3942 1460 4005 praesens
1481 3924 1633 3985 dunnum
1655 3925 1710 3988 do

959 4023 1036 4085 lere.

353 4146 598 4212 ARTICULUS
616 4146 708 4211 XVI·
998 4121 1045 4183 Ad
1065 4120 1149 4183 idem
1169 4138 1270 4201 genus
1293 4119 1528 4203 superstitionis
1549 4118 1710 4203 pertinent

921 4218 1090 4300 liquidam
1106 4216 1334 4298 mathematici,
1344 4218 1399 4299 qui
1415 4237 1453 4281 ex
1467 4216 1709 4282 constellatione

195 4317 244 4378 De
267 4316 418 4376 materiis
438 4316 673 4391 praeinductis,
695 4334 736 4374 err
760 4315 868 4374 verbis
960 4317 1097 4397 subqua
1112 4316 1184 4397 qnis
1200 4324 1366 4395 natusest,
1384 4314 1507 4379 futuros
1528 4315 1599 4397 ejus
1620 4326 1708 4379 actus

403 4406 444 4466 Β·
462 4405 655 4481 Audmifm'·
961 4402 1122 4479 conantur¹
1142 4414 1314 4497 praedicere
1336 4422 1367 4477 et
1385 4422 1528 4479 eventus.
1545 4414 1633 4479 Justo
1655 4433 1709 4478 au·

961 4522 1025 4576 tem
1038 4512 1161 4594 judicio
1178 4511 1216 4574 fit
1230 4520 1264 4573 ut
1279 4511 1423 4575 homines
1436 4513 1590 4577 malarum
1604 4532 1708 4577 rerum

218 4612 369 4679 ECUNDO
391 4614 474 4680 libro
497 4617 538 4679 de
562 4615 710 4680 Doctrina
735 4616 907 4680 christiana
962 4611 1082 4693 cupidi,
1099 4611 1263 4673 tradantur
1287 4610 1441 4672 illudendi
1465 4630 1502 4673 ac
1527 4611 1707 4693 decipiendi

233 4715 375 4795 loquitur
397 4715 592 4796 Augustinus
616 4738 623 4775 :
647 4715 905 4796 Superstitiosum
961 4708 1255 4793 prevaricatoribus
1276 4709 1408 4789 angelis.
1425 4710 1563 4784 Quorum
1588 4711 1709 4774 illusio-

154 4824 207 4878 est
220 4813 379 4896 quidquid
395 4812 575 4875 institutum
591 4822 639 4876 est
660 4813 701 4876 ab
721 4813 907 4876 homiuibus
962 4808 1055 4870 nibus
1087 4826 1124 4869 ac
1158 4807 1399 4888 deceptionibus
1428 4808 1544 4887 evenit,
1575 4818 1609 4871 ut
1639 4810 1708 4871 istis

153 4914 195 4975 ad
211 4911 359 4975 facienda
374 4920 406 4973 et
419 4910 553 4974 colenda
567 4910 651 4974 idola
665 4910 840 4993 pertinens,
857 4912 906 4974 vol
962 4904 1190 4988 superstitiosis
1209 4924 1245 4967 ac
1265 4904 1454 4986 perniciosis
1473 4905 1707 4968 divinationum

153 5012 196 5074 ad
212 5010 380 5073 colendam
395 5016 570 5071 creaturam
586 5017 749 5091 partemve
767 5009 906 5091 aliquam
961 5004 1132 5086 generibus
1147 5002 1246 5065 multa
1260 5003 1418 5084 praeterita
1432 5011 1464 5064 et
1478 5001 1585 5065 futura
1600 5002 1709 5065 dican·

154 5116 311 5171 creatarrre
324 5115 475 5188 tanquam
490 5107 599 5184 Deum,
616 5107 666 5169 vel
689 5107 728 5169 ad
750 5108 908 5171 consulta-
962 5110 1023 5179 tur,
1031 5100 1193 5181 multaque
1209 5099 1451 5164 observantibus
1467 5101 1641 5162 secundum
1657 5100 1709 5161 ob·

153 5209 262 5270 tiones
286 5214 319 5268 et
342 5212 435 5286 pacta
459 5205 603 5285 quadarn
632 5204 906 5287 significationum
962 5200 1156 5263 servationes
1172 5216 1244 5260 suas
1259 5198 1417 5274 eveniant,
1435 5196 1550 5278 quibus
1566 5195 1708 5277 implica·

154 5322 233 5371 cum
256 5302 456 5366 damonibus
478 5301 594 5385 placita
621 5310 714 5383 atque
739 5302 904 5384 foederata,
962 5300 999 5377 ti,
1029 5297 1219 5361 curiosiores
1248 5296 1340 5375 fiant,
1370 5304 1401 5357 et
1434 5314 1502 5357 sese
1536 5294 1636 5375 magis
1670 5313 1706 5358 ac
