4309 6250
459 466 520 534 54⁰
559 487 600 535 BR
620 486 830 536 sumemus
850 488 945 536 sm!
965 486 1133 536 venatricis
1155 489 1192 535 ΕΤ
1213 488 1383 535 causantis
1404 486 1544 546 mutilati,
1567 488 1656 535 tisun
1676 489 1698 535 l.
1720 507 1763 520 -
1782 489 1852 537 m.
1874 490 1913 537 vn

460 656 626 721 submittat
642 658 855 741 jurisdictioni
875 659 1016 723 alterius.
1032 659 1110 723 ltem
1124 659 1206 743 ipse·
1220 659 1245 721 Α
1261 658 1356 723 etiarn
1382 660 1556 724 concedere
1581 660 1681 742 possit
1705 660 1840 725 diacono
1862 660 1987 725 conferre

461 765 527 819 met
555 776 588 820 se
616 758 720 840 ipsum
755 759 898 841 deponit.
928 756 1076 822 Prohibet
1110 758 1204 821 etiam
1260 758 1462 821 diaconatum
1491 758 1681 841 ordinesque
1705 760 1867 839 minores3
1888 768 1917 823 et
1936 762 1989 823 cui-

461 854 534 919 fieri
559 856 791 937 professionem
814 858 846 920 in
871 857 1025 940 religione
1049 857 1133 921 infra
1153 876 1206 920 oc·
1260 857 1338 921 libet
1367 858 1497 921 habenti
1525 858 1682 938 ordinem,
1706 859 1810 941 possit
1835 860 1988 922 concedere

461 955 734 1018 tavumdecimum
755 975 875 1018 annum
893 980 900 1019 :
917 957 1003 1038 quod
1029 965 1135 1019 tamen
1160 955 1205 1020 ibi
1260 956 1344 1037 quod
1359 955 1503 1021 conferat
1516 956 1606 1019 illum
1620 957 1783 1035 ordinem,
1793 964 1897 1039 posset
1909 958 1987 1019 etiarn

461 1053 599 1135 speciale
612 1062 673 1132 est,
689 1062 819 1137 propter
832 1054 894 1118 loci
909 1054 1133 1137 asperitatem,
1149 1056 1205 1119 sed
1260 1056 1310 1135 (ut
1332 1054 1422 1135 dicit)
1437 1055 1611 1119 concedere
1634 1055 1769 1120 diacono
1791 1056 1841 1119 vel
1863 1054 1986 1119 inferiori

460 1171 553 1215 secus
576 1161 624 1215 est
647 1152 736 1231 alibi,
757 1161 793 1215 ut
814 1154 933 1215 dicunt
948 1154 1150 1217 innocentius
1175 1164 1206 1217 et
1262 1152 1377 1217 clerico
1399 1162 1430 1217 et
1448 1154 1541 1231 laico,
1561 1154 1647 1235 quod
1669 1153 1986 1235 consecret·rirgincs,

460 1248 638 1313 bernardus
666 1251 710 1314 ihi
745 1252 779 1314 in
806 1252 926 1332 Glossa,
956 1251 1031 1333 quia
1059 1252 1205 1336 profiteri
1262 1252 1288 1314 si
1318 1260 1424 1315 tamen
1456 1252 1529 1315 talis
1561 1253 1759 1315 consecratio
1794 1261 1899 1333 posset
1929 1252 1986 1313 fieri

459 1357 594 1430 possunt
607 1357 678 1431 post
692 1351 981 1431 annos'pubertatis
992 1358 1056 1413 tam
1072 1351 1205 1414 masculi
1262 1350 1381 1431 absque
1399 1351 1502 1430 ldissa,
1519 1351 1597 1414 alias
1622 1370 1686 1414 non
1707 1353 1752 1430 (et
1776 1351 1916 1415 eamden
1935 1350 1988 1432 opi·

459 1466 554 1528 quam
569 1447 707 1511 feminae.
724 1448 802 1512 Item
821 1449 860 1512 ad
882 1449 984 1512 solum
1000 1450 1115 1533 Papam
1137 1469 1207 1532 per·
1262 1449 1390 1513 nionem
1412 1450 1508 1512 etiam
1523 1450 1717 1513 boimundus
1740 1449 1844 1532 ponit)
1860 1474 1867 1512 ι
1882 1469 1988 1512 verum-

461 1546 541 1609 tinet
554 1546 750 1629 dispensatio
765 1567 838 1610 cum
854 1548 1095 1630 irregularibus,
1262 1556 1380 1626 umen,
1396 1549 1571 1611 secundum
1592 1548 1757 1629 quosdam,
1778 1548 1875 1610 tutius
1894 1555 1937 1611 est
1952 1546 1989 1609 di

498 1644 576 1708 ltem
604 1645 741 1708 electum
770 1645 804 1707 in
838 1647 1061 1728 Imperatorem
1091 1646 1207 1709 confir·
1262 1646 1438 1728 cere,quod
1454 1666 1491 1709 ea
1505 1665 1575 1729 quae
1591 1653 1665 1709 sunt
1678 1645 1811 1726 ordinis,
1827 1665 1889 1709 non
1902 1654 1988 1728 potest

459 1751 535 1824 mat,
552 1752 726 1823 consecrat,
735 1753 790 1807 aut
804 1752 918 1822 cassat,
930 1744 980 1807 vel
995 1745 1091 1807 ctiam
1106 1744 1207 1827 Impe·
1262 1746 1333 1815 aliis
1357 1746 1547 1809 demandare
1568 1745 1623 1826 qui
1643 1763 1706 1807 non
1726 1744 1846 1807 habent
1863 1744 1987 1807 ordinem

460 1850 595 1905 ratorem
616 1842 758 1924 deponit.
775 1843 812 1905 Et
833 1844 1099 1925 quandocumque
1121 1844 1207 1926 prin·
1222 1845 1245 1907 B
1262 1843 1317 1925 qui
1346 1842 1482 1925 exigitur
1515 1844 1555 1906 ad
1582 1842 1821 1923 exsequendum
1855 1842 1886 1904 id
1918 1841 1988 1923 quod

459 1960 535 2023 ceps
570 1941 740 2019 secularis,
777 1942 804 2004 si
839 1942 936 2005 fuerit
969 1942 1136 2023 negligens
1176 1951 1207 2007 et
1262 1943 1490 2020 demandatur3
1507 1942 1562 2005 sed
1577 1960 1699 2023 eaquae
1720 1948 1796 2003 sunt
1815 1939 1990 2023 jurisdictio

460 2038 583 2102 inutilis
598 2039 684 2103 circa
699 2059 831 2121 regnum
846 2047 877 2103 et
891 2038 1058 2121 justitiam,
1077 2041 1126 2103 vel
1146 2042 1207 2103 cir·
1262 2040 1324 2119 nis,
1345 2048 1459 2123 potest.
1481 2041 1616 2105 Thomas
1641 2060 1736 2123 super
1761 2048 1905 2123 quartum
1928 2039 1991 2101 Sen-

460 2156 498 2201 ca
531 2129 687 2202 haeresum
716 2138 984 2220 exstirpationem,
1014 2147 1118 2220 potest
1150 2159 1207 2221 per
1262 2139 1443 2219 tentiarum,
1456 2138 1661 2201 distinctione
1678 2138 1825 2220 septima,
1835 2136 1909 2200 dicit
1920 2136 1990 2218 quod

459 2235 574 2319 Papam
597 2236 726 2319 deponi.
748 2237 835 2299 Unde
858 2236 1023 2299 Zacharias
1047 2237 1130 2319 Papa
1153 2237 1206 2300 de·
1261 2237 1458 2320 probabilius
1471 2237 1599 2316 dicitur,
1615 2238 1699 2318 qnod
1714 2236 1796 2317 Papa
1812 2244 1992 2319 potestcom-

460 2335 565 2417 posuit
588 2334 786 2399 Ludovicum
812 2353 918 2416 regem
943 2334 1149 2413 Francorum,
1175 2343 1206 2398 et
1262 2336 1385 2399 mittere
1400 2335 1555 2399 sacerdoti
1570 2335 1653 2417 quod
1675 2334 1858 2414 confirmet,
1874 2334 1924 2397 sed
1938 2352 1991 2395 non

458 2434 662 2499 Innocentius
682 2434 720 2495 lll
741 2432 896 2496 Othonem
917 2432 1152 2515 imperatorem,
1175 2442 1207 2496 et
1261 2435 1351 2498 alteri
1369 2458 1375 2497 :
1393 2434 1543 2516 quiahoc
1566 2433 1704 2516 pertinet
1724 2432 1763 2495 ad
1779 2432 1991 2513 perfectionem

458 2531 662 2594 innocentius
684 2530 723 2592 lV
745 2531 947 2595 fredericum
969 2531 1203 2614 imperatorem.
1262 2533 1403 2615 corporis
1432 2532 1569 2614 mystici,
1591 2552 1687 2615 super
1705 2532 1789 2614 quod
1815 2530 1895 2612 Papa
1911 2530 1992 2592 habet

458 2630 536 2693 ltem
556 2629 752 2711 pronuntiat,
769 2629 1043 2711 electionemque
1063 2630 1204 2693 nondum
1261 2631 1493 2715 plenitudinem
1519 2630 1694 2714 potestatis.
1722 2630 1785 2693 Sed
1813 2647 1877 2692 non
1899 2636 1993 2711 posset

459 2728 544 2792 facta
565 2736 624 2808 est,
641 2728 668 2790 si
690 2726 759 2807 fiat,
776 2727 898 2791 irritam
920 2727 992 2791 fieri
1013 2736 1045 2791 et
1063 2727 1203 2793 inanem.
1261 2730 1398 2812 simplici
1420 2729 1574 2793 sacerdoti
1590 2728 1799 2792 'committere
1819 2729 1902 2810 quod
1921 2728 1992 2790 ordi-

499 2826 591 2889 Solus
619 2826 714 2890 habet
741 2825 928 2890 canonizare
956 2826 1098 2889 Sanctos.
1128 2828 1204 2890 ltem
1261 2838 1350 2892 naret
1364 2828 1503 2909 aliquem
1518 2828 1549 2890 in
1565 2827 1991 2891 sacerdotem.Possetautem

459 2926 543 3008 quod
571 2924 667 3002 valet,
694 2925 772 2988 facit
796 2944 861 2989 non
884 2924 1001 3006 valere,
1026 2933 1058 2988 et
1083 2934 1202 2989 contra.
1262 2927 1459 2993 committere
1475 2926 1613 3009 simplici
1629 2925 1785 2989 sacerdoti
1800 2924 1940 2989 conferre
1952 2941 1993 2985 or-

458 3024 536 3087 ltem
552 3022 632 3085 nulli
647 3022 709 3103 legi
729 3022 873 3102 subjacet
885 3046 893 3085 ε
905 3023 997 3086 decet
1012 3031 1118 3085 tamen
1132 3043 1206 3085 eum
1224 3031 1245 3093 c
1262 3027 1352 3090 dines
1374 3026 1525 3089 minores.
1972 3044 1974 3050 ’

458 3122 530 3206 jura
541 3121 952 3186 servare.Sententiaetiam
968 3121 1038 3203 ejus
1048 3121 1101 3204 jus
1117 3121 1203 3186 facit.
1302 3126 1472 3203 Postremo,
1490 3124 1523 3187 in
1545 3124 1596 3187 bis
1618 3122 1717 3187 multa
1739 3122 1807 3206 jam
1830 3123 1994 3186 dictasunt

459 3221 563 3285 Potest
583 3221 774 3284 monachum
794 3230 903 3283 contra
925 3221 1120 3283 voluntatem
1142 3229 1205 3285 tarn
1261 3244 1330 3307 qum
1356 3223 1599 3305 intelligentiam
1624 3243 1732 3286 sanam
1758 3223 1922 3304 requirunt
1940 3245 1947 3282 :
1966 3226 1994 3280 ut

460 3340 549 3382 suam
565 3339 660 3401 quam
675 3319 798 3383 abbatis
812 3318 852 3381 de
871 3319 1008 3382 claustro
1028 3322 1203 3400 extrahere,
1261 3325 1345 3405 quod
1360 3323 1443 3404 Papa
1462 3322 1541 3385 nulli
1564 3321 1708 3403 subjacet
1722 3321 1797 3403 legi,
1814 3329 1845 3383 et
1864 3319 1993 3403 quaedam

460 3427 492 3482 et
511 3419 605 3482 alicui
626 3419 776 3500 episcopo
799 3419 849 3481 vel
870 3417 1007 3500 principi
1027 3420 1060 3481 in
1084 3419 1205 3484 socium
1262 3422 1391 3501 similia,
1407 3422 1446 3484 de
1461 3419 1578 3502 quibus
1593 3420 1710 3484 clarius
1725 3420 1787 3483 erit
1801 3419 1991 3502 loquendum.

459 3518 632 3599 assignare,
651 3517 700 3580 vel
720 3536 830 3580 secum
849 3525 968 3580 tenere.
984 3517 1062 3580 ltem
1085 3517 1117 3579 in
1141 3539 1207 3582 ma-

459 3616 608 3680 trimonio
623 3615 655 3678 in
671 3616 780 3678 multis
799 3615 925 3678 casibus
946 3615 1015 3697 ipse
1037 3616 1123 3679 solus
1143 3617 1206 3680 dis·

459 3735 593 3798 pensare
609 3723 724 3797 potest,
740 3722 776 3776 ut
795 3715 829 3776 in
848 3713 996 3796 gradibus
1015 3715 1203 3796 prohibitis3
1461 3703 1706 3769 ARTICULUS
1730 3703 1806 3768 VH·

459 3822 563 3898 potest
573 3833 699 3896 quoque
714 3813 818 3876 laxare
833 3820 864 3875 et
878 3822 999 3875 arctare
1010 3813 1205 3876 matrimonii
1261 3855 1309 3913 De
1330 3852 1535 3921 mnemia,
1554 3859 1710 3927 potestate
1734 3871 1772 3911 ac
1794 3850 1996 3928 proegfdenm

460 3913 699 3996 impedimenta.
726 3913 804 3974 ltem
829 3911 993 3974 ordinatur
1017 3911 1129 3974 eodem
1154 3910 1206 3974 die
1301 3943 1599 4018 papoessemdum
1614 3943 1883 4002 mmmmm
1898 3949 1927 4001 εἰ
1939 3942 1996 4002 pu.

459 4031 522 4094 quo
537 4019 751 4075 consecratur.
767 4010 905 4093 lnsignia
924 4010 1118 4092 episcopalia
1133 4029 1208 4074 con·
1303 4033 1447 4090 randum
1475 4032 1515 4090 (ιθ
1542 4032 1577 4091 g,
1598 4032 1771 4100 Pomm,
1798 4031 1936 4109 ,pemque
1959 4047 1998 4087 30.

459 4113 573 4175 cedere
588 4118 691 4193 potest
704 4109 882 4173 abbatibus.
899 4109 976 4172 ltem
996 4110 1079 4173 laico
1095 4129 1208 4174 conce·
1301 4122 1446 4180 cundum
1468 4122 1668 4181 Dura-ardum
1694 4121 1755 4198 qui
1776 4121 1847 4197 fair
1875 4119 1997 4184 Ordinis

459 4212 534 4274 dere
548 4218 653 4293 potest
670 4208 869 4292 spiritualia:
886 4209 970 4271 sicut
987 4209 1039 4290 jus
1054 4209 1204 4293 eligendi.
1222 4213 1247 4275 D
1302 4211 1336 4270 S.
1354 4209 1536 4270 Franciscr'.

460 4309 621 4388 Concedit,
633 4308 809 4372 secundum
824 4309 988 4388 quosdam,
1000 4307 1204 4390 presbyteris,

460 4418 496 4472 ut
522 4409 695 4470 chrismare
719 4407 844 4488 possint
868 4407 1006 4469 infantes
1030 4406 1064 4468 in
1088 4407 1203 4470 fronte.
1333 4404 1454 4468 OCTOR
1477 4405 1621 4483 devotus,
1639 4404 1788 4467 dominus
1811 4405 1998 4468 Beneventu-

460 4509 626 4570 Summum
642 4506 674 4567 in
696 4504 839 4568 Ecclesia
856 4511 943 4568 tenet
962 4506 1079 4585 locum,
1096 4513 1206 4586 estque
1346 4523 1391 4581 ra,
1417 4503 1451 4565 in
1475 4503 1677 4590 breviloquio
1703 4522 1772 4582 suo,
1798 4511 1886 4566 sexta
1909 4508 1996 4584 parte,

460 4607 575 4689 plenus
596 4605 734 4667 vicarius
756 4602 883 4666 Christi.
1263 4601 1452 4665 duodecimo
1467 4599 1617 4682 capitulo,
1630 4601 1675 4662 ait
1687 4624 1694 4662 :
1706 4601 1902 4664 Excellentia
1915 4617 1998 4681 quan

500 4705 608 4768 Plures
622 4703 717 4766 etiam
733 4722 825 4765 casus
844 4701 1051 4767 includuntur
1063 4702 1097 4764 in
1113 4721 1207 4785 supra
1263 4709 1294 4764 to
1314 4699 1416 4782 magis
1440 4698 1615 4777 descendit,
1631 4707 1718 4761 tanto
1742 4699 1815 4781 plus
1839 4699 1997 4769 dilatatum

459 4805 565 4868 dictis.
582 4803 913 4882 Notandumquoque,
929 4801 1013 4882 quod
1029 4800 1103 4863 lieet
1119 4801 1207 4882 Hugo
1263 4807 1294 4862 et
1328 4806 1445 4880 quanto
1479 4796 1581 4878 magis
1609 4797 1764 4874 ascendit,
1794 4805 1882 4860 unte
1909 4793 1999 4875 magis

460 4903 584 4968 notavit
603 4901 686 4983 quod
709 4900 793 4982 Papa
811 4907 914 4980 potest
936 4900 1111 4962 concedere
1133 4898 1208 4960 sim·
1263 4898 1380 4960 unitur.
1397 4897 1477 4959 Hinc
1497 4903 1545 4959 est
1563 4897 1647 4978 quod
1667 4895 1775 4978 plures
1796 4904 1871 4958 sunt
1890 4894 2000 4976 episco

460 5002 538 5086 plici
564 4999 719 5064 sacerdoti
748 4999 831 5086 quod
857 4997 1037 5074 confirmet,
1064 5005 1096 5058 et
1123 4997 1206 5078 quod
1263 4997 1307 5078 pi,
1322 4996 1488 5078 pauciores
1503 4993 1746 5076 archiepiscopi,
1760 4992 1943 5076 paucissimi
1958 5009 2001 5072 pa·

460 5102 599 5166 chrisma
622 5097 784 5176 conficiat,
800 5105 835 5159 et
852 5114 964 5159 omnes
984 5096 1112 5159 ordines
1134 5113 1208 5158 con·
1263 5094 1419 5174 triarchas,
1436 5101 1468 5156 et
1487 5112 1569 5156 unus
1588 5093 1679 5156 Pater
1697 5101 1835 5175 patrum,
1853 5092 1907 5176 qui
1929 5091 2000 5170 Papa

459 5202 541 5264 ferat
565 5207 678 5281 praeter
700 5195 925 5277 episcopalem,
946 5214 1041 5276 quem
1065 5214 1129 5258 non
1154 5195 1209 5256 ba·
1264 5193 1377 5256 merito
1399 5192 1588 5274 appellatur,
1605 5200 1754 5272 tanquam
1777 5211 1875 5272 unus,
1892 5189 2000 5273 primus

460 5301 525 5380 bet,
541 5308 573 5362 et
595 5297 679 5380 quod
703 5294 843 5376 virgines
869 5303 1054 5373 consecret3
1071 5302 1103 5357 et
1124 5294 1208 5376 quod
1264 5300 1295 5356 et
1320 5311 1464 5355 summus
1488 5299 1578 5374 pater
1597 5289 1771 5374 spiritualis
1790 5290 1934 5355 omnium
1957 5306 2002 5371 pu·
