4309 6250
319 509 360 554 na
379 508 462 556 nouo
482 495 851 566 accommodantem,
876 506 1115 563 sancroaunouc
1136 508 1362 556 vesanarrorrn.
1386 529 1426 540 -
1449 509 1520 556 aar.
1543 509 1563 556 x
1657 491 1716 555 207

163 679 373 757 consuetudo,
386 679 590 757 sed‚veritas.
603 679 641 742 Et
656 687 742 742 certe
755 680 805 758 (ut
818 677 1058 759 B.Cy-Arandi
1090 687 1122 742 et
1155 679 1284 742 Summa
1316 680 1536 744 confessorum
1570 679 1716 743 babetur.

162 777 269 858 priani
286 785 412 839 utamur
429 778 599 856 sententia)
614 776 763 859 qualibet
781 795 915 838 consue-
1007 776 1179 858 Postremo,
1195 779 1280 859 qnod
1307 798 1405 860 prava
1429 779 1627 842 consuetudo
1653 795 1717 840 non

164 875 251 955 tudo,
282 884 575 957 quantumcumque
598 875 730 956 antiqua
757 883 788 938 et
808 873 913 937 divul-
968 875 1071 938 solum
1092 877 1134 938 sit
1153 876 1372 960 relinquenda,
1390 878 1445 941 sed
1465 877 1560 940 etiam
1581 876 1718 940 maxime

163 980 246 1055 gata,
277 973 404 1036 veritati
433 982 482 1037 est
515 973 746 1056 postponenda,
776 981 807 1036 et
836 992 913 1035 usus
968 973 1082 1037 vitiosa
1101 983 1134 1036 et
1151 994 1275 1043 summe
1302 975 1492 1058 periculosa,
1509 975 1661 1058 probatur
1680 995 1718 1038 ex

163 1071 290 1134 veritati
297 1073 495 1150 contrarius,
503 1079 552 1134 est
567 1072 711 1154 protinus
726 1072 911 1135 abolendus.
969 1072 1074 1135 verbis
1088 1073 1255 1155 Augustini
1276 1075 1412 1137 dicentis
1429 1098 1436 1136 ε
1453 1074 1549 1137 ldoles
1569 1073 1718 1154 imposita

163 1170 243 1233 llinc
258 1190 369 1233 rursus
382 1171 416 1232 in
438 1170 520 1234 libro
534 1170 574 1233 de
588 1170 749 1253 Baptismo
768 1170 914 1251 parvulo
968 1170 1128 1252 sepulcro,
1145 1171 1214 1253 ipsa
1233 1180 1281 1234 est
1296 1173 1344 1235 vis
1364 1173 1443 1235 dura
1463 1171 1717 1251 consuetudinis,

31 1281 151 1336 trem-ro.
164 1287 234 1331 rum
258 1269 401 1350 loquitur
418 1268 614 1351 Augustinus
631 1292 638 1330 ε
654 1268 713 1343 Qui
732 1276 913 1350 contempta
969 1288 1031 1350 qua
1045 1270 1199 1350 premitur
1213 1271 1331 1350 anima,
1348 1279 1382 1333 nt
1398 1291 1456 1334 nec
1480 1271 1636 1354 respirare
1658 1291 1717 1334 nec

31 1346 151 1392 ‘¹¹⁵¹'⁸'‘·⁶’
164 1367 296 1431 veritate
325 1367 488 1448 praesumit
514 1367 778 1430 consuetudinem
809 1364 912 1447 sequi,
969 1387 1133 1450 resurgere
1148 1369 1187 1431 de
1203 1367 1289 1432 facili
1303 1376 1408 1450 queat.
1421 1370 1552 1432 Peccata
1566 1387 1715 1450 namque,

163 1473 344 1528 autcontra
364 1465 526 1548 proximos
545 1464 674 1527 invidus
698 1473 746 1527 est
768 1473 800 1527 et
825 1465 914 1527 mali·
968 1467 1115 1548 quamvis
1144 1486 1260 1550 magna
1289 1476 1382 1550 atque
1411 1469 1579 1547 horrenda,
1612 1478 1717 1531 umen

163 1583 257 1645 gnus,
290 1563 406 1644 quibus
439 1563 578 1626 revelata
611 1571 661 1625 est
696 1564 824 1644 verius,
859 1572 913 1626 aut
967 1583 1068 1646 quum
1092 1565 1126 1628 in
1151 1565 1415 1630 consuetudinem
1441 1567 1598 1648 venerint,
1621 1586 1718 1649 parva

163 1669 274 1723 contra
299 1661 398 1724 Deum
421 1660 563 1742 ingratus
590 1670 649 1742 est,
676 1660 769 1742 cujus
794 1661 914 1723 revela·
968 1683 1004 1727 ac
1029 1666 1117 1728 nulla
1140 1685 1210 1729 esse
1236 1666 1395 1730 videntur.
1416 1667 1490 1730 Ideo
1515 1665 1718 1730 consuetudi-

48 1774 149 1818 num.
163 1760 251 1821 tione
274 1760 406 1822 docetur
428 1758 581 1822 Ecclesia.
603 1759 744 1840 itemque
761 1759 913 1822 :Frustra
967 1783 1042 1826 nem
1068 1763 1197 1827 vincere
1221 1764 1328 1846 gravis
1353 1773 1400 1826 ast
1425 1783 1542 1848 pugna,
1565 1765 1716 1847 quoniam

162 1858 218 1939 qui
238 1857 359 1920 ratione
381 1858 564 1938 vincuntur,
580 1857 843 1922 consuetudinem
857 1875 913 1922 no-
929 1864 953 1927 B
968 1864 1165 1926 consuetudo
1186 1863 1276 1944 quasi
1300 1863 1399 1926 altera
1420 1871 1469 1926 est
1490 1873 1614 1928 natura.

162 1957 212 2020 bis
231 1957 401 2038 objiciunt,
416 1957 508 2038 quasi
529 1957 725 2021 consuetudo
748 1957 851 2039 maior
873 1957 914 2020 sit

162 2057 309 2137 veritate,
329 2065 384 2119 aut
407 2057 441 2118 in
465 2055 685 2139 spiritualibus
710 2074 775 2119 non
800 2057 842 2119 sit
866 2075 914 2120 se-

124 2152 128 2160 ’
162 2155 327 2236 quendum
341 2155 426 2236 quod
441 2154 557 2217 melius
571 2175 642 2218 esse
656 2162 790 2218 constat.
803 2155 911 2234 Porro,
1186 2209 1431 2276 ARTIGULUS
1450 2211 1482 2274 X

162 2254 188 2315 si
211 2253 434 2318 consuetudini
457 2253 574 2316 veritas
598 2253 803 2336 suffragatur,
829 2253 912 2317 nibil
1486 2259 1493 2273 '

161 2361 288 2435 oportet
302 2371 340 2415 ea
354 2351 479 2415 firmins
495 2352 635 2416 retineri.
648 2351 725 2415 Nam
740 2352 824 2416 bona
838 2371 914 2416 con·
969 2375 1058 2442 Quid
1077 2375 1284 2434 senciendum
1309 2375 1351 2434 δεῖ
1375 2377 1416 2434 de
1440 2375 1508 2446 poc,
1523 2378 1610 2455 quod
1633 2395 1717 2437 com.

161 2452 299 2516 suetndo
313 2451 377 2514 vim
393 2450 473 2534 legis
489 2451 627 2514 sortitur.
643 2451 723 2514 llinc
744 2452 788 2514 ait
807 2459 839 2514 et
856 2451 914 2534 Cy·
1008 2464 1154 2524 munitas
1169 2465 1229 2523 itta
1241 2465 1385 2539 praefata
1397 2465 1480 2524 dicit
1494 2465 1608 2525 urbem
1622 2486 1716 2526 suam

48 2579 146 2625 ΝΜ,
160 2550 296 2632 prianus
321 2557 449 2632 martyr,
473 2550 584 2613 doctor
606 2558 638 2612 et
663 2550 778 2632 praesul
803 2573 810 2612 :
834 2550 914 2614 Gon·
1007 2554 1116 2612 ditari
1128 2572 1166 2612 ac
1176 2554 1370 2628 prosperari
1384 2573 1424 2612 ecc
1440 2556 1642 2630 processione
1655 2576 1716 2616 sua

161 2649 300 2712 suetudo
326 2667 396 2730 qnae
428 2647 514 2731 apud
548 2649 702 2730 quosdam
731 2649 910 2730 irrepserat,
1007 2643 1204 2711 insolentiis,
1222 2644 1446 2718 potationibus
1470 2663 1508 2704 ao
1534 2647 1716 2706 dissolutio

159 2747 321 2830 impedire
344 2766 407 2810 non
433 2746 527 2810 debet
549 2747 719 2828 quominus
743 2747 913 2831 praeraleat
1007 2733 1105 2791 'libat
1125 2740 1265 2792 “ffum-

159 2847 291 2908 veritas.
308 2845 387 2908 Nam
402 2847 598 2910 consuetudo
613 2845 682 2908 sine
703 2847 834 2910 veritate
855 2866 912 2910 seu

158 2944 309 3026 aequitate
328 2951 359 3005 et
384 2944 517 3024 ratione,
533 2950 674 3007 vetustas
696 2945 813 3008 erroris
836 2953 909 3008 est:
967 2933 1390 3109 INCOMPREHENSlBlLlA
1405 2954 1436 3010 et
1457 2947 1715 3029 imperscrutabi-
1730 2979 1860 3031 amma,

158 3043 391 3124 propterquod
410 3042 521 3107 relicto
540 3062 659 3122 errore,
675 3043 841 3108 veritatem
863 3043 947 3108 se-fl
1019 3043 1061 3106 lia
1089 3051 1163 3106 sunt
1190 3043 1422 3127 Omnipotentis
1450 3045 1580 3129 judicia,
1608 3057 1642 3110 ut
1670 3057 1715 3111 te-

157 3160 309 3222 quamur.
966 3150 1064 3205 statur
1091 3143 1270 3225 Apostolus.
1300 3145 1431 3227 Propter
1459 3147 1543 3226 quod
1571 3147 1616 3209 ait
1642 3148 1715 3213 Pro-

198 3242 303 3315 Quum
326 3259 402 3322 ergo
425 3260 512 3303 nunc
537 3250 601 3304 tarn
625 3242 847 3324 multipliciter
871 3244 912 3307 sit
966 3240 1203 3323 pheta:Venite
1218 3250 1249 3304 et
1263 3242 1368 3305 videte
1383 3262 1479 3326 opera
1493 3244 1548 3308 Dei
1564 3246 1714 3311 terribilis
1730 3257 1767 3303 1³⁸·
1779 3272 1825 3313 ur.
1840 3263 1860 3303 ⁵·

155 3339 341 3420 probatum,
366 3340 450 3420 quod
475 3338 659 3419 abusiones,
680 3340 856 3405 insolentiae
880 3350 912 3405 ct
965 3341 998 3401 in
1021 3340 1164 3404 consiliis
1186 3359 1282 3423 snper
1301 3340 1387 3405 filios
1409 3342 1585 3407 bominum.

154 3438 387 3501 dissolutiones
400 3457 471 3519 qnae
485 3437 518 3499 in
533 3440 792 3520 processionibus
814 3440 909 3521 fiunt,
1005 3438 1157 3521 Denique,
1186 3438 1268 3501 sicut
1292 3439 1335 3502 ait
1362 3438 1542 3522 Gregorius,
1568 3444 1714 3523 quamvis

154 3537 223 3598 sint
238 3554 368 3618 prorsus
384 3536 513 3615 illicitas,
530 3545 562 3599 et
579 3537 643 3618 juri
663 3538 811 3618 naturali,
828 3540 911 3603 divi·
965 3536 1151 3600 admiranda
1173 3538 1236 3599 sint
1255 3538 1310 3601 liei
1331 3538 1465 3621 iudicia,
1481 3558 1580 3621 quum
1602 3542 1633 3603 in
1659 3562 1715 3605 saa-

154 3654 198 3698 no
218 3654 259 3697 ac
279 3635 417 3718 positivo
441 3636 619 3716 contraria,
635 3656 673 3699 ac
697 3638 839 3720 graviter
862 3639 910 3702 of·
966 3634 1038 3697 culo
1058 3636 1119 3699 isto
1143 3634 1254 3698 electis
1278 3642 1310 3700 et
1332 3636 1427 3718 justis
1453 3638 1642 3721 contingunt
1661 3640 1714 3703 ad-

155 3732 294 3797 fensivae
312 3734 368 3796 oei
388 3742 482 3815 atque
503 3735 712 3815 Sanctorum3
728 3736 816 3800 nulla
836 3756 913 3801 con·
966 3752 1068 3812 versa,
1086 3742 1119 3797 et
1132 3734 1276 3817 reprobis
1291 3754 1328 3798 ac
1350 3736 1509 3817 perversis
1531 3736 1714 3801 bominibus

155 3832 329 3895 suetudine
342 3831 555 3896 defendantur
568 3842 623 3896 aut
637 3843 838 3917 excusentur,
855 3837 911 3900 sed
966 3850 1137 3915 prospera3
1155 3832 1352 3896 mirabiliora
1367 3841 1472 3897 tamen
1488 3842 1519 3896 et
1533 3834 1714 3919 incompre-

155 3930 288 4012 penitus
316 3930 528 3993 dimittantur.
558 3932 626 3995 Irno
653 3932 754 3995 multa
782 3932 913 3997 fuerunt
966 3930 1173 3995 bensibiliora
1188 3940 1263 3994 sunt
1274 3932 1396 4014 judicia
1410 3932 1493 4014 ejus,
1510 3934 1586 3996 dnm
1602 3934 1713 3998 electis

156 4030 267 4111 primo
286 4028 517 4092 rationabiliter
540 4030 781 4113 institutaque
805 4042 911 4095 tamen
966 4038 998 4092 et
1016 4030 1109 4093 bonis
1129 4031 1313 4094 hominibus
1337 4030 1370 4093 in
1395 4031 1454 4094 hac
1478 4032 1542 4095 vita
1561 4034 1715 4097 eveniunt

156 4127 292 4191 interim
311 4126 499 4190 exstiterunt
523 4128 683 4210 prohibita
707 4139 836 4213 propter
858 4131 913 4194 ab·
967 4146 1130 4211 prospera,
1147 4128 1306 4213 perversis
1322 4148 1397 4193 vero
1417 4130 1586 4213 impiisque
1605 4132 1716 4196 adver-

157 4228 291 4290 usiones
309 4226 357 4289 eis
376 4226 529 4307 paulatim
551 4227 717 4290 admixtas.
735 4229 913 4293 Consueve-
927 4226 952 4289 Ι)
967 4246 1012 4290 sa.
1038 4227 1120 4290 Deus
1151 4228 1269 4291 etenim
1300 4227 1333 4289 in
1362 4229 1422 4291 boc
1451 4231 1572 4294 mundo
1597 4231 1715 4295 electos

157 4334 237 4387 runt
255 4324 343 4388 enim
362 4325 396 4387 in
416 4325 567 4407 profestis
591 4326 708 4408 vigiliae
735 4328 887 4390 celebrari
903 4351 911 4405 3
967 4344 1042 4389 suos
1057 4345 1115 4407 per
1128 4326 1261 4388 adversa
1282 4336 1408 4389 exercet
1428 4335 1460 4389 at
1480 4337 1605 4413 purgat,
1622 4338 1716 4413 atque

156 4423 214 4486 sed
232 4431 363 4505 propter
379 4423 461 4485 mala
475 4443 545 4505 quae
556 4432 632 4487 tunc
644 4425 911 4506 admiscebantur,
966 4444 984 4486 a
1020 4424 1128 4486 multis
1162 4433 1334 4507 praeservat
1369 4425 1528 4508 peccatis3
1564 4430 1714 4510 reprobos

155 4522 303 4585 Ecclesia
331 4521 459 4603 vigilias
483 4522 516 4583 in
541 4522 666 4603 jejunia
691 4526 909 4589 commutarit.
966 4542 1042 4585 vero
1066 4542 1152 4585 nunc
1178 4523 1356 4607 prosperari
1382 4524 1547 4607 permittit,
1564 4526 1657 4589 ditari
1684 4536 1715 4591 et

155 4621 209 4683 Sic
229 4639 358 4703 quoque
378 4628 597 4683 torneamenta
615 4630 647 4685 et
667 4622 840 4686 hastiludia
864 4624 913 4687 fu-
965 4620 1148 4703 jucundari,
1175 4622 1326 4703 quoniam
1350 4622 1418 4687 baec
1446 4631 1495 4685 est
1522 4643 1594 4706 pars
1624 4626 1714 4689 here-

154 4727 252 4783 crunt
267 4719 371 4802 primo
385 4738 425 4781 en
439 4738 535 4782 cansa
553 4720 733 4785 rationabili
754 4722 909 4804 instituta,
967 4720 1112 4801 ditesque
1127 4720 1311 4801 eorum‚qui
1327 4721 1421 4801 paulo
1436 4730 1508 4804 post
1522 4725 1713 4789 aeternaliter

153 4828 190 4881 ut
215 4818 342 4881 scilicet
365 4817 519 4881 militares
543 4838 577 4882 se
601 4820 634 4881 in
663 4820 787 4883 bellicis
816 4822 910 4885 rebus
966 4819 1149 4902 punientur.
1187 4820 1339 4900 Denique,
1375 4829 1505 4902 peccata
1540 4822 1714 4887 electorum

155 4918 382 4995 exercitarent,
398 4926 556 4998 quatenus
570 4926 713 4999 tempore
731 4928 910 5001 opportuno
965 4918 1048 4980 Deus
1077 4918 1110 4979 in
1139 4917 1205 4980 vita
1233 4918 1291 4981 hac
1322 4919 1413 4999 punit
1441 4920 1626 5002 frequenter
1657 4942 1714 5005 per

155 5019 196 5080 ad
222 5016 447 5080 defensionem
472 5016 655 5099 reipublicae
678 5026 785 5081 essent
808 5020 910 5101 magis
965 5017 1151 5099 temporalia
1175 5017 1291 5079 damna
1313 5017 1579 5100 infirmitatesque
1602 5040 1713 5103 corpo-

156 5116 290 5191 idonei3
317 5115 372 5177 sed
397 5122 528 5197 propter
554 5116 725 5179 abusiones
750 5118 909 5181 exercitiis
965 5116 1018 5197 ris,
1039 5125 1071 5179 et
1093 5134 1150 5197 per
1171 5114 1368 5179 inflictiones
1390 5118 1647 5198 persecutionum
1670 5128 1711 5183 at-

156 5216 224 5278 illis
249 5222 361 5297 postea
384 5213 550 5295 admixtas,
575 5215 717 5279 Ecclesia
745 5217 909 5298 probibuit
962 5232 1024 5295 que
1041 5213 1242 5294 injuriarum.
1259 5214 1420 5297 Reprobos
1439 5235 1514 5279 vero
1534 5216 1613 5279 solet
1627 5217 1709 5281 Deus

156 5333 206 5392 ea,
229 5313 319 5375 utin
343 5312 559 5377 Decretalibus
582 5324 614 5377 et
637 5314 671 5376 in
694 5314 825 5378 Summa
848 5316 908 5380 llu-
964 5316 997 5377 in
1012 5314 1077 5377 vita
1091 5314 1150 5376 hac
1173 5312 1337 5394 praemiare
1359 5332 1417 5395 pro
1438 5314 1615 5397 bonisque
1635 5334 1710 5399 ope·
