4309 6250
308 755 342 796 48.

320 688 440 740 rma,
455 679 598 745 Christus
622 689 766 760 testatur,
786 680 922 745 diceudo
942 705 950 744 ε
967 680 1033 745 Nisi
1058 682 1148 766 signa
1172 690 1204 746 et
1217 679 1243 746 Α
1255 686 1365 763 filium
1381 705 1476 746 suum
1500 686 1534 745 in
1555 687 1623 746 olio
1641 695 1738 763 porte
1759 695 1893 746 stentem
1908 689 1991 746 adro
2105 681 2106 744 i

456 780 602 864 prodigia
625 779 781 860 videritiS,
798 798 863 844 nou
887 780 1025 844 creditis
1042 781 1105 844 Cur
1128 800 1203 864 ergo
1256 803 1346 855 cans,
1361 785 1410 843 ait
1426 805 1437 844 .·
1451 785 1533 854 Fili,
1549 785 1714 845 nobiscum
1729 788 1874 856 ascende,
1889 804 1943 844 nec
1954 787 1992 844 sis

455 877 535 942 dixit
549 879 609 941 boc
623 878 748 957 blahon,
764 878 828 940 nisi
843 887 879 942 ut
897 880 1048 960 quoniam
1063 879 1131 963 ipse
1148 880 1205 942 mi·
1258 886 1349 943 rcltra
1364 885 1565 944 incredulus.
1577 884 1642 952 Qui
1656 884 1822 960 respondit
1833 887 1904 946 :Art
1917 903 1991 944 mon·
2105 881 2106 953 i

456 976 565 1040 recula
577 976 683 1040 locere
697 994 761 1040 uon
779 978 914 1059 valebat,
922 998 958 1041 ea
973 979 1063 1062 quasi
1079 978 1205 1042 inutilie
1258 989 1321 1042 tem
1336 984 1396 1062 qui
1409 984 1450 1041 ab
1464 1001 1551 1062 aquo
1571 1001 1621 1041 me
1632 990 1792 1057 proteget,
1805 983 1990 1060 proficiscor.
2105 989 2106 1038 t

456 1076 709 1139 demonstraretl
1258 1083 1321 1142 Cui
1335 1082 1404 1145 Noe
1419 1101 1431 1141 .·
1444 1081 1543 1144 Nilril
1562 1082 1630 1140 nisi
1649 1082 1706 1140 cui
1719 1084 1807 1143 Deus
1824 1081 1991 1140 misericor·
2105 1079 2106 1154 i

1257 1181 1349 1240 diam
1371 1181 1500 1256 fecerit,
1524 1181 1618 1240 liodie
1642 1181 1770 1239 saluar-i
1789 1179 1916 1256 poterit.
1938 1182 1991 1240 llos

1258 1279 1306 1338 ito
1320 1281 1534 1358 colloquentes
1548 1281 1640 1338 unda
1654 1279 1873 1338 interveniens
1882 1278 1992 1354 disgre-

641 1352 887 1417 ARTICULUS
911 1353 1020 1416 XXX·
1255 1376 1358 1452 pauit.
1374 1375 1460 1439 Istud
1476 1383 1524 1438 est
1543 1383 1654 1438 contra
1673 1394 1797 1438 sacram
1811 1375 1991 1457 Scriptorum
2105 1383 2106 1452 t

566 1493 689 1552 Contra
713 1492 875 1570 perfidia,
903 1501 933 1552 οι
963 1513 1092 1553 errore,
1259 1473 1333 1535 libri
1352 1472 1510 1536 Geneseos
1528 1473 1703 1556 :quoniam
1722 1472 1852 1537 Genesis
1872 1473 1991 1555 septimo
2003 1473 2106 1546 resen}

668 1582 811 1658 capituli
834 1583 990 1642 uicesimi.
1258 1572 1458 1655 apertissime
1479 1573 1638 1650 scribitur,
1654 1574 1738 1654 quod
1759 1571 1824 1635 Noe
1844 1591 1916 1635 cum
1937 1572 1991 1634 suis
2105 1547 2106 1586 ¹

1258 1669 1337 1732 liliis
1357 1671 1443 1750 Sem,
1459 1669 1556 1733 Gbem
1577 1679 1609 1734 et
1629 1671 1752 1752 taphet,
1769 1688 1924 1752 uxoreque
1944 1689 1991 1732 sue

515 1768 641 1832 ER'l'Uit
656 1769 689 1831 in
701 1769 762 1833 isto
774 1769 1016 1851 capitulo,quod
1027 1775 1114 1832 Deus
1119 1789 1205 1847 prn-
1259 1776 1291 1830 et
1304 1767 1445 1831 liliorum
1462 1768 1625 1848 uxoribus,
1643 1767 1806 1851 ingressus
1820 1777 1867 1831 est
1885 1787 1988 1831 amam.

528 1869 612 1944 cepit
628 1869 697 1932 Noe
716 1870 884 1945 fabricare
904 1889 1016 1929 arcam
1038 1888 1103 1929 non
1120 1867 1241 1946 prce-B
1259 1864 1297 1928 Et
1317 1875 1427 1948 postea
1451 1885 1525 1928 cum
1549 1867 1670 1930 eisdem
1690 1885 1837 1948 egressus
1855 1875 1902 1928 est
1918 1885 1988 1928 eam.
2012 1889 2055 1932 ue
2067 1903 2095 1938 m,

453 1969 612 2028 monendo
628 1969 815 2028 incredulos
828 1987 867 2027 ac
880 1969 1032 2046 injustos,
1044 1977 1206 2048 quotenus
1259 1963 1323 2028 Nec
1351 1964 1462 2027 hebuit
1485 1965 1550 2028 Noe
1577 1964 1686 2048 plures
1710 1965 1795 2028 lilios
1820 1983 1911 2046 quem
1937 1973 1991 2026 tres
2003 1957 2028 1994 ¹⁸·

453 2074 691 2142 mergerentur.
716 2063 800 2126 istud
828 2065 1016 2128 mendosum
1045 2073 1103 2143 est,
1128 2084 1205 2147 quo
1260 2062 1419 2145 praeletos,
1442 2063 1527 2126 sicut
1549 2083 1586 2126 ex
1610 2063 1723 2127 Genesi
1745 2071 1841 2145 petet,
1866 2072 1897 2126 et
1915 2063 2106 2130 Chri-nutu*

455 487 515 555 330
778 510 899 558 CONTRA
919 511 1089 559 rnnrroru
1108 512 1281 570 trudonem,
1304 513 1392 558 utone
1414 509 1445 560 li.
1469 533 1510 543 -
1530 515 1599 562 Aur.
1624 515 1685 560 XXX

2105 765 2106 818 i

2105 825 2106 866 i

2105 1041 2106 1076 i

361 2203 371 2212 -
454 2163 541 2225 niam
557 2170 621 2225 tam
631 2162 881 2226 Christianorum
896 2183 990 2245 quam
1001 2164 1204 2227 Hebraeorum
1260 2160 1353 2223 stiani
1368 2170 1462 2243 etque
1476 2160 1597 2224 Hebraei
1614 2161 1815 2225 concorditer
1828 2161 1989 2240 adstruunt,
2001 2165 2018 2202 ¹·
2031 2156 2044 2192 ¹·

455 2262 600 2326 doctores
622 2261 788 2343 sanctique
808 2262 915 2325 Patres
934 2263 1137 2327 concorditer
1157 2263 1205 2324 di·
1260 2269 1292 2322 et
1313 2261 1413 2323 sancti
1434 2259 1540 2323 Patres
1559 2261 1620 2324 hoo
1641 2269 1864 2344 protestentur.

455 2361 635 2442 cuut,quod
651 2361 733 2423 Deus
749 2380 805 2443 per
819 2370 964 2424 sanctum
979 2360 1043 2425 Noe
1058 2361 1205 2425 horteba-
1301 2359 1420 2422 lteiude
1438 2358 1492 2422 bic
1513 2359 1640 2422 additur
1659 2381 1667 2422 ε
1689 2363 1767 2422 Hcec
1786 2369 1862 2421 sunt
1882 2361 1939 2422 Dei
1956 2379 1993 2418 se

456 2467 507 2521 tur
520 2467 704 2541 peccatores
718 2459 757 2521 ad
773 2459 1005 2540 poenitentium,
1018 2467 1049 2522 et
1062 2460 1205 2523 minebu-
1260 2467 1361 2527 oreta,
1377 2479 1450 2536 que
1464 2467 1540 2517 ante
1554 2459 1612 2518 lzoc
1627 2467 1752 2534 tempus
1769 2460 1851 2518 seiri
1864 2477 1926 2519 non
1936 2467 1996 2535 pet·

455 2564 507 2619 tur
528 2556 573 2620 eis
588 2556 743 2619 diluvium
763 2557 824 2618 nisi
844 2577 878 2619 se
893 2558 1100 2635 emendarent
1116 2582 1124 2621 ι
1141 2557 1204 2622 imo
1260 2565 1366 2618 erant.
1383 2555 1570 2636 Dicendum,
1590 2558 1675 2638 quod
1695 2556 1803 2619 omnia
1823 2557 1876 2620 bic
1894 2555 1995 2619 desem

455 2675 512 2738 per
533 2664 660 2718 centnm
682 2675 783 2718 annos
802 2664 857 2718 eut
875 2656 960 2738 plus,
981 2657 1205 2739 praenuntiavit
1262 2663 1327 2737 pte,
1353 2663 1426 2717 ante
1454 2655 1567 2717 blahon
1595 2674 1651 2737 per
1679 2663 1780 2718 totum
1808 2656 1995 2718 mundusne

455 2753 503 2817 eis
527 2753 695 2817 diluvium.
715 2753 869 2834 Denique,
891 2754 972 2817 siout
995 2775 1033 2816 ex
1058 2765 1145 2818 sexto
1167 2775 1203 2817 ao
1261 2752 1375 2816 Christi
1390 2752 1555 2835 discipulis
1572 2753 1698 2816 luerent
1712 2753 1892 2836 predicate.
1900 2753 1996 2816 Fateor

453 2835 592 2934 septimo
626 2852 774 2934 capitulis
805 2852 938 2916 Genesis
971 2854 1108 2932 elicitur,
1139 2853 1204 2917 Noe
1264 2859 1379 2930 tamen,
1396 2851 1481 2933 quod
1500 2851 1561 2914 iste
1580 2851 1749 2914 mendacin
1768 2870 1786 2912 e
1805 2851 1927 2934 perlido
1945 2851 1995 2913 bia·

455 2951 546 3032 qussi
567 2970 624 3032 per
648 2959 776 3014 centum
800 2971 901 3014 annos
923 2952 956 3013 in
983 2952 1104 3015 labrioa
1123 2973 1204 3016 aroae
1262 2950 1325 3012 bon
1341 2949 1518 3012 recitationi
1538 2949 1770 3032 Scripturerum
1792 2950 1994 3029 insertasse

454 3049 575 3113 exstitit
589 3058 781 3132 occupatus;
795 3070 854 3113 nec
868 3051 1002 3114 dubium
1018 3050 1097 3133 quin
1112 3051 1203 3114 multi
1220 3053 1242 3116 G
1261 3067 1334 3110 eum
1356 3048 1482 3110 luerent
1500 3047 1652 3127 inaudite,
1673 3056 1727 3110 aut
1746 3066 1811 3110 non
1828 3057 1892 3112 tem
1910 3048 1995 3110 abun

455 3149 723 3231 interrogaverint
736 3169 880 3212 eumcur
894 3158 1016 3212 tentum
1030 3150 1204 3213 editicium
1261 3148 1373 3210 denter
1393 3147 1510 3210 audite.
1527 3147 1602 3222 Quis
1623 3147 1709 3210 enim
1731 3147 1792 3210 nisi
1810 3147 1920 3230 plenus
1938 3146 1994 3209 dia-

456 3247 575 3311 laceret
591 3271 598 3309 :
616 3247 732 3329 quibus
755 3248 864 3329 utique
886 3248 1052 3311 veritatem
1075 3268 1206 3332 respon·
1260 3248 1332 3311 bolo
1354 3246 1428 3309 teliu
1449 3246 1627 3328 excogitare
1648 3247 1805 3310 auderett

454 3345 512 3408 dit.
539 3346 603 3409 Nec
628 3346 832 3409 convenisset
859 3347 970 3428 pietati
994 3348 1112 3410 divine
1142 3358 1204 3410 tam
1300 3347 1432 3428 Insuper
1446 3344 1547 3408 fertur
1566 3345 1618 3409 hie
1637 3370 1643 3407 :
1662 3349 1833 3408 inereduli
1850 3350 1994 3408 dmemrnt

454 3445 645 3509 horrendam
675 3465 711 3509 ec
740 3446 955 3509 universalem
985 3447 1110 3528 pingam
1136 3446 1206 3509 uui·
1261 3446 1795 3521 aclHurerospropteroerbutuu
1807 3464 1995 3526 nequaquem

454 3563 548 3607 verso
582 3544 691 3626 generi
728 3544 868 3608 humano
903 3543 1052 3625 infligere
1086 3544 1205 3627 absque
1263 3544 1481 3620 refutabimus
1508 3545 1595 3622 quod
1621 3545 1811 3613 odoramus,
1841 3564 1937 3624 quum
1965 3552 1994 3602 tu

456 3642 698 3729 praeavisetione
720 3642 911 3725 :potissime
932 3661 1031 3723 quum
1053 3643 1085 3705 in
1109 3644 1206 3707 veteri
1261 3643 1397 3703 miru'me
1417 3661 1491 3703 eum
1510 3643 1682 3701 miraculis
1704 3650 1734 3701 et
1755 3644 1932 3703 uirtutibus
1948 3659 1996 3699 nos

456 3741 656 3805 'l'estemento
695 3760 752 3823 per
785 3742 956 3824 Prophetes
996 3742 1207 3805 communiter
1261 3742 1402 3800 noemae.
1418 3738 1462 3801 Ex
1484 3740 1544 3801 boc
1567 3747 1691 3802 constat
1712 3740 1796 3820 quod
1821 3740 1949 3803 virtutes
1969 3744 1994 3800 et

456 3840 691 3922 preavisaverit
710 3839 797 3902 lilios
818 3840 912 3901 lsrael
935 3841 975 3902 de
994 3840 1207 3904 tribulationi·
1262 3838 1415 3900 miracula
1441 3838 1606 3919 potissime
1630 3839 1739 3901 valent
1765 3839 1804 3901 ad
1829 3837 1992 3901 infidelium

456 3937 516 3999 bus
530 3937 578 3999 eis
593 3946 721 4020 propter
743 3956 800 3999 sua
821 3947 952 4019 peccate
968 3937 1206 4003 imminentibus
1261 3936 1503 3999 conversionem
1530 3960 1537 3998 ε
1564 3936 1656 4019 cujus
1684 3946 1790 4000 tamen
1820 3938 1868 4017 (ut
1896 3924 2088 4019 putuittumoet

457 4036 519 4098 nisi
541 4055 575 4098 se
596 4037 813 4099 emendarent.
1261 4035 1443 4118 oppositum
1459 4054 1542 4117 sepe
1561 4034 1593 4097 in
1612 4035 1768 4098 Alcorauo
1787 4035 1928 4099 habetur.
1943 4030 1993 4094 Sed

496 4133 649 4197 Subditur
670 4134 723 4198 hie
740 4159 748 4196 τ
765 4138 834 4199 Noe
851 4136 997 4195 omniurn
1015 4156 1127 4197 rerum
1142 4140 1207 4197 cluo
1262 4138 1309 4217 (ut
1333 4134 1460 4216 opinor)
1485 4134 1556 4197 ideo
1580 4134 1738 4197 Mehomet
1764 4134 1842 4196 dixit
1871 4134 1937 4210 hoe,
1960 4149 1993 4192 ne

453 4234 689 4311 pariainarca
700 4232 929 4310 reposuitNou
942 4233 1085 4295 omnium
1101 4253 1206 4297 rerum
1222 4234 1246 4296 D
1263 4231 1331 4313 ipse
1351 4231 1436 4293 solus
1458 4230 1541 4293 inter
1567 4230 1736 4312 prophetes
1757 4250 1795 4293 ac
1815 4230 1939 4293 nuntios
1956 4225 1993 4288 ri-

456 4332 520 4394 duo
546 4332 645 4414 paria,
672 4333 726 4395 sed
751 4331 937 4394 animalium
968 4331 1072 4413 eliqua
1097 4333 1205 4413 peria,
1262 4329 1390 4392 deretur
1409 4329 1528 4411 absque
1551 4328 1714 4392 miraculis
1736 4329 1911 4392 advenisse.

457 4448 517 4491 nec
532 4430 676 4492 omnium
691 4428 889 4508 animalium,
905 4429 979 4510 quia
995 4448 1054 4491 nec
1070 4430 1207 4512 piscium
1302 4428 1452 4511 Sequitur
1474 4427 1563 4509 quasi
1588 4447 1625 4491 ex
1650 4426 1705 4491 oet
1727 4446 1865 4511 persone
1881 4451 1888 4489 :
1903 4429 1993 4490 Adro-

458 4527 547 4611 paria
571 4526 603 4588 iu
628 4545 702 4589 orca
726 4526 853 4590 locavit.
875 4526 1016 4608 Denique
1037 4527 1071 4589 in
1093 4526 1207 4591 Genesi
1262 4530 1338 4588 burn
1366 4529 1446 4587 meis
1473 4528 1603 4587 nuntiis
1630 4528 1695 4587 sibi
1718 4529 1825 4588 missis
1849 4526 1994 4605 goudium

227 4668 238 4687 .
322 4645 443 4696 emus,
458 4625 610 4689 Dominus
624 4626 669 4687 eit
683 4625 722 4688 ed
738 4624 802 4688 Noe
820 4648 826 4686 :
843 4624 888 4687 Ex
902 4626 1051 4688 omnibus
1066 4627 1207 4689 enimen—
1262 4636 1359 4707 utque
1373 4630 1511 4687 salutem
1525 4626 1749 4704 afferentibus,
1766 4628 1904 4687 uitulum
1921 4632 1994 4683 ottu-

458 4724 543 4788 tibus
558 4724 685 4786 mundis
701 4724 776 4787 tolle
791 4731 923 4806 septena
937 4731 969 4786 et
984 4733 1125 4808 septena,
1143 4745 1208 4788 me·
1263 4727 1303 4786 lit
1317 4726 1525 4803 supinatum:
1534 4726 1589 4784 sed
1603 4725 1673 4783 illis
1687 4743 1822 4785 manum
1838 4744 1900 4785 non
1913 4739 1994 4799 oppo-

458 4823 583 4885 scutum
604 4830 636 4885 et
650 4821 826 4900 leminam3
843 4822 882 4883 de
897 4822 1113 4886 animantibus
1133 4842 1207 4887 vero
1262 4826 1425 4891 uentibus,
1449 4824 1502 4882 bic
1522 4823 1675 4899 stupidus
1693 4832 1723 4881 et
1744 4823 1881 4883 timidus
1900 4823 1995 4899 foetus

457 4922 630 4984 immundis
657 4922 720 4983 duo
749 4929 781 4983 et
804 4921 879 4999 duo,
905 4920 1084 4983 masculum
1109 4930 1140 4985 et
1163 4921 1208 4983 ie-
1262 4933 1317 4984 est.
1334 4921 1420 4984 Istud
1434 4920 1556 4983 dietum
1574 4927 1622 4983 est
1640 4920 1680 4983 de
1699 4920 1801 4983 tribus
1820 4914 1992 5001 angelisqui

458 5019 577 5083 minem
591 5042 600 5097 ς
613 5020 717 5082 sedet
729 5020 769 5082 de
784 5018 969 5083 volatilibus
989 5019 1062 5082 eoeli
1077 5028 1209 5102 septeno
1262 5020 1472 5083 veneruntad
1488 5018 1657 5082 Abraham.
1667 5018 1726 5081 Sed
1741 5018 1817 5081 huic
1833 5011 1992 5081 recitationi

457 5128 490 5183 et
505 5128 646 5201 septena,
664 5118 843 5181 masculum
858 5127 890 5179 et
904 5117 1056 5180 feminam
1075 5142 1083 5180 ι
1100 5128 1134 5181 ut
1149 5120 1209 5181 sul·
1263 5120 1423 5183 mendose
1448 5118 1613 5180 evidenter
1637 5117 1848 5180 contrarietur
1870 5114 1948 5197 quod
1966 5112 1992 5173 iu

458 5228 681 5283 vetursemen
704 5226 950 5299 superterram
1262 5216 1376 5281 Genesi
1405 5216 1524 5299 legitur
1549 5239 1557 5277 t
1584 5214 1668 5278 Tulit
1692 5214 1849 5277 Abraham
1875 5212 2090 5307 vitulumuonn

498 5317 675 5399 Sequitur:
698 5320 766 5381 Noe
790 5318 827 5378 in
851 5336 962 5378 orcum
983 5320 1207 5391 conscendens,
1265 5314 1485 5396 tenerrimum,
1502 5322 1534 5379 ot
1558 5314 1643 5379 coxit
1666 5313 1769 5395 ilium,
1790 5314 1863 5377 tulit
1884 5326 1993 5395 quoquo
2006 5292 2034 5332 Α·
