4309 6250
250 511 291 557 nr
312 512 520 560 accronnxrr
540 513 636 561 som
656 513 824 576 ronrrrrcrs
844 514 883 560 rr
902 514 1073 562 caumana
1095 516 1235 576 concurr,
1256 518 1345 565 nrncn
1366 518 1385 564 1.
1408 536 1449 548 -
1469 518 1539 565 xnr.
1562 518 1637 565 xxm
1656 499 1715 565 1167

168 681 250 745 siam
275 703 294 746 a
318 704 352 746 sc
376 681 514 745 totaliter
537 684 690 765 separari,
706 684 771 747 imo
792 704 919 768 semper
932 685 958 747 ll
972 704 1030 769 per
1044 705 1117 760 suos
1138 687 1256 770 legatos
1275 688 1345 770 ejus
1364 707 1532 771 personam
1548 708 1720 771 represen-

169 790 245 844 sunt
259 783 356 865 aliqui
370 783 446 846 boni
463 783 497 845 in
510 782 674 847 Ecclesia:
691 786 918 867 propterquod
973 772 1088 848 lantes.
1105 786 1206 861 Quum
1224 785 1330 868 itaque
1351 787 1504 868 quaeritur
1523 808 1562 850 an
1578 788 1661 869 Papa
1682 786 1722 849 sit

169 880 314 945 Ecclesia
339 882 458 945 dicitnr
485 883 719 964 quodammodo
745 884 863 946 munda
888 892 919 946 et
973 902 1070 965 snpra
1099 883 1283 966 concilium,
1304 905 1344 948 an
1373 894 1514 965 econtra,
1535 887 1655 950 mentio
1684 886 1724 949 lit

170 978 359 1043 confirmata
377 980 412 1042 in
433 980 545 1061 gratia,
560 981 797 1045 denominando
818 991 919 1045 totum
973 983 1014 1045 de
1037 982 1120 1065 Papa
1145 991 1238 1064 atque
1260 984 1395 1048 concilio
1414 1003 1557 1048 seorsum
1579 984 1724 1049 conside-

170 1088 305 1161 aparte.
323 1080 547 1143 Verumtamen
571 1080 668 1141 etiam
689 1079 765 1143 boni
787 1082 840 1143 isti
855 1100 921 1143 ma·
976 1079 1052 1142 ratis
1075 1100 1131 1143 scu
1160 1082 1306 1164 sumptis.
1333 1082 1465 1158 Quidam
1491 1082 1598 1163 itaque
1623 1101 1721 1159 nnuc,

169 1178 319 1240 colantur
346 1177 486 1260 quotidie
515 1196 571 1259 per
592 1177 730 1242 venialia
753 1189 883 1262 peccata
910 1203 917 1241 :
976 1176 1119 1239 absolute
1148 1178 1317 1259 loquendo,
1345 1179 1494 1241 audacter
1518 1180 1722 1260 respondent,

171 1275 233 1338 nisi
262 1276 335 1357 quis
362 1276 456 1353 dicat,
486 1277 572 1357 qnod
600 1265 737 1340 veniale'
754 1286 919 1359 peccatum
976 1276 1061 1356 quod
1089 1275 1236 1358 generale
1265 1276 1438 1339 concilium
1467 1277 1512 1339 sio
1541 1286 1721 1359 acceptum,

172 1374 331 1437 maculam
359 1393 424 1438 non
452 1380 550 1455 ponat
571 1374 604 1437 in
629 1375 747 1439 anima.
774 1376 834 1438 Sed
858 1376 919 1439 hoc
976 1382 1071 1454 prout
1085 1374 1297 1437 universalem
1311 1374 1484 1438 Ecclesiam
1508 1383 1722 1457 repraesentat,

170 1480 234 1535 stat
261 1472 295 1533 in
318 1472 395 1554 qnid
419 1472 571 1551 comicia,
597 1491 698 1554 quum
727 1482 849 1538 certum
879 1474 921 1536 sit
977 1472 1018 1534 sit
1042 1491 1138 1553 snper
1160 1473 1287 1555 Papam,
1314 1482 1346 1537 et
1374 1474 1505 1555 majoris
1530 1474 1726 1537 auctoritatis

170 1571 257 1651 quod
272 1570 397 1633 veniale
415 1580 582 1651 peccatum
601 1580 755 1653 quantum
771 1573 866 1635 habet
882 1574 921 1636 de
976 1588 1013 1632 ac
1038 1572 1203 1652 potestatis
1227 1590 1322 1652 quam
1348 1571 1440 1655 Papa,
1466 1572 1510 1635 ita
1533 1572 1619 1653 quod
1643 1571 1727 1654 Papa

171 1669 295 1732 ratione
318 1669 451 1750 peccati,
468 1678 591 1732 tantum
614 1689 743 1751 quoquc
764 1672 860 1734 habet
880 1672 921 1734 de
976 1676 1101 1731 tenetur
1125 1669 1255 1733 obedire
1280 1670 1429 1747 concilio,
1446 1689 1511 1734 non
1533 1670 1724 1733 econtrario.

172 1766 295 1829 ratione
310 1766 520 1830 immunditias
534 1777 565 1829 61
580 1768 712 1831 macula
723 1787 761 1831 ac
775 1767 919 1833 ollensae.
976 1766 1187 1849 Verum,quia
1198 1767 1362 1850 hucusque
1377 1770 1545 1850 probatum
1557 1777 1589 1832 et
1604 1776 1726 1832 tentum

171 1866 261 1929 Unde
275 1865 408 1927 verbum
423 1866 564 1947 Apostoli
579 1868 664 1947 quod
679 1867 919 1950 allegant,quod
939 1865 1036 1947 Best,
1056 1868 1140 1948 quod
1165 1867 1247 1949 Papa
1272 1867 1311 1929 sit
1336 1868 1431 1930 totius
1456 1886 1512 1931 seu
1538 1866 1726 1931 universalis

44 1990 155 2053 Ues-v.
170 1964 316 2027 Christus
340 1964 451 2026 dilexit
473 1964 661 2045 Ecclesiam,
678 1974 710 2027 et
734 1966 862 2029 tradidit
887 1987 921 2030 se
976 1965 1125 2027 Ecclesie
1154 1964 1248 2028 simul
1278 1974 1423 2047 sumptae,
1453 1984 1517 2029 non
1548 1966 1650 2030 solum
1679 1966 1726 2027 di·

33 2044 94 2083 Μ’·
170 2082 231 2145 pro
260 2080 308 2139 ea,
334 2070 370 2124 ut
395 2062 482 2124 illam
512 2063 738 2142 sanctificaret,
765 2064 923 2126 mundans
976 2062 1070 2124 visim
1099 2072 1248 2144 acceptae,
1280 2073 1386 2145 pastor
1414 2083 1621 2146 summusque
1649 2082 1727 2147 pon-

169 2179 244 2223 eam
259 2160 386 2223 lauaem
406 2179 496 2241 aque
517 2159 551 2221 in
574 2161 672 2224 verbo
686 2162 771 2239 vita,
788 2170 823 2223 ut
836 2162 923 2224 exhi·
978 2159 1066 2238 tifex,
1083 2160 1230 2243 prelatus
1254 2170 1285 2225 et
1310 2170 1416 2244 caput,
1438 2162 1602 2245 potestatis
1627 2163 1728 2245 pleni·

170 2260 263 2321 beret
285 2257 348 2320 sibi
371 2257 542 2339 gloriosam
567 2258 755 2337 Ecclesiam,
779 2278 844 2323 non
868 2260 924 2322 ha·
978 2258 1121 2321 tudinem
1137 2259 1269 2337 hahens,
1287 2260 1413 2323 videtur
1433 2260 1649 2342 periculosum
1664 2268 1728 2323 tam

170 2357 302 2419 bentcm
331 2355 489 2419 maculam
525 2374 629 2437 neque
664 2376 786 2438 rugam,
816 2358 923 2439 potins
977 2355 1122 2419 absolute
1137 2356 1393 2439 simpliciterque
1404 2378 1546 2421 asserere
1561 2359 1646 2441 quod
1657 2376 1728 2421 con-

169 2455 326 2537 competit
348 2454 499 2517 Ecclesia
522 2454 556 2516 in
580 2462 662 2517 statu
690 2455 798 2519 luturo
826 2475 922 2536 qnam
978 2454 1086 2535 cilium
1109 2456 1150 2518 sit
1173 2474 1269 2537 snper
1289 2456 1416 2538 Papam,
1434 2456 1592 2539 loquendo
1616 2475 1729 2539 appro-

169 2554 200 2615 ei
222 2554 318 2616 modo
338 2552 518 2617 conveniat.
535 2552 666 2635 Propter
683 2554 769 2635 quod
788 2553 923 2617 Thomas
978 2553 1079 2636 priate
1094 2554 1134 2617 de
1150 2554 1340 2635 majoritate,
1355 2554 1511 2637 dignitate
1527 2564 1558 2617 et
1572 2562 1728 2637 potestate

33 2675 155 2716 aarum.
171 2651 206 2713 in
230 2652 323 2715 tertia
343 2661 442 2733 parte,
456 2652 631 2734 quaestione
652 2660 776 2731 octava,
792 2652 838 2715 sic
854 2652 920 2714 ait:
978 2653 1157 2734 pertinente
1177 2653 1215 2716 ad
1236 2653 1319 2716 dona
1336 2652 1445 2735 gratia
1463 2653 1562 2735 gratis
1581 2653 1672 2731 date,
1689 2653 1727 2715 ad

170 2749 348 2813 Ecclesiam
372 2770 441 2813 esse
466 2750 649 2831 gloriosam,
667 2769 730 2813 non
753 2751 923 2813 habentem
977 2768 1073 2831 quam
1107 2760 1227 2813 certum
1258 2759 1306 2813 est
1339 2750 1498 2833 pertinere
1526 2749 1727 2832 judiciariam

171 2849 334 2912 maculam
356 2868 459 2930 neque
484 2869 606 2932 rugam,
623 2858 672 2912 est
691 2850 824 2913 ultimus
846 2849 923 2911 linis
979 2856 1178 2931 potestatem,
1190 2848 1455 2928 presidentialem
1470 2848 1670 2929 dignitatem,
1679 2848 1730 2929 ju-

169 2948 257 3028 cjus,
273 2948 312 3009 ad
330 2966 427 3028 quem
446 2966 502 3029 per
522 2948 636 3010 Christi
656 2948 838 3031 passionem
853 2967 924 3030 per·
978 2946 1293 3027 risdictionalemque
1315 2946 1544 3027 prelationem.

170 3046 322 3124 ducitur3
338 3054 369 3107 et
393 3046 453 3109 hoc
478 3046 540 3109 erit
563 3046 596 3107 in
622 3054 704 3109 statu
727 3047 847 3128 patriae,
863 3047 964 3110 neci}
1018 3044 1207 3107 lloderatius
1237 3064 1312 3127 ergo
1342 3045 1512 3128 loquendo,
1539 3045 1615 3107 dum
1643 3063 1727 3127 qne

33 3163 156 3215 rimare.
170 3154 223 3208 est
237 3145 270 3206 in
286 3153 369 3206 statu
389 3143 459 3222 viae,
476 3144 509 3206 in
529 3163 593 3225 qno
612 3144 637 3206 si
657 3145 830 3208 dixerimus
849 3146 925 3227 qnia
979 3144 1058 3206 ritur
1069 3163 1108 3206 an
1124 3144 1207 3226 Papa
1223 3144 1265 3206 sit
1280 3161 1377 3224 super
1398 3144 1583 3222 concilium,
1600 3163 1641 3206 an
1657 3143 1728 3206 vice

171 3251 341 3326 peccatum
366 3262 430 3305 non
456 3243 621 3322 habemns,
638 3262 697 3306 nos
718 3243 806 3325 ipsos
832 3246 925 3308 sedn-
979 3262 1082 3320 versa,
1113 3243 1248 3305 arbitror
1276 3243 1544 3325 respondendum,
1570 3243 1655 3324 quod
1685 3242 1729 3304 ihi

171 3343 290 3420 cimus,
308 3350 342 3404 ut
357 3342 511 3424 scriptum
526 3350 585 3405 est.
602 3342 657 3404 His
672 3343 778 3405 verbis
794 3343 825 3404 S.
843 3343 925 3406 Tho·
980 3341 1019 3403 sit
1047 3340 1203 3402 excedens
1231 3349 1263 3402 61
1291 3358 1469 3416 excessum,
1500 3339 1533 3401 id
1562 3347 1620 3418 cst,
1643 3339 1728 3422 quod

170 3460 234 3502 mae
257 3441 429 3503 concordat
448 3439 605 3521 expositio
625 3439 745 3502 Nicolai
767 3441 806 3502 de
828 3439 926 3502 Gorra
980 3439 1014 3500 in
1036 3437 1207 3520 aliquibus,
1224 3446 1299 3518 puta
1323 3437 1356 3498 in
1379 3437 1427 3499 his
1449 3455 1519 3518 quaa
1545 3437 1671 3519 proprie
1692 3456 1729 3500 ac

171 3547 204 3602 61
219 3539 357 3602 aliorum
376 3537 548 3601 multorum
568 3537 810 3620 superinducta
829 3538 926 3601 verba
980 3537 1100 3600 directe
1122 3545 1266 3618 spectant
1289 3537 1328 3600 ad
1354 3537 1458 3600 lorum
1478 3536 1636 3618 generalis
1656 3555 1731 3598 con-

171 3636 330 3721 Apostoli.
982 3635 1059 3714 cilii,
1075 3644 1108 3698 61
1129 3643 1258 3719 pmptor
1277 3653 1412 3716 qnorum
1433 3635 1730 3699 determinationem

982 3754 1038 3796 seu
1053 3733 1288 3815 expeditionem
1304 3732 1382 3795 illud
1398 3732 1576 3796 celebratur
1593 3756 1600 3796 ε
1618 3733 1651 3794 in
1667 3733 1728 3812 his,

982 3832 1124 3913 inquam,
1141 3831 1314 3894 concilium
1336 3831 1463 3895 videtur
1482 3850 1552 3894 esse
1568 3851 1663 3913 super
1676 3831 1731 3893 Pa-

354 3918 599 3984 ARTIGULUS
623 3919 748 3982 XXVI·
982 3949 1066 4011 pam,
1084 3931 1126 3993 ita
1143 3931 1227 4011 quod
1250 3929 1421 3993 concilium
1441 3931 1545 3994 dando
1564 3948 1658 3992 voces
1674 3950 1730 3993 seu

170 4059 416 4122 Determr'natio
438 4059 652 4134 difficultatis
672 4060 862 4134 proecr'puoe,
882 4078 924 4117 an
982 4038 1065 4110 νοω(
1091 4037 1140 4092 ⁰⁵²
1168 4029 1313 4106 liberum,
1344 4047 1403 4090 ¹¹⁶⁰
1432 4027 1513 4109 paPa
1542 4034 1728 4110 P⁰t⁰⁸¹³l⁰ffl

212 4149 338 4208 scilicet
363 4149 457 4224 Papa
480 4149 525 4206 sic
546 4165 645 4222 super
668 4149 856 4216 commum,
881 4167 924 4206 an
982 4127 1161 4191 coercivam
1177 4127 1272 4190 habet
1294 4146 1390 4208 super
1404 4126 1483 4188 illud
1499 4126 1531 4188 in
1547 4127 1729 4209 hujusmodi

212 4246 358 4298 econtra,
941 4219 1097 4306 Dcansis‚
1116 4223 1278 4306 magisque
1302 4226 1448 4287 standum
1473 4233 1521 4288 est
1541 4225 1731 4288 determina·

981 4323 1058 4385 tioni
1089 4343 1144 4385 seu
1179 4322 1372 4386 ordinationi
1407 4322 1537 4386 concilii
1571 4322 1729 4404 generalis

210 4426 239 4490 N
260 4425 348 4490 omni
369 4425 510 4505 generali
533 4425 669 4488 concilio
689 4435 784 4507 atque
805 4425 839 4487 in
861 4434 925 4489 tota
980 4442 1075 4504 qnam
1091 4423 1193 4504 Papae,
1210 4422 1264 4503 qni
1285 4421 1582 4485 determinationem
1604 4441 1659 4484 sen
1681 4440 1731 4485 or·

225 4523 341 4586 Christi
366 4523 509 4586 Ecclesia
532 4543 690 4585 summam
713 4543 751 4586 ac
775 4533 926 4605 praestan-
980 4522 1174 4585 dinationem
1206 4519 1334 4583 concilii
1363 4520 1577 4583 conciliariter
1600 4521 1728 4600 iactam,

170 4623 333 4686 tissimam
354 4641 522 4704 personam
544 4641 614 4684 osse
636 4622 763 4704 Papam,
780 4623 923 4685 oxnnium
981 4621 1135 4702 impedire
1151 4639 1206 4682 sen
1223 4639 1370 4682 revocare
1393 4639 1452 4682 nec
1473 4620 1568 4682 debet
1582 4639 1641 4683 nec
1664 4627 1730 4701 pot-

170 4731 299 4805 patrem
320 4729 353 4784 et
373 4729 495 4803 patrem
517 4729 654 4802 patrum,
671 4723 846 4785 secundum
867 4723 926 4784 Bo·
980 4728 1038 4793 cst,
1056 4739 1094 4782 eo
1120 4720 1204 4801 quod
1230 4718 1403 4781 concilium
1429 4739 1446 4780 a
1472 4718 1591 4799 Spiritu
1615 4719 1729 4781 Sancto

171 4829 398 4896 naventuram,
416 4819 548 4882 dubium
575 4838 645 4882 esse
669 4839 733 4883 non
757 4820 863 4900 debet,
881 4822 926 4882 lo·
979 4818 1136 4899 dirigatur
1151 4827 1180 4880 et
1195 4817 1390 4900 gubernetur
1405 4817 1435 4877 in
1459 4815 1585 4893 talibus,
1602 4817 1729 4896 qnando

171 4921 306 5001 quondo
319 4918 361 4980 de
375 4917 554 4997 majoritate
569 4935 606 4979 ac
621 4917 774 4998 dignitate
789 4919 826 4981 ad
842 4919 926 4981 dona
981 4917 1152 4979 concilium
1181 4915 1287 4996 ipsum
1317 4914 1458 4996 legitime
1482 4923 1530 4976 est
1553 4915 1728 4996 procedens

171 5018 287 5100 gratiae
315 5016 413 5098 gratis
441 5016 522 5078 datae
551 5015 740 5097 pertinente,
770 5017 814 5080 ita
841 5019 925 5098 qnod
981 5016 1013 5077 in
1029 5014 1252 5098 imploratione
1267 5013 1452 5076 directionis
1464 5013 1597 5094 Spiritus
1610 5014 1728 5094 Sancti,

172 5115 268 5180 nulla
301 5113 503 5196 particularis
535 5113 678 5176 Ecclesia
705 5123 760 5176 aut
791 5135 927 5197 persona
981 5124 1013 5177 et
1033 5114 1178 5177 sinistras
1201 5112 1442 5174 inlormationes
1462 5111 1592 5174 devitat.

172 5217 203 5280 ei
233 5214 268 5276 in
294 5213 346 5274 his
368 5212 559 5294 adaequetur,
586 5219 621 5273 nt
644 5231 740 5293 snpra
764 5221 927 5276 ostensum
1022 5213 1117 5275 Porro
1133 5213 1166 5274 in
1183 5209 1308 5290 ceteris,
1320 5218 1395 5291 puta
1411 5209 1443 5271 in
1459 5208 1509 5271 his
1524 5229 1593 5291 quae
1610 5210 1731 5291 papalis

46 5307 71 5334 ¹¹·
173 5322 238 5394 est,
261 5311 289 5375 si
319 5309 458 5432 equcilio
480 5310 564 5392 Papa
587 5308 712 5372 intersit
735 5330 793 5394 per
817 5331 851 5374 se
874 5320 929 5375 aut
986 5311 1178 5394 prelationis
1202 5326 1396 5387 mensuram,
1421 5308 1562 5390 regulam
1586 5309 1735 5391 magiste-
