4309 6250
448 441 488 506 50
675 459 714 506 DE
734 460 899 508 lllGNl'lAl'll
920 460 957 506 ΕΤ
977 458 1126 506 tauuleus
1146 459 1176 503 B.
1200 458 1228 503 V.
1251 457 1367 516 ululat,
1389 459 1479 505 uranu
1499 459 1519 505 l.
1542 477 1583 488 -
1602 458 1673 505 ARN.
1695 459 1771 506 xxvi

449 648 524 692 nem
548 648 586 693 ex
610 629 704 692 llaria
729 629 925 709 dulcissima,
947 637 1115 693 contentus
1139 626 1237 691 luith
1252 627 1310 691 tibi
1325 629 1501 693 abomino.
1518 628 1654 691 Aliunde
1672 637 1814 712 apparet,
1830 625 1917 708 quod
1940 644 2020 688 me-

450 728 613 790 communl
628 727 783 810 solitoque
799 730 902 810 legato
918 753 925 790 :
943 728 1009 809 qui,
1021 735 1055 790 ut
1070 735 1197 789 sanctus
1252 725 1312 789 rito
1337 745 1401 788 suae
1423 727 1621 804 humilitatis,
1637 727 1903 807 quemadmodum
1935 725 2018 806 ipsa

451 825 497 888 ait
517 825 706 905 BernarduS,
733 827 861 890 intravit
890 827 929 889 ad
959 826 1196 889 serenissimam
1250 824 1540 906 lateturzllespexit
1553 825 1766 887 humilitatem
1782 823 1905 886 ancillae
1923 841 2015 884 suaa.
2034 841 2111 891 aaa,

303 933 392 979 Mutet
407 947 436 985 νι,
451 922 613 1005 Virginem
639 925 672 986 in
696 933 853 988 secretum
877 924 1007 987 thalami
1032 924 1115 1005 ejus,
1141 921 1195 985 ubi
1251 921 1338 996 Quod
1369 930 1475 984 autem
1510 921 1747 1003 pulchritudine
1775 940 1840 983 suae
1867 919 2016 996 mentis,

450 1020 519 1103 ipsa
534 1022 636 1085 oravit
649 1022 771 1085 Patrem
786 1023 818 1084 in
834 1021 1030 1085 abscondito.
1251 1027 1381 1100 apparet
1406 1037 1444 1081 ex
1469 1018 1574 1081 verbis
1599 1017 1772 1080 Psalmistae
1796 1017 1937 1080 dicentis
1969 1015 2017 1078 ad

1251 1135 1321 1177 eam
1339 1139 1346 1177 :
1363 1115 1553 1197 Concupivit
1567 1134 1620 1177 rex
1636 1117 1784 1178 decorem
1798 1124 1899 1177 tuum.
1909 1112 2017 1187 Quod
2034 1135 2113 1177 ram

1251 1231 1326 1275 vero
1346 1232 1403 1274 sua
1421 1212 1631 1275 mundissima
1650 1213 1804 1290 castitate,
1822 1212 1954 1274 videtur
1971 1230 2017 1273 ex

622 1339 867 1405 ARTIGULUS
890 1339 1014 1404 XXVI·
1251 1310 1395 1391 eoquod
1421 1311 1454 1371 iu
1478 1310 1699 1373 Ecclesiastico
1723 1309 1840 1391 legitur
1860 1332 1867 1371 ε
1889 1309 2016 1371 Omnis
2034 1332 2126 1401 xersem}

1252 1409 1436 1491 ponderatio
1451 1427 1515 1471 non
1530 1417 1579 1471 est
1598 1409 1695 1490 digna
1716 1408 1909 1471 continentis
1934 1407 2017 1469 ani-
2033 1398 2069 1438 ²⁰·

448 1516 518 1577 Per
530 1535 629 1594 priam
644 1516 801 1575 virtutem
815 1516 1007 1574 electissima
1021 1516 1114 1591 virgo
1128 1517 1198 1576 Ma·
1252 1525 1332 1583 mae,
1349 1515 1380 1569 et
1394 1506 1562 1588 Sapientiae
1578 1514 1665 1570 sexto
1682 1530 1689 1567 ε
1705 1506 1902 1587 lucorruptio
1921 1504 2017 1568 facit
2033 1528 2114 1582 sapa

371 1674 373 1682 γ
490 1605 544 1663 ria
554 1604 721 1679 potissime
735 1604 969 1678 disponebatur
982 1605 1027 1664 ad
1040 1605 1098 1663 hoc
1112 1605 1198 1682 quod
1251 1623 1322 1667 esse
1336 1604 1514 1686 proximum
1529 1604 1808 1686 De0.Porr0‚quod
1822 1612 2015 1686 peractum

487 1695 577 1769 fam
592 1700 637 1751 0⁸2
650 1693 761 1753 Mater
775 1694 844 1752 Dei·
1251 1702 1325 1765 doni
1341 1702 1513 1783 sapientie,
1530 1709 1605 1784 puta
1620 1721 1676 1784 per
1698 1701 2014 1783 contemplationem
2124 1720 2125 1749 ι

1211 1802 1283 1864 Βθι
1306 1801 1480 1863 orationem
1505 1801 1662 1878 devotam,
1679 1819 1749 1880 quae
1773 1808 1862 1862 actus
1887 1807 1939 1861 est
1962 1799 2014 1860 la·

301 1931 354 1975 aa,
370 1945 384 1982 1,
399 1933 432 1976 n.
509 1905 614 1965 EGIT
632 1905 716 1962 milri
738 1902 890 1965 Dominus
915 1906 1123 1983 magnaque·
1141 1923 1197 1980 po-
1252 1900 1327 1979 triae,
1355 1899 1479 1961 videtur
1507 1919 1544 1962 ex
1571 1899 1705 1962 articulo
1735 1898 1938 1980 precedenti,
1975 1906 2013 1960 et

524 2010 593 2060 tens
608 2010 662 2060 est.
680 2000 771 2077 Vere,
789 2001 1004 2062 sacratissima
1025 1999 1115 2082 virgo
1135 2002 1196 2063 Na·
1250 1996 1412 2077 quoniam,
1429 2006 1508 2059 teste
1523 1997 1697 2079 Scriptura,
1713 1997 1904 2077 omniaque
1918 1996 2012 2058 desi·
2027 2014 2126 2089 amna

446 2099 494 2160 ria
508 2095 706 2174 dulcissima,
724 2116 797 2159 vere
816 2116 943 2179 magna,
959 2097 1023 2161 imo
1045 2106 1076 2160 et
1097 2100 1197 2161 maxi·
1251 2096 1411 2174 derantur,
1436 2095 1598 2176 sapientiae
1622 2104 1784 2177 nequeunt
1805 2095 2008 2176 comparari.

446 2214 509 2275 ma,
526 2193 602 2257 lecit
616 2194 672 2257 tibi
687 2195 838 2258 Dominus
860 2195 1075 2258 universitatis
1094 2219 1101 2257 ε
1118 2217 1196 2278 quo-
1250 2194 1337 2267 Ouod
1352 2212 1427 2255 vero
1448 2212 1506 2274 per
1526 2193 1688 2256 caritatem
1704 2192 1868 2274 potissime
1889 2193 2010 2275 dispo-

444 2293 532 2355 niam
547 2292 789 2375 praeclarissima
804 2292 963 2356 beneficia
978 2294 1196 2372 contulittibi,
1250 2292 1384 2353 uebatur
1398 2299 1430 2354 et
1443 2292 1609 2373 aptabatur
1623 2292 1663 2353 ad
1678 2290 1731 2352 Dei
1748 2290 2006 2369 maternitatem,

445 2399 477 2452 et
500 2399 565 2452 tam
589 2389 621 2450 in
646 2389 739 2453 donis
762 2391 870 2471 gratiae
893 2399 1017 2472 gratum
1045 2391 1194 2455 lacientis
1250 2389 1400 2470 probatur
1427 2408 1464 2451 ex
1499 2407 1537 2451 eo
1565 2390 1649 2470 quod
1678 2389 1791 2451 caritas
1819 2397 1866 2450 est
1894 2389 2008 2451 virtus

444 2505 539 2568 quam
555 2487 588 2548 in
604 2487 694 2549 donis
709 2488 816 2568 gratim
830 2489 928 2570 gratis
948 2489 1038 2567 datae,
1057 2498 1120 2552 tam
1142 2509 1195 2553 ex·
1249 2485 1414 2566 altissima,
1441 2495 1617 2550 ceterarum
1641 2487 1794 2549 virtutum
1819 2487 1932 2567 forma,
1960 2488 2008 2548 li·

443 2583 597 2648 cellenter
610 2593 682 2667 post
694 2586 866 2648 humanam
887 2586 958 2648 llilii
981 2587 1026 2649 tui
1048 2595 1193 2651 naturam
1248 2586 1310 2662 nis,
1327 2585 1391 2646 vita
1410 2593 1441 2648 et
1460 2586 1585 2663 motrix,
1603 2584 1672 2648 sine
1696 2605 1758 2667 qua
1781 2585 1869 2647 nulla
1893 2585 2005 2648 virtus

443 2688 475 2744 te
499 2681 673 2762 decoravit,
700 2683 857 2765 implevit,
883 2683 995 2747 ditavit
1019 2705 1083 2767 prae
1106 2685 1192 2748 omui
1248 2692 1295 2746 est
1314 2683 1474 2747 meritoria
1493 2691 1547 2746 aut
1570 2684 1634 2748 lleo
1658 2682 1858 2765 complacita.
1875 2683 2004 2746 Caritas

443 2779 590 2842 rationali
616 2779 887 2862 intellectualique
912 2790 1066 2861 creatura,
1084 2791 1118 2845 ut
1141 2803 1193 2846 ex·
1247 2799 1372 2862 quoque
1408 2781 1543 2844 maxime
1578 2782 1646 2843 unit
1679 2790 1819 2844 mentem
1854 2790 2002 2844 creatam

442 2877 539 2960 primi
565 2886 710 2960 nequeat.
738 2877 857 2961 Nempe
882 2879 915 2942 in
940 2881 1049 2942 matris
1074 2889 1135 2944 tuaa
1161 2889 1191 2945 te
1248 2899 1322 2942 oum
1337 2879 1470 2960 Deo,qui
1485 2879 1623 2942 vinculis
1638 2879 1777 2942 caritatis
1792 2879 1883 2960 quasi
1898 2879 2000 2961 ligari

441 2985 531 3038 utero
550 2995 615 3058 prae
634 2976 748 3038 ceteris
768 2977 896 3058 copiose
918 2978 1143 3057 sanctilieavit,
1160 2989 1190 3042 et
1208 2974 1229 3038 C
1247 2977 1410 3057 tenerique
1425 2976 1552 3055 dicitur,
1569 2978 1633 3039 imo
1648 2978 1881 3058 quodammodo
1900 2997 2002 3059 supe-

441 3073 482 3137 ab
511 3073 599 3137 omni
622 3081 653 3137 te
679 3073 773 3157 culpa
801 3075 1033 3139 incessabiliter
1060 3095 1191 3159 praeser-
1246 3082 1343 3138 ratur.
1359 3076 1586 3158 Pmpterquod
1601 3076 1711 3139 dolens
1726 3075 1997 3140 asseruitlsaias:

441 3172 597 3251 vavit;et
619 3172 749 3236 fecitte
771 3182 904 3236 matrem
930 3175 979 3236 sui
1002 3175 1115 3257 ipsius,
1133 3197 1190 3259 per
1245 3171 1314 3234 Non
1336 3180 1385 3235 est
1408 3172 1463 3253 qui
1488 3180 1658 3254 consurgat
1685 3179 1717 3235 et
1746 3180 1851 3235 teneat
1878 3180 1930 3251 te3
1962 3181 2122 3244 etatae.

441 3271 526 3351 quod
542 3278 572 3333 te
587 3271 675 3333 omni
689 3290 776 3353 purae
790 3271 928 3354 praetulit
942 3281 1094 3336 creaturae
1117 3275 1190 3337 suh·
1246 3270 1380 3350 ipsemet
1396 3269 1545 3332 Dominus
1560 3268 1683 3333 fervido
1697 3270 1829 3333 amatori
1843 3293 1850 3331 ε
1865 3270 1998 3333 Dimitte
2028 3296 2099 3341 aaa

442 3368 566 3431 sistenti
584 3367 616 3429 in
632 3388 702 3431 esse
718 3378 844 3447 creato3
861 3378 892 3431 et
906 3368 983 3432 lecit
998 3377 1028 3433 te
1044 3371 1104 3433 sibi
1125 3380 1188 3433 tarn
1246 3368 1374 3449 (inquit)
1394 3387 1456 3449 me,
1473 3376 1509 3429 ut
1527 3367 1680 3431 irascatur
1697 3368 1787 3432 luror
1805 3387 1895 3430 meus
1916 3387 1999 3432 con·
2013 3374 2080 3410 ”¹²¹¹
2092 3360 2114 3399 ¹⁰·

442 3464 631 3547 placentem,
652 3474 716 3529 tam
741 3466 920 3545 amabilem,
948 3475 1011 3529 tarn
1034 3469 1191 3550 appetibi-
1246 3472 1295 3528 tra
1315 3484 1380 3529 eos.

293 3561 598 3643 r·.mv,12.lem,tam
617 3563 877 3645 deeoram,quod
900 3565 1083 3648 concupivit
1104 3576 1189 3629 tuam
1285 3565 1332 3626 Ad
1360 3564 1427 3627 haec
1455 3566 1576 3629 estimo
1609 3566 1877 3647 respondendum,
1906 3566 1997 3647 quod

443 3660 583 3743 speciem
598 3669 629 3723 et
643 3661 802 3740 decorem,
819 3669 851 3724 et
865 3663 956 3743 quasi
972 3664 1093 3727 traxisti
1115 3686 1188 3728 eum
1245 3662 1477 3725 fervidissimus
1497 3662 1551 3726 ille
1576 3663 1709 3726 interior
1732 3672 1821 3726 actus
1845 3664 1998 3726 sinceris-

442 3760 482 3822 de
498 3758 579 3822 coelo
599 3758 632 3820 in
655 3766 782 3840 terram,
799 3768 830 3823 et
850 3760 883 3821 in
905 3760 1046 3825 medium
1069 3764 1189 3825 ventris
1246 3761 1333 3824 sime
1347 3762 1499 3840 caritatis,
1515 3779 1578 3843 quo
1599 3762 1736 3843 gloriosa
1750 3771 1782 3824 et
1795 3763 1916 3843 optima
1929 3762 1998 3824 vir·

441 3857 499 3934 tui,
515 3855 558 3918 ita
583 3857 667 3937 quod
686 3875 725 3919 ex
743 3864 774 3919 ιθ
798 3865 883 3919 tuam
909 3867 941 3921 et
963 3860 1108 3922 omnium
1133 3880 1190 3924 no-
1245 3877 1286 3940 go
1309 3860 1403 3922 llaria
1431 3860 1621 3923 desideravit
1644 3861 1821 3923 Creatorem
1851 3879 1944 3922 suum
1975 3880 1996 3921 a

442 3961 542 4016 strum
558 3954 661 4016 induit
675 3961 707 4016 et
721 3955 894 4036 assumpsit
915 3965 1071 4037 naturam,
1088 3966 1119 4020 et
1141 3959 1187 4021 sio
1246 3957 1370 4019 cunctis
1385 3957 1570 4020 hominibus
1586 3958 1781 4039 recognosci,
1797 3958 1909 4037 amari,
1925 3958 1997 4021 lau-

442 4050 523 4112 Deus
539 4058 571 4113 et
584 4050 710 4115 Creator
725 4060 808 4130 tuus,
825 4052 928 4115 lactus
944 4062 991 4116 est
1008 4054 1100 4117 lilius
1116 4064 1188 4118 tuus
1245 4054 1312 4116 dari
1328 4073 1365 4116 ac
1380 4054 1485 4116 debite
1506 4054 1579 4132 ooli,
1595 4056 1825 4137 universosque
1847 4057 1994 4119 homines

442 4166 479 4209 ao
508 4148 652 4235 omnium
682 4157 825 4212 nostrum
855 4152 1003 4214 salvator.
1029 4151 1188 4233 Numquid
1204 4152 1229 4214 D
1245 4171 1302 4233 per
1315 4152 1487 4214 adventum
1501 4151 1573 4213 Filii
1596 4152 1649 4214 Dei
1668 4152 1780 4214 redimi
1802 4174 1839 4217 ac
1861 4154 1992 4234 salvari,

442 4264 539 4328 parva
564 4255 638 4309 sunt
662 4248 742 4310 istal
758 4247 868 4312 Nonne
892 4256 957 4311 tarn
981 4268 1107 4331 magna,
1125 4259 1188 4314 tarn
1244 4248 1608 4331 potissime,immediate
1623 4251 1918 4313 etconsummative
1932 4252 1995 4313 dis-

442 4363 566 4407 summa
584 4354 616 4407 et
640 4346 814 4427 singularia
833 4354 917 4426 sunt,
935 4355 969 4409 ut
992 4367 1079 4430 purae
1103 4368 1190 4412 crea·
1244 4348 1361 4428 posuit,
1386 4346 1598 4428 dignificavit,
1621 4348 1741 4428 aptavit
1764 4348 1994 4412 affectuosissi-

442 4450 530 4523 turae,
547 4443 626 4506 citra
640 4444 840 4525 personalem
855 4444 1005 4507 unionem
1026 4466 1099 4508 eum
1115 4447 1138 4506 V
1141 4466 1190 4508 er·
1245 4464 1328 4506 mam
1344 4444 1625 4526 dulcissimamque
1639 4446 1767 4508 Mariam
1788 4447 1826 4508 ad
1848 4448 1903 4509 llei
1926 4467 1993 4510 ma-

441 4540 482 4603 bo
496 4550 626 4619 aeterno,
643 4541 764 4622 majora
778 4542 844 4604 dari
860 4562 923 4605 non
939 4542 1087 4606 valeantt
1243 4542 1434 4604 ternitatem.
1458 4542 1574 4606 Ceterae
1598 4562 1673 4606 vero
1697 4544 1828 4606 virtutes
1851 4552 1882 4607 et
1907 4546 1992 4608 dona

479 4639 610 4702 luterim
625 4639 723 4721 quaeri
741 4648 853 4721 potest,
870 4659 933 4721 qua
955 4642 1070 4704 virtute
1091 4643 1189 4723 potis·
1243 4660 1317 4703 cum
1331 4639 1454 4702 actibus
1470 4639 1546 4718 suis,
1563 4640 1816 4723 cooperabantur
1834 4649 1866 4704 et
1883 4643 1992 4725 dispo-

440 4735 520 4799 sime
540 4736 727 4801 felicissima
748 4736 808 4799 ista
824 4736 998 4819 juvencula
1018 4738 1051 4799 in
1075 4738 1189 4802 diebus
1242 4739 1361 4800 nebant
1379 4739 1417 4800 ad
1443 4738 1503 4801 hoc
1527 4738 1594 4801 suis
1617 4739 1720 4801 modis
1745 4758 1782 4802 ac
1807 4741 1987 4821 medietate,

439 4835 659 4899 adolescentie
675 4855 739 4898 suae
755 4836 800 4899 sie
816 4836 937 4916 placuit
951 4837 1089 4900 Creatori
1103 4839 1187 4918 quod
1242 4843 1377 4916 utputa:
1394 4834 1487 4914 fides,
1504 4844 1653 4918 tanquam
1674 4836 1758 4898 basis
1784 4845 1879 4918 atque
1900 4858 1989 4903 exor-

440 4932 510 5014 ejus
525 4933 614 4996 lilius
630 4934 731 4998 voluit
744 4934 827 4997 lieri.
844 4934 882 4995 Et
897 4936 1032 5013 videtur,
1050 4937 1135 5016 quod
1154 4936 1187 4999 in
1242 4934 1331 4995 dium
1366 4934 1589 5015 promerendi;
1624 4935 1797 5012 humilitas,
1835 4944 1987 5017 tanquam

439 5039 512 5093 actu
540 5038 572 5093 et
599 5032 712 5095 merito
741 5050 806 5093 suae
832 5031 921 5110 fidei,
950 5051 1049 5113 quum
1079 5044 1187 5096 sancta
1241 5033 1412 5113 gratiarum
1435 5034 1643 5111 conciliatrix,
1662 5035 1859 5115 procuratrix
1880 5043 1911 5098 et
1932 5056 1987 5098 cu·

296 5158 350 5203 ιω,
360 5172 375 5211 ,,
389 5162 424 5205 45,
438 5129 599 5193 Elisabeth
614 5129 729 5192 dixerit
742 5128 771 5191 ei
789 5152 796 5190 ε
812 5129 907 5191 Βθθιθ
921 5149 991 5211 quae
1012 5132 1184 5213 credidisti,
1241 5140 1317 5210 stes,
1333 5140 1365 5195 et
1378 5141 1528 5213 tauquam
1543 5132 1697 5195 remotiva
1712 5132 1806 5214 primi
1827 5133 1984 5197 obstaculi

438 5228 588 5310 quoniam
618 5225 826 5308 perficientur
849 5247 887 5291 ea
910 5248 981 5310 quae
1004 5230 1087 5293 diota
1113 5240 1187 5295 sunt
1240 5230 1345 5293 omnis
1370 5231 1455 5309 boni,
1476 5238 1552 5312 puta
1577 5229 1755 5312 superbiae3
1778 5231 1905 5293 castitas
1928 5251 1985 5295 seu
