4309 6250
423 467 463 532 58
651 487 691 534 ott
711 486 876 535 mumma
897 486 935 533 ΕΤ
955 488 1104 534 Leonteus
1125 488 1154 532 B.
1178 487 1207 532 V.
1229 488 1345 544 laath,
1367 488 1457 533 trualt
1476 487 1496 533 l.
1519 505 1560 516 -
1579 486 1650 532 ΛΒΤ.
1673 487 1749 533 1111

425 677 492 721 rem
512 658 652 724 venisset
672 667 807 738 aetatem,
824 660 857 722 in
883 659 1080 723 orationibus
1105 667 1172 721 erat
1187 657 1213 720 A
1227 658 1378 742 parabilis
1393 659 1484 741 virgo
1498 658 1674 736 Meria,non
1689 659 1836 739 angelum
1851 663 1973 718 tantum

425 757 595 836 continuis,
613 777 677 821 non
692 767 741 822 est
754 758 797 821 ita
817 758 1059 840 intelligendum
1080 757 1169 839 quasi

424 862 498 916 ente
519 854 601 917 etin
622 875 679 918 sua
702 855 838 918 infantia
863 873 926 918 non
951 856 1091 919 oraverit
1114 873 1172 936 pro

425 953 534 1014 mundi
557 952 681 1016 salute:
700 953 764 1017 imo
778 954 819 1016 ab
834 954 1062 1017 incarnationis
1084 972 1173 1017 eror-

423 1049 476 1112 dio
492 1048 552 1111 fuit
570 1049 602 1110 in
622 1048 717 1131 pleno
733 1070 792 1114 usu
812 1059 844 1113 et
857 1051 1007 1115 exercitio
1029 1051 1169 1129 rationis,

423 1154 455 1209 et
478 1146 581 1209 oravit
607 1166 663 1228 pro
689 1148 766 1226 suis,
792 1149 904 1210 saltem
933 1148 1113 1211 mentaliter
1140 1157 1172 1210 et

423 1253 554 1307 secrete.
573 1245 660 1319 Quod
676 1265 750 1308 vero
764 1246 880 1310 dicitur
899 1247 1037 1310 crevisse
1057 1247 1090 1309 in
1110 1246 1172 1308 sei-

423 1342 519 1422 entia,
541 1342 782 1424 intelligendum
803 1353 850 1406 est
869 1353 1023 1426 quantum
1045 1347 1084 1408 ad
1106 1363 1172 1406 ma-

423 1439 673 1504 nifestationem.
690 1443 862 1520 Postremo,
879 1444 962 1524 quod
978 1443 1079 1505 fertur
1098 1462 1171 1505 cum

424 1538 535 1601 amicis
550 1540 791 1603 advenientibus
807 1540 979 1604 contulisse
993 1542 1033 1604 de
1048 1541 1119 1622 lege
1141 1549 1173 1604 et

425 1655 498 1699 cum
523 1637 721 1721 sapientibus
746 1639 935 1720 disputasse,
957 1639 1082 1701 videtur
1106 1659 1174 1701 cre-

426 1734 536 1811 dibile,
564 1753 601 1798 eo
625 1735 709 1816 quod
737 1736 837 1799 Lucas
865 1737 1060 1818 evangelista
1089 1736 1174 1800 dicat

1227 758 1295 819 sive
1309 758 1460 839 legatum,
1477 757 1532 819 sed
1548 757 1720 837 ipsummet
1734 754 1903 817 Dominum
1918 773 1975 816 an-

1226 856 1381 939 gelorum,
1415 857 1513 919 Deum
1548 875 1672 935 verum,
1708 855 1971 936 omnipotentem,

1226 955 1429 1033 immensum,
1447 955 1508 1017 sibi
1524 954 1634 1016 habuit
1647 953 1895 1029 cohabitantem,
1909 951 1974 1014 col-

1226 1053 1420 1133 loquentem,
1433 1052 1663 1129 consulentem,
1677 1050 1905 1126 consolantem,
1918 1050 1974 1111 do

1227 1153 1369 1213 centemf
1384 1151 1423 1213 Et
1437 1169 1501 1213 non
1517 1149 1620 1212 solum
1636 1150 1682 1212 sic
1698 1148 1809 1212 habuit
1822 1167 1896 1210 eum
1912 1147 1974 1209 sihi

1227 1249 1435 1330 conjunctum
1459 1258 1495 1311 nt
1519 1249 1616 1311 Deum
1645 1268 1682 1312 ac
1710 1247 1889 1325 Dominum,
1917 1246 1973 1308 sed

1227 1347 1303 1410 item
1325 1355 1360 1408 nt
1381 1346 1485 1409 filium
1506 1355 1538 1407 et
1559 1345 1709 1409 amicum.

1267 1445 1421 1526 lleniqua,
1438 1445 1464 1506 si
1480 1447 1528 1525 (ut
1545 1443 1590 1506 ait
1605 1443 1780 1525 Scriptura)
1795 1442 1879 1504 beati
1899 1447 1975 1503 sunt
2001 1455 2074 1499 seu.

1228 1544 1281 1624 qui
1295 1543 1397 1605 Ellam
1413 1543 1571 1621 viderunt,
1586 1549 1618 1604 et
1632 1540 1772 1603 amicitia
1791 1540 1861 1621 ejus
1880 1539 1974 1602 deco
1989 1531 2061 1567 ¹²⁰¹*
2074 1521 2101 1561 ¹¹·

1228 1641 1287 1704 rati
1303 1641 1434 1705 fuerunt
1450 1665 1457 1704 :
1473 1648 1591 1722 quanto
1606 1640 1678 1722 plus
1692 1640 1796 1716 beata,
1809 1639 1929 1700 beatior
1943 1645 1976 1699 et

1228 1739 1408 1803 beatissima
1422 1740 1489 1802 haec
1504 1739 1609 1814 Maria,
1627 1757 1697 1820 quae
1715 1738 1813 1800 Deum
1832 1735 1909 1799 Eliae
1928 1736 1976 1797 vi-

278 1847 331 1893 suc.
341 1861 363 1898 ιι,
376 1849 410 1891 sa.
426 1851 499 1896 eum
525 1832 698 1914 profecisse
721 1841 822 1913 etate,
839 1834 940 1915 gratia
963 1842 994 1897 et
1018 1832 1211 1915 sapientiall
1229 1838 1277 1901 dit
1300 1837 1427 1900 assidue
1452 1839 1491 1900 ad
1514 1836 1643 1899 oculum
1668 1836 1765 1913 clare,
1787 1835 1851 1897 imo
1872 1832 1976 1896 oculis

426 1949 532 1994 coram
547 1931 611 1994 Deo
626 1940 657 1995 et
671 1933 968 2013 hominibus,etiam
983 1952 1082 2015 quum
1097 1933 1176 1996 duo-

425 2028 621 2091 decimaret
648 2049 804 2093 annorum
827 2031 925 2112 (quod
951 2032 990 2094 de
1019 2031 1175 2114 sapientia

426 2135 458 2190 et
482 2127 585 2209 gratia
609 2129 713 2208 quoad
738 2128 1027 2193 manifestationem
1056 2130 1175 2212 accipi-

284 2227 507 2305 tttd.tt-s⁷.t11r);
525 2233 557 2288 et
571 2245 691 2304 rursus,
708 2246 747 2289 ex
761 2227 820 2290 hoe
842 2228 925 2308 quod
941 2228 1052 2290 scribit
1068 2228 1173 2310 ipsum

426 2323 667 2386 duodecennem
700 2323 734 2385 in
768 2323 941 2387 Jerusalem
970 2325 1171 2403 remansisse,

426 2429 521 2502 atque
551 2421 715 2484 inventum
739 2422 772 2484 in
798 2421 903 2484 medio
927 2422 1091 2485 doctorum
1120 2443 1175 2486 au-

426 2519 567 2582 dientem
593 2519 901 2602 interrogantemque
924 2519 1007 2600 illos,
1024 2521 1068 2582 ita
1089 2522 1173 2601 quod

426 2635 537 2680 omnes
553 2617 748 2681 mirabantur
768 2637 863 2698 super
885 2617 1052 2698 prudentia
1073 2627 1105 2682 et
1127 2637 1175 2681 re-

427 2715 551 2796 sponsis
574 2716 686 2797 ipsius

602 2981 846 3046 ARTICULUS
869 2981 996 3045 XXXI.

475 3133 523 3192 De
551 3131 754 3189 beatitudine
780 3132 901 3191 Murice
928 3132 1126 3192 dulcissimae

692 3221 728 3278 in
744 3222 804 3279 hac
825 3222 906 3280 cita.

280 3427 411 3479 laetato.
487 3409 611 3469 AUDA
628 3414 658 3466 et
674 3410 799 3476 terere,
813 3407 887 3483 filia
902 3409 997 3477 Sion,
1013 3410 1093 3486 quia
1107 3428 1175 3468 ecce

501 3525 557 3581 epo
581 3506 673 3564 venio
693 3513 723 3563 et
744 3505 894 3563 habitabo
918 3506 954 3563 in
980 3507 1085 3564 medio
1111 3508 1172 3566 tuf.

427 3602 470 3665 lle
489 3602 672 3679 virtutibus,
689 3601 792 3680 donis,
810 3602 1005 3683 perfectione
1025 3610 1056 3663 et
1076 3602 1176 3665 felici·

428 3708 491 3762 tate
516 3698 751 3761 amabilissime
774 3718 810 3761 ac
836 3700 1047 3763 serenissimae
1072 3700 1175 3762 llariae

428 3798 601 3881 presertim
627 3804 780 3878 quantum
806 3798 845 3860 ad
870 3797 1008 3860 animam
1034 3798 1116 3879 ejus,
1141 3798 1174 3860 in

428 3896 635 3977 sequentibus
649 3895 710 3959 erit
725 3895 974 3959 sermozidcireo
989 3898 1073 3977 quod
1089 3916 1175 3959 nnnc

427 3995 467 4057 de
482 3995 675 4058 beatitudine
690 3994 880 4058 beatissime
891 3994 1031 4076 Virginis
1046 4002 1176 4075 tangere

428 4102 514 4175 opto,
539 4096 578 4157 de
603 4094 796 4157 beatitudine
825 4094 864 4156 ad
894 4094 1082 4157 exteriorem
1107 4094 1176 4174 ejus

1230 1937 1346 1999 mentis
1361 1955 1398 1999 ac
1413 1935 1554 2017 corporis
1569 1934 1731 2015 gaudiose,
1747 1942 1779 1995 et
1793 1931 1978 2012 singularis-

1230 2037 1343 2099 simum
1359 2056 1396 2098 ac
1411 2034 1660 2097 intensissimam
1675 2051 1869 2114 prorsusque
1883 2030 1977 2094 fami-

1230 2134 1432 2198 liarissimam
1466 2152 1539 2196 cum
1568 2132 1637 2214 ipso
1665 2131 1836 2194 amicitiam
1865 2129 1978 2192 habuit

1230 2235 1395 2295 mutuamf

1269 2331 1407 2412 Insuper,
1415 2348 1479 2392 non
1494 2329 1652 2391 immerito
1670 2326 1890 2390 beatificamus
1900 2326 1977 2388 liar·
1991 2350 2047 2393 ιη,
2057 2363 2077 2395 1,
2087 2351 2112 2394 a.

1230 2428 1328 2506 tham,
1338 2446 1433 2508 quem
1448 2426 1589 2488 Christus
1604 2424 1701 2506 elegit
1715 2425 1747 2486 in
1762 2424 1932 2505 hospitam,
1943 2431 1978 2485 et
1992 2411 2112 2518 {fiffl

1228 2525 1357 2589 Mariam
1375 2525 1447 2605 ejus
1473 2542 1624 2603 sororem,
1641 2541 1736 2604 quam
1755 2522 1851 2603 elegit
1870 2522 1903 2582 in
1922 2521 1978 2583 de·
2016 2509 2021 2523 ’
2046 2507 2052 2524 ’

1229 2623 1426 2688 notissimam
1452 2621 1650 2698 auditricem,
1674 2621 1824 2682 Lazarum
1849 2638 1978 2701 quoque

1230 2722 1360 2784 fratrem
1383 2719 1521 2797 illarum,
1539 2737 1634 2800 quem
1657 2718 1689 2779 in
1710 2717 1847 2781 amicum
1867 2717 1977 2798 elegit.

1229 2819 1340 2883 Nonne
1359 2837 1435 2900 ergo
1455 2815 1747 2898 incomparabiliter
1761 2816 1833 2897 plus
1853 2814 1980 2877 beatifi-

1230 2919 1330 2981 canda
1359 2924 1407 2979 est
1430 2934 1556 2978 summa
1579 2923 1611 2976 et
1634 2913 1729 2976 unica
1753 2914 1819 2976 haec
1843 2913 1937 2974 llfaria
1960 2933 1980 2975 a

1189 3014 1294 3079 Glleo
1323 3013 1512 3079 eternaliter
1540 3012 1707 3094 praeeleeta
1736 3011 1770 3072 in
1799 3010 1981 3073 amantissi-

1230 3134 1315 3178 mam
1331 3121 1475 3191 matrem,
1493 3111 1526 3173 in
1542 3109 1726 3174 continuam
1741 3128 1778 3172 ac
1794 3108 1980 3172 diuturnam

1230 3210 1502 3287 cohabitatricem,
1519 3209 1551 3270 in
1573 3208 1788 3289 quotidianam
1813 3226 1850 3269 ac
1876 3226 1981 3269 secre-

1230 3309 1386 3372 tissimam
1419 3306 1618 3383 auditricem,
1648 3305 1680 3366 in
1714 3304 1978 3386 specialissimam

1230 3406 1564 3486 ferventissimumque
1588 3403 1736 3481 amicam,
1758 3402 1843 3465 etin
1868 3402 1978 3484 singu-

1230 3508 1329 3570 larem
1348 3526 1385 3568 ac
1407 3502 1693 3587 spiritualissimam
1717 3505 1889 3583 sponsamf
1904 3503 1977 3563 Am-

1231 3606 1324 3688 plius,
1341 3603 1454 3666 merito
1474 3600 1734 3664 commendamus
1752 3599 1887 3661 feminas
1905 3599 1976 3662 illas

1230 3702 1383 3784 egregias,
1399 3701 1563 3775 loannem,
1580 3698 1768 3777 Susannam,
1785 3717 1821 3759 ac
1841 3697 1974 3777 similes,
1992 3723 2117 3769 creans.

1230 3819 1301 3881 quae
1316 3799 1348 3860 in
1363 3797 1536 3879 Evangelio
1551 3796 1701 3877 leguntur
1714 3796 1873 3857 Christum
1888 3816 1977 3859 men-

1232 3908 1262 3960 te
1286 3906 1317 3960 et
1340 3913 1472 3976 corpore
1497 3912 1566 3956 esse
1592 3902 1718 3971 secutae,
1735 3901 1767 3955 et
1791 3894 1821 3955 ei
1845 3894 1885 3957 de
1909 3895 1976 3957 suis

1232 3992 1436 4058 facultatibus
1462 3991 1670 4053 ministrasse.
1692 3991 1790 4065 Quam
1815 4011 1977 4055 commen-

1231 4092 1429 4156 dabilissima
1444 4109 1519 4171 ergo
1533 4096 1582 4152 est
1596 4089 1662 4151 haec
1675 4089 1794 4171 optima
1807 4110 1844 4152 ac
1860 4091 1978 4153 suavis·

428 4191 589 4254 hominem
615 4212 670 4255 seu
693 4193 733 4254 ad
758 4211 872 4273 eorpus
901 4192 1001 4273 ipsius
1026 4193 1178 4272 quodam·
1193 4188 1217 4249 D
1233 4191 1311 4252 sima
1326 4189 1416 4270 virgo
1430 4187 1534 4265 lfaria,
1551 4206 1621 4268 quae
1639 4206 1704 4249 non
1726 4187 1829 4250 solnm
1850 4189 1890 4250 de
1911 4189 1978 4250 suis

429 4290 523 4353 modo
545 4290 722 4370 pertinente
744 4290 898 4371 intelligo.

468 4386 611 4468 Magnum
644 4396 838 4468 reputamus,
865 4388 949 4467 quod
975 4406 1048 4449 cum
1074 4387 1178 4467 lloyse

428 4486 553 4549 locutus
582 4492 630 4548 est
658 4486 740 4548 Deus
765 4485 845 4548 facie
873 4487 912 4548 ad
941 4485 1067 4562 faciem,
1096 4484 1179 4546 sieut

428 4584 515 4665 loqui
538 4584 618 4647 solet
634 4584 729 4646 homo
750 4585 787 4646 ed
811 4603 903 4647 suum
926 4584 1066 4646 amioum
1084 4606 1091 4644 :
1108 4601 1178 4664 quae

429 4691 535 4745 tamen
551 4682 667 4745 locutio
680 4701 740 4763 per
754 4682 930 4762 subjectam
952 4681 1071 4743 exstitit
1091 4700 1179 4742 crea-

428 4790 543 4857 turam,
566 4779 626 4842 hoo
649 4787 697 4841 est
722 4798 778 4859 per
800 4780 948 4860 angelum
974 4786 1120 4841 sanctum
1144 4777 1177 4838 in

428 4878 484 4942 Dei
500 4895 636 4960 persona
651 4884 857 4958 apparentem
872 4884 966 4957 atque
981 4876 1176 4957 loquentem.

281 4999 414 5057 themu,
429 4976 576 5057 Magnum
608 4975 700 5037 etiam
737 4972 936 5052 arbitramur,
967 4975 1051 5053 quod
1081 4972 1177 5034 David

280 5066 414 5180 illiti?
431 5094 485 5137 rex
506 5081 537 5135 et
556 5072 608 5134 alii
628 5071 756 5153 quidam
776 5070 866 5152 quasi
887 5072 926 5133 ad
943 5070 1069 5133 libitum
1093 5089 1180 5132 rece-

280 5159 415 5240 amsse'off
430 5178 546 5254 perunt
560 5169 669 5232 divina
687 5168 816 5232 oracula
830 5176 861 5230 et
876 5187 1038 5250 responsa.
1056 5168 1177 5242 Quanto

431 5269 534 5353 magis
558 5266 837 5352 praeclarissimum
860 5266 933 5348 fuit,
949 5266 1033 5350 quod
1056 5266 1177 5330 incom-

324 4404 398 4447 Exod.

280 4482 352 4519 nxxru,
369 4471 400 4511 ll.

1232 4287 1394 4350 laboribus
1409 4285 1469 4348 sibi
1484 4305 1521 4347 ac
1535 4285 1599 4347 Deo
1618 4285 1698 4347 Filio
1720 4304 1778 4349 suo
1799 4287 1979 4349 necessaria

1232 4384 1376 4448 exhibuit
1397 4384 1508 4462 victui,
1535 4383 1600 4446 imo
1624 4383 1720 4446 etiam
1744 4385 1783 4446 de
1808 4384 1980 4465 purissimo

1233 4482 1389 4564 sanguine
1403 4500 1460 4545 suo
1476 4481 1611 4564 praebuit
1625 4481 1655 4543 ei
1670 4481 1899 4543 incarnationis
1914 4503 1981 4545 rna-

1232 4580 1357 4657 teriam,
1384 4588 1478 4660 atque
1507 4578 1652 4660 virgineo
1677 4598 1807 4641 suorum
1837 4582 1981 4643 sacratis-

1233 4679 1386 4741 simorum
1402 4678 1535 4740 uberum
1551 4677 1633 4739 lacte
1648 4676 1797 4739 educavit
1811 4679 1980 4741 eumdeml

1271 4778 1435 4853 Praeterea,
1452 4775 1485 4837 in
1501 4774 1626 4855 palatiis
1642 4774 1868 4857 imperatorum
1887 4785 1918 4840 et
1934 4798 1983 4840 re·

1232 4894 1308 4957 gum
1329 4892 1393 4936 non
1418 4873 1621 4935 mediocriter
1643 4881 1840 4953 reputantur,
1861 4874 1916 4955 qui
1942 4877 1982 4938 ad

1233 4972 1335 5055 ipsius
1364 4970 1563 5054 imperatoris
1590 4979 1646 5033 eut
1673 4970 1757 5052 regis
1785 4970 1866 5033 latus
1899 4973 1982 5034 adsi-

1233 5078 1331 5150 stunt,
1347 5078 1379 5133 et
1403 5077 1596 5132 secretorum
1621 5069 1723 5151 ipsius
1746 5077 1820 5131 sunt
1843 5071 1979 5150 conscii,

1232 5187 1269 5230 ac
1285 5167 1368 5230 circa
1382 5166 1484 5248 ipsius
1499 5174 1696 5248 occupantur
1708 5184 1887 5245 personam.
1904 5168 1981 5242 Qua·

1233 5266 1306 5329 liter
1319 5283 1395 5347 ergo
1414 5263 1649 5327 divinissimam
1670 5262 1980 5327 excellentissimam-
