4309 6250
32 1470 90 1511 Gen.
107 1483 120 1511 x

418 504 457 550 nn
479 502 643 551 nrounrrs
663 503 701 549 nr
722 502 870 550 murreus
892 503 919 547 a.
943 502 971 547 r.
994 502 1112 559 uara,
1133 500 1224 549 uram
1244 502 1288 548 ur.
1311 520 1352 531 -
1371 503 1440 548 sur.
1464 502 1484 546 r
1666 479 1726 545 tlt

173 670 259 733 Deus
273 670 369 735 homo
391 679 422 735 et
441 672 538 735 hfater
558 672 628 755 ejus
649 672 839 754 dignissima
859 690 926 735 om·
940 672 964 733 A
980 690 1042 752 que
1071 671 1200 750 Filium,
1227 690 1320 735 suurn
1344 670 1448 733 lilium
1476 670 1596 733 factum
1620 688 1690 733 esse
1718 692 1725 730 :

175 768 271 831 nibus
284 768 519 849 praefulserunt.
529 769 650 844 Quanta
663 778 769 833 autem
785 778 816 832 et
831 788 926 851 quam
980 770 1090 851 sicque
1125 770 1275 852 cognovit
1308 790 1342 833 se
1377 776 1506 851 pmpter
1534 768 1729 850 perditorum

177 884 253 927 vere
268 865 424 944 miranda,
440 866 533 929 fortis
547 886 584 930 ac
606 866 778 949 singularis
797 866 927 930 dilectio
980 867 1213 949 reparationem
1234 869 1273 931 ad
1296 876 1415 930 tantam
1437 865 1669 945 excellentiam,
1690 865 1729 927 ad

177 963 275 1025 etiam
299 964 453 1026 naturalis
481 964 578 1027 fuerit
605 964 689 1027 inter
714 965 872 1027 Amelium
896 972 928 1027 et
980 964 1035 1027 Dei
1064 966 1298 1028 maternitatem
1326 974 1545 1046 assumptam,
1570 970 1665 1045 atque
1692 981 1731 1025 ex

178 1060 336 1139 Amicum,
349 1069 456 1124 narrat
469 1080 579 1125 eorum
594 1062 741 1144 Legenda
755 1070 807 1125 :et
822 1070 927 1124 tamen
981 1062 1052 1141 hoc,
1077 1063 1216 1143 quodam
1245 1062 1353 1126 debito
1375 1062 1502 1141 (saltem
1531 1060 1732 1138 condecenti)

177 1157 261 1219 inter
274 1156 431 1219 Christum
446 1165 477 1219 et
491 1158 561 1240 ejus
576 1158 857 1241 incomparabilem
870 1158 928 1220 Ge-
981 1178 1015 1221 se
1034 1160 1189 1241 adstringi
1212 1160 1432 1241 peccatoribus
1454 1159 1610 1237 misereri,
1626 1166 1658 1220 et
1679 1176 1732 1220 eo-

178 1254 326 1316 nitricem
354 1254 483 1319 dilectio
507 1255 659 1319 naturalis
683 1255 803 1319 exstitit
826 1256 928 1337 maior
983 1276 1052 1320 mm
1081 1268 1190 1339 optare
1218 1278 1256 1321 ac
1281 1276 1450 1339 procurare
1479 1257 1624 1319 salutem.
1649 1255 1730 1318 ilinc

177 1371 216 1414 ac
238 1351 361 1416 fortior.
386 1353 556 1431 Postremo,
579 1360 733 1435 quantum
755 1352 849 1436 primi
873 1373 927 1435 pa·
980 1354 1110 1437 jugiter,
1131 1356 1306 1437 presertim
1327 1374 1365 1417 ex
1384 1374 1422 1419 ea
1436 1356 1514 1417 hora
1533 1373 1595 1435 qna
1614 1353 1730 1416 Filium

123 1483 162 1515 m.
178 1458 285 1513 rentes
298 1450 478 1513 dilexerunt
499 1451 702 1515 innocentem
724 1451 814 1529 Abel,
830 1452 927 1515 Abra·
983 1454 1037 1515 Dei
1053 1454 1211 1534 concepit,
1227 1453 1296 1515 zelo
1317 1453 1426 1515 salutis
1442 1451 1657 1534 pmximorum
1677 1470 1731 1513 ve·

21 1535 253 1649 {ssjffi'ham
274 1548 379 1631 ipsum
403 1549 499 1627 lsaac,
516 1548 613 1613 Jacob
633 1548 739 1612 lilium
763 1568 855 1613 suum
877 1551 927 1613 Jo-
982 1551 1223 1613 hementissime
1257 1551 1319 1613 fuit
1352 1570 1498 1613 accensa.
1533 1549 1613 1611 ilinc
1646 1549 1731 1611 inter

26 1662 43 1705 ¹.
60 1662 80 1701 ³·
177 1647 269 1728 seph,
305 1646 467 1729 Davidque
502 1647 669 1727 Jonathan,
707 1667 796 1711 sacra
834 1650 928 1712 docet
983 1648 1197 1711 beatissimam
1212 1649 1340 1711 Mariam
1361 1656 1393 1711 et
1411 1667 1470 1712 nos
1490 1646 1731 1711 estmutuaedi-

175 1744 349 1825 Scriptura.
378 1745 601 1807 Verumtamen
627 1744 755 1809 illorum
783 1747 926 1809 omnium
983 1746 1131 1809 lectionis
1160 1746 1296 1809 maxima
1324 1765 1421 1808 causa
1450 1769 1458 1807 ι
1488 1764 1562 1807 nam
1595 1752 1627 1807 et
1660 1745 1731 1826 ipsa

174 1850 321 1905 mutuam
356 1842 559 1907 dilectionem
602 1842 810 1905 indicibiliter
850 1842 965 1906 vicitB
984 1844 1184 1925 recognoscit
1198 1864 1232 1907 se
1247 1844 1468 1926 peccatoribus
1490 1862 1548 1907 suo
1569 1845 1663 1907 modo
1677 1844 1731 1906 de·

172 1948 285 2003 mutna
312 1940 441 2003 dilectio
472 1941 625 2004 naturalis
653 1940 768 2004 Christi
797 1960 834 2003 ao
866 1941 927 2005 lda-
983 1942 1157 2024 berequod
1172 1942 1336 2004 Maoerllei
1358 1940 1632 2019 effectaest3nos
1654 1959 1732 2021 quo

173 2039 233 2101 tris
247 2058 312 2101 snae
331 2038 558 2101 mundissimae.
575 2039 712 2113 Quorum
733 2048 837 2102 umen
859 2059 927 2102 mu·
982 2058 1044 2120 que
1056 2040 1280 2121 cognoscimus
1294 2058 1353 2102 nos
1367 2058 1425 2121 per
1445 2038 1515 2120 ejus
1530 2038 1731 2101 salutiferum

173 2145 230 2198 tua
248 2138 364 2199 caritas
385 2137 633 2218 supernaturalis
656 2136 773 2217 inlusa,
790 2136 925 2200 multum
982 2136 1123 2199 fructum
1152 2156 1223 2199 esse
1252 2135 1443 2217 redemptos,
1471 2136 1536 2199 imo
1568 2143 1600 2198 et
1628 2136 1730 2217 ipsam

173 2235 308 2298 omniuo
332 2235 435 2316 major
459 2234 520 2297 fnit
544 2254 581 2299 ac
606 2234 719 2299 fortior
746 2258 752 2297 :
776 2254 869 2317 quarn
894 2244 927 2299 et
982 2235 1021 2297 de
1036 2253 1179 2316 congruo
1199 2233 1434 2317 quodammodo
1454 2234 1609 2297 meruisse
1624 2234 1732 2297 Salva·

174 2333 330 2396 naturalis
355 2333 410 2395 illa
433 2333 560 2397 dileetio
581 2342 690 2396 mutua
713 2334 926 2397 vehementis·
981 2333 1060 2396 toris
1081 2334 1266 2395 adrentum.

174 2431 257 2493 sime
282 2430 375 2509 fovit,
401 2432 498 2511 auxit,
519 2430 655 2513 perfecit
678 2432 711 2493 in
737 2432 926 2495 benedictis-
1021 2430 1184 2509 Praeterea,
1209 2449 1274 2513 quo
1300 2430 1400 2493 Deum
1424 2449 1524 2492 unum
1547 2448 1584 2493 ac
1609 2428 1730 2491 trinum

174 2530 258 2592 sima
272 2530 400 2611 Virgine
415 2537 568 2611 quantum
583 2530 622 2593 ad
638 2538 756 2593 actum.
766 2530 860 2593 Porro
874 2549 926 2593 ca·
980 2530 1144 2591 ardentius
1162 2528 1336 2610 puriusque
1357 2528 1477 2605 dilexit,
1493 2546 1532 2591 eo
1552 2526 1653 2609 ipsius
1674 2526 1731 2591 ho-

174 2628 253 2691 ritas
276 2627 390 2689 animae
415 2627 527 2691 Christi
554 2647 574 2690 a
599 2646 656 2691 sua
679 2627 840 2691 infusione
864 2628 926 2690 luit
981 2646 1091 2690 norem
1106 2627 1274 2689 etcultum
1289 2624 1732 2705 fortinsaffectavit,utscili·

172 2744 264 2805 aeque
288 2722 440 2807 perfecta,
466 2744 526 2788 nec
550 2725 652 2788 crevit
679 2725 740 2787 nisi
769 2732 923 2807 quantum
981 2734 1031 2787 cet
1046 2725 1114 2806 ipse
1130 2724 1170 2787 ab
1184 2724 1334 2788 omnibus
1349 2723 1557 2787 rationalibus
1576 2723 1729 2787 creaturis

173 2822 215 2885 ad
236 2822 527 2887 manifestationem
549 2832 580 2887 et
600 2841 708 2905 opera.
980 2823 1087 2887 debite
1116 2824 1326 2887 honoraretur
1352 2842 1390 2885 ao
1418 2822 1577 2885 coleretur
1606 2845 1613 2883 ε
1643 2821 1729 2901 quod

980 2920 1066 2983 aliud
1090 2920 1170 2983 nihil
1191 2919 1252 2983 luit
1272 2920 1334 2981 nisi
1359 2919 1427 2982 zelo
1447 2920 1594 2982 humane
1618 2918 1729 2981 salutis

938 3024 960 3087 C
980 3038 1018 3081 ex
1043 3026 1154 3081 sancta
1177 3018 1307 3081 caritate
1330 3016 1467 3080 fervere.
1488 3016 1645 3098 Amplius,
1665 3034 1729 3097 quo

395 3090 640 3156 ARTICULUS
664 3090 704 3155 V·
981 3116 1186 3200 Unigenitum
1216 3135 1309 3178 suurn
1343 3116 1441 3179 etiam
1470 3115 1646 3179 secundum
1673 3134 1729 3178 na·

173 3243 223 3302 De
235 3240 482 3318 ferventissima
496 3242 637 3300 caritate
651 3243 695 3300 ad
704 3243 874 3317 procimos
887 3261 925 3302 ac
979 3225 1082 3280 mmm
1108 3237 1146 3281 ⁰¹
1171 3235 1205 3279 ὅθ
1229 3223 1387 3297 ³⁰¹⁰P¹⁸¹¹²
1412 3214 1530 3277 amisii
1552 3212 1726 3292 mentius>

213 3330 416 3388 calidissimo
431 3331 499 3387 zelo
513 3329 705 3389 animarum
719 3331 840 3391 Marem
854 3351 925 3391 san.
980 3333 1018 3379 eo
1032 3335 1098 3378 suae
1112 3313 1271 3399 passionis
1291 3313 1432 3376 fructum
1446 3319 1479 3375 et
1498 3311 1662 3394 sanguinis
1678 3311 1728 3373 sui

214 3419 379 3480 ctisaimoe.
980 3412 1173 3476 effusionem
1193 3431 1231 3474 ac
1255 3411 1406 3474 meritum
1427 3409 1649 3474 vehementius
1673 3425 1729 3490 ap-

981 3511 1070 3595 petiit
1088 3510 1213 3592 operari
1236 3529 1274 3573 ac
1294 3509 1433 3587 dilatari,
1453 3517 1547 3590 atque
1569 3507 1728 3570 intentum

31 3627 105 3671 eur.
127 3640 161 3678 m,
244 3604 496 3666 GREDIMINI
519 3612 548 3664 ct
578 3605 694 3674 videte,
722 3606 803 3682 filice
829 3607 924 3676 Sion,
980 3609 1133 3691 consequi
1154 3607 1255 3671 linem
1275 3607 1309 3670 in
1331 3607 1498 3674 hominum
1519 3602 1729 3669 conversione

256 3720 363 3778 repam
378 3703 581 3762 Salomonem
604 3702 640 3760 in
661 3703 845 3762 diademate
863 3723 926 3781 quo
980 3717 1012 3771 ot
1030 3707 1122 3770 finali
1142 3706 1318 3770 salvatione
1336 3725 1447 3770 eorum
1463 3728 1471 3766 ι
1488 3703 1572 3786 qnod
1587 3703 1649 3765 fuit
1662 3711 1729 3764 tam

174 3801 343 3860 coronavit
359 3818 430 3858 eum
447 3807 623 3858 mater-tua
639 3799 674 3858 in
689 3801 926 3876 dfedesponsa·
980 3806 1097 3869 divine
1122 3823 1219 3886 quun
1250 3805 1397 3867 humana
1429 3800 1611 3865 dilectionis
1645 3800 1729 3866 actio

176 3898 275 3958 tiom'a
289 3897 395 3967 illius,
412 3905 442 3955 et
463 3897 500 3955 in
514 3897 568 3955 die
583 3897 708 3956 loetiriae
721 3899 829 3956 cordis
842 3899 922 3976 ejus.
981 3923 1054 3968 vere
1075 3903 1246 3986 praecipua.

174 3993 313 4075 Agnovit
325 4001 357 4055 et
372 3991 606 4074 sapientissime
620 4011 657 4054 ac
668 3991 925 4074 frequentissime
1021 4001 1100 4064 Hinc
1123 4000 1157 4062 in
1180 3999 1312 4063 caritate
1334 3999 1550 4081 proximorum
1573 3997 1729 4060 ardentis-

175 4091 390 4156 conaideravit
417 4089 684 4154 illuminatissima
713 4091 803 4172 virgo
830 4092 926 4156 blaria
981 4100 1062 4162 sima
1089 4117 1126 4160 ac
1151 4097 1386 4180 perfectissima
1409 4096 1480 4174 luit,
1507 4103 1538 4157 et
1565 4096 1599 4156 in
1627 4113 1665 4157 ea
1690 4113 1727 4158 ac

174 4189 380 4271 Unigenitum
404 4188 458 4251 Dei
478 4187 577 4250 Patris
601 4188 673 4252 id00
696 4188 859 4253 hominem
879 4190 926 4254 fa·
940 4199 965 4262 D
980 4197 1047 4261 zelo
1075 4195 1177 4259 divini
1205 4196 1337 4260 honoris
1365 4203 1397 4258 et
1423 4194 1570 4256 humanae
1602 4192 1725 4272 salutis,

175 4297 273 4368 ctum,
283 4295 440 4369 quatenus
455 4305 519 4350 sure
533 4286 760 4351 incarnationis
775 4289 925 4370 mysterio
981 4295 1067 4378 ipsos
1082 4311 1209 4376 quoqne
1223 4295 1348 4375 fdoysen
1369 4291 1515 4355 etlilium
1535 4309 1574 4353 ac
1594 4290 1726 4354 Paulum

174 4385 321 4449 homines
342 4384 519 4463 deificaret,
536 4403 663 4466 suaeque
685 4387 795 4450 mortis
812 4386 925 4451 merito
980 4395 1061 4457 miro
1075 4401 1109 4456 et
1126 4391 1285 4455 ineffabili
1310 4391 1404 4454 modo
1424 4389 1560 4453 excessit
1577 4407 1615 4452 ac
1636 4389 1725 4453 vicit.

173 4503 212 4548 ac
231 4483 398 4566 sanguinis
419 4483 520 4566 pretio
534 4502 635 4566 genus
651 4483 800 4547 liberaret
813 4485 925 4549 huma·
979 4493 1160 4573 Propterea,
1176 4491 1216 4553 de
1236 4490 1414 4552 Jndaeomm
1435 4486 1658 4564 excecatione,
1680 4487 1728 4549 in·

172 4602 252 4646 num
276 4601 295 4644 a
319 4589 474 4664 potestate
499 4581 616 4645 diaboli
641 4591 673 4645 et
698 4581 777 4664 jugo
801 4585 924 4665 peccati
980 4589 1184 4672 gratitudine,
1208 4587 1425 4671 perversitate,
1449 4585 1728 4649 vehementissime

172 4700 211 4745 ac
235 4681 340 4762 poenis
365 4679 494 4759 inferni,
510 4689 604 4762 atque
630 4681 769 4744 coelestis
791 4681 925 4745 beatitu-
981 4687 1103 4765 doluit3
1131 4696 1164 4750 et
1190 4686 1267 4748 dum
1295 4684 1375 4748 vidit
1401 4702 1455 4748 eos
1483 4703 1541 4747 sno
1569 4683 1650 4747 filio
1682 4683 1729 4746 eis

171 4780 259 4842 dinis
281 4778 386 4841 eidem
409 4786 583 4840 mereretur
604 4796 766 4842 comnam.
790 4779 836 4842 hd
857 4778 924 4844 haee
981 4785 1267 4868 evangelizantium
1292 4802 1402 4846 eornm
1422 4781 1556 4845 salntem
1575 4780 1730 4862 querenti

173 4877 369 4961 peragenda,
399 4876 437 4938 td
467 4877 620 4939 mundum
657 4877 855 4958 salvandum,
885 4879 925 4941 ad
982 4884 1141 4964 resistere,
1167 4903 1205 4946 ac
1229 4883 1312 4944 mala
1335 4899 1393 4964 pro
1421 4879 1514 4944 bonis
1543 4880 1728 4962 rependere,

174 4975 428 5040 convertendum
442 4973 564 5038 iudans
579 4983 611 5038 et
624 4993 776 5056 paganos,
792 4976 831 5038 ad
850 4995 926 5040 con·
980 4981 1170 5064 gravissime
1193 4981 1387 5059 tristabatur,
1413 4987 1445 5041 et
1471 4977 1536 5040 illis
1565 4976 1730 5041 condoluit

25 5075 373 5152 rm.1‚stituendnm
401 5091 440 5134 ex
474 5073 623 5136 omnibus
651 5091 751 5136 unum
779 5073 864 5138 ovile
894 5084 926 5138 et
981 5081 1197 5143 vehementer.
1213 5079 1362 5156 Etnunc,
1379 5086 1415 5139 ut
1433 5076 1654 5140 sacratissimae
1668 5074 1730 5136 hla-

174 5193 271 5237 unam
299 5170 490 5249 Ecclesiam,
517 5179 649 5234 noverat
674 5171 763 5252 juxta
790 5173 927 5256 Prophe·
983 5180 1036 5241 riae
1051 5177 1283 5259 flammigeram
1298 5177 1338 5239 ad
1358 5176 1505 5239 homines
1523 5173 1728 5236 dilectionem

173 5281 276 5336 tarum
291 5269 426 5334 oracula
439 5287 531 5331 suurn
543 5268 656 5332 Filium
671 5270 850 5353 advenisse,
858 5274 927 5337 Dei·
982 5276 1100 5340 clarius
1119 5293 1360 5358 cognoscamus,
1376 5274 1557 5336 intueamur
1568 5278 1727 5354 ,quantum

298 5405 333 5455 Τ.
351 5404 394 5454 36.
1585 5405 1601 5457 8
