4309 6250
500 487 619 536 aournt
639 488 807 535 ranrmrsrt
826 484 998 544 renouari,
1020 485 1111 533 aman
1130 486 1171 531 rr.
1193 504 1234 515 -
1253 485 1323 533 nnr.
1346 486 1382 533 ur
1659 464 1719 530 tte

167 658 236 737 riit3
249 658 332 741 quod
348 665 394 723 tot
407 657 580 735 irrisiones,
591 657 804 739 blasphemias
820 664 915 738 atque
930 656 955 719 A
969 664 1001 719 et
1025 674 1093 735 vos,
1119 674 1139 719 ο
1162 654 1339 735 Sarraceni,
1364 653 1477 737 agatis,
1504 660 1660 735 quatenus
1684 651 1718 713 in

166 756 300 838 injurias
323 777 343 820 a
367 757 481 820 ludaeis
507 775 678 840 perpessus
706 765 765 837 est,
791 766 823 819 et
846 763 916 818 tan-
970 753 1036 817 lide
1065 763 1097 817 et
1122 754 1224 835 gratia
1252 752 1379 835 Christi,
1409 753 1464 835 qui
1493 754 1579 816 solus
1606 750 1718 814 mnndi

166 854 239 917 dem
262 854 495 917 amarissimam
520 854 649 936 pertulit
673 862 807 918 mortem
828 872 915 935 :qua
970 852 1109 916 salvator
1122 860 1182 933 est,
1198 861 1348 915 aeternam
1369 860 1464 933 atque
1486 852 1649 915 coelestem
1663 849 1720 913 ob-

166 952 224 1015 sibi
250 953 447 1031 imminente,
473 961 506 1017 et
528 953 627 1016 Deum
652 954 775 1017 Patrem
800 952 913 1029 oravit,
969 950 1098 1014 linealis
1113 950 1368 1032 salutemzquod
1382 948 1651 1013 affectuosissime
1665 949 1720 1011 de-

66 1062 137 1105 taut.
165 1050 312 1129 dicendo,
335 1050 436 1129 Peter,
463 1050 490 1113 si
515 1050 667 1133 possibile
691 1059 751 1127 est,
776 1057 914 1113 transeat
970 1049 1167 1126 sideramus3
1184 1057 1216 1112 et
1229 1049 1271 1113 ob
1285 1049 1345 1113 hoc
1360 1048 1468 1113 omnia
1487 1048 1549 1111 ista
1567 1047 1659 1111 vobis
1681 1066 1719 1111 ex

44 1130 150 1231 ²¹33?st
165 1168 183 1211 a
197 1168 249 1212 me
264 1149 346 1212 calix
360 1149 441 1227 iste3
457 1148 601 1231 etcoepit
615 1150 726 1212 eadem
740 1149 820 1213 bora
839 1166 915 1211 con·
970 1146 1141 1229 spirituali,
1172 1167 1247 1211 vera
1280 1156 1313 1210 et
1340 1166 1454 1230 magna
1482 1146 1613 1210 caritate
1641 1145 1719 1209 scri-

49 1262 90 1303 ιιι.
106 1273 150 1310 uu.
164 1246 295 1325 tristari,
322 1266 438 1329 pavere
466 1255 498 1310 et
520 1246 664 1323 anxiari,
688 1245 856 1327 iactusque
881 1246 913 1307 in
972 1246 1103 1308 buntur.

43 1328 108 1371 ⁴³'“'
165 1345 290 1427 agonia,
307 1344 460 1427 prolixius
483 1345 598 1423 oravit,
615 1352 647 1408 et
668 1344 772 1409 laetus
793 1353 842 1408 est
863 1364 915 1407 su·

165 1444 222 1506 dor
236 1443 307 1525 ejus
322 1443 406 1506 sicut
418 1451 514 1525 guttae
529 1442 695 1525 sanguinis
714 1442 914 1506 decurrentis
1329 1472 1334 1479 ·

166 1542 198 1603 in
213 1550 341 1605 terram.
356 1541 519 1623 Siquidem
534 1549 566 1605 et
580 1542 615 1603 in
630 1560 724 1605 cruce
739 1560 812 1605 cum
827 1540 915 1604 dolo-
1172 1520 1417 1586 ARTIGULUS
1440 1521 1501 1584 ῙῙῙ·

67 1653 139 1699 naret.
166 1660 199 1703 re
223 1640 438 1703 inaestimabili
463 1640 618 1722 pendens,
641 1640 791 1703 clamavit
808 1662 814 1700 :
831 1638 914 1701 Deus
983 1662 1030 1721 De
1046 1662 1171 1721 epm-35,-
1186 1662 1422 1738 proedicaffom
1434 1680 1473 1720 ας
1491 1661 1704 1730 documentis,

43 1721 133 1765 ¹¹“¹¹'“'
165 1756 267 1816 meus,
298 1738 390 1801 Deus.
408 1756 510 1815 meus,
541 1744 577 1799 ut
609 1736 686 1819 quid
715 1736 912 1817 dereliquisti
1013 1758 1044 1809 ec
1058 1750 1437 1827 quatiterevanqectcam
1452 1752 1553 1827 cepam
1566 1750 1670 1810 dedit,

165 1838 237 1899 mel
259 1835 342 1899 Ecce
365 1855 461 1918 wem
484 1834 619 1899 humilia
643 1844 674 1899 et
697 1836 822 1917 abjecta
844 1835 955 1899 baecB

52 1946 150 1999 tec-mu.
164 1934 271 1999 omnia
286 1942 292 1996 l
309 1934 370 1997 Sed
391 1935 474 2017 quod
494 1936 606 1998 eadem
625 1934 703 1998 hora
726 1935 913 1998 obscuratus
956 1933 1302 2134 OUEltlthdODllld
1325 1936 1403 1999 olim
1431 1936 1465 1998 in
1494 1944 1602 1999 monte
1630 1936 1717 1999 Sinai

42 2011 150 2123 {ssff'ss‘fj
164 2043 211 2096 est
229 2034 279 2097 sol
298 2040 441 2116 tempore
465 2032 645 2115 plenilunii,
663 2041 809 2116 terraque
828 2041 914 2097 mota
1055 2036 1138 2097 Deus
1153 2054 1210 2117 per
1230 2034 1360 2117 angelos
1378 2034 1473 2116 Moysi
1495 2035 1598 2117 legem
1617 2035 1715 2113 dedit,

43 2142 67 2179 ⁵³·
165 2141 221 2213 est,
238 2141 271 2195 et
286 2140 383 2215 petrae
397 2132 503 2195 scissae
518 2140 603 2213 sunt,
617 2141 822 2196 monumenta
836 2150 914 2214 quo·
969 2133 1015 2195 sic
1039 2133 1194 2211 Christus,
1211 2133 1393 2215 unigenitus
1416 2132 1514 2196 Filius
1537 2134 1605 2213 Dei,
1621 2135 1717 2198 homo

164 2252 224 2315 qua
238 2240 351 2315 aperta
365 2240 449 2311 sunt,
462 2241 493 2295 et
507 2232 599 2295 multi
615 2232 722 2296 Sancti
737 2231 879 2295 defuncti
895 2250 913 2293 a
969 2232 1084 2313 lactus,
1100 2252 1199 2315 quum
1213 2233 1279 2314 jam
1294 2232 1425 2315 triginta
1445 2242 1529 2296 esset
1546 2252 1715 2312 annorum,

164 2331 299 2393 mortuis
324 2329 420 2393 simul
449 2349 522 2393 cum
547 2330 671 2395 Christo
695 2338 911 2409 surrexerunt,
968 2342 1000 2395 et
1021 2332 1193 2413 predicare
1212 2341 1306 2414 atque
1324 2331 1480 2395 miracula
1502 2331 1608 2395 faeere
1632 2332 1718 2394 ince-

163 2448 199 2490 ac
215 2428 328 2491 multis
345 2427 379 2490 in
397 2429 570 2492 Jerusalem
585 2436 801 2511 apparuerunt
817 2451 823 2490 :
840 2428 911 2505 ista,
968 2429 1077 2511 pisset,
1096 2429 1275 2511 multasque
1290 2430 1399 2493 turbas
1422 2449 1456 2493 se
1477 2430 1568 2511 sequi
1590 2431 1717 2511 eonspi-
1742 2457 1860 2512 uper„
1967 2464 1971 2473 ·

164 2528 308 2608 inquam,
325 2524 475 2589 sublimia
496 2534 630 2589 exstant.
969 2536 1064 2605 cerel,
1081 2527 1227 2591 ascendit
1244 2528 1278 2589 in
1298 2536 1452 2608 montem,
1468 2536 1500 2591 et
1518 2528 1563 2591 ibi
1588 2528 1717 2610 proprio
1733 2526 1752 2574 ¹·
1767 2526 1788 2567 ²·

202 2626 368 2702 Praeterea,
384 2625 513 2706 quidam
527 2624 668 2687 baeretici
684 2624 838 2688 altissima
859 2623 912 2687 illa
967 2644 1022 2689 ore
1048 2625 1268 2708 evangelicam
1295 2626 1405 2690 docuit
1429 2625 1544 2709 legem,
1570 2626 1717 2691 iaciendo

164 2724 202 2785 de
223 2724 349 2788 Christo
368 2724 549 2805 conscripta
568 2732 750 2804 pensantes,
765 2724 836 2805 ejus
856 2724 913 2786 hu·
968 2724 1011 2788 ibi
1041 2744 1233 2803 sermonem,
1263 2724 1296 2787 in
1324 2744 1388 2807 quo
1416 2725 1609 2807 evangelice
1638 2725 1717 2807 legis

164 2822 349 2886 manitatem
378 2832 409 2884 et
437 2822 617 2903 passionem
646 2830 852 2904 negaverunt,
878 2830 913 2885 ut
967 2824 1170 2901 documenta,
1186 2832 1343 2905 praecepta
1358 2831 1453 2904 atque
1467 2824 1600 2887 consilia
1618 2825 1718 2887 conti-

164 2920 436 3002 llanichaaizquos
449 2920 566 3003 partim
581 2929 709 2983 secutus
724 2929 772 2983 est
786 2920 909 2985 hlahon.
968 2931 1105 2998 nentur3
1131 2922 1163 2984 in
1188 2922 1301 3003 primis
1325 2930 1398 2985 octo
1422 2921 1635 2985 beatitudines
1663 2924 1718 2987 do·
1733 2947 1790 2991 nra.
1807 2951 1862 2992 aro.

162 3020 224 3082 Alii
238 3021 370 3083 demum
384 3018 525 3082 haeretici
540 3018 664 3100 abjecta
679 3027 711 3082 et
725 3020 859 3083 humilia
872 3020 912 3084 de
930 3016 952 3080 C
968 3040 1055 3101 cens,
1072 3019 1209 3083 dicendo
1227 3043 1234 3082 ε

163 3118 286 3182 Christo
312 3118 561 3200 considerantes,
587 3117 688 3200 ipsius
711 3118 912 3182 divinitatem
1008 3122 1105 3182 Beati
1115 3139 1278 3197 pauperes
1295 3122 1431 3197 spiritu,
1447 3118 1479 3182 id
1499 3129 1547 3184 est
1565 3119 1716 3202 humiles,

164 3237 280 3299 negare
305 3217 496 3300 impiissime
523 3227 803 3300 praesumpserunt,
831 3219 914 3281 sicut
968 3216 1130 3299 propriam
1154 3217 1441 3296 defectuositatem,
1459 3218 1661 3301 fragilitatem
1687 3229 1719 3283 et

164 3317 339 3395 Nestorius,
352 3317 458 3396 Arius,
470 3315 633 3398 Photinus,
645 3327 677 3380 et
691 3317 746 3380 alii
760 3318 910 3399 quidam:
969 3315 1096 3398 eulpam
1116 3317 1273 3380 veraciter
1293 3318 1492 3380 attendentes
1511 3325 1544 3380 et
1563 3318 1720 3382 confiten-

164 3434 243 3497 quos
266 3415 365 3478 etiam
390 3413 626 3497 perfidissimus
649 3417 760 3480 blahon
786 3425 913 3480 secutus
969 3423 1027 3480 tes.
1044 3415 1175 3494 Rursus,
1192 3439 1209 3475 ο
1225 3415 1309 3480 beati
1333 3436 1490 3500 pauperes
1511 3417 1625 3499 spiritu
1640 3440 1670 3497 n,
1686 3419 1719 3480 id

165 3523 222 3577 est.
238 3515 380 3589 Quorum
399 3513 542 3577 omnium
557 3514 721 3578 haereticas
743 3513 913 3596 pravitates
969 3523 1027 3592 est,
1057 3514 1113 3596 qui
1142 3522 1282 3577 terrenas
1309 3514 1436 3578 divitias
1463 3525 1593 3598 propter
1619 3517 1718 3579 mum

165 3615 245 3677 Deus
268 3613 446 3677 altissimus
470 3631 529 3695 per
553 3611 683 3676 infinita
710 3621 742 3678 et
770 3615 830 3680 sibi
855 3614 914 3678 soli
970 3620 1083 3693 sponte
1097 3621 1486 3694 contemnunt,quatenus
1500 3613 1718 3695 spiritualibus

165 3710 331 3794 possibilia
346 3711 528 3794 reprobavit
548 3711 713 3790 miracula,
730 3730 787 3793 per
807 3732 913 3776 sacras
969 3711 1142 3792 gratiarum
1180 3711 1425 3774 charismatibus
1463 3712 1654 3794 impleantur
1687 3722 1721 3778 et

165 3829 290 3892 quoqne
315 3809 482 3891 utriusque
506 3809 698 3872 Testamenti
723 3809 911 3892 Scripturas.
970 3811 1033 3873 Deo
1048 3811 1180 3873 liberius
1195 3819 1319 3874 vacent.
1337 3813 1498 3880 Quoniam
1513 3815 1659 3888 ipsorum
1673 3823 1720 3873 est

165 3908 225 3973 Nos
240 3908 342 3990 igitur
361 3906 515 3970 veraciter
533 3905 709 3984 christiani,
727 3907 759 3969 in
781 3907 914 3972 Domino
971 3927 1108 3985 reguum
1133 3913 1298 3980 culorum,
1324 3909 1357 3972 id
1380 3917 1439 3989 est,
1463 3910 1601 3972 coelestis
1625 3918 1720 3993 atque

165 4016 272 4070 nostro
291 4006 368 4068 lesu
391 4005 514 4067 Christo
537 4005 616 4066 duas
641 4013 769 4068 naturas
794 4007 826 4070 in
852 4027 914 4070 uua
970 4006 1123 4088 angelicae
1136 4006 1342 4070 beatitudinis
1356 4007 1485 4070 divitias
1500 4017 1723 4090 promerentur

166 4124 312 4187 persona,
336 4102 485 4166 videlieet
508 4101 651 4165 divinam
675 4112 707 4166 et
730 4104 913 4183 humanam,
971 4123 1006 4166 ac
1032 4103 1250 4186 adipiscentur
1273 4106 1300 4168 si
1325 4106 1445 4169 luerint
1468 4116 1719 4188 perseverantes.

165 4202 357 4266 fidelissime
371 4200 572 4284 profitentes,
589 4201 723 4264 humilia
742 4209 774 4264 et
792 4203 916 4283 abjecta
932 4206 956 4268 ll
971 4203 1039 4265 lstae
1055 4211 1130 4264 sunt
1144 4202 1326 4284 spirituales
1348 4223 1385 4266 ac
1403 4205 1568 4267 eternales
1587 4203 1719 4286 divitiae,

166 4303 203 4366 ad
218 4302 290 4384 ejus
301 4299 706 4379 humanitatem‚altissima
721 4309 752 4363 et
766 4301 916 4383 praeclara
972 4309 1081 4382 utpote
1105 4301 1222 4364 summi
1247 4300 1323 4365 boni
1348 4301 1443 4381 visio,
1464 4303 1577 4383 tentio,
1597 4303 1720 4386 fruitio,

167 4402 204 4462 ad
228 4401 302 4482 ejus
329 4398 497 4462 referimus
521 4397 693 4476 deitatem3
711 4397 820 4480 sicque
845 4398 916 4479 ejus
971 4399 1063 4462 beata
1084 4407 1117 4462 et
1137 4399 1327 4462 immortalis
1352 4399 1517 4481 securitas,
1534 4401 1721 4482 gaudiorum

165 4498 302 4563 humilia
316 4498 487 4579 credimus,
504 4505 539 4560 ut
553 4497 624 4579 ejus
640 4497 830 4560 sublimibus
846 4499 916 4560 nul·
971 4497 1115 4560 omnium
1143 4497 1320 4580 plenitudo.
1350 4496 1419 4561 Non
1452 4498 1531 4562 dixit
1565 4499 1719 4580 Salvator,

165 4597 289 4661 latenus
304 4599 507 4679 derogemus,
523 4604 555 4659 et
570 4596 639 4660 vice
655 4615 745 4660 versa
756 4620 763 4657 ε
773 4597 807 4662 in
823 4598 916 4660 utris-
971 4596 1056 4659 beati
1080 4615 1236 4679 pauperes
1260 4597 1385 4679 spiritu,
1402 4597 1553 4677 quoniam
1578 4597 1721 4680 ipsorum

166 4715 226 4776 que
240 4705 273 4760 et
289 4705 497 4778 utrorumque
516 4694 754 4758 ordinatissima
775 4704 917 4758 contem·
971 4703 1018 4758 est
1042 4695 1207 4777 paradisus
1228 4695 1395 4774 terrestris,
1417 4696 1484 4777 sed,
1505 4715 1639 4779 regnum
1659 4717 1721 4762 οω-

166 4797 332 4876 peratione
347 4793 622 4876 omnipotentiam,
635 4793 863 4876 benignitatem
878 4815 915 4858 ac
971 4793 1060 4856 leste.

167 4895 358 4976 sapientiem
375 4893 430 4956 Dei
446 4912 518 4955 cum
535 4891 622 4956 omni
644 4891 817 4973 gratiarum
839 4893 916 4955 acti·
1010 4893 1108 4953 Beati
1130 4893 1236 4961 mites,
1260 4891 1315 4972 qui
1340 4891 1513 4955 iracundiae
1542 4893 1721 4976 reprimunt

167 5011 226 5056 one
241 4994 408 5072 mirantes,
424 4999 566 5054 amantes
581 5010 618 5054 ac
633 5000 838 5068 venerantes3
856 5011 914 5054 neo
971 4998 1074 5053 motus
1092 4993 1267 5069 :queniam
1281 4993 1347 5066 ipsi
1357 4994 1567 5067 possidebunt
1582 5003 1718 5064 terrum,

166 5093 295 5174 proprio
311 5091 433 5168 sensui,
449 5089 505 5152 sed
526 5088 646 5152 divinis
667 5088 838 5170 Scripturis
858 5089 916 5152 mi·
971 5089 1003 5151 id
1022 5097 1081 5166 est,
1098 5088 1264 5171 proprium
1283 5108 1400 5172 corpus
1421 5090 1582 5153 habebunt
1603 5091 1718 5154 rationi

167 5189 387 5271 raculosisque
416 5188 471 5252 Dei
496 5186 760 5265 attestationibus,
787 5186 916 5250 humili·
971 5187 1164 5268 subjectum,
1183 5187 1415 5268 beatorumque
1439 5189 1573 5270 patriam
1596 5188 1719 5252 obtine·

168 5297 213 5354 ter
232 5309 271 5354 ac
292 5297 478 5354 constanter
498 5289 674 5352 credentes.
690 5287 778 5364 Quod
793 5287 913 5352 utinam
972 5288 1062 5368 bunt,
1077 5286 1118 5350 de
1142 5305 1204 5369 que
1228 5285 1272 5348 ait
1295 5286 1449 5368 propheta
1471 5286 1570 5350 David
1591 5310 1599 5351 ι
1619 5287 1718 5354 &edo
1731 5301 1865 5358 ramma.
