4309 6250
256 508 297 555 na
317 508 525 557 aucroarrarn
546 511 640 558 sorar
661 508 828 559 romuleas
849 509 886 555 rr
907 508 1077 556 emmaus
1098 508 1237 566 concurr,
1259 508 1348 557 aman
1368 511 1389 557 r.
1411 528 1452 540 -
1471 510 1542 557 aar.
1564 508 1628 556 xxx
1664 488 1721 553 tlt

170 679 408 757 determinator,
436 698 498 743 non
527 680 572 743 sic
600 683 640 745 ad
667 682 816 765 generale
845 680 960 745 con-A
976 680 1042 745 lide
1069 688 1176 745 exorta
1203 681 1468 745 determinaretur
1493 698 1644 761 pereum
1669 678 1724 760 qui

170 777 283 841 cilium
305 779 443 861 pertinet
463 779 599 843 haereses
620 790 653 844 et
673 782 845 845 schismata
868 800 921 843 ex·
975 779 1032 842 toti
1047 779 1197 844 Ecclesiae
1216 786 1341 863 preest,
1358 786 1393 843 ut
1411 779 1458 842 sic
1477 778 1548 859 ejus
1568 776 1725 841 sententia

170 877 318 957 stirpare,
334 877 431 941 totius
455 878 604 942 Ecclesia
629 878 847 942 reformationi
873 880 921 941 in·
975 886 1082 941 atota
1103 876 1244 941 Ecclesia
1266 878 1404 941 firmiter
1424 885 1579 941 teneatur.
1596 876 1634 939 Et
1653 874 1725 938 ideo

171 974 418 1052 tendere,fidem
429 974 591 1039 declarem
601 995 638 1039 sc
649 976 727 1039 fidei
739 976 919 1060 Symbolum
975 977 1014 1039 ad
1040 976 1140 1040 solam
1165 977 1383 1041 auctoritatem
1413 975 1529 1040 summi
1558 974 1725 1038 Pontificis

171 1074 278 1151 edere,
293 1073 372 1154 quin
393 1074 489 1136 etiam
510 1074 577 1137 hac
599 1076 721 1157 ipsaad
742 1076 857 1157 Papam
873 1095 920 1138 ra·
976 1075 1113 1157 pertinet
1128 1093 1211 1139 nova
1225 1075 1322 1139 editio
1337 1074 1490 1157 Symboli,
1508 1075 1591 1138 sicut
1613 1082 1645 1137 et
1658 1092 1726 1137 om·

172 1171 259 1235 tione
282 1171 331 1233 sui
354 1171 459 1235 officii
487 1172 608 1235 directe
633 1173 823 1255 pertincant.
847 1174 920 1237 ldeo
975 1172 1029 1235 nia
1056 1174 1119 1237 alia
1143 1192 1214 1255 que
1243 1174 1402 1257 pertinent
1430 1174 1470 1236 ad
1495 1181 1592 1237 totam
1618 1171 1726 1236 Eccle-

172 1289 276 1351 neque
301 1288 340 1332 ex
362 1270 413 1333 bis
441 1270 516 1333 satis
540 1272 730 1349 ostenditur,
755 1272 840 1353 quod
866 1291 921 1355 po·
976 1271 1066 1350 siam,
1084 1281 1119 1334 ut
1139 1290 1331 1354 congregare
1352 1272 1506 1354 synodum
1530 1271 1722 1353 generalem,

173 1376 270 1430 testas
284 1367 413 1431 concilii
436 1369 475 1429 sit
490 1368 647 1447 (absolute
669 1370 840 1452 loquendo)
855 1391 921 1433 ma·
975 1378 1008 1434 et
1030 1370 1094 1433 alia
1119 1371 1313 1452 huiusmodi.

171 1466 224 1548 jor
241 1474 396 1549 potestate
416 1467 534 1549 papali,
551 1468 607 1530 sed
628 1477 782 1549 quantum
802 1469 843 1532 ad
865 1468 922 1532 ali-
1015 1468 1087 1532 llaec
1110 1478 1158 1532 est
1181 1468 1211 1532 S.
1229 1470 1357 1534 Thomas
1381 1470 1557 1551 responsio.
1575 1468 1630 1531 Cui
1651 1486 1727 1531 con·

173 1566 249 1647 quid
267 1588 274 1626 :
291 1564 442 1646 qnoniam
457 1564 525 1628 brec
541 1566 660 1629 certius
674 1586 731 1630 seu
744 1568 922 1650 expeditius
976 1568 1086 1631 cordat
1099 1568 1185 1649 quod
1199 1570 1248 1647 (ut
1267 1570 1363 1650 paulo
1381 1576 1454 1630 ante
1475 1567 1646 1649 allegatum
1666 1569 1726 1648 est)
1738 1594 1779 1634 na.
1790 1601 1862 1633 ωιιι.

173 1664 259 1727 fiunt
287 1682 344 1745 per
370 1664 519 1745 generale
546 1664 720 1727 concilium
744 1685 840 1748 quam
865 1687 922 1749 per
976 1666 1010 1728 B.
1027 1665 1162 1749 Cyrillus
1181 1667 1413 1729 Alexandrinus
1433 1666 1611 1747 patriarcha
1631 1666 1663 1727 in
1690 1665 1728 1727 li-

173 1763 290 1843 Papam
311 1763 483 1839 dumtaxat,
500 1781 538 1825 eo
559 1763 644 1844 quod
664 1765 795 1845 maJoris
815 1766 923 1847 gratiae
976 1763 1034 1827 bro
1062 1765 1295 1828 Thesaurorum
1324 1764 1474 1827 disseruit
1502 1788 1509 1827 ι
1536 1763 1561 1826 Α
1585 1765 1726 1827 llomano

174 1870 269 1942 atque
294 1860 427 1925 subsidii
453 1862 625 1943 promissio
646 1863 688 1925 sit
711 1862 796 1927 facta
814 1864 923 1927 Eccle-
938 1859 962 1922 B
976 1861 1132 1925 Pontifice
1158 1872 1301 1926 nostrum
1323 1871 1371 1925 est
1393 1882 1534 1945 querere
1558 1862 1635 1944 quid
1661 1880 1728 1925 cre·

173 1961 230 2023 siae
248 1979 344 2042 quam
364 1960 464 2041 Papae.
481 1958 643 2033 Quomodo
663 1970 768 2025 autem
789 1963 857 2025 haec
880 1963 923 2024 ita
978 1962 1053 2022 dere
1067 1968 1099 2023 et
1113 1960 1189 2042 quid
1211 1969 1317 2023 tenere
1337 1961 1520 2039 debeamus,
1537 1960 1612 2042 quia
1628 1961 1728 2043 ipsius

174 2080 209 2123 se
239 2059 389 2137 babeant,
415 2057 449 2119 in
473 2058 681 2139 sequentibus
706 2061 827 2143 patebit
849 2060 924 2124 arti·
979 2058 1078 2122 solius
1103 2068 1151 2121 est
1176 2068 1314 2123 statuere
1338 2069 1432 2141 atque
1457 2060 1629 2143 disponere
1658 2060 1728 2123 loco

175 2159 268 2223 culis.
978 2157 1105 2236 Christi,
1135 2156 1189 2240 qui
1217 2158 1300 2239 quod
1333 2178 1424 2222 suum
1459 2166 1507 2221 est
1537 2158 1667 2241 plenum
1699 2158 1727 2221 ei

979 2253 1037 2317 soli
1066 2256 1206 2318 donavit.
1239 2256 1380 2337 Denique
1408 2257 1603 2338 expositores
1632 2274 1729 2339 super

979 2354 1157 2417 ldattbaeum
1184 2354 1384 2419 concorditer
1408 2354 1519 2418 dicunt
1542 2379 1548 2417 :
1571 2355 1727 2437 Praecipue

362 2462 608 2526 ARTICULUS
633 2461 741 2523 XXX.
979 2454 1018 2515 ad
1038 2452 1120 2515 Petri
1141 2472 1357 2517 successorem
1380 2454 1519 2536 pertinet
1539 2454 1728 2519 certificatio

980 2551 1213 2627 dubitationum
1243 2553 1283 2615 de
1316 2552 1392 2617 fide.
1423 2553 1509 2616 Unde
1541 2561 1572 2615 et
1600 2553 1728 2616 divinus

175 2642 230 2699 Μ
252 2646 283 2697 ⁶²
303 2640 460 2716 9u⁰²³³0d0
482 2640 527 2697 “d
544 2656 708 2696 mimum
730 2636 925 2711 P⁰nlifi⁶0m
980 2650 1149 2732 Dionysius
1170 2650 1201 2713 in
1218 2651 1300 2715 libro
1318 2653 1358 2715 de
1373 2651 1596 2715 Ecclesiastico
1610 2651 1729 2715 hierar-

253 2728 421 2803 W‘im‘
435 2728 626 2805 Sismb‘ffum
639 2727 721 2802 fidei
739 2727 842 2787 edere·
981 2749 1054 2811 chia
1077 2748 1229 2827 insinuat,
1255 2752 1339 2832 quod
1364 2751 1402 2812 ad
1428 2769 1586 2812 summum
1611 2750 1823 2822 hierar-epa.

982 2847 1074 2909 eham
1096 2848 1253 2929 pertineat
1272 2848 1492 2911 difficiliorum
1509 2848 1625 2911 solutio
1644 2867 1729 2930 qum

214 2946 241 3011 N
256 2948 317 3011 hoc
335 2948 463 3029 quidam
481 2948 640 3032 precipue
660 2946 833 3030 praefemnt
851 2966 926 3011 con·
982 2945 1126 3009 stionnm.

229 3046 339 3109 cilium
353 3046 485 3109 domino
498 3046 683 3129 Papae,quia
696 3047 736 3107 ad
751 3045 924 3109 concilium
940 3041 962 3104 G
1021 3045 1081 3107 Sed
1098 3053 1207 3108 contra
1226 3045 1292 3107 haec
1307 3044 1436 3127 quidam
1459 3044 1628 3126 objiciunt,
1644 3044 1729 3129 quod

177 3147 317 3230 pertinet
340 3146 483 3208 ultimate
510 3145 734 3224 determinare,
762 3145 806 3208 ita
834 3153 869 3208 ut
896 3147 924 3209 ei
981 3163 1080 3224 quum
1100 3144 1181 3225 Papa
1201 3143 1299 3225 possit
1319 3163 1434 3222 errare,
1452 3163 1515 3207 non
1537 3152 1639 3226 potest
1658 3145 1729 3227 quis

177 3265 251 3307 cnm
266 3244 449 3308 omnimoda
469 3244 660 3306 certitudine
680 3264 700 3307 a
719 3245 844 3306 cunctis
858 3263 927 3307 cre·
981 3242 1052 3322 ejus
1076 3242 1332 3306 determinationi
1357 3249 1450 3324 atque
1475 3243 1638 3306 sententiae
1659 3245 1731 3306 abs-

176 3345 282 3407 datur.
298 3342 475 3405 Videndum
499 3350 547 3404 est
570 3361 646 3423 ergo
669 3361 752 3404 anne
779 3342 861 3404 istud
887 3343 925 3405 ad
981 3360 1043 3422 que
1057 3340 1146 3404 omni
1162 3339 1332 3403 formidine
1353 3348 1415 3403 tam
1435 3340 1550 3403 actuali
1565 3361 1660 3423 quam
1676 3342 1731 3404 ha-

177 3439 302 3524 papalis
326 3438 492 3522 dignitatis
516 3447 638 3520 spectet
661 3438 820 3502 officium.
983 3439 1094 3500 bituali
1110 3438 1343 3514 assentire3sed
1359 3439 1614 3504 determinationi
1627 3440 1732 3504 Eccle-

218 3539 305 3600 llanc
324 3546 432 3600 autem
451 3537 660 3618 questionem
684 3537 715 3600 S.
732 3536 867 3600 Thomas
893 3536 926 3598 in
982 3537 1129 3618 simque
1144 3556 1249 3600 errare
1265 3556 1329 3601 non
1345 3539 1732 3620 potest,certitudinaliter

76 3657 116 3694 aa.
128 3656 162 3695 ιο.
178 3637 320 3700 secunda
347 3636 507 3714 secundae,
530 3635 705 3716 quaestione
734 3635 848 3717 prima,
875 3636 929 3698 de·
983 3644 1083 3699 statur
1100 3659 1107 3698 :
1125 3635 1245 3699 idcirco
1260 3637 1298 3698 ed
1314 3635 1462 3718 generale
1478 3637 1650 3700 concilium
1666 3658 1733 3721 per·

177 3733 538 3812 terminans,ait:Nova
551 3733 648 3796 editio
663 3732 804 3816 Symboli
819 3753 927 3796 ncces·
983 3735 1085 3798 tinere
1113 3734 1239 3798 videtur
1267 3734 1378 3796 ultima
1406 3735 1527 3799 decisio
1560 3738 1733 3801 credendo

179 3834 265 3896 saria
282 3843 331 3896 est
349 3834 388 3896 ad
408 3832 574 3895 vitandum
597 3833 798 3913 insurgentes
818 3840 929 3896 contra
983 3853 1065 3895 rum.
1082 3833 1168 3908 Quod
1195 3852 1305 3896 rerum
1332 3852 1412 3897 reor.
1434 3832 1540 3898 Nihilo
1565 3835 1669 3898 minus
1693 3837 1732 3898 ad

178 3932 280 3995 fidem
294 3951 429 3996 errores.
446 3931 519 3994 ldeo
533 3932 571 3993 ad
593 3930 681 3993 illius
708 3930 928 3994 auctoritatem
982 3931 1201 3994 auctoritatem
1217 3931 1306 4012 Papae
1321 3932 1460 4012 pertinet
1473 3932 1569 4012 istud,
1586 3935 1733 4016 quamvis

177 4032 320 4114 pertinet
336 4030 431 4094 editio
446 4028 599 4111 symboli,
617 4030 655 4091 ad
678 4029 772 4110 eujus
791 4030 929 4093 auctori·
983 4049 1120 4113 persona
1139 4030 1190 4092 eui
1213 4037 1297 4092 tanta
1315 4030 1485 4094 auctoritas
1505 4051 1657 4096 concessa
1671 4042 1730 4115 est,

177 4139 277 4193 tatem
301 4127 439 4211 pertinet
462 4127 694 4190 sententialiter
716 4127 927 4191 determinare
984 4130 1024 4192 sit
1050 4129 1164 4191 similis
1184 4129 1265 4206 aliis,
1284 4129 1424 4193 mortalis
1444 4137 1476 4194 et
1494 4131 1616 4213 fragilis
1638 4141 1732 4214 atque

176 4250 217 4292 ea
236 4248 307 4311 quaa
332 4237 406 4290 sunt
429 4227 518 4305 fidei,
535 4236 570 4289 ut
589 4226 630 4288 ab
650 4227 799 4290 omnibus
818 4227 929 4290 incon·
944 4233 969 4296 D
984 4227 1156 4310 peccabilis
1173 4252 1180 4290 ε
1199 4228 1319 4292 idcirco
1335 4229 1500 4292 sententiae
1520 4231 1602 4312 ejus,
1620 4251 1734 4294 secun-

178 4348 273 4392 cussa
294 4327 360 4390 fide
383 4335 561 4390 teneantur.
579 4327 642 4390 lloc
664 4335 770 4390 autem
792 4328 929 4409 pertinet
983 4329 1060 4390 dum
1086 4325 1168 4409 quod
1199 4346 1218 4389 a
1243 4327 1296 4389 tali
1322 4347 1460 4410 persona
1484 4330 1640 4411 procedit,
1668 4350 1732 4394 non

177 4428 219 4490 ad
231 4427 451 4490 auctoritatem
466 4427 583 4488 summi
598 4425 821 4504 Pontificis,ad
833 4445 928 4507 quem
983 4426 1027 4488 ita
1050 4425 1314 4489 certitudinaliter
1335 4433 1436 4489 statur
1461 4427 1542 4490 sicut
1566 4430 1733 4495 sententie

178 4525 320 4606 majores
339 4533 370 4586 et
392 4522 593 4587 difficiliores
612 4523 763 4587 Ecclesia
783 4525 929 4606 quaestio—
984 4524 1173 4586 universalis
1185 4524 1335 4588 Ecclesiae
1351 4543 1413 4588 non
1429 4527 1626 4606 errantis3ad
1639 4545 1732 4611 quam

42 4647 164 4700 raom
179 4643 239 4686 nes
261 4621 452 4700 referuntur,
469 4629 503 4683 ut
518 4621 636 4684 dicitur
651 4623 684 4684 in
699 4623 850 4703 Decretis,
865 4623 928 4685 dis·
983 4623 1078 4686 etiam
1103 4623 1240 4704 pertinet
1264 4623 1426 4686 declarare
1448 4625 1621 4689 editionem
1644 4627 1732 4710 Sym-

32 4711 163 4816 }ffjffssss·
180 4721 336 4784 tinctione
350 4719 400 4782 ta.
417 4719 506 4782 Unde
520 4728 552 4782 et
566 4720 708 4783 Christus
723 4720 813 4783 Petro
835 4721 926 4800 dixit,
983 4721 1047 4785 boli
1067 4741 1086 4784 a
1106 4740 1230 4784 summo
1251 4721 1404 4785 Pontifice
1425 4723 1553 4802 factam,
1571 4745 1640 4788 esse
1666 4726 1732 4790 ido·

45 4805 163 4887 rafaim
178 4839 277 4902 quem
292 4839 453 4881 summum
467 4817 656 4881 Pontificem
670 4819 835 4882 constituit
845 4843 852 4880 :
862 4819 928 4901 ligo
984 4841 1087 4884 neam.
1100 4821 1231 4899 llursus,
1243 4822 1370 4902 quando
1385 4823 1557 4885 concilium
1573 4833 1645 4887 actu
1660 4845 1731 4888 con·

33 4904 64 4943 ³²¹
179 4937 242 5001 pro
263 4927 294 4980 te
315 4918 488 5000 rogarint
512 4937 576 4981 non
597 4917 729 4982 deficiat
748 4917 830 4981 fides
852 4928 926 4996 tua3
983 4929 1147 5002 gregatum
1164 4928 1301 5000 nonest,
1318 4921 1356 4982 ad
1372 4921 1487 5002 Papam
1503 4923 1730 5004 estpotissime

178 5026 212 5080 et
238 5025 271 5079 tu
296 5016 466 5098 aliquando
487 5035 662 5080 conversus
685 5017 841 5080 confirma
866 5018 930 5081 fra·
984 5020 1210 5081 recurrendum
1243 5042 1249 5080 :
1281 5017 1335 5100 qui
1373 5018 1468 5081 etiam
1506 5020 1730 5102 imperfectum

177 5127 245 5180 tres
275 5124 357 5178 tuos.
381 5115 420 5177 Et
446 5115 543 5196 hujus
571 5115 651 5178 ratio
679 5125 737 5193 est,
764 5116 838 5198 quia
865 5137 929 5180 una
984 5138 1075 5179 snum
1105 5117 1322 5197 considerans,
1352 5119 1450 5180 ardua
1478 5119 1637 5202 explicare
1666 5140 1729 5184 non

177 5214 360 5278 essedebet
378 5213 459 5276 fides
480 5214 576 5276 totius
595 5215 770 5278 Ecclesiae:
788 5216 849 5279 boe
874 5237 930 5280 au·
984 5217 1064 5280 solet
1091 5217 1210 5297 absque
1235 5216 1462 5297 approbatione
1486 5217 1646 5296 Ecclesiae,
1673 5240 1730 5284 seu

178 5323 244 5378 tem
269 5311 388 5376 serrari
413 5331 478 5376 non
501 5322 620 5396 posset,
643 5312 705 5376 nisi
731 5316 865 5396 questio
888 5316 928 5380 de
984 5316 1053 5378 sine
1076 5315 1245 5398 praesentia
1269 5314 1407 5392 concilii,
1424 5324 1460 5377 ut
1483 5324 1609 5380 notatur
1628 5317 1660 5379 in
1679 5337 1730 5382 ca-
