4309 6250
218 541 259 586 ba
279 540 487 588 acetositate
508 542 602 588 sunt
623 541 789 589 Pourtrtcts
811 541 848 587 ET
868 541 1038 588 GENEEAHS
1060 540 1201 598 cabetul,
1223 541 1312 588 amsa
1333 542 1377 587 lli.
1401 558 1440 570 ··
1460 540 1531 586 ant.
1554 538 1640 586 xxvu
1664 519 1726 584 663

177 709 233 772 bat
246 712 330 791 quod
347 711 404 774 toti
422 711 594 775 universali
614 711 762 776 Ecclesiae
782 710 965 774 summusA
1147 707 1391 808 ARTIGULUS
1418 743 1559 806 XXVII,

177 807 325 872 Pontifex
351 810 467 892 praesit,
494 811 539 873 ita
561 810 724 874 concludit
750 835 757 872 :
783 811 841 873 Per
865 810 925 872 boc

178 905 360 969 excluditur
381 917 651 991 pmsumptuosus
670 927 757 972 mo,
776 927 927 989 quorum,
982 883 1028 942 De
1042 884 1180 956 boeotiis
1194 903 1267 962 qaoe
1286 884 1533 958 impertinentia
1547 892 1577 942 et
1592 884 1729 942 vitando

177 1004 253 1065 dam
277 1005 333 1085 qui
359 1005 535 1069 subducere
560 1027 594 1070 se
618 1007 765 1070 nituntur
788 1007 828 1069 ab
852 1006 926 1069 obe·
1022 971 1179 1030 ‘Mem'
1199 973 1350 1047 937227'0‘2'
1371 973 1531 1040 ⁶⁰²202‘22'0i
1554 981 1584 1031 et
1607 991 1669 1032 tur
1692 974 1730 1030 in

176 1102 300 1165 dientia
324 1112 355 1166 et
380 1105 579 1185 subiectione
599 1105 691 1183 Petri,
709 1123 924 1168 successorem
1016 1077 1128 1207 {ww
1146 1064 1298 1184 ⁰7²²⁴⁸⁶²f²⁰
1316 1079 1506 1164 {Crffl'fw’
1521 1064 1608 1165 affl
1626 1080 1729 1164 ⁶⁰⁷²⁶²j

1036 1169 1104 1208 tum
1124 1169 1189 1209 non
1208 1158 1296 1209 erret
1311 1169 1348 1208 ert
1369 1151 1421 1209 lna
1435 1169 1472 1208 cre
1490 1151 1609 1229 qulbus
1627 1169 1730 1210 conct-

175 1199 249 1280 ejus
263 1202 440 1264 Romanum
456 1202 654 1281 Pontificem,
664 1203 854 1266 universalis
869 1203 926 1265 Ec·
1021 1239 1155 1298 liariter
1165 1241 1324 1315 procedit·

174 1299 284 1362 elesiae
308 1309 468 1382 pastorem
483 1306 558 1364 'non
581 1310 855 1383 recognoscentes.
881 1302 925 1364 Ex

174 1397 237 1459 hoc
254 1397 409 1478 sequitur,
425 1399 508 1480 quod
524 1407 556 1461 et
571 1399 762 1463 universalis
777 1399 925 1462 Ecclesiae
1051 1397 1229 1460 ENEEALE
1253 1398 1426 1462 concilium
1452 1406 1581 1480 propter
1608 1399 1731 1461 arduis-

174 1505 284 1576 pastor
298 1497 338 1558 sit
353 1496 446 1578 Papa,
464 1516 523 1560 nec
539 1497 610 1560 ideo
624 1498 664 1559 ab
685 1498 756 1580 ejus
776 1498 926 1562 obedien·
1066 1497 1163 1558 simas
1187 1505 1282 1578 atque
1311 1497 1482 1560 altissimas
1512 1516 1623 1560 causas
1650 1494 1732 1559 defi-

174 1593 221 1656 tia
235 1594 363 1676 penitus
382 1603 549 1658 excusetur
568 1596 740 1659 concilium
762 1597 836 1678 quia
855 1596 926 1659 uui·
982 1593 1113 1656 nieudas
1138 1603 1171 1657 et
1194 1595 1418 1676 expediendas,
1445 1603 1523 1676 puta
1544 1613 1615 1676 quae
1639 1593 1733 1657 aliter

175 1694 334 1756 versalem
349 1702 552 1776 representet
570 1695 757 1776 Ecclesiam,
773 1715 872 1777 quum
895 1702 926 1758 et
982 1691 1039 1753 rite
1058 1692 1199 1773 expediri
1223 1711 1288 1755 non
1314 1691 1431 1771 valent,
1454 1698 1487 1754 et
1505 1699 1635 1774 propter
1652 1710 1731 1773 quas

175 1791 223 1853 illi
248 1791 416 1873 presideat
436 1793 528 1874 Papa.
545 1793 582 1855 Et
604 1793 630 1854 si
654 1802 925 1876 presumptuosus
980 1789 1113 1870 dignum
1136 1798 1186 1852 est
1208 1790 1356 1872 generale
1380 1789 1432 1872 agi
1456 1789 1639 1869 concilium,
1656 1808 1732 1853 con·

175 1887 239 1951 fuit
258 1909 346 1952 error
369 1909 479 1953 eorum
502 1890 557 1971 qui
584 1911 617 1954 se
643 1891 861 1954 subduxerunt
885 1891 925 1953 ab
942 1885 965 1946 B
983 1896 1113 1950 vocatur
1126 1896 1158 1950 et
1172 1888 1360 1951 celebratur.
1377 1888 1505 1951 Gonsmt
1520 1896 1625 1951 autem
1645 1888 1729 1970 quod

175 1987 361 2050 obedientia
394 1987 655 2069 subjectioneque
684 1989 785 2071 Papae,
817 1988 926 2052 viden·
982 1985 1013 2047 in
1036 1986 1142 2068 parvis
1166 2005 1203 2048 ac
1229 1985 1374 2068 pluribus
1399 1995 1431 2050 et
1454 1978 1731 2069 impertinentibus

175 2087 254 2148 dum
285 2105 366 2148 aune
393 2087 673 2169 presumptuosior
697 2086 739 2148 sit
763 2106 851 2150 error
875 2105 927 2150 eo
982 2083 1145 2166 occupari,
1161 2084 1368 2147 vehementer
1389 2085 1540 2166 impediat
1561 2084 1732 2148 saluberri-

175 2203 248 2245 rum
273 2183 329 2265 qui
355 2203 418 2247 uon
447 2185 550 2247 solum
575 2193 714 2247 renuunt
736 2185 864 2248 obedire
894 2193 926 2246 et
983 2201 1067 2244 mam
1096 2182 1339 2263 occupationem
1373 2181 1408 2244 in
1441 2182 1673 2264 principalibus
1700 2190 1734 2246 et

176 2281 295 2363 subjici
311 2300 435 2344 summo
455 2281 614 2360 Pontifici,
632 2283 687 2345 sed
707 2283 851 2346 absolute
871 2301 927 2364 po·
983 2281 1107 2362 magnis
1127 2279 1398 2362 vicinioribusque
1420 2280 1525 2344 saluti.
1542 2279 1629 2343 Talia
1655 2298 1731 2362 ergo

176 2389 260 2443 nunt
279 2399 313 2442 se
335 2399 432 2462 super
450 2380 551 2458 illum,
568 2381 612 2443 ita
634 2381 719 2462 quod
739 2389 927 2464 potestatem
983 2379 1123 2461 generali
1145 2378 1283 2443 concilio
1298 2388 1372 2440 sunt
1387 2378 1667 2442 vehementissime
1681 2378 1731 2440 fu-

176 2487 210 2540 et
237 2477 491 2559 jurisdictionem
521 2478 638 2541 habent
667 2479 699 2540 in
729 2479 832 2558 illum,
862 2498 927 2542 non
982 2477 1109 2559 gienda.
1130 2477 1210 2539 ilinc
1232 2478 1446 2540 communiter
1464 2477 1583 2539 dicitur
1602 2500 1609 2538 :
1627 2475 1734 2538 Virtus

177 2575 370 2639 econtrario.
983 2576 1073 2639 unita
1088 2575 1202 2639 fortior
1215 2584 1264 2639 est
1277 2595 1373 2657 quam
1388 2576 1533 2657 dispersa
1546 2597 1554 2652 3
1571 2577 1711 2656 itemque
1725 2599 1732 2637 :

219 2674 314 2737 blulta
329 2674 447 2737 similia
466 2683 595 2756 possent
616 2675 750 2758 proponi
765 2699 772 2754 ;
790 2676 844 2739 sed
868 2675 928 2738 ista

177 2772 358 2850 sufiiciunt,
383 2792 452 2854 quae
481 2791 544 2836 non
574 2773 636 2835 nisi
666 2773 829 2837 caritative
855 2783 928 2836 sunt

177 2881 275 2949 tacta,
292 2881 326 2934 ut
348 2871 464 2933 veritas
485 2870 672 2952 diligentius
692 2872 880 2954 inquiratur,
897 2880 929 2935 et
1025 2874 1105 2935 Hinc
1120 2872 1249 2952 quidam
1265 2873 1375 2934 doctor
1389 2871 1522 2934 devotus
1537 2872 1572 2934 in
1588 2890 1734 2935 sermone

178 2989 275 3032 uerno
290 2968 419 3032 fallatur
432 2993 439 3032 :
453 2970 628 3051 prasertim
642 2989 740 3050 quum
757 2971 847 3032 multi
863 2970 928 3053 jam
986 2989 1080 3052 quem
1100 2969 1177 3033 fecit
1192 2970 1224 3031 in
1240 2969 1413 3032 Basileensi
1433 2969 1582 3050 concilio,
1606 2969 1663 3032 illo
1682 2971 1736 3031 ad-

177 3068 288 3131 dicant
302 3067 387 3149 quod
401 3066 440 3129 ad
455 3068 671 3132 ordinationes
687 3069 844 3151 generalis
859 3064 966 3132 eon-C
985 3070 1047 3132 buc
1077 3068 1294 3132 indubitanter
1318 3068 1463 3147 durante,
1489 3067 1636 3132 dolorosa
1660 3085 1737 3131 cou-

179 3166 248 3229 cilii
268 3174 333 3229 tota
354 3165 497 3229 Ecclesia
518 3167 612 3229 etiam
636 3166 803 3230 collective
826 3154 934 3230 consi·¹
986 3166 1128 3249 queritur
1150 3174 1183 3228 et
1207 3166 1351 3228 hortatur
1374 3190 1381 3227 :
1406 3166 1577 3228 Causarum
1597 3165 1737 3247 particu-

178 3268 300 3344 derata,
319 3272 388 3347 post
407 3264 533 3327 concilii
556 3265 799 3351 dissolutionem
825 3274 931 3328 tenea·
987 3266 1100 3329 larium
1128 3264 1316 3327 affectiones
1344 3273 1376 3327 et
1402 3263 1639 3345 occupationes,
1665 3283 1736 3345 quae

178 3372 242 3442 tur,
250 3381 315 3424 non
328 3361 366 3423 ad
379 3361 610 3425 ordinationem
623 3364 737 3425 summi
751 3361 930 3441 Pontificis;
987 3364 1094 3426 multae
1109 3371 1141 3425 et
1154 3362 1251 3425 nimis
1266 3362 1373 3425 multae
1388 3362 1421 3423 in
1436 3361 1495 3424 hoc
1507 3362 1600 3444 (prob
1616 3361 1736 3442 dolori)

180 3462 294 3542 sicque
314 3460 485 3523 universali
506 3461 655 3524 Ecclesiae
679 3470 713 3523 ut
735 3462 793 3541 sic,
810 3460 932 3524 scilicet
987 3463 1151 3524 decertant
1164 3460 1313 3540 concilio,
1330 3460 1405 3542 quia
1420 3460 1483 3523 illa
1497 3460 1622 3522 dissidii
1643 3469 1738 3542 caput

181 3558 383 3640 conjunctim
411 3567 561 3641 accepta,
591 3577 654 3639 quo
683 3560 776 3623 modo
805 3560 932 3642 proprie
988 3567 1020 3621 et
1033 3560 1134 3640 origo,
1145 3558 1321 3640 unitatique
1336 3557 1559 3620 ecclesiasticae
1574 3557 1736 3645 adversari

181 3657 303 3720 dicitur
318 3655 518 3734 universalis,
535 3664 692 3739 competat
713 3658 776 3739 regi
800 3676 863 3720 non
886 3677 934 3719 re·
988 3667 1083 3738 atque
1097 3657 1166 3739 ejus
1182 3655 1439 3720 reformationem
1454 3656 1609 3736 impedire
1624 3656 1736 3733 solent,

986 2735 1118 2787 Pluribus
1129 2737 1263 2794 intentus,
1280 2735 1372 2786 minor
1383 2739 1427 2785 est
1442 2735 1478 2786 ad
1493 2735 1606 2798 singula
1621 2749 1734 2787 sensus.

123 3789 166 3816 ,ιι
182 3755 306 3838 gimine
336 3755 539 3818 monarchico
564 3764 594 3817 et
619 3756 728 3836 regali,
756 3764 789 3817 ut
813 3757 932 3817 dictum
989 3765 1063 3819 sunt
1078 3755 1289 3839 amputandae,
1307 3754 1574 3835 quemadmodum
1597 3754 1628 3815 in
1650 3774 1739 3817 exor—
1822 3754 1828 3765 '

183 3864 244 3935 est,
257 3854 313 3915 sed
328 3852 390 3914 alia
405 3853 568 3934 regiminis
584 3854 835 3934 specie:contra
850 3854 934 3935 quod
989 3856 1042 3918 dio
1072 3854 1280 3917 conciliorum
1315 3873 1373 3934 per
1404 3853 1644 3915 Constantinum
1677 3854 1739 3915 bla-

184 3953 262 4015 satis
277 3959 325 4014 est
340 3970 377 4012 ex
392 3950 575 4014 doctoribus
591 3950 796 4033 disputatum.
811 3951 888 4013 Nam
904 3958 935 4013 et
989 3972 1089 4034 gnum
1117 3952 1255 4014 Historia
1282 3950 1440 4034 tripartita
1468 3951 1580 4013 recitat
1605 3951 1735 4013 factum.

184 4053 246 4114 boc
269 4068 433 4127 concesso,
456 4050 600 4131 sequitur
618 4051 702 4131 quod
722 4051 866 4113 absolute
891 4050 936 4111 lo·
990 4050 1124 4113 Ovirus
1153 4050 1352 4131 pestiferum,
1378 4069 1397 4113 o
1422 4050 1611 4112 damnosum
1640 4049 1737 4111 studii

183 4148 324 4231 quondo,
343 4148 444 4229 major
459 4167 515 4210 seu
531 4148 623 4211 altior
637 4156 668 4211 et
684 4148 806 4230 plenior
821 4149 861 4210 sit
882 4167 935 4229 po·
991 4169 1103 4231 genus,
1119 4168 1138 4211 o
1153 4148 1264 4210 infelix
1284 4148 1468 4210 exercitium
1488 4155 1520 4210 et
1539 4155 1739 4218 sacrosancta

185 4256 283 4310 testas
310 4246 342 4307 in
367 4245 508 4309 Ecclesia
532 4265 627 4326 quam
654 4247 776 4328 papalis
803 4270 809 4307 :
837 4266 934 4328 quum
953 4250 976 4311 D
993 4246 1163 4309 universali
1180 4245 1347 4327 indignum
1366 4246 1486 4326 synodo
1505 4246 1544 4307 ad
1565 4264 1676 4308 causas
1695 4246 1739 4307 ai-

184 4356 292 4409 tamen
322 4344 429 4406 Petrus
454 4344 493 4406 de
518 4344 637 4406 rilliaco
665 4354 696 4406 et
724 4344 935 4407 Cancellarius
992 4346 1131 4409 tissimas
1151 4352 1431 4425 congregataque
1451 4363 1489 4407 eo
1510 4344 1740 4423 devenitur,ut

185 4442 386 4525 apertissime
402 4442 518 4521 dicant,
535 4444 619 4523 quod
637 4443 810 4523 plenitudo,
829 4452 936 4505 vertex
993 4446 1024 4508 in
1046 4446 1130 4507 hunc
1156 4461 1323 4504 causarum
1344 4442 1558 4524 labyrinthum
1579 4442 1740 4505 sanctissi-

185 4552 281 4623 atque
307 4540 495 4621 supremitas
523 4540 748 4603 ecclesiastiea
773 4541 936 4623 potestatis
992 4562 1059 4605 mas
1078 4543 1149 4623 ejus
1167 4560 1280 4623 operas
1299 4550 1330 4603 et
1349 4540 1475 4612 divinos
1494 4541 1644 4604 Ecclesiae
1665 4560 1741 4603 cou-

188 4642 221 4704 in
237 4640 306 4703 solo
321 4639 361 4701 sit
376 4657 501 4701 summo
520 4637 674 4701 Pontifice
697 4639 872 4720 subjective
892 4650 937 4703 at·
992 4649 1119 4703 sumant
1133 4639 1269 4717 labores,
1286 4658 1444 4700 summam
1458 4640 1529 4721 ejus
1544 4640 1618 4702 inde
1633 4648 1740 4702 aucto-

186 4758 250 4821 que
274 4737 459 4815 formaliter,
488 4745 598 4817 utputa
623 4756 706 4815 vere,
729 4737 856 4800 realiter
880 4758 935 4800 seu
994 4740 1116 4801 ritatem
1133 4739 1166 4799 in
1183 4738 1386 4819 proverbium
1401 4746 1431 4799 et
1447 4736 1688 4814 haesitationem,
1706 4745 1739 4798 ut

187 4834 457 4913 exsistentialiter‚
475 4834 508 4897 in
522 4834 661 4915 generali
678 4844 783 4897 autem
800 4836 936 4899 concilio
993 4838 1036 4899 ita
1050 4838 1166 4915 dicam,
1179 4844 1372 4917 exponentes
1392 4835 1582 4898 multorum!
1599 4837 1669 4897 Haec
1685 4836 1740 4898 do-

189 4931 445 5017 repraesentative
461 4952 516 4995 seu
533 4931 736 5013 insinuativa,
749 4934 779 4995 in
797 4935 937 4997 Ecclesia
994 4944 1061 4998 ctor
1083 4935 1146 4997 ille.

102 5070 172 5105 ‚aar
188 5052 266 5097 vero
282 5032 434 5095 finaliter,
450 5032 520 5094 Haec
536 5031 682 5113 superius
698 5032 848 5095 diffusius
865 5042 938 5095 sunt
1033 5033 1186 5107 Quoniam
1206 5050 1281 5112 ergo
1303 5032 1336 5092 in
1358 5031 1474 5094 talibus
1496 5031 1739 5113 particularibus

189 5133 331 5209 inducta,
349 5139 380 5193 et
394 5150 479 5192 nunc
495 5139 659 5193 currenter
682 5130 882 5212 breviterque
906 5132 937 5192 in
995 5131 1087 5194 factis
1102 5140 1133 5192 et
1148 5130 1254 5192 causis
1268 5149 1304 5191 ac
1321 5129 1440 5206 litibus,
1458 5148 1527 5211 quea
1547 5131 1579 5192 iu
1602 5131 1739 5193 concilio

188 5238 313 5294 tanturn
335 5229 400 5290 sint
419 5235 501 5291 tacta
517 5251 524 5289 ε
541 5246 611 5308 quae
632 5229 739 5309 utique
760 5229 826 5291 sine
848 5231 938 5293 ladio
995 5232 1033 5292 ad
1065 5238 1187 5311 partem
1215 5234 1362 5309 aguntur,
1389 5236 1564 5289 tractantur
1591 5237 1622 5289 et
1649 5249 1742 5309 expe-

190 5339 222 5393 et
243 5328 353 5392 dolore
374 5345 439 5391 non
462 5326 576 5389 scribo.
995 5329 1139 5405 diamur,
1161 5325 1327 5407 multiplex
1348 5324 1465 5387 accidit
1485 5344 1573 5389 error
1592 5325 1743 5389 informa-
