4309 6250
482 507 520 554 b!
543 505 705 554 utuntur!
727 509 765 554 Π
785 509 933 556 hauotbos
953 509 981 554 B.
1005 509 1034 552 V.
1056 507 1173 565 nanim,
1196 507 1284 554 umas
1304 510 1338 555 ΙΙ.
1361 527 1401 538 ·-
1422 508 1490 556 aar.
1513 510 1546 555 11
1745 491 1787 556 85

232 677 463 760 praeveniente.
480 678 633 760 Denique,
649 696 713 760 qno
728 677 916 741 felicissima
929 678 987 742 lda-
1001 677 1026 740 A
1042 678 1171 758 coelum,
1200 679 1397 761 audieritque
1432 679 1529 742 rerba
1562 699 1688 756 areana,
1717 699 1788 762 quse

234 775 286 838 ria
311 774 370 838 fuit
394 775 427 838 in
451 776 610 840 exercitiis
634 776 708 840 vitae
731 775 986 858 contemplativa
1041 776 1197 840 nonlicet
1216 777 1339 839 homini
1355 777 1453 858 loqui.
1470 777 1558 841 Unde
1578 787 1610 842 et
1624 779 1703 842 dixit
1718 801 1726 840 ε
1742 777 1788 840 Ne
1801 793 1941 842 stemma.

233 893 275 937 ac
305 875 397 938 donis
425 875 588 958 sapientire
615 874 717 957 magis
745 875 924 950 exercitata,
955 881 987 936 et
1040 875 1226 956 magnitudo
1246 875 1474 938 revelationum
1493 875 1622 939 extollat
1641 895 1703 956 me,
1724 883 1787 938 etc.

235 973 273 1035 in
289 991 368 1055 puro
387 990 424 1035 ac
444 972 680 1037 ferventissimo
701 973 756 1034 Ilei
771 990 879 1035 amore
900 979 988 1034 actu·
1040 972 1084 1035 lle
1098 972 1266 1036 altitudine
1279 972 1409 1035 dcmum
1424 970 1583 1037 visionum
1598 982 1630 1036 et
1648 983 1790 1037 contem·

234 1071 281 1134 ali
298 1069 450 1152 stabilior,
466 1089 504 1134 eo
520 1071 558 1133 ad
574 1070 715 1152 mysticae
729 1069 896 1152 theologie
910 1069 987 1132 assi·
1040 1069 1217 1153 plationum
1241 1069 1272 1132 S.
1293 1070 1422 1133 loannis
1443 1070 1588 1152 apostoli,
1610 1072 1644 1134 in
1668 1072 1790 1155 Apoca-

234 1168 319 1230 duas
342 1187 378 1232 ac
403 1167 652 1251 perfectissimas
675 1167 815 1232 visiones
843 1167 905 1230 fuit
932 1167 987 1230 ha·
1041 1167 1123 1249 lypsi
1144 1176 1177 1230 et
1199 1167 1331 1249 prologo
1355 1167 1428 1231 libri
1449 1167 1535 1230 illius
1557 1167 1694 1250 plurima
1714 1185 1790 1232 con·

236 1265 346 1330 bilior.
1040 1266 1193 1328 tinentur.

279 1363 451 1444 Postremo,
481 1362 664 1446 hujusmodi
700 1361 987 1446 contemplationes
1082 1363 1225 1444 Denique
1248 1365 1289 1426 de
1312 1361 1465 1446 praeclara
1491 1363 1588 1427 ldaria
1609 1363 1791 1446 ldagdalene

236 1461 394 1524 sublimes
408 1459 775 1543 praefervidas,creditur
789 1468 824 1522 ut
837 1459 987 1542 frequen·
1042 1469 1175 1524 testatur
1193 1461 1336 1541 historia,
1353 1463 1437 1543 quod
1456 1461 1491 1524 in
1509 1462 1690 1525 vastissima
1704 1480 1792 1525 oom-

234 1561 306 1623 tius
326 1559 474 1622 habuisse
495 1560 614 1641 absque
637 1559 828 1623 alienatione
852 1579 871 1622 a
892 1578 987 1621 sensu
1044 1577 1171 1622 morans
1189 1578 1308 1637 eremo,
1330 1559 1514 1624 elevabatur
1537 1560 1680 1640 quotidie
1698 1578 1794 1642 auge-

235 1658 328 1723 omni
355 1657 514 1738 exteriori,
540 1665 572 1721 et
600 1666 740 1740 stupore,
766 1657 985 1720 debilitatione
1043 1658 1146 1722 lorum
1176 1657 1353 1721 ministerio
1381 1657 1416 1720 in
1443 1676 1516 1722 aere
1544 1657 1674 1741 septies,
1704 1657 1794 1721 audi·

236 1753 578 1836 immobilitationeque
600 1755 754 1838 corporis,
769 1772 840 1834 qua
862 1753 895 1816 in
916 1753 988 1816 aliis
1044 1755 1165 1837 vitque,
1178 1755 1273 1818 etiarn
1288 1755 1451 1837 corporeis
1466 1756 1607 1834 auribus,
1622 1755 1795 1819 melodiam

235 1855 340 1936 raptis
365 1854 537 1917 videntur:
558 1860 590 1916 et
611 1852 673 1916 hoc
697 1851 760 1914 fuit
783 1871 821 1915 ex
846 1853 988 1915 modera—
1005 1850 1029 1914 B
1045 1853 1207 1918 coelestem
1235 1861 1329 1936 atque
1356 1854 1518 1936 angelicas
1546 1872 1652 1918 voces.
1683 1853 1735 1918 Sic
1763 1861 1795 1917 et

235 1951 328 2016 mine
352 1959 383 2015 ct
409 1951 645 2034 dispensatione
672 1949 916 2032 Omnipotentis‚
942 1951 987 2014 sic
1044 1953 1085 2016 de
1099 1963 1208 2016 sancta
1228 1951 1284 2016 illa
1297 1953 1392 2016 llario
1407 1953 1591 2035 Egyptiaca
1610 1973 1705 2016 verax
1723 1973 1796 2015 aar·

234 2068 312 2112 esse
326 2049 462 2113 volentis
476 2048 510 2112 in
525 2047 655 2131 Virgine
670 2047 850 2126 benedicta,
866 2055 898 2110 et
912 2065 989 2130 quo-
1045 2059 1094 2114 rat
1106 2051 1248 2128 historia,
1265 2051 1349 2132 quod
1363 2050 1484 2115 orando
1498 2057 1530 2113 et
1549 2051 1794 2134 contemplando

234 2149 327 2212 niam
352 2147 524 2229 purissima
546 2155 578 2210 et
600 2144 875 2237 illuminatissima
898 2163 989 2208 mens
1045 2149 1229 2213 elevabatur
1249 2149 1282 2211 in
1305 2167 1389 2212 aere.

234 2245 386 2329 gloriosa
410 2264 447 2308 cc
473 2263 595 2307 summe
619 2243 777 2307 deificata
795 2243 908 2324 llariae,
927 2241 990 2306 fuit
1086 2248 1129 2310 Do
1144 2265 1260 2329 magno
1270 2265 1397 2329 quoque
1412 2255 1500 2328 patre
1513 2247 1651 2311 Antonio
1665 2247 1792 2330 legitur,

236 2345 280 2408 ad
296 2345 400 2406 lucem
420 2351 452 2406 ct
466 2341 702 2404 irradiationem
717 2341 857 2404 divinam
872 2342 911 2404 ad
927 2360 991 2423 my·
1046 2347 1131 2427 quod
1154 2345 1339 2427 frequenter
1363 2345 1438 2408 totis
1463 2345 1612 2408 noctibus
1637 2345 1723 2409 stetit
1749 2345 1795 2408 vi-

237 2443 329 2506 sticae
343 2441 512 2524 theologia
527 2441 666 2504 visiones
681 2440 871 2519 elevantem,
888 2440 989 2522 magis
1045 2444 1150 2526 giluns
1164 2443 1199 2506 in
1212 2442 1356 2507 oratione
1370 2451 1402 2505 et
1422 2442 1701 2525 contemplatione,
1718 2462 1796 2525 quo-

239 2539 483 2623 proportionata
504 2558 541 2602 ac
563 2539 719 2602 roborata.
1046 2559 1148 2622 usque
1176 2541 1224 2606 sol
1252 2541 1292 2604 de
1321 2560 1415 2604 mane
1443 2560 1539 2624 super
1572 2541 1689 2604 faciem
1725 2542 1796 2624 ejus

1046 2639 1224 2702 irradiaret.
1241 2639 1294 2702 Sic
1308 2647 1341 2702 et
1353 2639 1452 2702 abbas
1470 2639 1621 2702 Arsenius
1635 2639 1796 2703 interdum

1046 2737 1196 2799 iuventus
1224 2736 1286 2799 fuit
1312 2745 1401 2799 stans
1429 2737 1562 2799 elevatis
1590 2737 1738 2800 manibus
1762 2737 1797 2798 in

453 2811 699 2876 ARTICULUS
722 2811 783 2874 ΧῙ·
1047 2833 1327 2918 contemplatione,
1344 2842 1437 2916 raptu
1453 2842 1484 2897 et
1498 2835 1635 2911 ecstasi,
1652 2843 1748 2916 atque
1763 2835 1796 2896 in

237 2967 288 3025 De
322 2963 516 3022 mnemia
554 2959 836 3034 contemplationi,
872 2959 992 3019 Mam,
1047 2931 1416 3014 signaminteriorissni
1438 2930 1573 2994 fervoris
1594 2932 1794 3010 uoluminis,

282 3051 511 3111 mundissimae
533 3049 775 3124 comparatione
798 3050 992 3122 contempta.
1011 3031 1033 3096 G
1048 3029 1238 3092 videbantur
1251 3031 1363 3092 decem
1377 3028 1468 3110 digiti
1483 3029 1554 3110 ejus
1571 3029 1671 3092 instar
1684 3029 1797 3110 decem

284 3143 384 3201 tionis
407 3142 561 3200 aliorum.
1048 3129 1265 3209 lampadarum
1291 3127 1525 3209 splendentium
1550 3126 1663 3209 fulgidi
1687 3136 1720 3191 et
1748 3147 1796 3190 ar·

1047 3228 1169 3288 dentes.
1196 3225 1301 3288 hbbas
1327 3244 1454 3307 quoque
1478 3225 1625 3288 Silvanus
1652 3234 1724 3308 post
1748 3245 1797 3288 ra-

210 3378 218 3390 .
320 3330 367 3391 Ul
383 3337 460 3387 sunt
483 3328 540 3386 isti
560 3326 620 3405 qui
639 3334 676 3385 ut
697 3326 797 3385 nubes
819 3328 941 3393 volant,
962 3335 992 3386 et
1047 3332 1137 3407 ptum
1159 3322 1338 3386 mirabilem
1359 3342 1504 3385 reversus
1526 3324 1564 3385 ad
1589 3342 1634 3403 se,
1656 3342 1731 3386 vere
1752 3332 1797 3385 te-

330 3428 427 3505 qucsi
438 3425 591 3485 columbae
605 3426 650 3483 cd
667 3425 829 3498 fenestras
842 3424 944 3481 suas?
958 3422 992 3483 lu
1047 3430 1148 3485 status
1165 3430 1213 3483 est
1229 3444 1236 3482 ε
1254 3420 1318 3503 Ego
1339 3421 1504 3502 hucusque
1526 3429 1634 3503 raptus
1655 3420 1702 3483 fui
1723 3428 1797 3483 ante

239 3526 294 3587 his
318 3522 422 3587 verbis
447 3528 576 3584 sanctus
597 3519 749 3602 Propheta
771 3519 903 3582 miratur
923 3520 993 3581 alti·
1048 3521 1197 3583 thronum
1226 3520 1333 3600 gloria
1361 3520 1427 3596 Dei,
1452 3528 1484 3582 et
1507 3520 1579 3581 steti
1604 3519 1660 3596 ibi,
1685 3519 1797 3581 videns

239 3622 385 3685 tudinem
401 3618 680 3703 contemplationis
692 3618 877 3681 Sanctorum
893 3618 993 3680 instar
1047 3618 1182 3699 gloriam
1208 3618 1290 3699 ejus,
1306 3626 1338 3679 et
1362 3620 1457 3679 modo
1478 3618 1627 3679 dimissus
1650 3637 1731 3679 sum.
1748 3618 1798 3678 ln-

238 3720 372 3783 nubisa
394 3728 478 3781 terra
492 3718 531 3780 ad
553 3735 691 3798 superna
710 3716 919 3797 surgentium,
936 3716 993 3778 du·
1048 3735 1144 3799 super
1157 3716 1254 3779 abbas
1268 3716 1363 3778 Dulas
1378 3716 1417 3777 de
1436 3715 1549 3778 abbate
1569 3734 1626 3777 suo
1641 3716 1672 3777 S.
1688 3716 1796 3777 Bessa·

239 3828 360 3899 ctuque
374 3817 539 3881 oculorum
561 3816 599 3877 ad
622 3814 761 3878 coelestis
782 3814 890 3895 patriae
905 3834 993 3875 man·
1048 3815 1138 3877 rione
1163 3814 1313 3893 narravit,
1339 3814 1423 3895 quod
1449 3813 1535 3875 stetit
1563 3832 1621 3895 per
1647 3820 1797 3894 quatuor·

240 3918 368 3981 sionem
390 3914 601 3997 appetendam
624 3932 657 3976 sc
682 3912 885 3995 erigentium.
902 3912 992 3976 Tales
1048 3914 1151 3975 decim
1180 3912 1248 3975 dics
1283 3912 1316 3973 in
1348 3912 1616 3992 contemplatione
1643 3920 1675 3973 et
1703 3918 1795 3993 raptu

240 4017 277 4079 in
308 4013 492 4095 evangelica
519 4011 588 4093 lege
621 4010 871 4073 innumerabiles
899 4011 993 4074 exsti·
1048 4012 1211 4074 continuo.
1228 4009 1278 4073 Sic
1297 4018 1328 4073 ct
1347 4010 1395 4072 vir
1415 4009 1571 4071 mirabilis
1590 4009 1793 4087 innocentiae,

241 4120 361 4191 terunt,
384 4120 417 4175 ct
437 4110 471 4173 in
493 4110 606 4193 primis
627 4109 728 4172 sancti
750 4109 904 4191 Apostoli,
928 4110 992 4173 imo
1048 4108 1146 4172 abbas
1167 4108 1278 4186 Sisois,
1294 4108 1420 4190 quando
1442 4126 1555 4170 manus
1576 4126 1650 4169 snas
1671 4108 1704 4170 in
1726 4126 1796 4171 ora-

239 4212 410 4293 utrinsque
443 4228 536 4271 serus
564 4206 791 4290 quamplurimi
818 4231 825 4271 ι
852 4208 934 4271 intcr
962 4216 993 4270 et
1009 4202 1034 4265 D
1048 4209 1135 4272 tione
1157 4207 1307 4283 extendit,
1335 4224 1407 4269 mox
1431 4225 1485 4267 eas
1512 4206 1652 4284 retraxit,
1678 4225 1718 4267 ne
1748 4224 1796 4267 ra·

240 4329 341 4393 super
361 4327 440 4391 quos
461 4326 572 4371 omnes
593 4304 773 4368 humillima
794 4305 884 4388 virgo
898 4306 994 4369 llaria
1048 4314 1186 4396 peretur.
1217 4306 1333 4367 Harum
1361 4302 1665 4385 contemplationum
1699 4305 1797 4367 subli-

241 4408 378 4473 sortitur
398 4406 582 4489 primatum,
599 4412 634 4466 ut
655 4424 692 4467 ex
707 4404 903 4487 praeinducto
919 4423 993 4468 con·
1049 4405 1149 4467 mium
1173 4402 1286 4466 artilex
1310 4411 1342 4465 et
1364 4402 1515 4484 magister
1537 4422 1574 4464 ac
1597 4402 1794 4483 praedicator,

239 4514 307 4571 stat
327 4505 472 4569 articulo.
489 4504 617 4581 Verum,
639 4502 790 4584 quoniam
813 4502 845 4563 in
867 4503 994 4566 morali·
1048 4502 1177 4565 divinus
1198 4509 1230 4563 et
1251 4520 1385 4580 magnus
1407 4499 1574 4581 Dionysius
1595 4499 1668 4562 fuit.

238 4606 305 4670 bus
320 4613 352 4667 et
367 4603 462 4667 rebus
477 4602 626 4674 humanis
640 4601 830 4684 exemplaris
844 4602 993 4666 deductio
1089 4602 1128 4662 dt
1146 4618 1222 4662 vero
1243 4608 1371 4660 sauctus
1395 4599 1507 4661 doctor
1525 4598 1746 4679 hieronymus,
1764 4598 1797 4659 in

238 4705 318 4787 plus
334 4699 496 4780 informat,
509 4708 545 4761 ut
558 4698 684 4782 plenius
700 4698 878 4763 innotescat
892 4700 994 4762 excel·
1049 4698 1168 4780 Regula
1188 4697 1226 4759 ad
1246 4694 1463 4773 Eustochium,
1480 4696 1519 4758 de
1541 4714 1575 4757 so
1597 4696 1636 4757 ad
1655 4695 1709 4758 Dei
1730 4694 1797 4777 glo

239 4800 345 4865 lentie
358 4797 638 4881 contemplationis
652 4796 817 4860 deiformis
832 4797 943 4875 Maria,
953 4798 993 4860 de
1049 4796 1129 4859 riam
1145 4814 1182 4857 ac
1196 4794 1340 4858 omnium
1355 4802 1536 4857 nostrorum
1551 4792 1796 4856 edificationem

240 4898 432 4964 inferiorum
448 4894 715 4978 contemplatione
730 4895 916 4958 Sanctorum
936 4895 994 4958 ali·
1049 4894 1206 4957 veraciter
1219 4893 1326 4969 refert,
1343 4893 1429 4973 quod
1448 4891 1631 4974 frequenter
1649 4911 1707 4974 per
1719 4892 1796 4954 heh-

240 4998 323 5080 quid
338 5004 479 5077 ungam,
495 5000 530 5055 ut
544 4994 658 5057 horum
674 5000 832 5076 respectu,
849 4994 993 5076 exemplo
1049 4993 1199 5055 domadas
1215 4990 1353 5071 integras
1368 4990 1487 5051 exstitit
1498 4989 1669 5072 raptus,nil
1685 5008 1796 5071 corpo-

240 5106 275 5160 et
297 5092 536 5176 comparatione
555 5092 714 5154 elucescat
735 5090 942 5173 propositum.
1049 5110 1139 5153 reum
1155 5090 1306 5167 sentiens,
1323 5096 1354 5151 et
1373 5088 1523 5169 angelicae
1543 5088 1638 5150 carice
1658 5108 1796 5169 praesens

283 5194 387 5275 Atque
410 5190 444 5253 in
466 5188 579 5272 primis
600 5190 639 5251 de
653 5188 686 5251 B.
703 5187 798 5252 Paulo
813 5196 899 5271 patet
919 5208 994 5270 apo
1049 5208 1087 5251 ac
1113 5186 1424 5271 superbeatissimam
1447 5186 1631 5249 Trinitatem
1656 5196 1797 5248 contem-

47 5264 155 5375 ἕξω
179 5268 222 5303 ¹¹¹¹
240 5292 337 5369 stolo,
355 5290 440 5372 quod
455 5294 564 5371 raptus
578 5284 675 5349 fuerit
688 5305 788 5367 usque
809 5286 849 5349 ad
863 5286 992 5349 tertium
1049 5286 1153 5370 plens,
1173 5295 1205 5349 ct
1225 5284 1422 5348 ineffabilem
1443 5284 1487 5347 ibi
1508 5284 1641 5366 gloriam
1662 5283 1793 5347 habens.
