4309 6250
479 524 599 574 comas
619 521 789 572 rannessa
808 519 981 580 naseam,
1002 520 1092 570 usas
1112 522 1146 568 u.
1168 539 1209 554 -
1229 521 1299 572 aar.
1322 521 1379 572 xm
1646 500 1707 570 tet

163 705 209 762 est
231 696 303 780 ipsa
326 696 474 762 bonitatis
496 693 646 772 essentia,
662 691 788 758 bonitas
812 711 903 776 pura,
919 691 946 755 d
961 691 1063 756 minet
1090 692 1191 757 vobis.
1222 693 1254 757 Si
1282 701 1388 758 autem
1417 695 1526 759 relicta
1552 694 1708 758 ldahomet

162 794 301 878 perlecta
314 803 348 859 et
360 795 489 859 infinita
499 817 508 856 ε
520 794 593 856 ideo
607 799 738 876 propter
750 811 785 854 se
799 791 905 874 ipsum
961 791 1042 874 lege,
1058 793 1099 854 ad
1122 791 1279 856 Christum
1300 793 1447 858 conversi
1468 792 1607 870 lueritis,
1622 791 1708 874 ejus·

162 903 192 958 et
224 893 387 976 propriam
421 891 661 969 amabilitatem,
691 889 905 953 sincerissime
959 909 1022 972 que
1036 889 1141 973 legem
1156 899 1398 974 perseveranter
1412 889 1639 969 custodieritis,
1654 889 1707 954 hie
1773 971 1778 979 Ι

162 1001 193 1056 et
216 990 509 1074 incomparabiliter
530 999 580 1053 est
602 989 769 1065 amandus,
785 989 905 1070 absque
959 997 992 1052 et
1022 989 1056 1052 in
1089 988 1196 1054 luturo
1225 989 1341 1054 seculo
1372 989 1459 1054 eritis
1488 990 1552 1055 Deo
1581 991 1708 1072 placen-

161 1098 305 1172 respectu
329 1091 369 1154 ad
391 1091 557 1174 proprium
584 1089 800 1153 commodum.
824 1087 903 1164 ime,
960 1095 1019 1166 tes,
1045 1097 1077 1151 et
1100 1088 1141 1151 ab
1166 1087 1239 1170 igne
1266 1096 1384 1152 eterne
1409 1089 1577 1152 immunes.
1603 1087 1707 1152 Nolite

162 1190 213 1270 qui
240 1189 340 1253 lleum
368 1188 591 1272 principaliter
622 1195 744 1251 amaret
776 1195 906 1268 propter
960 1188 1051 1250 vanis
1080 1187 1382 1251 comminationibus
1410 1189 1590 1272 perterreri.
1620 1187 1708 1252 Chri-

161 1287 319 1353 beneficia
331 1306 401 1365 sua,
416 1305 481 1351 uon
501 1285 707 1368 spiritualiter
724 1305 761 1348 sc
780 1284 905 1348 sincere
960 1293 1040 1364 stus,
1055 1286 1308 1350 contestantibus
1323 1286 1443 1350 ssnctis
1457 1285 1621 1368 Prophetis
1641 1285 1709 1368 gle-

161 1387 306 1468 diligeret
329 1405 415 1464 eum,
435 1404 496 1449 nec
521 1392 606 1449 esset
628 1383 662 1448 in
687 1383 829 1460 cantate,
849 1383 904 1446 sed
961 1381 1208 1464 riosissimisque
1223 1383 1605 1466 Apostolis,Salvstorest
1620 1403 1708 1448 mun·
1773 1439 1781 1452 .

160 1487 191 1548 in
212 1483 406 1567 cupiditate,
422 1503 481 1548 nec
500 1482 661 1546 frueretur
674 1483 749 1562 ileo,
767 1482 823 1546 sed
838 1490 906 1546 ute·
959 1482 1004 1560 di,
1021 1490 1053 1546 et
1076 1500 1140 1545 nen
1165 1481 1228 1544 nisi
1253 1481 1284 1544 in
1307 1481 1412 1564 ipsum
1434 1483 1593 1546 credendo
1614 1483 1708 1566 eique

161 1592 244 1647 retur
267 1601 318 1660 eo,
334 1583 409 1665 quia
431 1582 471 1644 sd
495 1582 663 1645 commoda
683 1579 812 1664 propria
831 1599 905 1645 eum
959 1580 1138 1645 obediendo
1163 1581 1293 1662 potestis
1318 1581 1443 1644 salvari.
1466 1581 1621 1664 Denique,
1637 1581 1708 1663 ipso

161 1683 304 1762 referret,
319 1682 431 1764 sicque
453 1680 574 1744 laceret
597 1699 632 1744 se
653 1679 759 1763 ipsum
780 1679 907 1742 sibimet
960 1680 1055 1744 etiam
1070 1679 1226 1742 lishomet
1240 1687 1331 1758 teste,
1341 1678 1483 1743 Christus
1498 1677 1560 1742 luit
1574 1679 1707 1742 verbum

160 1781 269 1857 linem,
286 1787 320 1843 et
341 1779 441 1842 ileum
465 1779 585 1842 laceret
609 1778 761 1855 medium,
777 1785 811 1840 et
833 1778 906 1859 plus
960 1777 1126 1859 virtusque
1149 1777 1217 1858 hei,
1240 1778 1384 1842 omnium
1407 1778 1633 1862 Prophetarum
1660 1797 1709 1842 ss-

161 1899 193 1942 se
206 1879 312 1960 ipsum
326 1886 447 1941 amaret
465 1896 561 1958 quam
576 1877 675 1940 ileum
693 1899 701 1938 :
717 1876 803 1957 quod
817 1893 906 1958 pror·
921 1878 944 1941 ll
960 1875 1180 1960 pientissimus
1207 1885 1301 1959 atque
1330 1877 1561 1956 sanctissimus,
1592 1877 1708 1959 majer-

161 1997 212 2040 sus
239 1985 468 2059 praeposterum
500 1983 585 2038 esset
615 1983 711 2057 atque
742 1973 906 2037 demnahi·
960 1994 1023 2056 que
1038 1975 1313 2057 hiahometo.Ergo
1329 1976 1378 2039 lex
1392 1975 1506 2039 Christi
1523 1975 1706 2058 perfectior,

162 2077 200 2140 le.
217 2077 445 2139 Verumtamen
472 2074 571 2137 heum
595 2072 749 2136 dommus
771 2073 906 2154 diligere
960 2074 1158 2158 spiritualior
1181 2083 1213 2138 et
1237 2074 1376 2138 divinior
1398 2083 1447 2138 est
1474 2075 1543 2156 lege
1567 2073 1679 2138 lishon
1698 2098 1705 2136 :

161 2175 255 2238 etism
286 2181 418 2255 propter
443 2171 604 2236 beneficia
626 2191 696 2249 sua,
721 2179 754 2235 et
777 2179 907 2254 propter
960 2174 1046 2257 quod
1081 2174 1176 2236 etism
1209 2173 1324 2256 partim
1353 2181 1439 2256 patet
1473 2192 1510 2236 es
1538 2171 1645 2252 dictis,
1676 2181 1708 2236 et

161 2273 265 2336 lutura
293 2291 351 2335 sua
378 2271 545 2353 promissa,
571 2268 738 2334 referendo
764 2268 907 2336 finaliter
961 2273 1088 2356 plenius
1108 2271 1190 2335 inira
1207 2271 1402 2354 probabitur.
1419 2271 1479 2334 Sed
1499 2270 1634 2351 quilibet
1653 2270 1709 2336 ho·

160 2391 216 2434 nos
242 2371 333 2454 ipsos
359 2377 392 2434 et
418 2369 525 2433 omnia
551 2369 612 2432 ista
639 2370 679 2432 ad
703 2387 907 2450 superessen-
962 2390 1014 2436 mo
1037 2371 1134 2434 dehet
1161 2369 1303 2432 emulari
1332 2367 1524 2432 charismata
1552 2369 1706 2446 meliora3
1737 2391 1856 2444 lesem.

161 2470 265 2534 tialem
286 2489 326 2532 ac
344 2467 599 2551 superoptimam
620 2467 732 2544 Deum,
748 2476 843 2549 atque
866 2469 905 2531 sd
960 2471 1046 2534 etad
1065 2469 1257 2552 perfectiora
1278 2468 1417 2544 tendere,
1435 2466 1612 2548 complacet
1632 2467 1705 2530 lieo.
1724 2459 1758 2500 ³¹·

161 2569 229 2650 ejus
252 2568 410 2631 honorem
433 2574 466 2629 et
488 2565 633 2647 gloriam.
649 2565 807 2630 Debemus
829 2585 907 2648 quo
961 2567 1093 2632 Salubre
1118 2576 1165 2630 est
1190 2585 1276 2649 ergo,
1292 2565 1379 2630 omni
1404 2565 1465 2628 alia
1490 2565 1559 2648 lege
1585 2564 1706 2642 relicta,

45 2674 221 2749 timeque
247 2666 350 2729 Deum
377 2663 520 2746 diligere,
544 2663 694 2746 quonism
724 2663 791 2746 ipse
818 2664 907 2746 prior
961 2665 1075 2730 Christi
1097 2665 1200 2747 legem
1222 2664 1382 2748 amplecti.

41 2741 66 2778 '⁹'
161 2763 268 2828 dilexit
287 2782 359 2828 nos.
375 2761 455 2826 llinc
475 2763 508 2824 in
523 2760 623 2825 veteri
642 2781 680 2824 sc
698 2780 782 2825 novo
801 2762 907 2826 Testa-
1001 2765 1134 2847 lnsuper
1157 2763 1276 2826 dieitur
1300 2763 1343 2827 ihi
1365 2787 1372 2826 :
1395 2765 1646 2826 sciscitantibus
1670 2767 1710 2824 de

43 2869 149 2922 insuti
162 2871 267 2926 mento
287 2860 440 2943 jubemur
459 2859 557 2923 ὓθιιω
578 2878 617 2924 ex
635 2867 701 2923 toto
718 2860 825 2941 corde,
841 2868 907 2924 tota
962 2867 1050 2933 or'no,
1074 2865 1240 2934 scacetu',
1265 2866 1315 2922 eei
1337 2865 1428 2932 aleis,
1451 2871 1481 2922 et
1506 2863 1709 2938 hujusmodi,
1733 2881 1785 2938 *cp
1799 2881 1854 2926 cm.

40 2933 148 3045 Ξῗζξ
160 2968 277 3040 mente,
294 2967 361 3023 iola
382 2957 566 3021 fortitudine
586 2965 619 3021 ei
636 2977 675 3020 ex
692 2959 840 3022 omnibus
860 2959 908 3021 vi·
960 2964 1016 3022 dic
1034 2971 1202 3037 peccatum
1227 2962 1408 3021 maximum
1431 2980 1496 3020 esse
1519 2961 1710 3038 hujusmodi
1721 2945 1857 3052 §ww

161 3060 245 3121 ribus
264 3057 386 3121 nostris
404 3056 547 3138 diligere,
555 3055 716 3138 proximos
736 3057 831 3119 etism
850 3077 907 3120 no
921 3063 944 3127 c
959 3069 1070 3137 potum
1093 3067 1123 3120 et
1145 3061 1271 3120 ludum.
1287 3058 1374 3120 lstud
1397 3057 1566 3121 omnifarie
1591 3056 1707 3120 laisum

160 3168 241 3221 siros
259 3158 346 3221 sicut
359 3174 419 3219 nos
437 3154 535 3237 ipsos.
551 3154 622 3218 linc
637 3164 686 3217 est
699 3155 907 3219 saluberrima
960 3167 1009 3221 est
1027 3165 1180 3239 quantum
1205 3158 1244 3221 ad
1271 3158 1381 3221 vinum
1399 3180 1405 3219 :
1422 3157 1497 3240 quis
1516 3166 1548 3220 et
1567 3156 1707 3219 Christus

160 3266 344 3319 sanctorum
376 3253 519 3317 doctrina
546 3253 795 3317 Christianorum
822 3278 830 3316 ε
854 3256 906 3317 cui
961 3256 1071 3319 vinum
1101 3256 1241 3319 vicissim
1272 3254 1403 3339 potavit.
1430 3254 1467 3317 Et
1490 3255 1605 3318 Paulus
1634 3274 1709 3335 spo

160 3355 240 3418 licus
254 3353 411 3437 appendit
425 3351 672 3416 innumerabilia
685 3372 750 3415 sum
764 3353 906 3417 veritatis
960 3356 1060 3419 stolus
1074 3354 1239 3419 Timotheo
1259 3353 1401 3419 scribens
1418 3376 1425 3415 :
1441 3353 1561 3417 ldodico
1576 3352 1707 3436 (inquit)
1722 3366 1854 3416 trimas

160 3473 195 3516 sc
215 3452 430 3518 attestationis
451 3450 567 3533 sigilla,
583 3450 645 3515 hoc
659 3460 708 3515 est
721 3450 831 3515 divina
845 3452 905 3515 sibi
960 3452 1035 3517 vino
1050 3460 1149 3517 utere.
1167 3454 1280 3535 Atque,
1297 3461 1332 3515 ut
1344 3452 1515 3535 allegatum
1535 3460 1583 3515 est
1598 3471 1704 3534 supra,
1720 3464 1854 3521 mpnea.

159 3552 215 3617 soli
240 3550 412 3635 possibilia
431 3550 534 3633 signa.
960 3552 1075 3615 iterum
1110 3551 1154 3615 sit
1184 3575 1191 3613 :
1221 3552 1330 3615 Omnis
1363 3560 1508 3615 creatura
1535 3551 1590 3614 liei
1625 3552 1707 3614 bons
1737 3564 1856 3617 irim,

959 3658 1019 3729 est,
1036 3660 1068 3714 ct
1093 3649 1172 3713 nihil
1197 3650 1407 3731 rejiciendum
1431 3650 1516 3731 quod
1541 3668 1614 3712 cum
1638 3632 1773 3730 gra-⁴¹⁵·

960 3752 1076 3814 tiarum
1104 3752 1229 3815 actione
1296 3752 1339 3814 rci
1367 3752 1461 3814 itur:
1490 3750 1709 3815 sanctificatur

349 3806 594 3872 ARTICULUS
616 3806 712 3870 xm·
959 3850 1045 3913 enim
1068 3869 1126 3931 per
1144 3770 1364 3913 νοτδιιιξθῦεἰρ
1372 3858 1404 3913 et
1425 3850 1611 3913 orationem.
1629 3848 1708 3911 Pres-

174 3963 296 4021 Coutra
309 3974 441 4017 errores
454 3955 548 4015 tertii
558 3955 700 4029 capituli
713 3956 883 4017 Atcorani.
960 3956 1057 4028 teres,
1079 3949 1112 4011 in
1137 3946 1362 4013 Ecclesiastico
1387 3948 1540 4031 scriptum
1566 3957 1638 4011 est:
1657 3948 1707 4011 vi·
1729 3970 1803 4015 neco.

959 4067 1037 4111 num
1062 4046 1096 4111 in
1123 4046 1356 4129 jucunditatem
1385 4055 1525 4111 creatum
1555 4054 1614 4126 est,
1641 4066 1705 4111 nen
1722 4046 1779 4085 ¹¹¹¹¹
1798 4036 1832 4077 ²⁵·

241 4144 333 4208 utto
351 4141 498 4206 Alcorani
516 4140 657 4223 capitulo
677 4142 768 4222 qussi
791 4142 905 4205 esbel
960 4146 992 4209 in
1007 4146 1193 4209 ebrietatem
1211 4168 1217 4207 :
1236 4146 1268 4209 id
1282 4154 1341 4224 est,
1358 4146 1398 4209 ad
1417 4144 1477 4209 hoc
1492 4147 1602 4209 vinum
1624 4146 1706 4210 Deus

230 4262 371 4327 persona
392 4240 509 4304 dicitur
526 4240 704 4305 &borneto
720 4265 728 4304 z
747 4244 850 4303 Tuam
865 4246 906 4302 le·
920 4244 945 4305 ll
961 4244 1119 4326 produxit,
1142 4252 1175 4307 ut
1199 4243 1345 4307 homines
1369 4262 1406 4308 eo
1431 4244 1592 4308 moderate
1617 4255 1707 4308 uten-

153 4364 223 4419 ¹erem
242 4352 383 4422 prepter
402 4343 505 4402 eiiam
524 4350 658 4401 mutans
674 4350 705 4401 et
727 4342 764 4400 in
781 4360 820 4401 ec
838 4362 906 4401 ma·
960 4351 1018 4419 tes,
1049 4343 1190 4407 virtuose
1220 4344 1375 4423 laetentur,
1405 4352 1436 4407 et
1463 4343 1582 4426 gratiss
1611 4354 1707 4427 agant

156 4463 245 4513 nens,
270 4444 328 4503 bic
355 4450 387 4501 et
418 4442 455 4501 in
482 4441 549 4499 alio
575 4442 691 4501 saecuto
724 4460 800 4501 reus
830 4442 906 4517 iqne
959 4442 1034 4505 Deo.
1060 4441 1147 4505 Unde
1173 4440 1290 4505 ibidem
1316 4443 1496 4505 asseritur:
1518 4442 1616 4517 Quam
1642 4443 1826 4507 subternis.

156 4542 365 4617 indeficiente
390 4538 525 4615 peribit.
545 4534 660 4616 Nolite,
682 4556 702 4601 o
727 4535 903 4617 Sarraceni,
959 4539 1075 4602 iiciens
1109 4547 1157 4601 est
1190 4538 1310 4603 homini
1345 4540 1469 4603 erudito
1498 4541 1609 4604 vinum
1644 4542 1708 4603 exi-

156 4638 284 4701 credere
299 4636 435 4701 verbnm
450 4636 512 4699 hoc
531 4654 601 4699 esse
615 4654 634 4698 a
648 4636 712 4699 ileo
732 4636 902 4718 prolatum,
958 4657 1068 4721 guum.
1085 4638 1166 4720 Ergo
1191 4638 1312 4701 homini
1336 4639 1470 4721 sapienti
1490 4660 1555 4703 non
1577 4640 1708 4723 derogat

155 4736 228 4817 qnia
252 4733 436 4799 certissime
459 4731 577 4795 laisum
601 4741 661 4811 est,
676 4740 771 4814 atque
796 4752 815 4795 a
838 4734 905 4796 dia·
958 4738 1072 4819 exiguo
1096 4738 1141 4799 uti
1167 4738 1254 4816 vino,
1272 4738 1444 4821 praesertim
1470 4757 1568 4820 quum
1593 4742 1705 4803 eodem

155 4833 227 4897 bolo
255 4831 460 4913 inspiratum.
485 4830 548 4893 Lex
576 4830 695 4893 etenim
722 4830 902 4910 llahometi,
957 4836 1081 4897 dicatur
1117 4836 1255 4919 capitulo
1285 4858 1293 4898 ε
1323 4836 1496 4899 Exsultatio
1528 4838 1641 4902 animae
1675 4848 1824 4903 ettotam.

156 4940 190 4994 nt
215 4932 350 5013 copiose
378 4928 545 5011 probatum
577 4936 636 5006 est,
666 4948 731 4993 non
763 4938 813 4993 est
840 4931 902 4993 nisi
957 4935 1112 5015 eorporis,
1130 4935 1240 4997 vinum
1260 4935 1420 4998 moderate
1442 4944 1595 5016 potatum.
1612 4938 1705 5000 Deni-

156 5032 207 5094 ria
220 5032 261 5094 sd
276 5028 413 5104 inferos,
429 5028 524 5110 plena
538 5028 726 5106 mendaciis,
742 5036 775 5091 et
789 5028 904 5091 utrius·
956 5050 1019 5112 que
1047 5031 1144 5095 David
1176 5032 1330 5116 propheta
1358 5034 1391 5096 in
1416 5033 1540 5099 Psalmo
1565 5034 1705 5116 loquitur

155 5149 214 5211 que
237 5126 434 5192 Testamenti
462 5126 697 5208 Scripturarum
721 5136 901 5191 sanctarum
956 5130 1021 5192 lieo
1042 5154 1050 5193 ι
1071 5130 1194 5194 Educas
1218 5150 1332 5214 panem
1356 5132 1396 5193 de
1421 5142 1515 5213 terra,
1537 5143 1569 5197 et
1592 5135 1701 5198 sinum
1726 5152 1851 5201 euentu.

154 5226 339 5311 corruptio;
358 5233 392 5288 et
413 5224 566 5306 quidquid
589 5225 622 5288 in
645 5225 802 5290 dicosano
828 5223 903 5289 inii·
957 5227 1101 5291 letificet
1124 5249 1180 5293 eor
1207 5228 1358 5293 hominis.
1376 5232 1482 5293 Sancti
1504 5251 1629 5315 quoque
1649 5254 1703 5315 ps-
1718 5216 1750 5257 ¹⁵·

153 5326 278 5391 delibus
292 5322 519 5405 comminatur,
534 5325 595 5391 hoc
609 5324 826 5391 indubitanter
842 5325 901 5390 im·
957 5326 1102 5391 triorche
1126 5328 1296 5408 Abmharn,
1311 5329 1397 5394 isaac
1420 5338 1453 5395 et
1476 5330 1572 5396 Jacob
1593 5332 1702 5397 viuum
