4309 6250
802 913 1102 1012 CONTRA

225 1226 933 1386 PERFIDIAM
1014 1224 1670 1378 MAHOMETI

565 1947 854 2072 LIBER
927 1947 1336 2074 TERTIUS

386 2293 545 2345 CONTRA
581 2292 820 2346 nocantuant
858 2292 1074 2346 Mauouavt
1111 2292 1162 2346 ET
1197 2293 1288 2344 ants
1326 2292 1513 2354 QUAEnaM

671 2419 841 2472 SCRIPTA
877 2417 1228 2472 SARRACENORUM.

422 2787 680 2852 PROOEMIUM·
941 2744 1150 2808 Aanbelabat
1176 2744 1315 2824 divitias,
1343 2745 1427 2808 sicut
1455 2764 1493 2808 ex
1520 2745 1727 2828 praeinductis
1742 2766 1874 2820 saltata.

1743 2843 1876 2882 anatram-

979 2841 1045 2924 jam
1066 2843 1172 2925 palam
1194 2851 1252 2906 est.

248 2948 349 3009 UEM
365 2946 489 3005 docebit
509 2941 662 3008 Dominus
683 2945 927 3004 scientiomtet
1019 2942 1128 3024 ltaque
1148 2941 1294 3024 expeditu
1313 2949 1446 3004 tracutu
1470 2950 1580 3006 contra
1604 2961 1727 3007 errores

260 3064 356 3127 queen
372 3043 557 3119 intetta'pere
570 3043 670 3118 societ
684 3043 927 3104 auaitumtso·
980 3049 1075 3123 atque
1090 3038 1242 3122 perfidias
1256 3039 1403 3104 Aloorani
1419 3039 1611 3123 conscripto,
1627 3042 1730 3105 modi-

166 3150 310 3207 lactatos
342 3164 363 3203 a
400 3146 493 3212 laete,
525 3144 655 3201 ucatlsos
684 3143 725 3201 ab
759 3143 923 3203 uberibus.
981 3158 1054 3202 cum
1069 3140 1146 3221 quid
1162 3158 1199 3202 ao
1214 3138 1400 3203 brevissime
1415 3140 1553 3202 scribere
1564 3139 1627 3203 Deo
1642 3140 1730 3203 auxi·

164 3244 208 3307 la.
225 3258 341 3320 xxvrrt,
357 3239 387 3303 a.
980 3239 1077 3301 liante
1092 3256 1236 3320 propono
1251 3246 1361 3300 contra
1380 3238 1528 3319 dogmata
1548 3238 1727 3319 llabometi,

208 3342 247 3403 ln
262 3340 315 3402 bis
328 3338 436 3402 verbis
451 3338 650 3401 beatissimus
661 3336 756 3400 lsaias
767 3335 922 3419 propbeta
979 3345 1139 3401 uteorum
1153 3335 1345 3400 falsitatibus
1360 3335 1477 3419 agnitis
1491 3343 1524 3399 et
1536 3336 1681 3419 abjectis,
1689 3338 1729 3401 ad

165 3436 490 3522 compendiosissime
518 3436 612 3500 docet
638 3436 710 3519 quis
737 3435 855 3517 dignus
881 3435 923 3497 sit
980 3435 1160 3499 christiana
1175 3435 1339 3518 sapientise
1354 3434 1520 3498 veritatem
1540 3444 1728 3499 convertant

166 3535 458 3620 supernaturaliter
486 3533 652 3599 informari
681 3555 700 3598 a
727 3534 803 3614 Deo,
828 3541 922 3616 atque
980 3553 1015 3597 se
1028 3534 1205 3613 Sarraceni,
1221 3532 1331 3615 sicque
1346 3532 1531 3597 lelicitatem
1551 3535 1725 3615 caelestem,

166 3636 358 3700 divinorum
380 3633 550 3697 verborum
564 3652 602 3697 ac
617 3641 810 3697 secretorum
832 3633 925 3695 intel·
980 3634 1159 3715 angelicam
1181 3640 1213 3696 et
1233 3641 1382 3696 eternam
1405 3632 1579 3698 obtineant.

167 3734 340 3818 ligantiam
375 3751 495 3812 ventu,
530 3732 710 3810 iouuetarn,
746 3748 924 3795 amorosam

166 3831 279 3896 sortiri
293 3830 336 3893 ab
349 3848 399 3910 eo,
415 3828 577 3906 videlicet,
593 3828 769 3892 ablactatus
791 3848 810 3891 a
830 3829 923 3909 lacte,

167 3930 305 3996 avulsus
319 3929 360 3993 ab
372 3928 482 4008 ubere,
498 3928 559 3991 boc
573 3934 632 4005 eat,
649 3928 746 3992 bomo
765 3926 925 3991 abstinen-
940 3929 963 3991 Β
1131 3895 1376 3961 ARTIGULUS
1401 3896 1578 3963 PRIMUS‘

166 4040 218 4094 ter
244 4038 277 4092 et
301 4028 408 4091 sobrie
432 4027 558 4105 vivens,
573 4026 718 4090 carnales
741 4026 927 4091 delectatio·
1005 4036 1128 4096 Contra
1149 4036 1322 4096 secordiam
1343 4036 1511 4097 Doctrinae
1530 4038 1703 4099 Mabomet.

166 4148 240 4205 nes,
258 4126 438 4189 mundanas
452 4132 486 4187 et
499 4143 598 4187 vanas
616 4123 852 4187 consolationes
871 4123 926 4187 de·

169 4226 337 4309 spiciam,
352 4224 406 4306 qui
422 4243 441 4286 a
455 4222 663 4286 sensibilibus
683 4230 715 4285 et
733 4222 870 4285 tersenis
891 4241 925 4284 se
1047 4221 1216 4287 XORlllllll
1239 4222 1337 4304 hujus
1361 4222 1517 4288 Doctrinae
1541 4230 1590 4287 est
1614 4223 1698 4287 istud
1720 4188 1742 4287 :¹

167 4323 340 4401 abstrahit,
370 4330 406 4384 ut
437 4322 477 4385 ad
512 4321 655 4385 coelestia
682 4340 720 4383 ae
747 4320 925 4402 spiritualia
1060 4324 1145 4383 Erat
1170 4324 1311 4383 nuntius
1334 4326 1407 4392 Dei,
1432 4322 1582 4385 videlieet
1604 4322 1727 4403 lishon,

169 4432 316 4487 ruentem
341 4422 436 4500 levet,
452 4420 517 4484 imo
541 4420 605 4483 lleo
629 4420 724 4483 lolius
748 4419 925 4483 sanelitalls
980 4424 1092 4480 sedens
1125 4422 1213 4480 inter
1241 4422 1351 4491 socios,
1380 4430 1410 4480 et
1439 4424 1603 4482 descendit
1631 4442 1731 4501 satper

168 4517 485 4602 supermundissimo
499 4516 656 4595 ionti,cor
669 4536 763 4579 suum
778 4516 924 4580 stabilius
978 4540 1051 4579 eam
1076 4522 1212 4595 capetus
1233 4521 1377 4589 Gabriel,
1392 4522 1504 4580 diceas
1519 4541 1530 4580 .·
1545 4524 1678 4582 Salutat
1700 4532 1730 4581 te

167 4626 268 4700 atque
292 4616 450 4679 sincerius
473 4615 576 4697 possit
598 4614 700 4677 unire.
725 4615 790 4679 lloc
816 4624 922 4697 tango,
977 4620 1103 4686 Denso
1119 4618 1291 4679 Mabomet.
1311 4620 1451 4679 Veniunt
1466 4622 1510 4679 ad
1523 4622 1729 4695 probandum

168 4726 207 4781 ut
217 4718 503 4796 innotescatqnarn
516 4713 610 4796 louge
625 4733 644 4776 a
657 4732 734 4777 vora
748 4714 845 4777 luerit
858 4734 925 4796 gra
979 4726 1010 4776 te
1024 4726 1090 4776 tres
1106 4720 1156 4775 uel
1169 4725 1312 4794 quatuor
1327 4718 1396 4777 oiri
1411 4718 1620 4793 peritissimi,
1633 4720 1728 4794 prita-

168 4817 217 4879 tia
231 4813 409 4897 prophetiae
429 4812 634 4891 llabometuS,
652 4812 707 4893 qui
731 4820 797 4875 toto
819 4812 924 4877 cordis
976 4815 1062 4887 cipes
1088 4815 1278 4873 ludaeorum
1308 4822 1338 4872 et
1366 4815 1521 4889 mapistri
1547 4816 1584 4874 in
1611 4817 1726 4878 Israel.

167 4912 351 4977 allectuad
367 4910 582 4993 principatum
604 4918 777 4987 terrenum,
793 4910 833 4973 ad
854 4910 924 4993 pul·
977 4910 1068 4973 Circa
1096 4910 1165 4973 boae
1192 4910 1341 4987 dicimus,
1372 4909 1550 4974 Gabrielem
1579 4913 1726 4994 angelum

168 5014 324 5077 ebrarnm
352 5010 557 5087 feminarum,
582 5008 678 5072 etiam
702 5008 922 5090 plurimarum,
978 5027 1142 5089 nunquam
1162 5008 1348 5090 apparuisse
1370 5028 1473 5090 neque
1496 5010 1636 5073 locutum
1659 5030 1729 5075 esse

167 5130 238 5175 non
252 5108 358 5175 solnm
373 5108 435 5172 sibi
450 5115 632 5191 nuptarum,
643 5108 699 5170 sed
715 5116 747 5169 et
760 5106 832 5169 aliis
846 5107 923 5189 legi-
942 5110 964 5173 C
981 5107 1105 5189 perfido
1120 5108 1306 5187 llabometo,
1324 5108 1379 5171 sed
1395 5127 1467 5170 eum
1483 5108 1620 5171 totaliter
1634 5117 1728 5191 atque

172 5210 255 5273 time
268 5207 515 5290 conjunctarum
529 5205 792 5289 propriorumque
811 5223 926 5289 cogna-
978 5204 1154 5288 justissime
1179 5206 1420 5288 contempsisse,
1436 5206 1587 5286 quoniam
1612 5208 1730 5290 scripta

164 5318 276 5373 tarum
299 5306 494 5389 amplexum,
513 5306 553 5369 ad
577 5304 769 5388 temporales
792 5323 919 5387 quoque
980 5305 1127 5370 Alcorani
1162 5306 1410 5369 revelationibus
1439 5305 1538 5369 sacris
1566 5326 1644 5389 quas
1672 5306 1730 5372 Ga·
