4309 6250
917 564 1003 660 DE

289 859 850 1013 DlGNITATE
912 863 1040 1013 ET
1104 859 1629 1014 LAUDIBUS

632 1237 723 1389 B.
759 1237 854 1388 V.
890 1212 1286 1389 MARIAE

598 1907 887 2035 LIBER
953 1911 1324 2037 PRIMUS

268 2226 319 2278 DE
354 2224 580 2278 PRAECONHS
619 2227 672 2278 ΑΙ)
710 2227 1043 2282 SACRATISSIMUM
1082 2228 1432 2282 PRAECLARlSSlMAE
1468 2231 1650 2284 victorius

579 2349 734 2404 CORPUS
773 2350 987 2406 POTISSIME
1022 2353 1340 2408 SPECTANTlBUS.

426 2706 685 2772 PROOEMIUM·
946 2665 1076 2746 Alurae,
1106 2675 1226 2749 quanto
1252 2667 1354 2750 magis
1377 2667 1411 2730 in
1436 2668 1587 2750 operibus
1612 2671 1734 2752 gratie,

986 2763 1123 2828 maxime
1143 2783 1220 2828 vero
1240 2765 1274 2827 in
1294 2765 1447 2848 operibus
1467 2767 1600 2848 gloriut

261 2865 337 2926 Μ’
350 2871 396 2923 est
418 2865 482 2923 ista
506 2883 579 2942 quoe
598 2863 817 2938 propreditur
837 2865 933 2942 quasi
1025 2862 1132 2941 Porro,
1156 2863 1240 2926 inter
1264 2864 1414 2927 universo
1437 2865 1547 2946 gratim
1567 2884 1664 2948 opere
1684 2886 1737 2930 ex-

187 2859 393 3062 Qaurora
406 2979 614 3037 consumens,
627 2961 768 3036 pulchra
787 2970 823 3020 ut
839 2965 932 3032 lunc,
986 2960 1251 3023 callentissimum
1273 2970 1321 3025 est
1341 2961 1404 3026 boc
1424 2963 1510 3044 quod
1529 2963 1612 3027 Deus
1633 2965 1737 3028 excel·

182 3061 280 3119 electa
296 3067 333 3119 ut
348 3061 406 3129 sol,
422 3059 585 3118 terribilis
599 3067 636 3118 ut
650 3067 831 3120 castrorum
847 3062 932 3121 acies
986 3075 1040 3118 sus
1061 3065 1093 3119 et
1118 3065 1247 3119 sanctus
1271 3065 1419 3141 operatus
1443 3065 1492 3121 est
1515 3059 1550 3122 in
1574 3059 1737 3142 gloriosis-

182 3155 466 3219 ordinatallhnt.
483 3174 525 3229 vr,
541 3154 571 3219 9.
986 3155 1068 3218 sima
1102 3156 1244 3239 Virgine,
1281 3156 1315 3219 in
1350 3175 1414 3239 qua
1452 3158 1588 3240 ipsemet
1625 3168 1737 3224 auctor

221 3254 304 3317 Deus
332 3254 508 3336 majestatis
536 3254 699 3318 immensos
727 3273 792 3319 non
828 3257 930 3320 solum
986 3261 1117 3333 naturas,
1134 3252 1207 3316 lons
1222 3252 1331 3335 gratie
1345 3253 1595 3337 distributorque
1614 3257 1733 3338 glorie,

183 3351 518 3435 incomprehensibilis
540 3351 633 3416 nobis
654 3360 703 3415 est
724 3352 758 3414 in
773 3352 832 3417 bac
854 3354 930 3435 vita,
986 3360 1132 3413 naturum
1146 3352 1319 3435 assumpsit
1331 3353 1517 3433 humanam,
1529 3372 1650 3437 suoque
1665 3374 1736 3418 essa

182 3450 358 3513 secundum
373 3449 457 3531 quod
479 3448 561 3512 inse
582 3448 652 3531 ipso
673 3450 864 3515 eternaliter
884 3452 933 3515 in·
986 3450 1147 3533 personali
1174 3450 1329 3529 increato,
1357 3460 1475 3515 eterno
1504 3458 1536 3514 et
1562 3452 1736 3517 incircum-

183 3546 440 3629 variabiliterque
462 3546 618 3625 subsistit,
636 3546 691 3609 sed
712 3546 745 3607 in
767 3548 833 3610 suis
854 3566 932 3630 quo-
986 3547 1105 3630 scripto
1121 3547 1304 3610 immediate
1318 3547 1423 3610 univit
1443 3549 1599 3627 eamdem,
1617 3550 1735 3613 unione

184 3664 246 3728 que
268 3645 419 3727 operibus
447 3653 511 3707 tam
539 3643 695 3725 gloriosus
723 3652 772 3707 est
794 3653 827 3708 et
853 3664 932 3729 pras-
986 3644 1095 3726 utique
1111 3644 1320 3727 hypostatica,
1336 3644 1653 3727 incomprehensibili
1667 3666 1736 3711 om·
1827 3664 1830 3669 ’

185 3742 300 3821 clarus,
323 3750 358 3805 ut
383 3761 442 3807 nec
466 3741 686 3805 excellentiam
709 3742 873 3825 sapientire
893 3763 931 3807 ac
986 3742 1019 3805 ni
1043 3743 1143 3804 menti
1167 3750 1289 3806 create.
1316 3742 1381 3805 lloc
1404 3750 1453 3805 est
1480 3762 1641 3807 summum
1668 3764 1736 3827 my-

184 3840 422 3922 omnipotentiae
443 3840 513 3921 ejus
539 3838 572 3902 in
596 3838 659 3901 illis
684 3840 760 3903 satis
781 3842 931 3905 admirari
948 3836 1129 3917 Bsterium,
1137 3838 1225 3903 omni
1239 3838 1459 3917 admiratione,
1467 3838 1650 3903 incessabili
1664 3861 1735 3924 gra-

184 3946 239 4001 aut
266 3937 537 4021 comprehendere
565 3936 738 4018 valeamus,
768 3957 828 4001 nec
863 3940 932 4022 ipsa
986 3937 1100 3999 tiarum
1135 3937 1272 4015 actione,
1304 3936 1527 3999 ardentissima
1560 3938 1734 4004 dilectione

184 4054 281 4119 opere
304 4036 374 4117 ejus
395 4054 433 4099 ac
457 4042 617 4098 creaturas
638 4034 733 4117 plene
755 4035 932 4119 intelligere
985 4034 1220 4116 dignissimum,
1245 4034 1279 4097 in
1302 4034 1504 4098 electissima
1526 4054 1564 4098 ac
1588 4038 1734 4100 sacratis·

185 4141 240 4197 eut
260 4133 334 4197 satis
360 4132 519 4217 possimus
545 4132 666 4195 mirari.
689 4132 762 4197 ldeo
783 4134 931 4200 Salomon
985 4134 1073 4197 sirnae
1095 4133 1234 4215 Virginis
1257 4140 1347 4197 utero
1368 4150 1500 4217 prorsus
1520 4135 1733 4201 mundissimo

46 4249 171 4301 nauta.
186 4228 265 4294 dixit
290 4253 297 4292 :
324 4229 451 4293 Cunctae
479 4248 529 4291 res
552 4228 716 4311 difficiles,
742 4249 801 4295 nec
828 4240 933 4315 potest
986 4231 1192 4297 celebratum.

186 4346 239 4393 eas
262 4328 359 4392 bomo
383 4326 542 4410 explicaro
566 4344 733 4407 sormone;
760 4327 898 4413 itemquo
922 4354 929 4393 ε
1025 4330 1179 4412 Denique,
1199 4337 1272 4413 post
1292 4328 1553 4413 prestantissima
1572 4351 1610 4395 ac
1632 4334 1735 4398 excel·

41 4426 334 4493 ressuscitandum
356 4424 486 4488 tradidit
505 4424 588 4487 Deus
609 4426 813 4508 disputationi
832 4426 933 4492 bomi-
986 4428 1163 4493 lentissima
1175 4428 1285 4512 gratia
1305 4430 1390 4493 dona
1403 4436 1435 4493 et
1448 4448 1544 4511 opera
1565 4440 1735 4515 assumptas

186 4544 275 4604 num,
301 4531 337 4588 ut
364 4542 428 4588 non
452 4522 593 4587 inveniat
620 4524 716 4589 bomo
739 4543 819 4607 opus
847 4528 932 4609 quod
985 4526 1175 4590 humanitati
1200 4546 1220 4589 a
1243 4527 1347 4591 Verbo
1370 4535 1488 4591 eterno
1512 4547 1551 4592 ac
1575 4529 1735 4595 adorando

187 4631 334 4705 operatus
358 4630 407 4685 est
429 4622 512 4685 Deus
536 4621 576 4684 ab
601 4622 691 4686 initio
715 4640 815 4705 usque
839 4624 872 4687 in
893 4625 933 4688 li·
987 4625 1112 4705 collata,
1135 4625 1274 4708 primum
1300 4625 1495 4690 excellentie
1516 4626 1649 4709 gradum
1670 4646 1737 4691 sor·

40 4736 172 4793 sapuere.
187 4740 271 4786 nem.
298 4721 378 4783 ilinc
402 4720 446 4783 ait
469 4720 632 4803 Scriptura
656 4744 662 4783 :
687 4722 827 4786 Dillicile
851 4724 933 4787 aesti-
986 4725 1042 4787 tite
1068 4731 1143 4786 sunt
1168 4742 1301 4786 munera
1325 4724 1500 4806 gratiarum
1527 4733 1736 4789 sacrosanctas

187 4839 311 4883 mamus
331 4838 401 4901 quae
423 4818 456 4882 in
478 4828 671 4898 terrasunt;
687 4828 801 4903 etque
815 4821 847 4883 in
862 4840 935 4905 pro-
987 4822 1111 4905 Virgini
1132 4823 1269 4904 desuper
1291 4822 1469 4886 condonata
1492 4844 1500 4885 ε
1523 4840 1593 4905 qua
1614 4831 1679 4886 tam
1701 4824 1736 4887 in

187 4926 297 5001 spectu
320 4926 404 4997 sunt,
421 4917 603 4981 invenimus
618 4938 692 4983 cum
713 4919 820 4983 labore
838 4944 845 4982 :
863 4940 933 5003 qum
987 4920 1080 4985 donis
1100 4919 1210 5003 gratim
1233 4920 1332 5001 gratis
1351 4920 1432 4983 datu
1452 4938 1548 5003 quam
1569 4921 1603 4982 in
1624 4940 1737 4985 mune-

187 5024 292 5079 outem
323 5015 357 5077 in
385 5014 476 5079 coelis
505 5016 673 5098 suntquis
703 5017 932 5100 investigabili
951 5016 1088 5099 Gribus,
1117 5017 1280 5082 habitibus
1314 5024 1409 5099 atque
1441 5016 1593 5101 operibus
1627 5019 1735 5101 gratim

186 5114 273 5197 Quod
292 5133 392 5196 quum
413 5114 457 5177 ita
477 5134 511 5178 se
531 5115 647 5179 habeut
660 5116 694 5178 in
712 5116 863 5198 operibus
877 5137 933 5182 na·
987 5126 1113 5202 gratum
1133 5116 1293 5197 facientis,
1310 5116 1344 5179 in
1366 5116 1458 5179 donis
1478 5134 1605 5200 quoque
1625 5117 1735 5200 glorio

234 5305 243 5345 ¹
261 5302 303 5355 Ex
317 5302 438 5356 aditione
453 5303 612 5357 Coloniensi
626 5303 744 5357 loannis
757 5305 874 5369 Soteris,
889 5306 962 5360 1532.

311 5420 396 5472 nse.
1591 5418 1607 5475 t
