4309 6250
449 469 511 534 dih
769 487 889 536 corma
909 489 1077 536 renerum!
1097 491 1268 548 uiuorum,
1290 490 1379 536 uranu
1400 490 1431 538 u.
1454 509 1495 521 -
1515 490 1588 537 anr.
1610 489 1689 536 xxm

450 658 516 722 tius
538 658 687 725 Ecclesiae
712 660 811 724 fidem
835 661 918 725 Deus
941 662 1118 744 majestatis
1140 663 1199 724 im·
1213 664 1239 729 A
1254 673 1311 735 tes,
1333 665 1437 742 facies
1458 683 1536 725 suos
1557 673 1588 724 et
1611 683 1730 724 maram
1750 672 1847 724 terrae
1867 666 1984 726 munde

451 777 570 821 mense
589 778 646 841 per
666 758 796 822 infinita
814 760 976 823 roboravit
993 779 1029 824 ac
1052 761 1199 843 probavit
1249 766 1387 840 pulvere
1402 771 1542 840 tergant.
1560 762 1691 844 Moxque
1711 762 1793 826 ratio
1812 762 1919 826 horum
1937 781 1985 824 an

453 856 609 921 miracula
628 876 730 939 usque
751 857 784 920 iu
806 878 957 941 presens.
1253 861 1419 924 nectitur:
1440 864 1528 923 Deus
1551 881 1691 942 namque
1711 870 1850 922 vestram
1868 865 1985 923 mundi-

491 956 636 1020 Visiones
651 975 725 1020 vero
745 956 929 1040 frequenter
949 956 1080 1022 fallaces
1099 966 1196 1021 sunt:
1254 963 1336 1021 tiam
1349 961 1474 1037 diligit.

450 1055 537 1138 quia,
555 1064 588 1118 ut
607 1055 652 1118 ait
672 1056 834 1139 apostolus
852 1056 966 1121 Paulus
985 1066 1017 1120 et
1036 1058 1200 1140 experien-
1294 1058 1386 1136 Vere,
1402 1076 1421 1121 o
1443 1056 1660 1139 superstitiose
1679 1076 1716 1120 aa
1736 1055 1857 1139 perfide
1874 1057 1983 1136 lishon,

314 1162 330 1205 ¹¹
339 1163 392 1207 Cor-
406 1177 436 1216 ιι,
452 1153 494 1216 tie
520 1173 604 1236 sepe
628 1154 765 1235 edocuit,
782 1155 913 1218 Sataum
937 1176 970 1218 se
995 1157 1201 1238 transfigurat
1254 1156 1336 1219 Deus
1350 1154 1423 1218 fons
1438 1155 1586 1238 puritatis
1600 1155 1775 1236 immensas,
1791 1155 1986 1218 essentialiter

303 1228 337 1272 ¹⁴·
452 1251 485 1314 in
501 1251 648 1335 angelum
664 1253 830 1316 lucis.lmo
845 1253 1029 1335 frequenter
1043 1255 1076 1316 in
1091 1253 1198 1336 specie
1254 1261 1383 1317 sanctus
1397 1273 1433 1317 ac
1449 1253 1784 1335 simplex,interiorem
1799 1253 1983 1333 munditiam,

450 1350 567 1414 Christi
589 1350 707 1414 sanctis
728 1351 805 1414 viris
824 1352 971 1434 apparuit
988 1362 1023 1414 ut
1040 1371 1095 1416 eos
1115 1353 1200 1416 deei—
1254 1353 1314 1416 hoe
1329 1359 1377 1414 est
1391 1372 1410 1415 a
1424 1350 1509 1414 vitiis
1523 1351 1770 1431 immunitatem,
1778 1351 1986 1434 concupiscere

450 1457 550 1532 peret,
567 1450 623 1513 sed
644 1450 799 1533 nequivit.
816 1452 881 1514 Hoc
903 1458 1009 1532 tango,
1031 1471 1072 1514 ne
1094 1452 1199 1515 Sarra·
1254 1451 1369 1513 tiarum
1392 1450 1649 1529 refrenationem,
1665 1450 1820 1513 virtutum
1837 1451 1986 1513 sincerita-

451 1549 523 1612 ceui
540 1548 744 1612 illusionibus
758 1549 944 1629 illudantur,
961 1556 1015 1612 aut
1029 1550 1200 1633 apparitio
1254 1557 1329 1626 tem,
1347 1557 1442 1628 amat,
1459 1548 1614 1632 precipit,
1630 1557 1662 1611 et
1681 1549 1835 1630 requirit3
1851 1557 1881 1612 et
1896 1556 1930 1611 ut
1945 1550 1986 1611 tir

451 1647 546 1710 uibus
564 1647 696 1710 credant
716 1646 750 1709 in
775 1648 891 1729 quibus
916 1666 1026 1711 eorum
1045 1649 1200 1730 propheta
1254 1666 1318 1710 una
1333 1647 1471 1728 conjuge
1491 1646 1531 1709 sit
1552 1654 1731 1724 contentus,
1749 1666 1809 1710 nec
1823 1647 1906 1709 illam
1919 1647 1987 1727 abji

450 1745 553 1809 fertur
573 1744 764 1827 quibusdam
784 1745 981 1829 apparuisse.
1255 1746 1330 1825 ciat,
1355 1765 1452 1808 causa
1476 1745 1698 1809 lomieatiouis
1727 1753 1875 1828 excepta3
1898 1753 1929 1808 et
1952 1765 1986 1806 ne

490 1843 560 1905 Alia
574 1842 674 1905 multa
689 1843 784 1906 stulta
804 1863 841 1906 ac
863 1843 986 1926 perfida
1002 1843 1035 1906 in
1049 1844 1110 1907 isto
1125 1851 1237 1912 eon-B
1256 1853 1327 1926 post
1347 1843 1505 1925 jejunium
1529 1843 1650 1925 repleat
1670 1843 1768 1907 homo
1792 1851 1928 1907 ventrem
1948 1843 1987 1904 in-

451 1942 592 2005 tinentur
613 1942 754 2025 capitulo
771 1965 778 2004 ε
796 1951 830 2005 ut
843 1944 929 2025 quod
944 1947 1030 2006 Deus
1046 1946 1133 2006 Filio
1147 1964 1198 2003 ea·
1255 1950 1319 2005 star
1348 1943 1515 2024 luporum3
1546 1941 1644 2004 sacris
1675 1959 1803 2023 quoque
1833 1939 1987 2024 Seripturis

302 2055 434 2108 aarum.
450 2051 512 2113 ret,
533 2049 593 2104 etc.
617 2041 756 2116 Quorum
777 2040 899 2104 falsitas
923 2041 999 2104 satis
1025 2049 1198 2105 monstrata
1255 2040 1329 2104 novi
1345 2059 1382 2102 ae
1401 2038 1517 2102 veteris
1532 2039 1724 2103 Testamenti
1745 2039 1866 2121 integre
1880 2039 1986 2118 credat,

452 2147 510 2202 est.
526 2139 565 2201 Et
577 2147 613 2202 ut
634 2138 774 2202 breviter
793 2140 900 2202 dicam
920 2140 1004 2221 quod
1020 2139 1136 2220 sentio,
1152 2140 1199 2203 vi·
1253 2139 1342 2220 juxta
1370 2137 1613 2219 intelligentiam
1638 2145 1671 2200 et
1697 2137 1922 2219 expositionem
1944 2155 1988 2198 eo

450 2237 543 2299 detur
564 2236 643 2299 mihi
658 2239 743 2318 quod
765 2257 929 2320 nunquam
951 2239 1013 2321 legi
1035 2247 1099 2302 tam
1121 2239 1199 2301 stul·
1253 2257 1324 2300 rum
1345 2255 1480 2318 quorum
1502 2235 1614 2314 fidem,
1635 2235 1732 2298 vitam
1755 2255 1792 2298 ac
1814 2235 1988 2317 sapientiam

451 2343 518 2398 tum
546 2343 579 2398 et
606 2335 823 2399 irrationabile
851 2337 1004 2418 scriptum
1034 2336 1117 2400 sicut
1150 2345 1199 2401 est
1255 2335 1316 2399 sibi
1341 2334 1541 2416 complacere
1565 2333 1648 2397 Deus
1668 2353 1763 2397 verus
1782 2342 1815 2398 et
1834 2334 1922 2396 vivus
1941 2351 1990 2416 per

451 2432 643 2496 Aleoranum
657 2433 750 2516 :quia
764 2433 940 2516 sepissime
954 2434 1098 2516 praeeipit
1111 2435 1199 2498 Chri·
1254 2441 1340 2496 certa
1355 2442 1388 2496 et
1402 2432 1463 2495 sibi
1479 2433 1539 2497 soli
1561 2432 1725 2514 possibilia
1739 2440 1928 2514 protestatur
1940 2432 1990 2494 mi-

450 2541 509 2610 sto,
541 2530 637 2614 lloysi
672 2531 899 2614 Pmpbetisque
931 2532 1002 2595 aliis
1037 2535 1137 2612 credi,
1167 2544 1199 2598 et
1255 2531 1373 2593 raeula.
1390 2531 1485 2593 Porro
1507 2530 1546 2592 ad
1568 2530 1651 2592 hanc
1672 2529 1830 2593 internam
1850 2529 1912 2593 Deo
1931 2547 1990 2610 gru·

451 2638 556 2692 tamen
579 2630 728 2693 omnibus
756 2630 821 2693 illis
847 2631 938 2713 quasi
963 2631 1098 2694 ubilibet
1124 2651 1199 2696 eon·
1255 2627 1411 2691 tissimam
1431 2627 1614 2709 puritatem,
1629 2627 1706 2709 quid
1729 2627 1855 2690 confert
1875 2626 1990 2708 prefata

449 2726 598 2805 tradieit3
625 2727 764 2810 facitque
791 2729 907 2791 multas
932 2730 1198 2794 comminationes
1255 2727 1310 2789 illa
1325 2725 1500 2808 corporalis
1521 2725 1653 2806 ablutio,
1670 2724 1720 2788 vel
1735 2725 1895 2808 quomodo
1914 2726 1943 2787 iu
1961 2743 1991 2787 ca

450 2826 672 2906 incredulis,et
686 2836 794 2889 tamen
805 2827 1000 2910 impossibile
1014 2837 1063 2891 est
1077 2838 1113 2891 ut
1126 2829 1198 2911 quis
1255 2824 1404 2888 consistit
1415 2823 1571 2888 munditia
1586 2843 1681 2906 quam
1692 2823 1798 2906 diligit
1807 2823 1991 2905 Deus,quum

450 2923 546 2986 simul
573 2925 681 2988 credat
703 2925 877 3007 Evangelio
902 2917 1065 3007 librisque*
1082 2929 1198 2990 veteris
1254 2923 1360 2985 taliter
1394 2922 1451 2985 loti
1480 2921 1568 2984 vitiis
1596 2921 1682 3004 pleni
1712 2921 1896 3003 frequenter
1921 2921 1990 2984 exsi-

449 3023 654 3101 Testameuti,
678 3033 710 3086 et
733 3024 901 3103 Alcorano,
927 3026 1008 3088 sicut
1031 3025 1097 3107 jam
1123 3026 1200 3088 satis
1218 3023 1240 3086 C
1256 3024 1356 3083 stantl
1371 3021 1405 3083 ln
1419 3039 1483 3102 qua
1498 3021 1593 3083 etiem
1608 3019 1781 3084 ablutionis
1796 3020 1990 3101 occupatione

449 3120 618 3204 probatum
634 3130 693 3201 est,
709 3130 742 3185 et
760 3121 843 3186 infra
862 3122 1048 3205 frequenter
1067 3124 1198 3207 patebit.
1255 3121 1332 3183 satis
1358 3119 1495 3182 multum
1521 3118 1710 3202 expenditur
1736 3119 1899 3201 temporis,
1918 3118 1990 3200 quod

450 3219 514 3283 Nec
533 3220 652 3302 aliquid
673 3228 796 3283 tantum
815 3220 913 3285 miror
932 3223 1198 3303 quemadmodum
1255 3219 1333 3281 alias
1355 3218 1547 3281 fructuosius
1569 3224 1677 3300 posset
1699 3218 1847 3301 expendi.
1864 3218 1990 3299 Denique

448 3319 534 3399 quod
556 3319 716 3400 sapientes
738 3319 981 3383 sarracenorum
1003 3340 1068 3384 non
1090 3322 1200 3383 adver·
1255 3318 1374 3399 egestio
1396 3326 1445 3379 est
1465 3335 1545 3398 opus
1568 3315 1693 3397 penitus
1715 3316 1872 3395 uettrrale,
1887 3334 1991 3396 nequa-

448 3423 521 3479 tunt
535 3416 682 3479 Alcorani
698 3436 833 3496 errores,
845 3418 1011 3497 falsitates,
1025 3418 1198 3500 perfidias:
1255 3436 1350 3498 quam
1367 3414 1538 3498 culpabile.
1555 3413 1675 3496 Copula
1688 3434 1764 3478 vero
1779 3414 1914 3478 carnalis
1928 3432 1990 3475 eum

451 3533 531 3597 quos
559 3514 631 3577 luce
660 3515 778 3578 clarius
807 3517 1038 3597 cemcrent,'si
1062 3517 1138 3581 novi
1164 3537 1200 3580 sc
1256 3532 1353 3577 uxore
1382 3512 1535 3594 legitima,
1568 3511 1600 3574 in
1630 3511 1681 3575 his
1709 3512 1763 3593 qui
1791 3532 1866 3575 vere
1892 3510 1991 3574 fideles

451 3613 569 3677 veteris
583 3613 775 3677 Testamenti
792 3616 890 3679 libros
905 3616 1115 3697 perlegerent.
1257 3620 1341 3689 sunt,
1359 3619 1462 3693 potest
1485 3630 1555 3673 esse
1580 3629 1643 3674 non
1668 3610 1770 3674 solum
1796 3610 1914 3692 absque
1932 3627 1992 3691 pee-

1258 3719 1339 3790 cato,
1356 3728 1467 3773 verum
1482 3708 1577 3772 etiam
1593 3727 1674 3791 opus
1688 3708 1828 3782 virtutis,
1839 3708 1903 3773 imo
1915 3715 1992 3770 actus

1258 3809 1411 3871 virtutum
1436 3807 1621 3886 multarum,
1642 3816 1718 3888 puta
1739 3830 1746 3868 :
1767 3806 1907 3889 justitiae,
1927 3806 1992 3868 dum

633 3883 878 3947 ARTIGULUS
901 3884 1030 3945 xxm.
1258 3907 1297 3970 ut
1312 3926 1407 3970 causa
1422 3904 1575 3969 reddendi
1590 3905 1793 3983 debitum30t
1808 3905 1916 3982 rates,
1927 3904 1992 3968 eum
2113 3952 2114 3965 t

571 4034 692 4093 Contra
721 4032 870 4090 gmanga,
897 4015 928 4090 ‘et
955 4049 1085 4090 errores
1259 4005 1298 4069 fit
1326 4004 1500 4068 intentione
1528 4003 1628 4087 prolis
1659 4004 1697 4066 ad
1727 4004 1782 4067 Dei
1818 4002 1992 4085 obsequium

649 4122 837 4181 duodecimi
856 4121 1006 4196 capituti.
1258 4104 1450 4181 educandae3
1476 4104 1618 4183 itemque
1643 4102 1771 4184 pietatis
1795 4110 1828 4165 et
1855 4100 1990 4177 caritatis,

1219 4204 1335 4271 Ddum
1363 4202 1404 4265 fit
1430 4203 1469 4265 ad
1504 4200 1669 4264 vitandum
1698 4200 1940 4265 fornicationem
1965 4198 1991 4259 in

517 4309 604 4373 luca
628 4307 760 4389 capituli
784 4307 881 4389 hujus
904 4306 1068 4369 exordium
1100 4325 1203 4370 sermo
1259 4320 1419 4384 compare,
1435 4301 1495 4364 hoc
1517 4308 1576 4379 est,
1598 4318 1638 4362 ne
1660 4299 1831 4364 contoralis
1855 4300 1888 4363 in
1908 4297 1994 4363 forni-

531 4417 580 4472 est
598 4410 637 4471 de
661 4407 742 4471 cibis
767 4405 938 4488 prohibitis
960 4429 967 4467 :
989 4413 1100 4468 eontra
1120 4407 1203 4486 quod
1260 4400 1418 4464 cationem
1433 4399 1567 4461 labatur.
1579 4397 1658 4474 Quid
1674 4418 1750 4481 ergo
1765 4398 1941 4461 necessaria
1953 4402 1993 4458 est

311 4532 369 4572 aea
370 4542 439 4578 ιιιιιιιι
457 4508 604 4590 superius
625 4506 703 4570 satis
725 4505 861 4568 arbitror
883 4505 1047 4586 scriptum.
1261 4507 1331 4582 post
1345 4506 1433 4561 actus
1456 4498 1532 4561 istos
1547 4504 1696 4580 praetacta
1718 4496 1863 4560 ablutiot
1877 4497 1908 4560 Si
1929 4512 1993 4557 vero

494 4606 614 4669 Deinde
638 4604 841 4687 subjungitur
865 4628 872 4665 :
899 4606 972 4666 Viri
995 4606 1083 4673 boni,
1103 4625 1204 4683 quum
1260 4598 1294 4660 in
1320 4597 1404 4660 coitu
1428 4596 1523 4678 culpa
1547 4595 1620 4675 fuit,
1644 4595 1793 4658 abluatur
1817 4596 1920 4658 anima
1946 4612 1994 4675 per

454 4716 587 4767 oratum
601 4705 1072 4780 surrexeritisfooiesvestras
1087 4724 1124 4763 ae
1138 4724 1204 4763 ma·
1259 4694 1481 4779 poenitentiam
1505 4703 1537 4757 et
1559 4692 1820 4757 satisfactionem.
1844 4694 1876 4757 si
1900 4701 1992 4755 aulem

454 4812 566 4873 mmet
582 4803 717 4861 brachia
732 4802 891 4880 usquead
904 4801 1206 4876 cubitum,etpedes
1259 4795 1394 4872 dicatur,
1415 4792 1612 4875 quodetiam
1635 4792 1668 4854 in
1688 4792 1786 4855 veteri
1807 4793 1992 4857 Testamento

453 4921 555 4981 usque
568 4903 613 4961 od
628 4901 726 4960 tibica
739 4900 884 4967 abluere,
900 4906 931 4956 et
951 4899 1086 4972 capillos
1105 4900 1206 4957 revol—
1260 4893 1367 4973 aliqua
1395 4890 1470 4954 talia
1497 4890 1710 4972 jubebantur3
1736 4890 1990 4973 respondendum,

452 5002 555 5060 vendo
569 5000 800 5073 abstergerem
811 5004 883 5072 post
894 4996 1016 5055 coitum
1025 4997 1206 5055 mulierum
1260 4990 1344 5071 quod
1359 4990 1419 5053 hoc
1435 4989 1496 5052 tuit
1513 4997 1643 5070 propter
1661 4988 1828 5071 mysticum
1847 4987 1994 5071 significa·

453 5116 507 5156 vos
522 5095 673 5155 balneari
686 5101 819 5169 oportet.
829 5093 965 5169 Infirmi
974 5094 1154 5161 autem,eet
1169 5093 1203 5150 in
1261 5089 1463 5169 tionem,quae
1478 5088 1511 5149 in
1522 5086 1708 5169 evangelica
1721 5086 1791 5168 lege
1803 5084 1995 5169 spiritualiter
2097 5157 2102 5177 Ι

452 5196 576 5257 itinere
587 5195 700 5271 positi,
716 5192 756 5250 ab
770 5200 880 5267 epestu
895 5200 953 5250 aut
963 5193 1143 5250 mutierem
1158 5210 1207 5249 co-
1261 5186 1471 5269 adimpletur:
1485 5184 1606 5249 idcirco
1621 5194 1693 5267 post
1706 5184 1822 5247 Christi
1836 5186 1993 5248 adventum

453 5296 504 5355 itu
520 5295 695 5361 venientes,
710 5298 741 5349 et
755 5308 876 5369 aquom
890 5290 1026 5349 minime
1041 5288 1208 5365 repert'en·
1262 5285 1338 5349 tulia
1363 5292 1499 5349 cessant.
1525 5283 1621 5349 Porro
1649 5282 1790 5347 Christus
1818 5283 1926 5348 docuit
1947 5298 1994 5343 nos
