4309 6250
456 468 515 539 390
782 493 900 541 Cle'l'liA
921 494 1090 541 adumbrant
1110 494 1280 551 littorum,
1302 494 1391 542 athen
1412 496 1455 543 ΙΙΙ.
1479 514 1520 526 -
1540 496 1609 542 Anu.
1631 496 1677 543 xit

457 663 514 744 bit,
540 666 625 747 quod
650 664 723 729 cibo
748 673 779 729 et
802 675 878 749 potu
902 685 1105 749 nequaquam
1133 667 1369 749 ege-Asertim
1393 667 1470 748 quia
1492 667 1630 732 narratio
1653 686 1801 750 sequens,
1824 683 1913 750 qnam
1936 664 1980 728 ad

457 763 558 840 bunt3
585 770 649 827 tam
680 764 909 828 inestimabilis
938 784 1065 848 quoque
1095 785 1205 848 snper·
1259 766 1371 829 scribit
1398 768 1510 849 Japbet
1537 767 1679 850 prefato,
1705 768 1856 831 mendosa
1881 774 1933 842 est,
1952 772 1981 826 ut

456 862 609 925 naturalis
644 882 681 925 ac
717 862 891 945 spiritualis
931 864 1070 926 suavitas
1109 863 1205 926 inerit
1258 865 1353 947 paulo
1381 874 1452 948 post
1479 867 1673 929 ostendetur.
1699 867 1851 929 Praeterea
1875 864 1978 943 habau,

456 960 636 1042 animabus,
659 963 745 1043 quod
768 962 1012 1026 delectationem
1034 964 1127 1025 istam
1147 982 1204 1044 gu·
1258 964 1312 1045 qni
1335 964 1471 1047 sarpeia
1492 965 1648 1029 Alcorauo
1669 964 1979 1028 affirmatllenmnon

456 1065 523 1121 stus
543 1067 574 1121 et
593 1065 696 1122 motus
719 1077 815 1140 quam
839 1060 996 1124 llabomet
1018 1061 1201 1139 somniavit,
1258 1083 1327 1125 esse
1341 1062 1476 1144 Patrem,
1492 1084 1552 1127 uec
1574 1065 1680 1127 lesum
1701 1083 1772 1127 esse
1785 1063 1896 1125 Filium
1913 1063 1978 1142 ejus,

455 1176 586 1241 prorsus
609 1158 807 1241 despicient!
828 1160 884 1225 Est
907 1168 1012 1222 tarnen
1038 1160 1203 1241 probabile
1257 1161 1310 1224 bic
1326 1162 1424 1225 refert
1438 1163 1544 1225 lesum
1564 1162 1693 1244 dixisse,
1709 1163 1809 1244 Surge
1828 1149 1980 1225 innomine

455 1257 540 1338 quod
556 1256 588 1319 iu
604 1276 702 1338 reguo
718 1244 916 1321 eoelesti'arit
931 1258 1049 1321 vocalis
1064 1260 1133 1321 laus
1149 1258 1202 1321 Dei
1257 1260 1356 1323 Patris
1378 1261 1440 1325 mci
1458 1285 1465 1323 ε
1483 1262 1593 1344 sicque
1607 1262 1707 1325 Deum
1728 1261 1856 1325 vocavit
1867 1260 1979 1336 Patmm,

454 1354 692 1438 inopinabiliter
706 1355 821 1434 dulcis,
838 1376 908 1437 quae
923 1375 1112 1438 corporeum
1127 1375 1204 1440 quo-
1256 1357 1423 1421 insinuans
1439 1378 1473 1422 se
1494 1359 1611 1421 Filium
1631 1358 1712 1440 ejus.
1729 1360 1861 1437 llursus,
1875 1358 1899 1420 si
1912 1358 1982 1419 Chri·

350 1505 354 1514 .
454 1473 517 1537 que
541 1454 684 1517 nuditum
710 1453 921 1519 ineffabiliter
945 1455 1127 1519 delectabit.
1148 1456 1205 1519 Po·
1257 1466 1306 1520 sto
1329 1457 1500 1520 formulam
1528 1457 1617 1521 illam
1647 1459 1766 1521 luteam
1796 1457 1881 1519 humi
1903 1455 1982 1538 proji-

454 1560 583 1632 stremo,
613 1552 746 1615 intuitus
779 1553 1026 1635 pulchritudinis
1053 1554 1203 1636 'corporis
1258 1556 1478 1637 aientemque
1492 1556 1629 1634 dicente,
1639 1556 1750 1638 Surge,
1763 1555 1892 1619 surrexit
1904 1554 1982 1615 horno

454 1651 569 1714 Christi
584 1650 719 1733 ejusque
734 1650 903 1715 Genitricis
918 1651 1070 1734 piissimae
1082 1662 1113 1715 et
1126 1651 1204 1715 alio
1257 1674 1377 1733 cunus3
1394 1656 1599 1738 querendum
1619 1676 1660 1719 au
1679 1655 1789 1718 anima
1807 1654 1912 1736 Japbet
1923 1672 1982 1715 rere

453 1768 523 1812 rum
546 1750 745 1827 Sanctorum,
763 1749 930 1831 potissime
952 1758 1058 1813 autem
1074 1751 1200 1830 Christi,
1258 1754 1291 1816 in
1317 1754 1371 1816 illa
1399 1756 1531 1817 materia
1555 1756 1639 1818 lutea
1663 1753 1734 1834 fuit,
1763 1754 1840 1817 item
1866 1773 1903 1816 nu
1926 1770 1982 1813 eam

452 1847 660 1911 indicibiliter
686 1848 859 1911 oblectabit
890 1848 985 1911 etiam
1014 1849 1201 1913 exteriorem
1221 1851 1510 1916 Bsubstautialiter
1531 1853 1725 1932 informavit,
1748 1862 1893 1935 tanquam
1910 1859 1982 1913 actus

452 1945 557 2008 visum
579 1946 745 2010 bominum
767 1946 943 2010 beatorum.
1258 1951 1452 2014 intrinsecus
1476 1960 1507 2014 et
1531 1951 1750 2014 substantialis
1777 1950 1878 2015 forma
1902 1947 1980 2010 illius.

491 2046 691 2110 Ait:Nonne
706 2053 742 2105 ut
756 2048 1098 2117 comedent,sicetiom
1112 2066 1204 2124 apere
1257 2049 1343 2123 Quod
1370 2050 1396 2111 si
1422 2049 1470 2112 sic
1496 2049 1568 2128 fuit,
1586 2050 1675 2132 prior
1698 2049 1805 2113 forma
1828 2049 1908 2111 illius
1931 2064 1984 2108 ma

452 2144 636 2219 oportebit?
654 2146 833 2219 Respondit
855 2162 866 2204 .·
886 2146 972 2208 Non.
992 2148 1052 2209 Ait
1077 2167 1089 2205 .·
1107 2150 1204 2208 Anne
1258 2148 1345 2211 terias
1365 2148 1428 2210 fuit
1448 2147 1592 2229 expulsa,
1608 2166 1706 2230 quum
1729 2167 1797 2211 nou
1819 2146 1881 2209 siut
1897 2146 1927 2208 in
1942 2162 1985 2205 eo

448 2259 550 2318 panes
574 2261 751 2322 carnesque
775 2246 965 2304 comedent?
987 2247 1167 2321 Respondit
1192 2267 1203 2304 .·
1258 2248 1330 2309 dem
1366 2246 1436 2309 duaa
1465 2246 1576 2309 formae
1604 2246 1853 2323 substantiales3
1880 2244 1983 2323 fuitque

451 2343 558 2403 Plane
581 2342 746 2420 quidquid
766 2343 953 2418 pestierint,
976 2345 1204 2403 oblectamento
1257 2342 1313 2404 illa
1343 2344 1473 2407 materia
1502 2353 1631 2426 repente
1659 2342 1707 2406 sic
1734 2350 1935 2407 transmutata
1960 2347 1985 2402 et

452 2447 594 2508 tantum,
619 2460 684 2500 non
707 2442 808 2517 same,
830 2450 955 2515 praeter
976 2443 1109 2511 illicita,
1131 2462 1204 2520 quae
1258 2441 1442 2523 qualificuta
1472 2465 1478 2503 :
1509 2443 1594 2523 quod
1629 2441 1740 2523 utique
1776 2441 1857 2505 Deus
1888 2438 1983 2523 potuit,

451 2556 509 2596 nec
530 2538 610 2612 ipsis
628 2539 813 2613 placebunt.
831 2540 891 2601 Ait
912 2560 923 2599 :
939 2541 1122 2607 Quaenam?
1140 2543 1202 2601 Re·
1257 2540 1403 2620 quamvis
1420 2539 1540 2602 factum
1555 2558 1621 2603 uon
1643 2538 1693 2602 sit.
1710 2540 1881 2619 Postremo,
1896 2536 1983 2599 anima
2103 2611 2104 2614 Ἴ

451 2637 582 2710 spondit
600 2636 722 2696 :Verbi
741 2639 963 2711 proliacum
986 2639 1096 2698 suilla.
1115 2640 1203 2701 Ait:
1257 2638 1370 2719 Japbet
1391 2646 1533 2719 tempore
1557 2638 1813 2702 conversationis
1834 2635 1936 2700 Christi
1957 2635 1983 2695 in

449 2734 564 2793 Beasti
573 2736 1202 2815 me,optimeMadamet.liams2'quidem
1256 2736 1387 2814 mundo,
1404 2735 1466 2797 fuit
1484 2736 1517 2798 iu
1542 2735 1643 2800 limbo
1662 2746 1791 2818 patrum
1813 2744 1981 2809 mucmmm,

450 2839 481 2889 et
504 2832 596 2890 nobis
617 2833 744 2891 Iudaeis
767 2841 798 2891 et
821 2852 878 2892 suo
898 2838 1018 2909 populo
1043 2854 1108 2893 non
1132 2836 1203 2894 sine
1256 2834 1407 2915 quoniam
1436 2835 1547 2916 Japbet
1576 2833 1638 2897 fuit
1664 2835 1716 2898 vir
1749 2835 1863 2917 justus
1889 2831 1984 2895 Anima

449 2948 548 2989 causa
567 2930 739 3005 probibuit
764 2934 851 2992 Dens
870 2952 882 2989 .·
906 2951 1004 3010 quarn
1030 2934 1127 2993 aelim
1149 2935 1203 3011 (ni
1256 2932 1354 3015 igitur
1374 2932 1430 2996 illa
1452 2943 1538 2997 certa
1560 2934 1620 2997 fuit
1641 2936 1681 2998 de
1704 2954 1762 2997 suc
1784 2930 1983 3011 salutellrgo,

446 3029 574 3105 pipeat)
589 3029 728 3103 pandas.
752 3030 930 3104 Respondit
947 3033 1096 3092 :Placet
1119 3030 1201 3093 Ecce
1219 3030 1240 3093 C
1255 3031 1402 3113 quamvis
1424 3034 1594 3095 suscitatus
1615 3033 1742 3113 fnisset,
1759 3052 1823 3096 nou
1841 3040 1936 3095 tamen
1954 3046 1984 3088 er
2103 3099 2104 3114 ἢ

452 3145 490 3188 ex
508 3124 559 3188 bis
579 3133 666 3206 patet
688 3127 773 3207 quod
795 3127 854 3190 iste
874 3127 999 3190 ludens
1019 3149 1083 3193 uon
1104 3130 1201 3193 fuerit
1255 3151 1373 3214 pavore
1396 3132 1510 3214 judicii
1536 3132 1640 3196 subito
1666 3152 1768 3195 cauus
1792 3132 1900 3195 fuisset
1919 3127 1984 3191 effe
2103 3121 2104 3197 Ῡ

450 3222 607 3286 veraciter
628 3223 843 3302 christianus;
867 3233 898 3288 el
924 3225 950 3287 si
975 3226 1082 3308 aliquo
1106 3228 1201 3291 modo
1255 3239 1336 3310 ctus,
1354 3231 1408 3293 sed
1424 3249 1499 3293 cum
1514 3231 1636 3313 ingenti
1652 3233 1798 3295 venisset
1812 3229 1930 3294 fiducia.

450 3321 523 3402 fuit,
538 3321 638 3384 Ebion
660 3322 704 3383 ita
726 3323 918 3386 christianus
940 3324 1039 3387 fuisse
1062 3327 1199 3407 videtur,
1295 3329 1444 3410 Sequitur
1465 3333 1653 3407 :Praecepit
1677 3350 1756 3408 erpo
1778 3333 1868 3392 Iesus
1887 3326 1984 3403 Japbet
2103 3352 2104 3393 i

451 3420 564 3502 legalia
588 3427 704 3502 putans
730 3420 825 3488 simul
851 3441 923 3484 cum
948 3423 1121 3506 Evangelio
1146 3428 1202 3489 ob
1255 3436 1292 3487 nt
1310 3448 1435 3489 amnem
1459 3429 1633 3488 historiam
1656 3449 1744 3489 areoe
1767 3427 1930 3503 discipulis
1946 3441 1985 3481 ro

313 3543 349 3588 nn
367 3544 436 3594 rm,
452 3519 606 3583 servanda
628 3542 634 3580 :
657 3519 750 3600 cujus
771 3520 953 3601 oppositum
979 3541 1074 3605 supra
1097 3533 1202 3587 osten·
1251 3527 1408 3603 pontibus
1421 3535 1606 3604 exposceret.
1622 3529 1712 3588 Tune
1727 3529 1786 3588 ille
1800 3546 1866 3587 rem
1878 3539 1985 3584 omnen
2103 3550 2104 3555 κ

302 3623 316 3651 ¹
355 3653 359 3660 ·
451 3636 522 3680 sum
544 3625 602 3680 est.
1254 3644 1274 3683 a
1289 3626 1476 3699 primordio
1496 3644 1655 3694 narrans,
1666 3627 1821 3700 pervenit
1839 3625 1880 3682 ad
1897 3624 1983 3680 mcum

490 3715 609 3778 Deinde
625 3714 830 3798 subjungitur
848 3716 1016 3780 filabometi
1036 3721 1200 3801 responsio
1254 3723 1312 3781 abi
1325 3741 1424 3800 quum
1441 3726 1556 3785 domus
1569 3742 1709 3789 secessus
1718 3725 1864 3798 pondere
1875 3717 1985 3796 epestio

450 3833 508 3876 cur
527 3832 601 3877 caro
622 3813 753 3895 porcina
775 3813 826 3876 edi
849 3833 913 3878 non
934 3815 1057 3879 debeat.
1074 3817 1200 3881 Etenim
1254 3820 1308 3879 nis
1329 3839 1442 3880 arcam
1467 3814 1659 3891 incrimine,
1676 3821 1849 3881 timuimus
1866 3813 1987 3895 (inqui)

450 3914 494 3976 aii
511 3936 518 3976 :
535 3916 623 3978 Nam
645 3915 738 3974 Iesus
760 3915 909 3975 Christus
931 3917 1010 3976 daim
1026 3928 1202 3993 reparetur
1255 3921 1357 3979 valde.
1375 3921 1547 3981 Consuluit
1562 3918 1676 4001 itaque
1691 3928 1792 3994 pater
1810 3918 1875 3981 Noe
1886 3918 1984 3977 Deum·

449 4033 470 4074 a
483 4015 657 4089 discipulis
672 4015 849 4080 atmodum
865 4033 951 4074 arcoe
960 4015 1029 4077 Noe
1039 4016 1201 4076 habitum·
1255 4016 1318 4078 Cui
1330 4020 1417 4078 Deus
1432 4038 1444 4077 .·
1459 4021 1579 4080 Adduo
1590 4018 1737 4100 (inquit)
1750 4017 1949 4093 elephantem,
1961 4016 1986 4066 el

450 4132 512 4192 que
526 4113 712 4187 superstitis
734 4113 770 4170 in
792 4113 972 4188 capacioris
990 4113 1131 4173 diamani
1144 4135 1200 4174 ea·-
1255 4124 1344 4174 verte
1358 4117 1542 4191 posteriora
1563 4120 1656 4179 dorsi
1675 4117 1754 4197 ejus
1775 4131 1871 4190 super
1886 4115 1984 4170 heum-

445 4219 593 4288 poneret,
611 4217 760 4285 ropanles
786 4212 936 4279 attalicas,
955 4211 1136 4286 formulam
1159 4233 1201 4273 eoa
1216 4209 1241 4271 D
1255 4215 1298 4273 Et
1312 4214 1391 4289 fecit
1406 4215 1462 4276 sic.
1479 4217 1525 4276 At
1546 4217 1604 4276 ubi
1623 4219 1761 4294 elephas*
1777 4217 1887 4290 fimum
1905 4223 1985 4268 suum

450 4313 518 4369 luto
533 4310 621 4369 inter
636 4327 754 4366 manus
773 4327 850 4367 suas
868 4309 1046 4384 confectam
1058 4312 1200 4388 projecit
1254 4311 1424 4371 dominum
1445 4315 1603 4389 epestioni
1624 4317 1754 4393 injecit,
1766 4291 1921 4380 x*istarraait
1941 4322 1985 4363 stit

448 4408 554 4482 dumi,
578 4416 608 4466 et
633 4407 682 4466 ait
704 4426 716 4464 .·
735 4408 843 4481 Surpe
868 4408 905 4466 in
929 4409 1059 4467 nomine
1083 4411 1199 4470 Patris
1251 4412 1402 4486 prend-is.
1429 4413 1562 4472 Satisne
1584 4433 1659 4490 erpo
1688 4390 1829 4479 videtad'
1848 4419 1985 4471 ⁶0W10

446 4507 521 4566 mei.
539 4507 582 4565 Et
606 4505 755 4563 surremit
778 4505 870 4564 homo
894 4524 1005 4565 canus.
1027 4507 1090 4566 Cui
1107 4507 1199 4568 Chri·
1253 4509 1374 4578 Ataia,
1390 4511 1521 4569 vitandi
1535 4512 1662 4571 animal
1677 4461 1906 4592 immundam?
1917 4501 1984 4564 Ait:

446 4611 516 4663 stus
531 4619 542 4661 .·
559 4604 608 4662 Tu
632 4601 706 4680 quis
729 4601 787 4659 esf
805 4602 986 4676 Respondit
1006 4622 1017 4660 .·
1032 4603 1102 4679 spo
1126 4623 1196 4666 sum
1254 4609 1346 4666 Certe
1360 4609 1448 4667 satis.
1466 4605 1548 4670 Eece
1564 4627 1657 4690 quam
1673 4609 1813 4675 ridicula
1827 4597 1981 4685 rdSP⁰¹¹⁵l⁰r

444 4702 573 4777 Japaet,
588 4701 682 4778 filius
695 4701 774 4762 Noe.
787 4702 851 4759 Cui
863 4703 1083 4761 Iesus.·Itane
1096 4721 1198 4764 canus
1254 4712 1286 4767 et
1308 4711 1372 4766 lam
1396 4703 1514 4768 divinae
1542 4706 1713 4789 Scripturas
1741 4729 1838 4791 qnam
1859 4669 1875 4774 ι.
1891 4693 1983 4762 timii

445 4808 595 4860 mortuns
609 4799 858 4874 esiRespondit
873 4819 884 4857 .·
900 4799 1127 4878 Nequaquam,
1142 4805 1199 4862 sed
1253 4802 1366 4865 rationi
1396 4805 1572 4867 contraria!
1596 4805 1756 4888 Scriptum
1782 4817 1830 4873 est
1858 4721 1938 4976 οέἱω
1957 4793 1982 4854 ῑΠ

446 4901 483 4959 in
504 4900 576 4974 ipsa
597 4899 678 4957 liora
694 4906 819 4972 putans
838 4917 887 4957 me
902 4900 946 4956 ad
966 4901 1053 4958 diem
1068 4900 1199 4977 judicii
1253 4899 1377 4978 Genesi,
1394 4902 1479 4982 quod
1498 4902 1538 4964 de
1557 4903 1748 4969 animalibus
1763 4907 1885 4969 immun
1912 4895 2080 4957 istim*
2103 4958 2104 4975 ,

445 5016 592 5074 surpere,
607 5005 696 5056 metu
717 5015 819 5056 canus
841 5001 971 5075 effectus
993 5018 1075 5059 sum.
1094 4998 1197 5061 Verba
1253 4999 1390 5081 sumpsit
1403 4999 1469 5063 Noe
1483 5019 1593 5064 secum
1615 5003 1648 5065 iu
1669 5023 1775 5068 arcam
1796 5006 1860 5068 duo
1873 4986 1980 5178 οιέῗῦθ,

446 5095 514 5158 hec
551 5093 771 5175 multipliciter
805 5093 1071 5176 reprehensibilia
1110 5105 1194 5160 suut.
1251 5097 1291 5159 de
1319 5098 1510 5162 animalibus
1540 5119 1616 5166 vero
1643 5104 1771 5166 mundis
1799 5112 1908 5186 septen
1957 5094 1983 5149 0¹

445 5193 574 5256 Constat
600 5211 736 5273 namque
765 5191 799 5254 iu
827 5191 951 5273 primis,
977 5201 1073 5258 totam
1103 5195 1195 5258 istam
1252 5204 1393 5277 septena.
1411 5198 1470 5261 Sus
1491 5201 1808 5282 ergofuitiuarcam
1829 5185 1947 5286 perduc*
1973 5233 1979 5247 ·

445 5290 611 5356 historiam
633 5311 652 5354 a
674 5291 785 5354 ldahon
809 5311 879 5354 esse
901 5291 1074 5356 confictam
1092 5318 1099 5356 ε
1117 5313 1195 5376 pro
1250 5295 1318 5359 Nou
1340 5315 1416 5378 orgo
1440 5316 1571 5362 necesse
1594 5298 1655 5363 fuit
1677 5300 1710 5364 in
1735 5319 1838 5364 arcam
1860 5303 1980 5384 poreim

1925 5390 1945 5745 l

1922 5751 1932 5869 ,l
