4309 6250
454 494 514 562 828
553 513 593 560 llll
613 511 821 561 latronum
842 513 935 562 sum
956 511 1124 561 romulum
1145 511 1183 559 Π
1202 512 1371 561 eunucis
1391 513 1531 571 coucmu,
1553 514 1642 562 nasu
1661 513 1706 560 lll.
1730 532 1770 544 -
1789 513 1859 561 aar.
1880 515 1909 561 tx

454 703 492 750 ce
511 685 545 747 in
565 684 647 748 libro
668 685 708 748 de
726 683 951 748 Ecclesiastico
964 692 1118 767 potestate
1137 683 1201 746 ele-
1215 684 1241 746 A
1256 692 1306 746 tur
1325 683 1384 747 hac
1404 691 1559 767 potestate
1577 683 1611 746 in
1631 682 1877 749 destructionem
1888 683 1982 748 lisele

452 791 564 866 gauter
584 783 811 863 determinans,
838 783 941 866 primo
961 783 1005 847 sic
1028 783 1073 844 nit
1096 806 1104 844 ι
1128 783 1202 845 lura
1255 782 1320 862 siaa,
1337 783 1485 863 generale
1500 783 1674 847 concilium
1687 792 1737 846 est
1749 783 1922 865 exemplum
1939 783 1979 846 val

452 901 522 964 quae
543 881 716 964 loquuntur
735 882 775 945 de
795 881 993 964 plenitudine
1008 881 1203 944 ecclesiasti·
1255 881 1421 964 speculum
1449 880 1662 945 universalem
1686 881 1860 945 Ecclesiam
1885 899 1982 963 repre

453 1000 499 1044 cca
527 980 702 1062 potestatis,
729 980 951 1062 intelliguntur
978 981 1018 1042 de
1047 987 1202 1061 potestate
1255 987 1394 1057 sentens,
1411 979 1545 1062 ejusque
1568 981 1639 1044 vice
1658 988 1691 1043 et
1712 980 1842 1043 nomine
1864 980 1980 1042 abusum

452 1079 695 1160 jurisdictionis,
712 1085 744 1142 et
763 1097 827 1142 non
850 1079 890 1142 de
910 1086 1064 1160 potestate
1080 1078 1201 1141 ordinis
1255 1078 1350 1141 talem
1369 1095 1531 1142 coercens.
1543 1115 1585 1125 —
1597 1080 1678 1142 Eine
1692 1098 1829 1161 qnoque,
1841 1086 1874 1140 ut
1887 1077 1983 1140 recitat

454 1177 703 1256 sacramentalia,
729 1177 802 1259 qnia
826 1177 891 1240 lraec
921 1176 981 1240 fuit
1008 1177 1138 1259 aequalis
1167 1176 1200 1238 in
1255 1176 1365 1239 Petrus
1392 1176 1554 1259 praefatus,
1582 1178 1712 1258 qnidam
1735 1176 1879 1260 egregius
1899 1196 1981 1238 sacra

453 1276 602 1339 omnibus
616 1275 787 1358 Apostolis.
804 1275 969 1338 Plenitudo
988 1283 1094 1337 autem
1115 1282 1202 1356 pote-
1255 1274 1425 1357 Scriptura
1445 1274 1567 1354 doctor,
1583 1276 1745 1338 Mauritius
1764 1276 1806 1338 de
1824 1276 1923 1356 Praga,
1943 1293 1982 1336 re

453 1375 542 1438 statis
560 1373 793 1455 jurisdictionis
818 1374 888 1435 data
914 1381 962 1436 est
983 1372 1085 1450 Petro,
1101 1392 1200 1454 quum
1255 1373 1384 1453 spondit
1397 1374 1481 1455 quod
1495 1373 1662 1456 plenitudo
1676 1373 1896 1436 ecclesiastice
1910 1382 1982 1454 pote

304 1485 437 1538 amam,
452 1474 574 1536 dictum
588 1481 636 1535 est
650 1472 679 1534 ei
698 1495 704 1532 ε
721 1471 817 1534 Pasce
832 1490 907 1534 oves
926 1491 1024 1534 meas.
1042 1471 1198 1550 Secundo,
1255 1471 1343 1532 statis
1358 1471 1494 1534 resideat
1515 1471 1548 1533 in
1570 1471 1711 1553 generali
1730 1471 1867 1535 concilio
1884 1490 1982 1552 repra

306 1551 339 1594 ¹⁷·
452 1571 524 1636 dico
545 1571 629 1653 quod
648 1571 716 1633 hac
736 1570 902 1653 plenitudo
923 1569 1088 1651 potestatis
1105 1568 1202 1650 juris·
1255 1569 1420 1631 sentative.

450 1669 613 1747 dictionis,
629 1669 758 1752 proprie
773 1668 944 1750 loquendo,
961 1668 1064 1731 solnm
1084 1667 1201 1730 residet
1293 1667 1435 1749 Denique
1449 1667 1500 1729 his
1511 1667 1641 1732 omnino
1660 1669 1853 1732 concordant
1869 1667 1981 1750 quade

449 1767 481 1829 in
496 1769 639 1831 Romano
654 1785 689 1830 ac
706 1785 830 1830 summo
845 1765 1010 1843 Pontifice,
1027 1765 1109 1829 Petri
1129 1785 1200 1828 suc·
1254 1764 1314 1828 hac
1328 1765 1500 1847 quaestione
1515 1765 1730 1829 Cancellarius
1749 1767 1880 1830 diversis
1897 1766 1929 1827 in
1944 1767 1981 1829 lo

450 1884 575 1930 cessure
593 1890 599 1928 :
615 1865 691 1947 quia
705 1865 832 1947 proprie
847 1865 954 1947 aliqua
975 1873 1113 1947 potestas
1133 1865 1199 1946 plc-
1216 1861 1239 1923 Β
1254 1863 1301 1925 cis
1315 1872 1456 1927 testatur.
1474 1863 1637 1945 Siquidem
1652 1863 1735 1928 libro
1754 1883 1812 1928 suo
1831 1865 1869 1927 de
1888 1863 1982 1925 Ecclc

449 1983 490 2027 ne
514 1964 632 2028 dicitur
656 1984 726 2028 esse
751 1964 784 2026 in
809 1963 864 2027 illo
891 1963 946 2044 qui
977 1963 1064 2026 illam
1095 1971 1199 2044 potest
1253 1960 1380 2024 siastica
1394 1970 1549 2044 potestate
1562 1962 1881 2026 dissentitzPotestas
1894 1962 1982 2025 eccle

448 2062 639 2144 generaliter
653 2080 800 2125 exercere
820 2061 903 2124 etin
923 2079 1034 2124 omnes
1055 2061 1200 2124 ministe-
1252 2059 1381 2122 siastica
1399 2059 1433 2122 in
1452 2081 1509 2123 sna
1528 2060 1729 2142 plenitudine
1753 2069 1802 2123 est
1825 2060 1982 2124 formaliter

448 2160 568 2224 rialiter
588 2161 784 2242 dispensare.
801 2159 865 2223 Hoc
884 2169 990 2222 autem
1010 2168 1058 2222 est
1077 2157 1110 2222 in
1130 2159 1198 2223 solo
1252 2166 1284 2221 et
1297 2159 1475 2241 subjective
1490 2161 1525 2221 in
1540 2160 1608 2223 solo
1622 2179 1748 2224 summe
1762 2159 1922 2239 Pontifice,
1935 2159 1980 2239 qni

448 2259 542 2341 Papa,
558 2268 591 2322 et
604 2277 669 2323 non
690 2259 818 2341 proprie
840 2259 873 2321 in
893 2258 999 2340 aliqua
1019 2257 1198 2322 communi·
1251 2264 1323 2339 post
1346 2275 1436 2319 suam
1456 2258 1728 2321 consecrationem
1749 2258 1783 2319 in
1802 2258 1981 2320 sacerdotem

447 2365 522 2436 tate,
552 2357 704 2440 quoniam
733 2358 921 2437 (secundum
956 2356 1196 2439 Philosophum)
1251 2363 1284 2417 et
1305 2354 1504 2436 episcopum,
1521 2355 1616 2418 habet
1639 2356 1869 2437 plenitudinem
1892 2355 1981 2418 eccle-

447 2455 588 2520 actiones
614 2463 688 2519 sunt
712 2456 959 2538 suppositorum.
984 2455 1100 2533 Tertio,
1124 2455 1197 2519 dico
1251 2453 1386 2517 siasticae
1406 2455 1570 2535 potestatis
1595 2462 1660 2517 um
1683 2454 1806 2518 ordinis
1830 2473 1921 2536 quam
1940 2455 1983 2535 ju-

447 2556 532 2636 quod
551 2555 735 2637 hujusmodi
757 2553 923 2636 plenitudo
942 2554 1118 2636 potestatiS,
1134 2563 1197 2617 tro
1252 2552 1446 2617 risdictionis
1469 2553 1646 2634 utriusque.
1667 2552 1801 2635 lnsuper
1818 2554 1861 2615 ait
1877 2551 1982 2615 descri-

447 2653 519 2736 pice
534 2661 565 2716 et
586 2652 692 2736 aliquo
712 2653 807 2716 modo
826 2652 989 2734 aequivoce
1008 2651 1108 2714 estin
1128 2653 1197 2714 uni·
1250 2649 1356 2715 bando
1376 2677 1383 2713 ι
1404 2652 1575 2714 Possumus
1595 2652 1713 2730 dicere,
1728 2653 1814 2735 quod
1834 2652 1982 2734 plenitudo

447 2750 562 2814 versali
590 2750 745 2830 Ecclesia,
771 2759 803 2814 et
829 2751 861 2814 in
891 2751 1031 2833 generali
1060 2750 1196 2814 concilio
1250 2749 1475 2813 ecclesiastica
1493 2748 1658 2832 potestatis
1679 2759 1729 2812 est
1752 2759 1889 2832 potestas
1910 2748 1982 2812 ordi·

448 2848 551 2929 ipsam
575 2857 832 2931 representante.
856 2849 914 2912 Pro
938 2848 1031 2930 cujus
1055 2849 1197 2912 declara·
1249 2848 1300 2910 nis
1315 2857 1346 2911 et
1359 2847 1602 2930 jurisdictionis,
1617 2866 1722 2929 quma
1740 2848 1864 2912 Christo
1881 2848 1982 2911 collata

448 2946 545 3028 tione,
562 2947 728 3010 sciendum
743 2948 828 3030 quod
848 2955 1001 3030 quantum
1024 2947 1062 3010 ad
1082 2966 1196 3030 propo-
1249 2953 1298 3008 est
1326 2945 1609 3027 supernaturaliter
1635 2946 1737 3026 Petro,
1767 2946 1850 3010 sicut
1875 2945 1982 3008 vicario

448 3044 543 3107 sitnm
559 3045 707 3129 pertinet,
723 3045 842 3128 aliquid
857 3045 974 3108 dicitur
988 3065 1057 3109 csse
1079 3047 1112 3108 in
1132 3047 1196 3110 alio
1212 3040 1234 3103 G
1249 3062 1307 3107 suo
1321 3052 1353 3108 et
1367 3045 1547 3107 monarcha
1561 3042 1674 3126 primo,
1683 3063 1741 3126 pro
1756 3063 1791 3107 se
1805 3053 1837 3108 et
1849 3045 1913 3108 sais
1925 3063 1981 3106 suc

447 3144 647 3226 tripliciter:
673 3144 777 3226 primo
808 3154 842 3207 ut
869 3145 902 3206 in
932 3144 1088 3226 subjecto,
1115 3145 1196 3209 sicut
1248 3144 1429 3207 sessoribus
1443 3142 1594 3225 legitimis
1609 3163 1711 3225 usque
1725 3144 1760 3206 in
1780 3143 1878 3208 finem
1896 3163 1982 3207 sacn-

447 3244 596 3307 accidens
621 3251 669 3307 est
693 3244 726 3305 in
752 3242 917 3325 subjecto3
941 3244 1082 3307 secundo
1105 3244 1195 3307 utin
1249 3243 1285 3322 li,
1305 3243 1345 3305 ad
1369 3242 1618 3306 edificationem
1641 3243 1793 3305 Ecclesia
1817 3242 1980 3318 militantis,

446 3342 585 3423 objectu,
603 3343 686 3405 sieut
706 3341 842 3405 effectus
861 3342 977 3405 dicitnr
995 3362 1065 3406 esse
1085 3342 1119 3405 in
1139 3363 1196 3405 sua
1249 3349 1378 3423 propter
1395 3340 1656 3405 consecutionem
1674 3340 1841 3405 felicitatis
1858 3350 1980 3404 curua.

448 3460 543 3504 causa
557 3440 608 3503 vel
624 3440 658 3501 in
673 3459 730 3505 suo
745 3439 825 3521 fine,
841 3440 917 3523 quia
931 3441 964 3502 in
984 3440 1075 3503 illum
1096 3441 1196 3504 tendit
1247 3440 1324 3502 ltem
1349 3440 1425 3503 dicit
1448 3463 1455 3502 :
1479 3439 1617 3503 Potestas
1642 3440 1858 3504 ecclesiastiea
1881 3441 1913 3503 in
1933 3457 1982 3501 sua

447 3546 599 3621 tanquam
618 3539 652 3600 in
672 3557 764 3601 suurn
783 3538 882 3601 finale
902 3537 1063 3619 objectum
1076 3563 1085 3618 ς
1101 3540 1194 3603 tertio
1248 3538 1448 3620 plenitudine
1462 3546 1511 3601 est
1525 3538 1560 3600 in
1574 3538 1716 3601 Ecclesia
1730 3539 1815 3602 sicut
1829 3540 1861 3601 in
1876 3538 1983 3618 fine,et

448 3644 597 3719 tanquam
614 3637 646 3699 in
662 3636 818 3719 exemplo,
835 3636 919 3700 sicut
933 3656 983 3699 res
999 3638 1067 3700 visa
1080 3638 1196 3701 dicitur
1248 3638 1331 3700 sicut
1349 3637 1382 3698 in
1401 3638 1565 3718 regulante
1586 3636 1833 3719 applicationem
1852 3646 1884 3700 et
1900 3654 1982 3699 usum

447 3754 517 3798 esse
538 3736 571 3797 in
591 3735 731 3818 speculo,
749 3743 781 3797 et
794 3735 938 3798 doctrina
957 3735 991 3798 in
1011 3735 1105 3815 libro,
1121 3737 1195 3818 quia
1248 3735 1431 3817 hujusmodi
1447 3735 1655 3817 plenitudinis
1669 3735 1893 3799 ecclesiastice
1907 3743 1983 3818 pole

447 3841 690 3915 representatur
704 3832 737 3895 in
753 3852 801 3897 eo.
817 3832 922 3898 Primo
941 3835 1036 3898 modo
1056 3834 1197 3917 plenitu-
1248 3835 1348 3913 statis,
1366 3852 1423 3916 per
1436 3854 1471 3897 se
1484 3834 1587 3915 ipsam
1606 3834 1657 3897 vel
1677 3853 1735 3916 per
1753 3835 1900 3917 generale
1918 3852 1983 3897 con·

446 3933 488 3996 do
517 3932 681 4013 potestatis
710 3932 932 3996 ecclesiasticae
961 3942 1009 3997 est
1036 3934 1070 3995 in
1099 3934 1192 4017 Papa,
1248 3933 1370 3997 cilium.
1397 3932 1526 3996 Constat
1549 3931 1656 4013 itaque
1682 3933 1790 3995 datam
1818 3932 1915 3996 fuisse
1937 3931 1984 3993 Pe

447 4038 599 4113 tanquam
624 4030 657 4093 in
682 4031 827 4112 subjecto
851 4030 953 4112 ipsam
973 4032 1145 4115 recipiente
1164 4042 1196 4095 et
1248 4041 1296 4095 tro
1311 4029 1544 4114 plenitudinem
1559 4030 1785 4094 ecclesiasticae
1802 4030 1983 4115 potestatisa

447 4128 700 4193 ministerialiter
727 4136 904 4192 exercente.
930 4129 1074 4193 Secundo
1100 4132 1195 4195 modo
1247 4130 1371 4193 Christo
1400 4129 1439 4191 ad
1463 4128 1710 4192 edificationem
1737 4130 1896 4194 Ecclesia.
1919 4130 1983 4192 ldeo

448 4228 544 4291 estin
558 4226 730 4289 universali
747 4226 899 4305 Ecclesia,
917 4236 1067 4308 tanquam
1088 4229 1121 4291 in
1140 4230 1196 4293 ola
1209 4226 1234 4288 D
1249 4228 1388 4309 loquitur
1398 4227 1604 4309 Augustinus,
1612 4228 1696 4309 qued
1707 4227 1815 4291 claves
1829 4230 1907 4292 datm
1920 4234 1984 4290 sunt

447 4326 533 4408 jecto
548 4326 650 4408 ipsam
666 4325 833 4388 causaliter
847 4334 941 4406 atque
960 4325 1103 4390 finaliter
1120 4347 1196 4390 con·
1249 4345 1313 4389 non
1338 4326 1405 4405 uni,
1427 4326 1481 4388 sed
1506 4326 1631 4405 unitati,
1651 4333 1683 4387 et
1709 4327 1795 4408 quod
1820 4328 1898 4390 datae
1920 4332 1985 4388 sunt

447 4425 568 4487 tinente
586 4447 593 4485 :
609 4424 759 4505 quoniam
778 4423 943 4505 plenitudo
966 4425 1034 4487 heac
1059 4444 1123 4487 non
1147 4435 1195 4489 est
1248 4425 1399 4489 Ecclesia
1416 4448 1423 4486 ε
1439 4425 1592 4505 qnoniam
1611 4424 1719 4487 claves
1737 4426 1819 4489 data
1838 4434 1984 4505 suntpro

448 4521 617 4586 causaliter
631 4530 760 4603 propter
773 4523 900 4603 Papam,
912 4524 967 4584 sed
982 4522 1064 4605 Papa
1078 4524 1194 4605 atejus
1249 4533 1320 4606 pter
1333 4522 1508 4586 Ecclesiam
1523 4530 1555 4585 et
1568 4522 1719 4585 unitatem
1734 4524 1835 4606 ipsius
1849 4534 1984 4605 tanqmn

447 4628 586 4703 potestas
609 4628 683 4681 sunt
702 4628 831 4701 propter
854 4619 1040 4699 Ecclesiam,
1057 4631 1089 4684 et
1112 4624 1196 4686 ordi·
1249 4630 1378 4703 propter
1398 4620 1510 4683 finem.

446 4726 565 4781 uantur
583 4718 620 4779 ad
641 4736 710 4779 eam
731 4718 813 4779 sicut
837 4717 875 4778 ad
900 4715 1011 4797 finem,
1029 4718 1060 4780 id
1084 4728 1132 4781 est
1155 4721 1194 4782 ad
1289 4722 1328 4781 m
1342 4738 1417 4782 vero
1432 4705 1466 4782 in
1485 4737 1633 4783 sermone
1650 4720 1707 4801 qni
1726 4720 1852 4803 incipit,
1867 4722 1984 4802 Prospe
2004 4738 2084 4781 ram.

448 4816 517 4897 ejus
539 4815 796 4893 edificationem,
813 4814 888 4896 quia
909 4816 1099 4895 (secundum
1113 4820 1195 4899 Apo
1249 4837 1319 4880 rum
1344 4819 1405 4881 iter
1428 4816 1526 4879 faciet
1549 4815 1643 4880 nobis
1668 4818 1761 4896 Deus,
1783 4804 2021 4882 cancellade

308 4932 432 4987 alcoran.
447 4915 576 4995 stolum)
605 4914 687 4977 hanc
720 4920 908 4995 potestatem
937 4914 1025 4977 dedit
1051 4915 1133 4978 Deus
1161 4916 1194 4977 in
1249 4916 1430 4979 notabiliter
1443 4915 1550 4978 ait:ln
1566 4915 1705 4980 concilio
1719 4918 1844 5000 papalis
1857 4926 1984 5001 potestas
2105 4952 2107 4966 ι

301 4999 335 5039 ¹⁰·
447 5011 704 5091 edificationem,
730 5020 761 5074 et
785 5012 905 5075 nonin
932 5012 1191 5079 destructionem.
1249 5015 1434 5093 includitur,
1451 5000 1598 5095 quamdis
1613 5014 1705 5078 aliter
1718 5015 1761 5078 sit
1774 5017 1843 5079 haec
1858 5024 1985 5099 potestas
2105 5001 2107 5060 ἶ

446 5112 551 5175 'lertio
576 5110 681 5173 estin
705 5110 844 5192 generali
869 5109 1017 5191 concilio,
1043 5120 1193 5195 tanquam
1248 5113 1281 5175 in
1306 5114 1399 5195 Papa,
1420 5113 1514 5175 aliter
1537 5113 1569 5174 in
1595 5111 1733 5177 concilio
1754 5138 1761 5175 ε
1784 5114 1867 5178 sicut
1889 5115 1985 5177 claves
2105 5101 2107 5154 ἶ

446 5210 480 5273 in
494 5208 639 5290 exemplo
655 5208 756 5291 ipsam
773 5216 1017 5290 representantc
1032 5218 1127 5291 atque
1146 5232 1194 5275 re
1248 5212 1340 5274 aliter
1353 5212 1434 5275 datm
1448 5219 1523 5274 sunt
1535 5212 1638 5291 Petro,
1655 5211 1747 5275 aliter
1759 5212 1919 5277 Ecclesia.
1933 5212 1986 5274 Un-

444 5307 597 5395 gulariter
610 5306 767 5387 dirigente
786 5328 792 5367 :
809 5305 885 5386 quia
904 5305 930 5367 si
951 5304 1033 5388 Papa
1048 5307 1193 5371 abutere·
1247 5311 1287 5373 de
1307 5310 1480 5374 concilium
1495 5309 1529 5371 in
1543 5310 1654 5372 multis
1672 5328 1743 5392 qna
1761 5310 1879 5395 Papam
1897 5309 1986 5395 respi-
2105 5370 2107 5374 ,
