4309 6250
295 514 300 521 ·
406 506 630 557 cantuariam
650 508 688 556 nr
709 508 857 555 tamnus
878 510 906 555 a.
929 508 959 553 r.
982 508 1100 571 naara,
1123 510 1212 559 aram
1233 514 1274 559 rr.
1296 530 1337 543 -
1356 514 1428 560 aar.
1451 514 1484 560 rx
1665 496 1725 562 aaa

208 677 289 741 lliuc
322 697 413 742 sacra
444 678 637 743 obdormitio
666 688 731 759 tua,
761 696 824 742 nou
854 686 918 741 tam
932 679 958 741 A
974 698 1102 743 recessu
1116 680 1308 761 dolentibus,
1326 682 1387 746 lias
1407 682 1599 760 consolator,
1615 690 1649 745 et
1666 701 1725 764 per

170 796 254 841 mors
269 797 366 858 quam
385 778 621 860 transmigratio
642 786 674 841 et
695 779 850 841 adventus
871 787 920 841 est
974 776 1212 859 impositionem
1244 800 1396 843 manuum
1426 801 1568 845 mearum
1598 799 1723 863 appone

169 874 371 959 appellanda.
388 876 559 940 Discedens
575 896 712 959 namque
733 896 751 939 a
772 896 917 959 corpore,
974 875 1230 941 benedictionem
1263 899 1360 962 super
1387 880 1642 944 benedictionem
1671 898 1724 943 eo·

170 974 302 1037 advenis
327 974 420 1053 coelo,
445 975 504 1036 tibi
528 974 661 1037 obviant
683 973 795 1056 Angeli
825 982 919 1055 atquc
975 992 1055 1037 rum.
1072 975 1193 1039 Deinde
1215 978 1388 1040 extendens
1413 998 1555 1056 manum,
1576 976 1722 1040 fidelium

170 1072 373 1153 Archangeli,
391 1090 558 1134 ascensum
573 1079 662 1134 tuum
678 1072 808 1135 horrent
827 1072 920 1153 spiri·
974 1072 1144 1154 collegium
1160 1074 1332 1155 benedixit,
1348 1084 1381 1139 ct
1394 1076 1516 1139 addidit
1533 1100 1539 1138 :
1558 1076 1593 1138 lu
1609 1094 1722 1138 manus
1745 1103 1870 1156 rom„

171 1176 220 1230 tus
236 1168 405 1231 immundi.
418 1168 486 1231 Non
502 1169 599 1247 ivisti,
612 1168 795 1232 beatissima
810 1169 917 1250 Virgo,
974 1176 1043 1231 tuas
1066 1172 1257 1236 commendo
1282 1173 1430 1253 spiritum
1454 1192 1571 1237 meum.
1589 1175 1722 1256 Suscipe
1735 1166 1790 1271 ff·
1811 1180 1870 1215 ¹¹¹⁰·

117 1266 434 1330 .n‚incoelumsicut
454 1267 672 1349 Elias,ueque
694 1276 728 1329 ut
749 1267 863 1330 Paulus
885 1268 918 1329 in
973 1268 1113 1331 animam
1128 1288 1231 1333 meam
1247 1271 1303 1334 tibi
1323 1272 1485 1352 dilectam,
1502 1291 1598 1354 quam
1620 1273 1723 1335 incul-
1764 1260 1770 1271 ⁸

59 1375 111 1448 2„
171 1366 288 1428 ooelum
314 1366 441 1429 tertium
465 1366 656 1441 ascendisti3
679 1366 732 1427 scd
758 1384 858 1447 usque
880 1366 918 1428 ad
974 1373 1077 1447 petam
1094 1369 1238 1431 servasti.
1256 1369 1337 1445 Tibi,
1354 1377 1386 1432 et
1400 1389 1465 1432 non
1487 1380 1588 1451 terrae,
1606 1390 1722 1453 corpus

36 1470 53 1517 ἒ,
79 1501 84 1510 -
170 1463 309 1545 regalem
334 1464 380 1526 tui
406 1465 555 1528 thronum
583 1464 652 1525 Filii
677 1464 821 1545 attigisti.
839 1463 919 1527 llors
975 1484 1081 1527 meum
1096 1466 1296 1530 commendo.
1310 1467 1437 1531 Custodi
1454 1468 1533 1530 illud
1549 1470 1720 1550 integrum,

169 1562 304 1625 aliorum
328 1562 516 1625 Sanctorum
540 1561 751 1641 benedicitur,
774 1580 813 1625 co
833 1563 918 1644 quod
973 1563 1057 1644 quod
1074 1562 1251 1627 inhabitare
1272 1565 1331 1628 tibi
1352 1566 1556 1647 complacuit.
1573 1567 1723 1630 ‘l'rausfer

169 1661 254 1742 ipsos
269 1661 379 1723 beatos
401 1659 539 1723 exhibet.
555 1658 590 1721 lu
611 1667 641 1723 te
664 1668 770 1722 autem
795 1660 855 1723 hoc
877 1660 920 1723 ita
974 1680 1024 1722 mc
1039 1662 1079 1723 ad
1094 1670 1136 1741 tc,
1153 1670 1187 1723 ut
1202 1663 1255 1726 ubi
1279 1671 1313 1725 tu
1334 1683 1379 1741 es,
1396 1682 1540 1727 meomm
1562 1666 1721 1729 viscerum

168 1758 274 1819 locum
295 1774 360 1820 uon
382 1756 487 1819 habet.
504 1757 584 1819 lfors
604 1756 690 1818 enim
709 1764 764 1819 tua
783 1774 845 1820 nou
872 1766 920 1819 est
974 1760 1163 1840 partus,sim
1179 1769 1211 1823 et
1225 1779 1284 1841 ego
1300 1761 1356 1824 tibi
1373 1762 1570 1827 cohabitans.
1583 1763 1629 1825 lbi
1646 1772 1721 1826 tunc

167 1855 331 1919 beatitudo
358 1862 421 1932 tua,
449 1874 507 1917 uec
532 1854 770 1936 transmigratio
797 1864 850 1918 tua
871 1858 956 1921 estB
973 1856 1047 1919 talia
1063 1867 1137 1919 sunt
1150 1859 1259 1921 audita
1275 1882 1282 1920 :
1299 1859 1409 1943 Surge,
1426 1860 1542 1924 dilecta
1558 1880 1639 1939 mea,
1655 1862 1722 1944 pul·
1736 1888 1869 1943 cmo,

168 1952 325 2035 perfectio
355 1960 419 2032 tua,
446 1972 505 2016 nec
531 1972 677 2017 recessus
701 1953 834 2035 largitur
862 1954 918 2017 tibi
973 1955 1049 2017 chra
1065 1954 1098 2017 in
1113 1956 1316 2034 mulieribus3
1334 1966 1398 2021 tota
1413 1959 1546 2040 pulchra
1559 1979 1605 2038 es,
1617 1960 1722 2023 amica
1734 1964 1765 2002 ¹'·
1777 1952 1798 1995 ⁷·

169 2050 376 2113 beatitudinis
391 2051 604 2115 securitatem.
615 2050 765 2113 Omnium
780 2070 918 2133 namque
974 2072 1054 2130 mea,
1071 2062 1102 2117 et
1117 2056 1243 2118 macula
1256 2075 1320 2120 uon
1335 2064 1384 2119 est
1398 2057 1432 2120 in
1451 2066 1493 2121 te.
1511 2058 1585 2133 Quae
1605 2058 1723 2121 beatis·

167 2149 325 2212 bonorum
354 2167 425 2230 que
454 2149 625 2211 humanam
655 2156 796 2212 mentem
829 2168 920 2212 exce·
973 2152 1052 2215 sima
1068 2152 1164 2234 Virgo
1179 2154 1323 2232 audiens,
1340 2156 1543 2219 commendat
1556 2156 1590 2217 iu
1606 2176 1721 2221 manus

167 2248 259 2326 dunt,
275 2254 309 2309 tu
331 2246 538 2329 principium,
555 2254 589 2309 tu
615 2246 756 2309 medium
776 2254 807 2308 et
827 2245 915 2310 finis,
971 2249 1043 2311 Filii
1065 2251 1212 2333 spiritum
1237 2272 1342 2333 suum,
1359 2262 1391 2316 et
1413 2254 1529 2336 migrat
1552 2274 1626 2318 cum
1651 2254 1722 2337 ipso

167 2345 234 2407 Tua
255 2345 409 2407 securitas
429 2352 460 2407 et
478 2352 533 2406 tua
552 2342 718 2425 perfectio,
734 2352 783 2407 est
802 2344 917 2407 Christi
973 2348 1006 2409 in
1021 2348 1150 2428 coelum,
1164 2358 1333 2431 regnatura
1348 2351 1382 2413 iu
1396 2352 1638 2435 sempiternum.
1651 2354 1723 2416 Per-

168 2443 337 2524 couceptio
351 2451 383 2505 et
397 2442 507 2507 diviua
522 2442 720 2505 inhabitatio.
737 2442 824 2505 Unde
844 2461 918 2505 vere
973 2444 1100 2528 fusique
1124 2448 1264 2511 lacrimis
1289 2450 1392 2512 sancti
1413 2450 1554 2533 Apostoli
1580 2451 1722 2534 infigunt

166 2541 287 2619 dixisti,
305 2559 369 2604 uon
391 2560 409 2603 a
433 2548 547 2619 morte,
564 2541 618 2603 sed
644 2542 684 2603 ab
714 2541 782 2623 ipsa
806 2559 920 2603 conce-
971 2546 1081 2609 oscula
1095 2547 1296 2611 tabernaculo
1311 2548 1677 2629 Domini,benedictione
1691 2560 1724 2614 et

41 2656 151 2704 nero.
166 2640 277 2721 ptione
293 2640 333 2701 ab
347 2637 497 2701 omnibus
511 2637 772 2719 generationibus
793 2644 824 2700 te
845 2638 919 2705 hea-
971 2641 1138 2705 sanctitate
1162 2661 1200 2704 ex
1218 2651 1366 2707 contactu
1386 2645 1590 2709 sacratissimi
1610 2664 1721 2729 corpo

166 2737 298 2800 tificari.
324 2736 403 2799 llinc
432 2744 463 2799 te
497 2754 583 2799 mors
612 2755 676 2799 non
705 2735 915 2815 beatificavit,
971 2738 1014 2800 ris
1029 2739 1204 2821 adimpleti.
1221 2776 1262 2787 -
1275 2741 1346 2805 llaec
1361 2742 1587 2807 Damascenus.

166 2836 221 2899 sed
237 2843 273 2897 tu
289 2834 394 2917 potius
416 2844 550 2898 mortem
572 2834 771 2913 clarificasti,
789 2833 917 2897 solvens

166 2934 238 3015 ejus
254 2932 451 3012 moestitiam,
469 2940 501 2996 et
513 2941 649 2997 mortem
670 2940 861 2995 convertens
883 2932 916 2994 iu

164 3032 332 3114 gaudium.
357 3031 519 3106 Quomodo
547 3032 710 3113 corruptio
734 3030 856 3112 aliquid
882 3030 958 3099 ioG
1178 3058 1424 3126 ARTICULUS
1444 3060 1506 3126 [χ.

165 3141 256 3194 tuum
282 3149 399 3214 corpus
423 3130 564 3209 auderet,
579 3131 665 3212 quod
690 3131 793 3214 ipsam
816 3129 915 3193 vitam

164 3230 330 3312 portavitl
971 3235 1123 3302 Qualiter
1143 3237 1478 3312 supergloriosiasima
1499 3240 1650 3299 Trinitas
1672 3259 1723 3298 ve-

205 3328 302 3392 Porro
326 3325 505 3410 Apostolos,
531 3327 586 3410 qui
612 3327 731 3408 ubique
760 3333 916 3390 tor-mrum
1011 3323 1121 3382 aienti
1132 3325 1177 3383 ad
1189 3327 1283 3385 coelos
1296 3327 1498 3388 electissimae
1522 3328 1653 3404 Virgini
1670 3329 1722 3387 ob-

163 3426 317 3508 dispersi,
347 3426 515 3490 homiuum
545 3424 714 3508 piscationi
747 3426 914 3504 vacabant,
1011 3412 1129 3514 viavit,
1153 3421 1184 3472 et
1207 3433 1306 3492 fuam
1327 3415 1635 3516 fmfflrssbilt'ier
1655 3419 1722 3493 pto

166 3524 281 3586 divina
306 3522 408 3604 jussio
432 3523 524 3606 qnasi
548 3527 666 3606 sagcn'a
688 3523 832 3605 quasdam
860 3541 917 3585 seu
1012 3519 1097 3560 ’⁴²⁰⁸‘
1117 3520 1189 3560 eam
1207 3511 1346 3578 “mi“
1368 3512 1398 3563 ⁰²
1414 3505 1628 3581 9²⁰r2'fi00122'5·

163 3623 269 3685 nubes
282 3622 456 3684 Jerusalem
472 3621 620 3701 contulit,
636 3619 780 3685 velocius
800 3620 916 3702 aquilis
1113 3623 1118 3628 ’

163 3721 323 3802 colligens
338 3738 403 3783 eos.
421 3719 509 3782 'lunc
530 3719 625 3801 primi
647 3727 795 3802 parentes
815 3719 915 3782 Adam
1043 3719 1316 3781 NAestcotumba
1325 3721 1718 3795 mea,immacutatamea,
1744 3751 1864 3806 cmo,

163 3827 195 3882 ct
219 3819 288 3882 Eva
311 3818 568 3882 exclamaverunt
594 3840 602 3880 ι
628 3817 709 3881 Veni
733 3818 773 3880 ad
800 3835 870 3894 nos,
896 3834 915 3881 o
1051 3817 1199 3893 perfecta
1227 3835 1307 3877 mea.
1337 3815 1410 3877 Pius
1444 3825 1476 3879 et
1501 3817 1607 3898 justus
1635 3820 1718 3884 Deus
1732 3817 1786 3864 Η·

163 3936 293 3981 sacrum
315 3925 347 3980 et
371 3915 571 3979 salutiferum
596 3913 712 3978 Christi
737 3913 913 3993 cellarium,
971 3931 1232 3994 unumquemque
1246 3931 1284 3974 ex
1298 3913 1358 3976 hoc
1374 3913 1491 3978 saeculo
1511 3924 1657 3980 sanctum
1678 3918 1718 3981 ad

163 4033 234 4097 quae
249 4023 396 4078 nostrum
413 4014 551 4097 implesti
567 4013 916 4078 desiderium.Econtra
971 4031 1004 4074 se
1032 4011 1227 4088 venientem,
1253 4019 1341 4074 tanto
1365 4013 1543 4076 amerosius
1570 4017 1717 4098 suscipit,

163 4114 268 4177 sahmi
284 4113 339 4194 qui
356 4113 487 4176 aderant
505 4113 608 4176 adhuc
624 4113 657 4174 in
673 4131 769 4176 carne
790 4113 915 4176 mortali
969 4117 1057 4172 tanto
1070 4108 1244 4191 jucundius
1257 4109 1464 4191 amplexatur,
1481 4118 1569 4174 tanto
1588 4115 1718 4178 suavius

163 4213 313 4275 viventes
337 4211 487 4275 dicebant
503 4235 510 4274 :
526 4211 616 4274 Mane
640 4212 820 4289 nobiscum,
841 4229 917 4275 con·
930 4212 955 4276 o
970 4207 1182 4286 deosculatur,
1199 4213 1287 4270 tanto
1301 4207 1470 4270 sublimius
1488 4207 1634 4290 felicitat,
1650 4219 1719 4274 tan-

163 4309 280 4374 solatio
304 4317 422 4373 nostra.
438 4308 507 4374 Non
532 4310 694 4392 relinquas
719 4329 777 4374 uos
803 4311 917 4392 orpha·
970 4313 1066 4387 toque
1088 4303 1206 4368 clarius
1220 4323 1254 4366 se
1269 4304 1299 4367 ei
1318 4305 1467 4387 ostendit,
1483 4314 1515 4368 et
1533 4314 1621 4372 tauto
1639 4309 1719 4373 vici·

162 4428 235 4488 nos,
267 4426 363 4489 quam
399 4408 553 4471 habemus
587 4409 732 4472 laborum
767 4409 914 4472 solatium
971 4405 1044 4466 nius
1059 4403 1120 4466 sibi
1134 4421 1208 4465 cum
1222 4403 1534 4486 conjungit,quanto
1554 4407 1718 4471 ardentius

163 4505 433 4588 refrigeriumque
448 4505 689 4570 sudorum'l'ibi
705 4505 824 4568 viventi
841 4524 916 4568 con·
971 4510 1065 4584 atque
1089 4500 1244 4563 sincerius
1268 4501 1338 4583 ipse
1360 4502 1401 4565 ab
1430 4503 1487 4567 illo
1510 4504 1573 4568 fuit
1594 4505 1628 4568 in
1657 4509 1719 4571 hoc

162 4607 285 4684 vivere,
301 4603 360 4667 tibi
375 4603 524 4667 morienti
546 4603 712 4682 commori,
727 4603 913 4685 gloriosum.
971 4601 1091 4663 mundo
1112 4599 1247 4662 dilectus
1268 4608 1300 4662 et
1320 4601 1519 4682 concupitas,
1536 4613 1719 4687 quantoque

162 4704 263 4769 Nobis
285 4703 372 4767 enim
392 4701 459 4765 haec
484 4701 549 4764 vita
572 4703 731 4783 quomodo
756 4703 817 4765 erit
839 4703 914 4784 vita,
971 4699 1084 4782 purius
1097 4717 1134 4762 ac
1149 4697 1323 4779 perfectius
1342 4698 1383 4760 ab
1405 4698 1461 4762 illo
1481 4701 1602 4765 exstitit
1621 4703 1723 4768 hono·

161 4801 327 4866 destitutis
350 4808 405 4863 tua
429 4799 619 4882 praesentiat
644 4799 716 4862 llaec
740 4808 772 4863 et
800 4801 916 4864 similia
971 4806 1067 4860 ratus.
1084 4797 1123 4858 Et
1136 4804 1256 4877 quanto
1270 4796 1432 4860 rationalis
1446 4807 1591 4863 creatura
1607 4801 1641 4864 in
1655 4804 1722 4865 vita

162 4903 211 4982 (ut
225 4899 378 4976 arbitror)
392 4895 533 4980 Apostoli
548 4915 621 4959 cum
637 4896 759 4978 reliqua
779 4898 916 4980 plenitu-
971 4894 1119 4978 praesenti
1142 4913 1177 4958 se
1195 4894 1297 4977 ipsam
1321 4895 1461 4973 totalius,
1483 4898 1663 4980 promptius
1683 4919 1721 4963 ac

162 4999 239 5060 dine
255 4993 419 5074 Ecclesiae,
427 4995 547 5058 crebris
562 4994 755 5076 singultibus
769 4997 915 5077 querelas
971 4993 1212 5056 reverentialius
1234 4992 1371 5071 exhibet,
1387 4992 1484 5056 offert
1501 5004 1534 5057 et
1556 4996 1721 5079 mancipat

162 5092 486 5176 interrumpentibus,
520 5092 751 5174 proponebant.
788 5095 827 5156 At
861 5095 915 5158 illa
969 5091 1108 5155 Creatori
1129 5099 1161 5154 et
1179 5092 1250 5172 ejus
1268 5093 1369 5156 amori
1389 5111 1426 5156 ac
1449 5093 1560 5172 cultui,
1578 5103 1664 5159 tanto
1686 5098 1719 5160 in

34 5249 87 5295 Μ
117 5255 125 5298 ¹
162 5211 321 5257 conversa
340 5191 381 5252 ad
399 5189 525 5268 Filium,
541 5191 585 5254 ait
601 5213 608 5252 :
625 5190 671 5253 'lu
689 5189 815 5254 dilectis
836 5190 915 5255 filiis
969 5192 1072 5274 patria
1086 5190 1142 5253 illa
1160 5191 1281 5254 ooelesti
1303 5192 1431 5255 Creator
1448 5194 1651 5276 omnipotens
1670 5214 1719 5259 se-

32 5315 59 5354 u.
88 5267 114 5306 '¹¹'
131 5258 150 5308 ¹’
163 5309 245 5374 quos
257 5289 378 5353 fratres
392 5286 550 5370 appellare
566 5288 771 5372 complacuit,
787 5289 826 5352 de
842 5307 914 5354 meo
971 5289 1143 5372 metipsum
1158 5289 1321 5351 liberalius
1334 5309 1371 5352 ac
1385 5291 1556 5371 gloriosius
1571 5294 1718 5375 rependit
