4309 6250
500 499 619 548 oorrm
639 498 807 548 immorari
827 495 999 556 ιιιιιοιιιτι,
1021 495 1109 544 arasa
1129 497 1175 546 nr.
1195 515 1237 530 -
1256 497 1326 546 aar.
1349 499 1393 546 vu
1665 478 1725 544 377

213 671 359 757 Insuper,
390 693 447 737 cur
480 681 552 756 post
586 670 855 755 supplicationem
888 669 921 732 in
937 669 961 732 t
979 668 1169 734 intervallal
1183 669 1262 746 Quid
1277 669 1354 734 item
1369 669 1402 734 in
1418 672 1475 752 eis,
1491 679 1524 736 et
1537 677 1615 754 quot
1629 671 1725 734 suntt

173 773 378 836 ascendendo
401 771 567 836 constituit
588 769 779 848 Gabrielem,
795 769 849 852 qui
875 757 949 831 est'
977 769 1133 852 Deinceps
1157 770 1364 850 querendum
1388 772 1428 834 de
1453 769 1631 834 intervallis
1656 787 1727 850 gra·

173 871 215 933 de
228 871 324 934 tertio
334 869 446 934 ordine
460 869 707 951 angelorumtEt
720 869 760 932 de
773 886 923 951 quocum
977 867 1029 930 tia
1043 877 1137 950 atque
1152 869 1313 950 potentia,
1326 877 1357 932 et
1370 889 1429 932 cur
1442 870 1549 952 potius
1563 875 1727 951 ponuntur

172 988 237 1051 que
266 969 307 1031 sit
333 969 457 1048 ordine,
483 970 516 1031 in
544 969 657 1032 eodem
681 968 923 1031 constituendus
977 984 1073 1047 quam
1088 965 1255 1030 intervalla
1268 967 1399 1047 justitie
1417 987 1454 1032 ac
1470 967 1653 1050 sapientie,
1670 985 1728 1030 cur

173 1075 224 1130 est
241 1068 340 1130 choro
359 1087 433 1130 eum
450 1067 567 1131 ceteris
585 1066 707 1148 angelis
725 1066 765 1128 de
786 1083 921 1147 quorum
978 1084 1075 1147 super
1097 1085 1146 1144 ea,
1163 1065 1330 1128 intervalla
1353 1066 1484 1130 Deitatis
1506 1075 1679 1149 ponuntur,
1695 1073 1728 1128 et

172 1166 274 1230 choro
296 1175 344 1228 est
362 1166 442 1249 ipse.
458 1167 498 1228 Αι
517 1183 604 1242 vero,
621 1185 679 1227 cur
700 1183 797 1245 super
815 1163 923 1227 Gabri-
978 1163 1056 1244 quid
1084 1173 1158 1226 sunt
1182 1183 1219 1226 ac
1243 1165 1360 1246 qualia,
1386 1172 1506 1246 quanta
1530 1183 1668 1246 quoque,
1695 1173 1728 1227 et

172 1265 257 1328 elem
283 1265 374 1347 ponit
396 1267 649 1346 pergamenuml
668 1263 716 1324 An
737 1282 757 1324 a
781 1263 845 1326 Deo
864 1263 923 1324 im·
977 1262 1054 1344 quid
1076 1263 1109 1324 in
1131 1261 1189 1340 eis,
1206 1270 1238 1324 et
1259 1261 1330 1344 quis
1355 1281 1465 1326 eorum
1490 1272 1539 1326 est
1560 1281 1724 1326 numerus.

172 1362 312 1425 mediate
339 1369 481 1425 creatum
508 1369 569 1439 est,
597 1361 649 1423 vel
681 1361 722 1422 de
750 1358 923 1422 velleribus
977 1361 1055 1424 ltem
1076 1362 1117 1424 de
1141 1360 1317 1424 intervallis
1334 1360 1583 1443 dispensationis
1603 1361 1661 1424 rite
1680 1361 1728 1423 in-

171 1459 318 1523 lactumt
342 1460 381 1522 Et
403 1468 529 1542 quantae
552 1468 627 1522 sunt
651 1459 722 1540 eius
749 1458 923 1522 dimensio·
978 1459 1163 1540 vestigetur.
1193 1459 1406 1540 Incongruum
1439 1476 1565 1542 quoque
1601 1460 1728 1523 videtur

171 1563 251 1622 nest
261 1558 420 1642 Amplius,
429 1559 514 1640 quod
528 1566 578 1621 est
591 1576 678 1621 mare
692 1557 823 1639 plenum
837 1558 922 1640 quod
978 1557 1063 1639 quod
1089 1557 1265 1621 intervallis
1287 1557 1418 1619 Deitatis
1443 1557 1616 1636 altissimas,
1632 1557 1727 1621 inter·

172 1675 367 1740 pergameno
390 1666 438 1720 est
461 1655 720 1739 superposituml
740 1663 772 1718 et
791 1673 924 1738 quomo-
979 1657 1062 1719 valla
1082 1655 1330 1739 dispensationis
1352 1665 1622 1738 superponuntur.

172 1757 215 1819 do
241 1757 271 1819 ei
295 1756 447 1837 competit
472 1757 561 1819 locus
585 1754 661 1817 illet
676 1755 766 1833 ltem,
783 1773 824 1816 an
848 1753 923 1817 fluit
1017 1755 1191 1832 Postremo,
1208 1755 1247 1817 de
1267 1754 1407 1818 scabello
1426 1764 1458 1817 et
1480 1754 1560 1819 solio
1576 1773 1727 1837 superpo-

172 1865 208 1917 ut
234 1857 339 1936 aqual
354 1864 386 1918 et
404 1873 511 1918 nonne
530 1853 710 1936 periculum
729 1861 778 1916 est
797 1873 838 1916 ne
858 1873 923 1916 ma·
941 1852 1050 1917 Bsitis
1065 1853 1242 1916 intervallis
1261 1853 1520 1936 dispensationis,
1537 1861 1661 1936 oportet
1680 1854 1728 1916 in·

171 1953 314 2016 delaciat
334 1971 561 2035 perganmnum
583 1951 791 2033 ineptumque
813 1951 924 2014 reddat
979 1954 1106 2035 quirere
1123 1960 1227 2015 utrum
1243 1951 1448 2015 materialiter
1466 1971 1506 2014 an
1522 1952 1728 2034 spiritualiter

172 2060 207 2115 ut
240 2052 275 2114 in
303 2070 342 2114 eo
369 2051 548 2114 scribaturt
572 2049 820 2132 consequenter,
846 2051 923 2133 quid
979 2053 1044 2115 sint
1069 2059 1191 2114 tantum
1217 2049 1414 2134 accipienda.
1438 2051 1527 2130 ltom,
1553 2059 1672 2133 quanta
1697 2059 1729 2114 et

171 2159 250 2212 sunt
274 2150 330 2213 illa
351 2149 554 2231 septuaginta
577 2147 745 2210 intervalla
765 2147 848 2211 lucis
873 2169 925 2212 su·
979 2148 1117 2230 qualiter
1137 2149 1251 2211 domus
1276 2147 1492 2211 universitatis
1515 2147 1547 2210 in
1569 2147 1650 2212 solio
1672 2148 1728 2213 illo

170 2249 337 2332 perposita
361 2248 441 2311 mari
466 2249 584 2329 plenol
608 2247 647 2310 Et
669 2247 774 2329 qualis
798 2256 848 2310 est
870 2247 924 2310 lux
980 2247 1120 2310 residere
1135 2245 1389 2328 asseriturllpse
1404 2247 1488 2309 enim
1509 2246 1729 2329 supersimpli-

172 2348 252 2411 illal
277 2365 441 2429 corporea,
468 2366 509 2409 an
538 2346 749 2427 incorporeal
774 2345 812 2408 Ει
839 2346 923 2408 unde
980 2345 1128 2408 sissimus
1143 2351 1176 2406 et
1194 2343 1542 2426 incircumscriptibilis
1556 2345 1649 2422 Deus,
1666 2364 1727 2408 nec

171 2449 344 2509 causaturl
372 2466 391 2508 a
418 2445 497 2525 sole,
526 2465 567 2508 an
594 2444 745 2508 aliundet
770 2444 924 2506 Similiter
980 2441 1266 2524 circumscriptive‚
1286 2461 1345 2505 nec
1369 2442 1549 2520 definitive,
1566 2443 1620 2506 sed
1645 2450 1730 2505 tran-

171 2543 402 2626 inquirendum
425 2545 465 2606 de
493 2543 671 2606 intervallis
700 2543 865 2621 virtutum,
892 2551 924 2604 et
980 2543 1171 2604 scandenter
1194 2541 1227 2602 in
1247 2541 1318 2604 loco
1337 2540 1511 2604 consistere
1531 2541 1727 2623 perhibetur.

170 2660 310 2723 quarum
332 2642 484 2705 virtutum
507 2641 573 2704 sint
593 2641 771 2704 intervalla.
979 2640 1046 2703 lmo
1061 2639 1227 2702 verissime
1247 2637 1368 2721 ipsein
1391 2658 1424 2702 se
1444 2639 1513 2722 ipso
1527 2640 1727 2719 eternaliter,

212 2740 311 2804 Porro
328 2740 368 2802 de
387 2739 588 2821 septuaginta
606 2739 748 2802 millibus
767 2739 923 2802 montium
980 2737 1483 2820 invariabiliter,intemporaliter
1497 2737 1729 2818 illocaliterque

172 2839 439 2922 perscrutandum
463 2837 542 2918 quid
565 2837 630 2900 sint
653 2847 778 2902 montes
802 2838 862 2911 illi,
884 2858 924 2901 an
980 2837 1137 2914 consistit,
1163 2845 1194 2898 et
1222 2855 1307 2899 nune
1335 2845 1383 2899 est
1411 2835 1464 2900 ubi
1488 2845 1561 2900 ante
1584 2838 1728 2900 omnium

173 2937 240 2999 sint
259 2937 392 3019 spherae
412 2956 468 2999 seu
487 2937 580 2999 orbes
597 2959 605 2998 ε
621 2935 773 3018 quoniam
793 2937 827 2998 in
842 2937 925 2999 Scri·
980 2935 1174 2999 creationem
1199 2935 1282 3010 luit3
1298 2943 1330 2998 et
1354 2935 1380 2997 si
1400 2943 1515 2998 cuncta
1534 2944 1638 2999 creata
1660 2955 1729 2998 esse

172 3035 281 3120 pturis
309 3034 381 3099 coeli
411 3035 572 3098 interdum
605 3043 730 3098 montes
757 3045 922 3098 vocantur.
943 3032 1176 3112 Gdesinerent‚
1201 3041 1307 3096 umen
1333 3033 1387 3097 ubi
1413 3053 1498 3097 nunc
1523 3043 1582 3115 est,
1609 3035 1730 3098 incom-

172 3136 267 3213 ltem,
299 3154 339 3197 an
367 3133 549 3216 corporales
577 3133 741 3212 exsistant,
770 3143 802 3196 et
830 3154 926 3219 super
981 3134 1179 3197 mutabiliter
1193 3140 1404 3215 permaneret.
1421 3133 1491 3215 Ipse
1510 3135 1596 3196 enim
1612 3143 1730 3197 estan-

173 3235 252 3315 quid
278 3233 483 3309 radicentur,
500 3232 593 3314 cujus
618 3231 731 3314 ligure
751 3241 784 3295 et
804 3234 926 3314 magni·
980 3242 1012 3296 te
1038 3234 1159 3311 omnia,
1189 3250 1253 3295 non
1283 3232 1380 3309 solus,
1411 3240 1481 3314 post
1515 3234 1633 3313 omnia,
1665 3252 1727 3297 non

173 3333 300 3396 tudinis
319 3332 392 3408 sint,
408 3340 441 3393 et
458 3330 594 3411 qualiter
612 3331 770 3393 situentur
790 3350 828 3393 ac
842 3331 927 3395 ordi-
981 3340 1181 3414 praeventus;
1199 3331 1231 3393 in
1247 3331 1405 3410 omnibus,
1422 3350 1486 3395 non
1507 3331 1661 3411 inclusus,
1678 3352 1729 3396 ex·

173 3438 350 3494 nenturne
365 3448 502 3492 vacuum
517 3428 833 3513 relinquatur5cujus
848 3430 924 3493 item
981 3440 1029 3493 tra
1053 3430 1171 3506 omnia,
1198 3448 1262 3491 non
1286 3431 1456 3505 exclusus3
1483 3449 1578 3512 supra
1607 3430 1726 3511 omnia,

173 3537 298 3593 naturae
319 3537 352 3590 et
371 3525 492 3609 speciei
514 3526 678 3589 exsistant.
981 3549 1045 3593 non
1070 3530 1183 3605 elatus,
1205 3528 1289 3591 intra
1312 3530 1432 3609 omnia,
1455 3549 1518 3593 non
1542 3548 1725 3613 oppressus.

213 3625 429 3691 Conlormiter
442 3628 482 3688 de
497 3626 585 3689 mille
605 3626 799 3708 spatiisque
817 3646 926 3709 super
980 3629 1050 3711 lpse
1064 3638 1113 3691 est
1131 3628 1248 3709 ubique
1269 3636 1300 3691 et
1319 3646 1487 3709 nusquam.
1504 3628 1573 3711 lpse
1592 3637 1641 3691 est
1659 3628 1729 3691 ubi·

173 3734 341 3810 ponuntur
353 3726 405 3787 his
415 3724 578 3789 montibus
592 3725 860 3807 investigandum.
876 3726 926 3787 ln·
980 3746 1043 3809 que
1057 3746 1115 3810 per
1134 3726 1318 3804 essentiam,
1334 3744 1392 3808 per
1410 3726 1610 3809 presentiam
1634 3736 1728 3809 atque

173 3824 375 3889 conveniens
388 3823 519 3886 demum
537 3823 662 3886 videtur
679 3823 712 3885 in
732 3823 845 3905 spatiis
861 3833 924 3887 mm
980 3826 1165 3908 potentiam,
1184 3824 1324 3888 inbonis
1340 3824 1554 3906 pergratiam,
1572 3826 1604 3888 in
1620 3826 1728 3908 impiis

172 3922 312 3987 diversis
339 3920 524 4003 angelorum
550 3940 670 4004 ponere
694 3930 826 4001 turmas,
847 3942 925 4003 quo-
981 3944 1038 4005 per
1057 3924 1245 3987 vindictam.

173 4022 262 4085 niam
288 4020 431 4084 universi
459 4020 499 4082 ad
527 4038 624 4083 unam
649 4020 808 4101 pertinent
831 4022 925 4103 llegis
1019 4023 1102 4085 Ecce
1130 4023 1196 4085 heac
1226 4020 1421 4105 preinducta
1453 4022 1668 4111 infelicissimi
1697 4033 1729 4086 et

172 4118 325 4182 altissimi
350 4119 492 4197 domum,
513 4118 553 4179 de
577 4136 641 4198 qua
662 4118 708 4179 ait
730 4117 894 4183 Psalmista
915 4145 923 4183 :
980 4124 1029 4201 (ut
1043 4121 1182 4201 videtur)
1194 4120 1354 4203 arrepticii
1369 4120 1525 4185 blabomet
1537 4122 1646 4199 verba,
1654 4131 1728 4185 sunt

172 4219 262 4281 Deati
286 4218 342 4299 qui
363 4215 508 4279 habitant
528 4216 562 4279 in
583 4217 678 4279 domo
699 4224 763 4297 tua,
779 4218 922 4298 Domine,
941 4221 965 4283 D
981 4239 1072 4296 vana,
1091 4218 1167 4282 licta
1192 4228 1224 4282 et
1247 4218 1383 4295 irivola;
1405 4237 1504 4301 eaque
1530 4220 1672 4301 protulit,
1694 4228 1729 4283 ut

52 4332 57 4341 ·
173 4317 208 4379 in
238 4314 357 4381 saecula
389 4316 578 4379 saeculorum
612 4314 786 4379 laudabunt
812 4324 864 4395 te3
893 4327 925 4380 et
980 4317 1183 4382 admirationi
1208 4317 1326 4400 populo
1347 4326 1441 4397 esset,
1456 4326 1608 4399 tanquam
1632 4336 1725 4396 nova,

111 4416 319 4485 .1.‹,Cbristus
345 4437 353 4477 ι
378 4414 466 4476 Vado
493 4432 605 4497 param
630 4414 721 4476 vobis
747 4414 864 4492 locum,
891 4424 926 4478 ut
981 4417 1121 4479 inaudita
1136 4433 1172 4479 ac
1189 4416 1401 4479 secretissima
1422 4416 1565 4499 quaedam
1588 4436 1728 4499 pronun-

172 4514 228 4577 ubi
258 4532 331 4575 sum
354 4531 414 4594 ego
441 4520 473 4574 et
498 4529 557 4574 vos
583 4512 665 4574 sitis.
690 4511 926 4594 consequenter
980 4516 1074 4577 tiens.
1102 4514 1222 4596 Vulgus
1250 4514 1336 4577 enim
1365 4514 1546 4598 imperitum
1576 4515 1727 4579 facillime

171 4611 381 4694 quarendum
400 4611 440 4673 de
460 4609 576 4673 vexillo
594 4610 702 4691 gloria
723 4615 925 4695 superposito
981 4612 1114 4693 fallitur,
1131 4620 1162 4677 et
1183 4613 1337 4695 quidquid
1358 4614 1464 4676 minus
1484 4614 1645 4697 intelligit,
1662 4635 1728 4677 ma-

171 4710 290 4793 spatiis
307 4709 512 4791 mille,quid,
528 4709 623 4790 quale
641 4716 673 4771 et
694 4718 847 4791 quantum
870 4712 921 4792 sit,
979 4713 1029 4794 gis
1060 4714 1204 4775 miratur.
1237 4712 1297 4775 Sed
1329 4712 1436 4775 forsan
1467 4712 1563 4777 alicui
1596 4733 1727 4796 appare-

170 4818 203 4871 et
231 4828 275 4871 an
305 4805 478 4890 specialem
510 4806 626 4869 habeat
651 4807 774 4887 orbem,
804 4818 836 4871 et
867 4828 925 4872 cur
980 4812 1027 4875 bit
1045 4812 1129 4893 quod
1146 4810 1340 4874 Mabemetus
1361 4811 1422 4873 ista
1440 4812 1548 4875 omnia
1572 4813 1727 4893 praeindu-

170 4926 274 4970 unum
294 4907 468 4983 dumtaxat,
483 4923 582 4986 quum
604 4913 724 4968 tantum
740 4906 854 4988 Regem
874 4909 924 4971 de
979 4918 1030 4973 cta
1044 4910 1204 4991 ponendo,
1224 4909 1323 4971 Deum
1347 4908 1519 4991 magnifice
1546 4910 1724 4973 honoravit.

170 5014 267 5069 ceant
281 5006 333 5083 (ut
344 5002 482 5081 videtur)
494 5002 681 5067 vexillorum
696 5004 797 5066 millia
812 5006 920 5069 multa.
978 5007 1044 5071 lmo
1070 5026 1146 5070 vero
1174 5008 1279 5089 potius
1307 5027 1379 5069 eum
1406 5006 1620 5085 inhonoravit,
1646 5027 1726 5090 opus

209 5101 598 5167 lnconvenienterautem
614 5102 764 5165 videntur
778 5103 923 5167 interval·
978 5114 1043 5167 mm
1067 5106 1282 5168 inordinatum
1308 5105 1642 5187 supersapientissimo
1662 5107 1726 5168 Deo

168 5202 200 5265 la
228 5202 271 5265 de
297 5198 478 5281 margaritis
506 5200 618 5281 spatiis
646 5200 680 5263 in
706 5200 825 5283 quibus
848 5212 923 5265 sunt
978 5204 1174 5267 adscribens.

168 5300 277 5382 angeli
293 5298 503 5382 superposita.
515 5298 555 5361 Et
566 5298 642 5382 quid
656 5298 780 5362 iaciunt
793 5298 838 5363 ibi
853 5301 921 5365 bac
1017 5302 1191 5380 Postremo,
1208 5302 1408 5365 sufficienter
1428 5302 1562 5383 probant
1583 5301 1725 5383 philoso
