4309 6250
409 510 448 557 na
470 508 633 557 nicnirira
655 510 693 556 ar
713 510 861 557 iiuniaus
883 510 910 557 n.
934 511 963 555 r.
986 510 1103 569 ninia,
1127 510 1215 557 amna
1236 510 1278 557 ir.
1301 528 1342 539 —
1362 510 1431 557 iar.
1454 510 1488 555 xi
1665 490 1726 556 {63

169 680 384 759 secretariam,
411 680 638 759 consiliarium,
665 681 766 745 liliam
791 691 822 745 et
845 700 921 745 con·
936 682 962 745 A
977 680 1162 745 fruitionem
1192 680 1363 744 Trinitatis.
1390 680 1478 744 Unde
1507 680 1725 763 consequitur,

170 786 289 841 sortem
313 790 517 843 assumeret:
539 780 831 862 baec,inquam‚et
854 799 922 843 om·
975 782 1059 862 quod
1095 781 1353 844 benedictissima
1381 781 1470 862 virgo
1503 781 1597 843 llaria
1631 799 1728 861 super

170 896 244 939 neni
269 878 415 958 gratiam,
430 878 577 961 gloriam,
601 878 833 956 excellentiam,
856 878 922 941 lau·
975 898 1087 943 omnes
1115 880 1244 943 ordines
1276 879 1462 961 angelorum
1495 886 1528 941 et
1562 879 1726 942 bominum

169 975 255 1053 dem,
273 977 427 1040 honorem
442 997 479 1040 ac
495 985 682 1059 potestatem
698 977 757 1039 sibi
772 978 920 1040 collatam
977 978 1142 1041 beatorum
1167 978 1261 1040 simul
1286 986 1486 1061 sumptorum
1505 974 1729 1059 improportio-

171 1074 268 1137 alleo
283 1074 496 1155 conspiciens,
513 1074 821 1157 superineffabiliter
837 1076 922 1138 dele·
977 1076 1092 1139 naliter
1110 1084 1159 1139 est
1178 1076 1318 1159 praelata.
1338 1075 1410 1138 llaec
1429 1075 1607 1138 libertinus.

171 1180 276 1234 ctatnr
290 1172 322 1235 in
339 1173 459 1255 ipso,et
473 1171 804 1256 superferventissimc
819 1174 923 1255 diligit
1016 1173 1171 1248 Quocirca
1195 1174 1406 1257 pensandum,
1433 1173 1517 1254 quod
1543 1173 1604 1236 ista
1628 1171 1728 1254 maio-

170 1289 257 1349 eum,
274 1278 308 1334 et
321 1290 393 1333 cuin
409 1271 645 1353 inexcogitabili
667 1273 789 1349 ardore,
807 1272 921 1353 gratia·
977 1271 1053 1335 ritas
1067 1273 1176 1355 gioria
1189 1272 1363 1355 dupliciter
1375 1279 1484 1355 posset
1502 1270 1647 1353 intelligi.
1664 1271 1729 1333 Pri·

172 1388 242 1434 nim
257 1368 395 1447 actione,
413 1369 504 1433 laude
519 1378 613 1451 atquc
629 1370 745 1447 letitia,
763 1370 922 1433 incessam
977 1390 1042 1451 ino,
1073 1379 1227 1452 quantum
1256 1371 1296 1434 ad
1325 1370 1512 1452 specificam
1541 1370 1728 1452 dignitatern

171 1474 220 1529 ter
234 1474 267 1529 ct
281 1467 526 1531 inavertibiliter
539 1467 670 1550 inspicit
686 1468 802 1550 ipsum,
821 1468 922 1532 videt·
978 1490 1033 1533 seu
1058 1469 1289 1553 perfectionem
1313 1470 1469 1551 majorem
1495 1469 1528 1533 in
1553 1469 1654 1551 gradu
1674 1477 1729 1533 aut

171 1585 234 1647 que
259 1584 399 1644 omnem,
426 1586 490 1629 non
516 1568 619 1629 solum
644 1567 845 1646 militantem,
866 1569 921 1630 sed
979 1568 1086 1651 specie
1117 1592 1124 1631 ε
1153 1569 1243 1650 juxta
1270 1587 1366 1650 quein
1395 1568 1536 1649 moduni,
1567 1568 1728 1631 modicum

171 1676 203 1727 et
231 1664 480 1747 triumphantem
509 1665 697 1745 Ecclesiam,
727 1666 787 1729 sibi
817 1666 923 1747 subja·
978 1668 1046 1730 auri
1062 1676 1112 1730 cst
1125 1667 1419 1750 incomparabiliter
1432 1668 1562 1749 dignius
1576 1686 1729 1749 quacum·

173 1772 257 1826 ctam
274 1783 310 1827 ac
326 1764 530 1843 servientem,
547 1783 644 1846 seque
659 1765 699 1827 de
714 1774 777 1827 tam
793 1765 925 1828 immen·
978 1785 1041 1848 que
1070 1785 1174 1830 massa
1201 1767 1335 1849 argenti,
1361 1775 1393 1829 ct
1420 1768 1609 1830 sensitivam
1635 1786 1729 1849 vege-

172 1882 207 1924 sa
223 1861 376 1925 ielicitate
391 1870 422 1925 et
436 1862 537 1945 gloria
552 1863 744 1927 mtemaliter
757 1882 793 1927 ac
809 1864 924 1946 plenis
942 1864 964 1927 B
980 1864 1089 1929 tativo.
1115 1865 1273 1944 Secundo,
1298 1874 1452 1947 quantum
1476 1867 1516 1929 ad
1544 1866 1728 1948 gradualem

172 1962 254 2024 sime
276 1970 469 2024 securatam.
980 1965 1150 2046 quamdam
1165 1965 1370 2028 additionem.
1387 1964 1426 2026 Et
1447 1965 1551 2046 primo
1572 1966 1666 2028 modo
1681 1965 1731 2026 in·

213 2060 378 2138 Pimterea
408 2061 447 2124 de
481 2068 567 2123 tanta
596 2061 793 2125 beatitudine
821 2061 923 2125 blariac
981 2062 1096 2145 telligit
1121 2062 1301 2126 Ubertinus.
1327 2062 1405 2126 Nam
1430 2064 1565 2125 subdit:
1587 2063 1652 2126 Nec
1676 2062 1730 2127 bic

172 2158 371 2240 dignissime
392 2157 510 2222 diiiuse
526 2159 666 2241 loquitur
680 2160 859 2241 Ubertinus,
877 2161 924 2223 in·
981 2164 1125 2225 attendas
1141 2164 1303 2243 copiosam
1322 2162 1559 2225 multitudinem
1581 2162 1729 2241 aliorum,

173 2266 221 2319 ter
242 2266 350 2321 cetera
374 2257 484 2321 dicens
506 2280 513 2319 ε
535 2257 566 2319 Si
590 2258 831 2321 considerentur
854 2278 923 2342 qua
981 2262 1055 2343 quia
1072 2262 1131 2323 boc
1148 2260 1227 2323 nibil
1243 2259 1319 2324 iacit
1338 2261 1378 2324 ad
1400 2261 1640 2325 substantialem
1663 2280 1730 2323 reni

172 2356 258 2419 dicta
282 2365 358 2419 sunt
377 2357 416 2419 de
441 2374 575 2420 occursu
598 2356 836 2438 gloriosissimae
858 2358 923 2421 Tri·
981 2359 1169 2441 majoritatis
1191 2360 1301 2441 glorian
1322 2384 1329 2422 :
1350 2360 1426 2441 quia
1452 2358 1484 2421 in
1510 2360 1731 2441 spiritualibus

172 2455 282 2517 nitatis
297 2455 328 2517 in
353 2455 538 2518 ascensione
560 2454 674 2537 liaris,
691 2455 772 2519 bene
793 2466 923 2539 apparet
982 2460 1066 2522 idem
1088 2469 1136 2522 est
1156 2460 1260 2541 majus
1281 2467 1313 2522 et
1333 2458 1459 2522 melius.

173 2555 258 2635 quod
275 2554 416 2636 ipseper
431 2572 464 2617 se
483 2552 747 2617 inestimabiliter
766 2556 839 2639 plus
855 2576 924 2638 par-
1022 2558 1176 2640 Denique,
1195 2558 1296 2639 gratia
1317 2566 1349 2620 et
1370 2558 1470 2640 gloria
1492 2566 1567 2621 sunt
1587 2558 1731 2639 quiedam

174 2653 286 2735 ticipat
308 2654 348 2715 de
372 2653 473 2735 gloria
502 2652 663 2716 Trinitatis
691 2653 801 2734 beatae,
827 2674 922 2737 quani
983 2664 1046 2719 tota
1062 2656 1308 2737 potestativazin
1324 2656 1398 2719 totis
1413 2665 1519 2719 autem
1534 2656 1732 2739 potestativis

172 2753 279 2815 omnis
305 2770 385 2833 pura
410 2758 553 2813 ereatura
578 2751 638 2815 alia
662 2752 757 2815 simul
784 2764 920 2836 sumpta.
983 2774 1055 2837 pars
1070 2775 1217 2838 suprema
1233 2756 1304 2837 plus
1319 2756 1460 2819 continet
1475 2756 1515 2818 de
1535 2754 1732 2838 perfectione

172 2850 260 2925 Quod
291 2848 392 2931 probo
419 2868 457 2911 ex
485 2849 545 2911 boc
574 2849 746 2927 evidenter,
773 2851 923 2932 quoniam
982 2855 1108 2935 generis
1127 2854 1175 2918 sui
1194 2874 1289 2937 quam
1313 2862 1414 2916 totum
1435 2854 1608 2917 residuum.
1624 2854 1732 2934 ltaque

173 2948 314 3010 firmiter
328 2955 414 3009 tenet
428 2946 570 3011 Ecclesia
584 2948 668 3029 quod
684 2948 752 3031 ipsa
768 2958 816 3011 cst
831 2969 927 3032 super
982 2953 1015 3015 iii
1037 2953 1273 3034 glorificatione
1294 2952 1397 3015 lilariae
1426 2952 1510 3015 iacta
1533 2961 1582 3015 cst
1607 2972 1733 3015 summa

173 3066 287 3110 omncs
317 3046 505 3129 angelorum
533 3046 661 3109 ordines
689 3047 823 3110 clevata.
854 3048 927 3112 ldeo
945 3059 967 3122 c
982 3060 1013 3113 et
1042 3052 1154 3113 ultima
1182 3050 1334 3115 reseratio
1362 3051 1491 3114 Deitatis
1521 3050 1662 3130 iontalis,
1690 3052 1733 3114 ita

173 3147 254 3209 alter
273 3147 315 3210 ab
333 3165 371 3209 ea
389 3154 422 3208 et
439 3144 572 3209 inferior
590 3146 659 3228 ipsa
677 3148 716 3210 ad
742 3149 849 3210 sedem
868 3149 928 3212 Lu·
983 3161 1015 3212 ut
1031 3171 1194 3233 nunquam
1209 3151 1323 3214 debeat
1342 3159 1465 3213 tantum
1488 3151 1622 3213 reserari
1637 3150 1733 3213 alicui

174 3245 267 3308 ciicri
289 3254 492 3308 assumetur:
509 3245 660 3326 quoniam
682 3246 722 3308 de
743 3247 927 3310 bominibus
982 3257 1134 3312 creatura
1153 3250 1237 3312 sicut
1260 3257 1397 3312 reserata
1416 3257 1465 3312 cst
1479 3249 1581 3312 illaria)
1601 3248 1734 3312 sanctis-

173 3343 321 3407 omnium
337 3344 522 3424 angelorum
539 3343 631 3406 ruina
646 3344 927 3426 supplebitur.Sed
982 3349 1070 3412 sime
1098 3371 1105 3410 :
1130 3349 1282 3430 quoniam
1308 3349 1376 3430 ipsa
1400 3357 1522 3411 tanturn
1547 3347 1670 3429 accepit
1692 3349 1733 3410 de

174 3443 255 3505 nulli
271 3443 430 3505 catholico
445 3461 482 3505 ac
500 3443 616 3506 devoto
636 3451 684 3505 est
702 3443 834 3506 dubium
850 3445 926 3526 quin
983 3447 1084 3529 gloria
1113 3446 1180 3526 Dei,
1210 3455 1365 3529 quantum
1392 3445 1542 3510 donabile
1570 3455 1619 3509 est
1646 3465 1734 3529 puro

174 3543 267 3604 beata
292 3541 399 3623 Virgo,
422 3541 455 3602 in
475 3541 553 3604 bora
572 3560 634 3623 qua
658 3541 743 3605 iacta
763 3552 812 3605 est
833 3544 928 3606 Mater
983 3554 1135 3610 creaturae
1157 3546 1190 3608 in
1211 3547 1451 3629 sempiternum.

173 3640 243 3719 bei,
259 3640 333 3722 plus
348 3639 459 3702 babuit
476 3640 516 3702 de
535 3640 801 3704 substantialitate
819 3643 927 3724 gratiae
1541 3643 1545 3652 '

172 3757 271 3820 quarn
286 3755 368 3820 pura
388 3738 494 3821 aliqua
515 3747 678 3818 creatura3
693 3739 744 3802 vel
765 3740 805 3802 ad
820 3740 926 3803 minus

174 3837 310 3900 insanus
329 3844 387 3914 est,
408 3836 462 3918 qui
487 3855 556 3900 eam
577 3837 769 3919 cuicumque
790 3837 926 3902 maximo
1191 3827 1437 3892 ARTICULUS
1461 3828 1521 3891 XI·

173 3954 240 3998 Μ
256 3943 412 4046 ,mmet
435 3935 495 3999 sed
514 3935 590 4016 qnid
602 3935 730 4046 ,mdidit
741 3955 849 4047 ,ΒΨ
866 3937 927 4001 ¹¹⁰⁰
982 3979 1029 4040 De
1041 3979 1243 4052 processione
1258 3979 1318 4036 illa
1332 3977 1559 4036 solennissc'nra
1570 3995 1635 4054 qim
1645 3977 1733 4037 Dens

174 4034 345 4116 plenitudo
366 4053 404 4096 ex
426 4042 673 4114 superventione
694 4035 830 4117 Spiritus
851 4035 928 4098 San·
1022 4067 1218 4126 immam
1236 4086 1329 4125 suam
1346 4067 1654 4142 proesmmissimam
1676 4066 1733 4125 Ge,

173 4133 231 4212 θῇ,
261 4132 489 4215 ssflnffltiffllue
518 4141 661 4196 malma
689 4143 782 4216 ⁰quss
811 4133 929 4198 inaeSli·
1023 4157 1176 4216 nitricem
1190 4155 1732 4232 migrantemacorporededueii
1774 4223 1777 4228 ¹
1821 4195 1825 4202 -
1871 4157 1874 4163 '

173 4232 303 4296 mabiiis
332 4234 440 4295 &mliii
465 4231 621 4307 Quantum
648 4241 753 4296 stlitem
778 4234 967 4316 sufflati-D
1021 4265 1095 4306 cnm
1110 4245 1328 4306 universitate
1341 4245 1478 4306 coelcstis
1491 4244 1733 4325 mentiensque

172 4329 255 4393 didit
284 4330 320 4392 in
347 4329 448 4412 gratia
477 4329 511 4392 in
539 4329 599 4394 bac
634 4331 710 4412 vita,
741 4338 863 4395 tantum
893 4332 926 4395 in
1022 4337 1057 4396 in
1078 4355 1242 4396 summum
1261 4338 1388 4398 coelum.

172 4429 277 4512 gloria
292 4429 326 4492 in
339 4427 458 4492 futura.
475 4427 561 4492 Nihil
583 4448 659 4512 crgo
680 4437 729 4494 est
747 4431 855 4512 gratia
875 4432 926 4495 vel

172 4527 286 4610 gloria)
315 4527 349 4590 in
374 4527 462 4591 omni
488 4535 632 4591 creatura
660 4527 803 4592 interiori
831 4528 925 4593 simul
1057 4534 1188 4595 UAEest
1203 4532 1267 4591 iata
1281 4551 1354 4610 qun
1374 4532 1520 4590 ascendit
1540 4532 1732 4601 dedeaerto,
1747 4556 1881 4608 c„3,„..,g

173 4635 316 4710 sumpta,
333 4628 418 4709 quod
433 4645 498 4691 non
521 4626 676 4691 sitmulto
691 4628 926 4710 precellentius
1066 4631 1196 4692 deliciis
1223 4631 1379 4706 affluens,
1404 4631 1526 4689 innixa
1555 4647 1654 4706 super
1681 4631 1732 4689 di·

41 4751 158 4796 oecese.
173 4727 210 4790 in
236 4727 343 4805 bieria,
367 4725 543 4790 secundum
562 4727 702 4809 Dionysii
722 4729 923 4808 documenta,
982 4735 1099 4792 lectum
1115 4730 1237 4790 sunm?
1252 4727 1341 4790 Sicut
1355 4727 1388 4789 in
1403 4747 1550 4791 sermone
1565 4728 1604 4790 de
1619 4728 1733 4790 beatis-

32 4813 81 4920 ff·
96 4827 116 4859 ⁶*
128 4828 158 4866 ‘¹’
172 4825 315 4890 dicentis
334 4826 419 4907 quod
438 4825 547 4888 omnia
560 4826 644 4889 dona
663 4825 852 4890 inferiorum
872 4847 927 4890 an·
982 4829 1068 4892 simae
1083 4827 1185 4891 llariae
1205 4827 1429 4908 assumptione
1450 4826 1494 4889 ait
1507 4827 1729 4909 Hieronymus,

171 4926 322 5008 geloruin
341 4923 574 5007 pmcellentius
595 4944 614 4987 a
634 4926 850 5008 superioribus
872 4947 927 4990 an·
981 4930 1020 4992 ad
1035 4926 1274 5010 gloriosissima
1290 4925 1427 5008 Virginis
1448 4925 1614 5008 exsequias
1629 4925 1731 4988 sancti

171 5025 259 5107 gelis
273 5023 488 5106 possidentur.
505 5023 544 5086 Et
561 5032 715 5106 quantum
730 5026 846 5107 gradus
862 5045 929 5089 ina·
981 5026 1087 5108 angeli
1102 5024 1349 5104 famulabantur,
1356 5033 1389 5087 et
1404 5025 1561 5087 universae
1576 5025 1728 5087 coelorum
1739 5071 1759 5099 ‚

173 5124 259 5186 terni
274 5121 393 5186 amoris
415 5140 453 5185 ac
473 5122 635 5203 dignitatis
657 5131 807 5188 materne
823 5125 927 5207 requi·
982 5126 1077 5189 curiae
1097 5125 1408 5206 congratulabantur.
1425 5123 1488 5186 Nec
1508 5123 1635 5200 mirum,
1652 5141 1731 5203 quo-

174 5223 226 5302 rit,
247 5230 373 5285 tantum
395 5241 459 5304 praa
480 5223 628 5287 omnibus
648 5231 680 5287 et
699 5243 794 5306 super
815 5243 927 5288 omnes
981 5225 1066 5288 niam
1091 5225 1195 5288 bonor
1222 5223 1328 5285 Matris
1355 5230 1404 5284 est
1432 5223 1535 5286 bonor
1561 5222 1648 5284 illins
1677 5220 1733 5302 qui

172 5321 349 5408 participat
373 5319 506 5402 gloriam
529 5320 585 5386 nai
613 5330 646 5386 et
671 5321 925 5388 inestimabilem
982 5343 1019 5388 ex
1034 5343 1072 5386 ea
1087 5322 1175 5386 nasci
1190 5323 1411 5403 dignatusest,
1428 5339 1523 5406 quem
1543 5319 1648 5384 omnis
1669 5337 1733 5384 coe-
