4309 6250
457 478 516 545 tre
690 500 730 549 na
751 500 915 549 nromrrrn
936 500 973 547 rr
993 501 1142 549 crunnus
1163 504 1193 548 a.
1216 503 1245 549 r.
1267 504 1384 561 uram,
1406 505 1494 551 nram
1515 506 1557 552 ιν.
1579 524 1620 538 -
1640 508 1710 553 aar.
1732 508 1775 555 xv

456 668 614 733 universae
627 672 807 735 exaltationi
828 692 865 737 ac
880 672 988 755 gleriae
1002 673 1073 755 ejus
1093 672 1245 738 intimerl
1300 674 1324 738 0
1348 680 1444 758 quam
1471 676 1681 741 indicibiliter
1704 698 1815 743 omnes
1841 680 1925 744 Beati
1946 682 1989 763 ju-

456 772 726 851 congratulantur,
753 790 790 834 ac
817 770 919 853 ipsam
944 772 1094 855 Reginam
1121 792 1206 835 snm·
1258 774 1439 837 enudantur
1454 774 1486 837 in
1502 794 1551 854 ea,
1568 776 1601 838 in
1622 785 1685 839 tarn
1706 778 1932 861 speciosissima
1943 780 1989 842 do

457 888 541 932 mam
564 879 658 952 atqua
681 871 893 934 humillimam
913 872 1087 954 magnilica
1112 892 1206 936 vene·
1258 872 1359 950 mina,
1380 873 1413 935 in
1435 882 1499 937 tam
1521 874 1762 956 fecundissima,
1784 877 1987 954 mundissima,

457 977 567 1032 rantur
595 969 818 1052 humiliterque
846 972 1030 1035 collaudant
1062 971 1204 1035 universi
1259 970 1468 1034 saluberrima
1482 991 1519 1035 ae
1541 972 1740 1036 divinissima
1761 984 1870 1055 matre,
1885 975 1915 1037 in
1934 983 1988 1037 tam

456 1072 490 1130 et
509 1068 627 1149 singuli
650 1068 710 1131 illi.
1259 1069 1458 1133 sanctissima
1477 1079 1572 1153 atque
1593 1072 1772 1136 humillima
1791 1074 1985 1156 imperatrice,

496 1164 657 1245 Praeterea,
674 1167 750 1248 quid
771 1168 886 1230 mirum
906 1168 932 1230 si
953 1187 1023 1231 eam
1044 1168 1089 1231 ita
1107 1169 1205 1232 extol·
1258 1168 1292 1229 in
1312 1176 1375 1231 tarn
1394 1169 1622 1252 benignissima
1640 1170 1799 1252 adjutrice
1812 1179 1892 1255 t'per
1906 1192 1988 1253 quam

455 1264 536 1343 lunt,
553 1265 645 1329 atilli
660 1286 694 1329 se
715 1266 852 1329 libenter
872 1266 1058 1349 subjiciunt,
1074 1287 1204 1349 quamn
1258 1272 1306 1329 tot
1329 1265 1488 1330 beneficia
1512 1276 1587 1331 sunt
1608 1268 1736 1349 adepti3
1761 1269 1801 1333 de
1824 1270 1912 1351 cujus
1933 1270 1988 1352 ple

455 1362 519 1426 Deo
542 1371 682 1427 creatore
704 1382 761 1427 sue
784 1374 919 1427 cernunt
939 1365 983 1427 sie
1002 1367 1203 1448 praeelectam
1258 1364 1404 1428 nitudine
1433 1366 1615 1448 suscipiunt
1644 1366 1810 1446 universi;
1837 1388 1904 1449 quae
1934 1377 1987 1431 tam

455 1481 493 1525 ac
515 1462 749 1543 pradileotam3
767 1461 880 1545 inqua
901 1472 932 1526 et
952 1484 990 1526 err
1012 1484 1074 1545 qua
1094 1465 1204 1528 vident
1258 1463 1510 1545 pulcherrimum
1532 1474 1756 1529 ornamentum
1770 1475 1819 1531 est
1837 1466 1928 1529 curiae
1946 1487 1988 1529 sn-

455 1559 553 1621 Deum
582 1559 745 1622 hominem
780 1560 922 1637 lactum;
953 1562 1005 1625 oui
1035 1569 1067 1624 et
1097 1561 1203 1644 ipsum
1258 1563 1554 1645 pernommpatriae
1569 1564 1747 1643 beatorum,
1765 1574 1829 1628 tam
1848 1565 1988 1628 venustis

455 1656 670 1720 universitatis
685 1658 1021 1742 Conditorem,llegem
1037 1660 1202 1741 ooelornm,
1259 1661 1358 1723 simus
1383 1681 1420 1724 ac
1445 1662 1681 1743 pulcherrimus
1701 1663 1764 1726 ilos
1788 1664 1919 1747 paradisi
1937 1683 1989 1727 ete

454 1756 553 1818 Deum
577 1757 721 1835 deorum,
744 1758 854 1821 vident
877 1758 977 1821 luisse
1001 1758 1202 1822 obedientem
1259 1760 1357 1839 lestis,
1399 1768 1463 1824 tam
1502 1762 1741 1825 amorosissima
1783 1764 1988 1827 universomm

454 1873 491 1917 ac
516 1854 690 1935 subditum,
718 1854 783 1919 imo
806 1858 911 1920 adhuc
935 1864 967 1920 et
991 1857 1024 1920 in
1049 1865 1203 1921 aeternum
1219 1860 1243 1921 Β
1259 1859 1414 1937 amatrir;
1436 1878 1493 1942 per
1513 1879 1608 1942 quarn
1628 1861 1711 1924 Deus
1732 1870 1766 1925 et
1785 1861 1927 1925 Conditor
1942 1880 1989 1923 uo

453 1952 654 2016 exhibentem
669 1961 700 2016 et
712 1954 949 2038 impendentem
961 1956 1112 2019 bonorem
1127 1975 1205 2037 praa-
1260 1968 1325 2021 ster
1338 1956 1441 2021 lactus
1455 1966 1504 2020 est
1518 1959 1657 2023 salvator
1670 1968 1702 2023 et
1715 1960 1815 2023 irater
1827 1968 1947 2038 noster;
1961 1958 1988 2021 in

454 2050 596 2133 cipuum,
617 2060 652 2114 ut
676 2053 812 2134 propriae
834 2053 1004 2132 Genitrioi3
1027 2074 1084 2137 per
1107 2074 1202 2135 quam
1259 2075 1322 2137 qna
1345 2057 1428 2138 quod
1453 2056 1609 2120 declivius
1633 2065 1681 2121 est
1702 2077 1760 2140 per
1779 2067 1928 2134 naturam,
1946 2076 1990 2120 ce

454 2148 587 2231 insuper
605 2150 770 2213 intuentur
790 2152 935 2215 omnium
956 2152 1073 2215 civium
1094 2172 1204 2235 super·
1260 2155 1379 2236 piosius
1399 2164 1600 2218 venustatum
1620 2165 1652 2219 et
1670 2156 1859 2220 honoratum
1877 2166 1923 2220 est
1942 2176 1990 2238 per

454 2266 567 2311 norum
589 2246 775 2311 felicitatem
797 2258 827 2312 et
850 2250 982 2331 gloriam
1003 2260 1067 2313 tam
1089 2249 1204 2314 inella-
1259 2253 1391 2334 gratiam
1420 2252 1614 2334 singularem
1640 2263 1672 2317 et
1695 2274 1754 2335 per
1776 2253 1990 2337 incompambi·

456 2345 562 2409 biliter
583 2366 652 2409 esse
674 2350 822 2410 auctaml
1259 2352 1322 2414 lem
1346 2350 1490 2433 gloriam.
1517 2351 1605 2415 Unde
1631 2351 1753 2434 optime
1780 2352 1858 2438 dixit
1884 2352 1989 2415 electus
2094 2365 2095 2368 ’

494 2444 528 2505 ln
553 2445 622 2527 ipsa
647 2464 721 2527 ergo
749 2454 820 2527 post
845 2446 1003 2511 Christum
1032 2448 1203 2511 vehemen-
1258 2448 1448 2527 bernardus,
1465 2450 1548 2531 qued
1570 2450 1603 2512 in
1622 2459 1706 2514 terra
1720 2469 1785 2514 nen
1806 2450 1866 2513 luit
1878 2450 1991 2532 dignior

454 2542 577 2604 tissime
591 2542 818 2624 jucundantur,
835 2544 910 2626 quia
931 2553 1002 2627 post
1016 2545 1129 2608 Christi
1144 2546 1202 2607 hu·
1260 2548 1349 2610 locus
1370 2556 1459 2611 utero
1480 2547 1640 2629 virginali,
1663 2557 1696 2611 et
1716 2550 1832 2612 cellula
1854 2549 1920 2631 ejus
1940 2548 1991 2609 vir·
2094 2583 2095 2624 ,

454 2640 651 2721 manitatem,
677 2642 890 2705 sacratissime
914 2643 1004 2725 virgo
1031 2643 1127 2706 llaria
1154 2653 1203 2706 est
1259 2646 1352 2727 ginea
1373 2645 1427 2720 ubi
1449 2647 1548 2708 Deum
1573 2647 1705 2729 recepit,
1722 2647 1909 2726 incarnavit,
1929 2646 1991 2708 tulit
2094 2643 2095 2672 ¹

455 2739 733 2821 praeclarissimum
769 2741 1126 2824 splendidissimumque
1161 2742 1203 2805 si·
1259 2752 1290 2806 et
1304 2744 1402 2822 aluit3
1420 2763 1479 2807 nec
1495 2753 1567 2827 post
1581 2746 1729 2808 thronum
1744 2746 1860 2809 Christi
1875 2746 1907 2808 in
1920 2745 1989 2808 eoelo

453 2838 631 2900 mulacrum
656 2840 894 2921 contemplandi
916 2840 1114 2903 altissimum
1139 2865 1146 2903 ε
1169 2841 1200 2903 in
1258 2852 1307 2905 est
1325 2842 1419 2905 altior
1442 2843 1531 2905 locus
1555 2861 1650 2924 quam
1676 2843 1730 2906 ubi
1750 2844 1891 2907 Christus
1912 2862 1990 2905 suam
2094 2841 2095 2926 l

452 2955 516 3018 quo
536 2937 629 3018 plane
651 2938 833 3019 simulacro,
849 2939 1017 3002 adorande
1040 2939 1202 3002 Trinitatis
1258 2941 1385 3003 llatrem
1411 2940 1538 3004 locavit.
1554 2941 1726 3004 innotescit
1748 2962 1875 3023 quoqne
1898 2962 1933 3005 cr
1951 2941 1990 3002 in·
2094 2929 2095 3002 l

453 3034 1202 3119 bonitatem,pietatem,ceritatem,omnipoten·
1221 3043 1243 3106 C
1259 3040 1424 3118 troductis,
1448 3058 1544 3120 quam
1569 3040 1725 3103 veraciter
1747 3040 1832 3103 idem
1855 3038 1990 3103 dissemit
2094 3027 2096 3106 l

454 3134 541 3212 tiam,
559 3134 759 3215 sapientiam,
777 3135 1010 3216 liberalitatem,
1029 3137 1202 3200 misericor·
1259 3141 1392 3202 Sanctus
1409 3163 1416 3201 :
1433 3139 1562 3201 Summa
1582 3139 1694 3220 gloria,
1710 3159 1730 3203 0
1744 3141 1850 3219 illaria,
1865 3147 1912 3203 est
1930 3145 1990 3221 post

453 3231 550 3310 diam,
573 3232 754 3312 aequitatem
781 3232 1002 3315 limpidissime
1026 3254 1062 3298 ao
1088 3235 1201 3315 jucun·
1258 3239 1426 3302 Dominum
1452 3247 1482 3301 te
1506 3239 1626 3318 videre,
1643 3239 1699 3302 tibi
1723 3241 1892 3316 adhaerere,
1913 3237 1989 3301 etin
2094 3248 2095 3301 l

452 3329 583 3394 dissime
606 3332 883 3414 contemplantur,
901 3342 932 3396 et
951 3335 1049 3396 Deum
1072 3334 1202 3398 laudant
1258 3347 1319 3400 tuae
1341 3336 1548 3420 protectionis
1570 3337 1746 3400 munimine
1766 3338 1930 3402 demorari.

452 3429 485 3490 in
506 3429 586 3511 ipsa,
603 3449 639 3506 ae
662 3430 763 3512 ipsam
786 3432 818 3492 in
841 3432 915 3510 Dee,
932 3433 986 3515 qui
1010 3452 1044 3495 se
1066 3441 1129 3495 tam
1150 3453 1201 3496 ca·
1298 3437 1370 3498 llaec
1384 3445 1433 3498 est
1447 3435 1628 3498 beatissima
1648 3435 1714 3516 illa,
1731 3437 1764 3497 in
1784 3456 1859 3518 qua,
1876 3447 1909 3498 ut
1925 3436 1990 3498 San·
2094 3490 2095 3537 ,

452 3529 580 3591 ritative
595 3549 632 3591 ac
653 3529 877 3593 liberalissime
898 3530 1145 3594 communicavit
1163 3552 1200 3594 ac
1259 3543 1328 3597 ctus
1347 3534 1401 3596 ille
1417 3534 1543 3614 latetur,
1560 3535 1714 3597 exstruxit
1732 3534 1791 3597 sibi
1807 3535 1931 3598 domum
1946 3534 2095 3635 Sa-rmu-tp

452 3628 540 3691 dedit
556 3628 672 3710 virgini
696 3637 801 3710 tantae,
818 3638 912 3711 atque
933 3649 989 3711 per
1007 3649 1077 3693 eam
1092 3631 1201 3694 omnia
1258 3634 1377 3716 pientia
1405 3633 1543 3696 coelestis
1572 3643 1603 3695 et
1631 3632 1799 3711 aeternalis,
1829 3652 1898 3715 quae
1923 3632 1990 3694 adeo
2094 3662 2095 3747 p

452 3735 516 3789 tam
539 3727 700 3808 sapienter
722 3736 753 3790 et
776 3728 951 3791 clementer
972 3729 1095 3808 reiecit,
1119 3729 1201 3791 sicut
1258 3731 1399 3813 Virginis
1423 3740 1563 3794 mentem
1583 3731 1727 3813 replevit,
1749 3739 1783 3794 ut
1806 3732 1846 3795 de
1870 3731 1991 3814 plenitu
2094 3766 2095 3821 3

452 3844 509 3907 per
530 3825 663 3907 primam
688 3826 839 3888 laminam
865 3827 974 3891 emnia
997 3827 1123 3890 luerent
1147 3829 1201 3890 de·
1258 3831 1332 3893 dine
1354 3831 1471 3892 mentis
1494 3831 1720 3894 fecundaretur
1742 3850 1816 3894 caro
1840 3831 1947 3913 ipsius,
1964 3836 1990 3890 et
2094 3830 2095 3845 ¹

452 3923 598 3988 formata.
614 3925 680 3988 lme
697 3944 753 4006 per
767 3926 851 3987 banc
867 3925 966 3988 multo
990 3926 1061 4007 plus
1081 3927 1202 4008 proluit
1258 3930 1353 4011 Virgo
1369 3929 1522 4010 singulari
1537 3929 1639 4010 gratia
1652 3931 1797 3993 eamdem
1809 3929 1989 4012 Sapientiam

452 4041 548 4103 quam
565 4023 619 4085 illa
634 4033 787 4087 nocuerat
804 4043 938 4106 :nempe
954 4044 1010 4106 per
1029 4025 1110 4087 hano
1127 4045 1202 4088 eon·
1258 4047 1354 4090 carne
1378 4035 1493 4090 tectam
1523 4034 1658 4109 pareret,
1683 4047 1777 4109 quam
1808 4027 1895 4110 prius
1922 4042 1990 4109 pura
2094 4036 2095 4103 t

454 4122 516 4184 lert
543 4122 697 4204 quidquid
730 4123 839 4204 gratiae
875 4123 950 4185 dare
985 4123 1137 4201 decrevit,
1167 4133 1202 4186 ut
1258 4127 1416 4209 concepit.
1441 4126 1614 4205 Postremo,
1639 4125 1706 4187 heac
1734 4134 1783 4188 est
1810 4126 1923 4188 mulier
1944 4122 1991 4185 illa

311 4242 438 4293 nauum.
455 4221 556 4302 patuit
571 4240 676 4302 supra.
693 4221 780 4284 Unde
800 4221 1026 4284 convenienter
1039 4222 1119 4284 dixit
1132 4222 1202 4285 Hie·
1218 4218 1242 4280 D
1258 4223 1457 4306 dignissima,
1481 4223 1574 4305 cujus
1598 4222 1803 4305 pulchritudo
1827 4233 1858 4287 et
1883 4222 1989 4306 speeies
2094 4242 2095 4313 j

305 4319 349 4349 ¹¹¹·
454 4337 604 4399 rouymus
629 4341 636 4381 :
658 4320 729 4382 Hac
754 4329 802 4383 est
826 4321 920 4402 Virgo
946 4339 1015 4402 qua
1039 4320 1107 4383 sola
1132 4320 1203 4382 uni·
1257 4322 1366 4385 estin
1395 4330 1617 4385 ornamentum
1645 4322 1862 4401 demussuae,
1890 4323 1990 4385 domus
2094 4316 2095 4337 ³

453 4435 576 4478 versam
593 4417 772 4480 haereticam
785 4419 910 4500 perimit
927 4419 1202 4499 pravitatem,sola
1258 4440 1413 4502 superne,
1439 4422 1552 4485 domus
1578 4421 1672 4483 totins
1698 4420 1921 4502 triumphantis
1941 4419 1990 4480 Ec·

453 4523 525 4596 post
544 4514 643 4578 Deum
665 4516 698 4577 in
720 4517 808 4579 omni
828 4536 886 4581 nos
908 4517 1037 4580 roborat
1057 4519 1198 4595 veritate,
1257 4519 1373 4599 clasiae,
1395 4518 1477 4581 siout
1500 4522 1547 4582 sol
1570 4518 1676 4582 oriens
1701 4519 1733 4580 in
1760 4521 1879 4582 mundo
1903 4519 1932 4580 in
1953 4515 2095 4603 al-raam

453 4613 582 4694 suisque
607 4614 727 4677 meritis
752 4633 810 4678 nos
835 4615 898 4678 Deo
925 4617 1138 4696 commendat,
1164 4635 1200 4678 ac
1256 4617 1389 4680 tissimis
1417 4617 1472 4680 Dei
1507 4626 1554 4680 est
1586 4618 1619 4680 in
1652 4625 1874 4680 ornamentum
1908 4601 2026 4680 totius²¹·
2094 4628 2095 4697 3

452 4711 600 4794 precibus
623 4711 742 4794 jugiter
764 4713 943 4776 auxiliatur.
965 4713 1101 4794 Etenim,
1123 4721 1200 4776 teste
1257 4717 1366 4778 mundi
1390 4716 1561 4779 sensibilis.
1579 4716 1666 4778 Unde
1685 4715 1816 4778 divinus
1836 4714 1990 4798 Dionysius
2010 4716 2095 4784 crath

450 4811 621 4889 Bernardo,
638 4811 706 4894 ipsa
728 4820 775 4874 est
797 4822 904 4874 nostra
926 4812 1115 4874 fidelissima
1136 4831 1201 4874 me·
1257 4814 1424 4877 verissime
1439 4813 1894 4895 docuitetcenscripsit,quod
1908 4786 2095 4899 etiamg,„''³'¹'f

451 4908 566 4971 diatrirr
588 4919 619 4972 et
634 4911 797 4989 advocata,
815 4913 986 4974 ostendens
1002 4910 1081 4973 Filio
1101 4910 1200 4992 judici
1256 4913 1372 4975 summi
1388 4914 1517 4975 ordines
1532 4913 1731 4994 angelorum,
1743 4913 1871 4991 Throni,
1889 4913 1991 4976 Cheru·
2094 4938 2095 4995 t

451 5016 562 5089 pectus
582 5017 614 5071 et
636 5010 744 5086 ubera,
762 5020 792 5072 et
814 5009 1033 5072 indesinenter
1052 5009 1201 5090 interpel-
1255 5010 1322 5073 bim
1347 5030 1385 5074 ac
1409 5012 1586 5092 Seraphim,
1612 5019 1797 5093 purgantur,
1823 5010 1991 5075 illuminari·
2094 5000 2095 5093 l

451 5106 520 5169 lans
551 5126 607 5189 pro
636 5107 775 5185 miseris,
803 5128 858 5190 pro
888 5108 1141 5190 periclitantibus
1166 5108 1199 5169 in
1256 5118 1307 5172 tur
1328 5129 1366 5172 ac
1387 5108 1597 5191 perficiuntur
1621 5110 1662 5173 ab
1684 5130 1733 5188 ea,
1756 5109 1856 5173 multo
1877 5108 1992 5191 praecla-
2094 5096 2095 5165 l

451 5205 530 5267 mari
557 5206 616 5269 hoo
642 5206 829 5286 procelloso,
851 5225 907 5288 pre
935 5206 1140 5288 pereuntibus
1166 5207 1199 5268 iu
1256 5209 1321 5271 rius
1344 5209 1535 5286 sinedubie,
1551 5228 1646 5289 quam
1664 5208 1829 5272 interiores
1844 5210 1990 5273 ordinesa

452 5305 513 5371 hoc
537 5307 656 5370 mundo
677 5305 853 5368 immundo.
1256 5326 1458 5392 quocumque
1484 5307 1581 5370 ebore
1610 5307 1766 5390 superiori
1793 5330 1801 5371 :
1828 5307 1990 5374 secundum

2094 5382 2095 5429 t

2094 5432 2096 5505 l
