4309 6250
491 501 611 548 coum
630 501 801 548 rsnrromu
821 500 994 558 naucum,
1017 501 1105 548 crass
1127 503 1148 548 r.
1170 519 1211 532 -
1231 502 1302 549 aar.
1326 503 1368 550 vu
1642 483 1701 550 247

160 671 315 756 praebens,
330 680 362 736 et
375 691 449 735 cum
470 670 549 753 ipsis
568 672 776 750 manducans,
791 670 905 734 bibens
918 671 944 734 A
957 689 1054 752 qnam
1082 670 1211 736 illorum
1246 679 1278 734 et
1304 681 1502 736 sanarentur.
1533 672 1705 756 Flebatque

161 791 195 834 ac
215 770 363 852 loquens,
383 769 506 832 reduxit
524 787 579 832 eos
601 768 641 832 ad
664 767 773 832 tidem.
939 769 1013 843 ita.
1043 769 1125 834 Ecce
1153 771 1213 834 hoc
1242 771 1335 835 modo
1368 770 1554 854 evangelica
1586 771 1636 834 lex
1671 771 1705 835 in

198 867 293 931 Porro
313 866 555 948 quadragesimo
575 867 627 929 die
649 874 722 949 post
740 885 831 928 susm
857 885 905 928 re·
958 876 1066 930 sancta
1081 867 1209 930 civitate
1220 867 1390 932 Jerusalem
1404 868 1567 950 predicari
1580 887 1617 932 ac
1631 869 1706 932 mul·

161 963 401 1042 surrectionem,
413 982 519 1028 coram
535 963 703 1046 discipulis
716 963 784 1026 suis
798 981 905 1026 ascen
959 964 1096 1046 tiplicari
1111 985 1221 1030 exorsa
1242 974 1300 1030 ast.
1317 968 1418 1048 Atque
1433 966 1546 1030 exinde
1568 967 1607 1030 sd
1626 967 1706 1030 alios

160 1063 203 1127 dit
230 1063 264 1124 iu
293 1063 432 1140 coelum;
456 1061 571 1125 deinde
596 1071 670 1144 post
696 1063 807 1125 docem
835 1061 905 1124 dies
958 1061 1222 1144 coepitdilluudi,
1237 1064 1504 1144 quemadmodum
1519 1064 1615 1126 lssiss
1635 1083 1707 1148 pro-

161 1160 244 1223 misit
263 1160 312 1224 eis
332 1159 486 1242 Spiritum
507 1160 669 1222 Sanctum.
692 1159 764 1242 lpso
784 1159 903 1222 etenim
958 1162 1054 1244 pheta
1082 1161 1226 1243 predixit
1253 1185 1259 1224 :
1287 1162 1330 1226 De
1354 1161 1430 1226 Sion
1458 1162 1557 1225 exibit
1585 1162 1645 1240 lex,
1676 1170 1707 1226 et
1720 1183 1753 1230 ιι.
1763 1186 1815 1236 qs.

44 1258 375 1326 scurssacmtissimo
409 1257 462 1320 die
494 1258 707 1334 Pentecostes,
740 1257 904 1321 orantibus
958 1258 1091 1322 verbum
1107 1259 1231 1322 Domini
1253 1259 1293 1322 de
1307 1259 1493 1324 Jerusalem.
1510 1259 1609 1323 David
1630 1279 1708 1342 quo-

157 1356 316 1438 Apostolis
336 1355 514 1436 ceterisque
537 1355 706 1439 discipulis
729 1374 767 1419 ac
786 1355 905 1418 sanctis
958 1375 1020 1438 que
1035 1357 1189 1439 pmpheta
1203 1365 1236 1420 et
1254 1376 1318 1436 rex,
1335 1357 1502 1440 alloquens
1521 1357 1705 1420 Christum:

157 1455 345 1518 mulieribus
365 1453 567 1536 congregatis
586 1454 619 1516 in
634 1472 699 1516 una
717 1454 812 1518 domo
830 1473 904 1516 cum
959 1455 1088 1536 Virgam
1112 1453 1245 1536 (inquit)
1269 1455 1395 1518 virtutis
1418 1463 1481 1518 tuse
1506 1455 1630 1518 emittet
1650 1455 1709 1518 Do
1722 1477 1846 1528 ram.

158 1554 213 1630 eis,
232 1552 402 1615 descendit
419 1570 516 1634 super
539 1569 595 1614 eos
613 1551 748 1634 Spiritus
771 1552 905 1614 Sanctus
960 1551 1065 1615 minus
1090 1571 1128 1615 ex
1152 1552 1239 1616 Sion.
1266 1553 1353 1616 Unda
1376 1561 1407 1616 at
1432 1552 1574 1617 Christus
1598 1554 1709 1616 eadem

157 1652 190 1714 in
204 1650 313 1732 specie
327 1650 495 1731 ignearum
509 1649 703 1731 linguarum.
718 1649 758 1713 lit
776 1657 906 1732 repente
959 1649 1038 1713 hora
1064 1669 1129 1731 qus
1152 1651 1296 1714 ascendit
1324 1652 1357 1713 in
1387 1651 1497 1730 coelos,
1522 1651 1603 1714 dixit
1629 1654 1712 1733 Apo-

157 1750 302 1830 implcvit
319 1756 444 1811 mentes
466 1748 595 1812 illorum
619 1748 842 1812 ardentissimo
860 1749 907 1812 di·
961 1747 1051 1812 stolis
1076 1771 1084 1810 ε
1110 1747 1206 1811 Eritis
1234 1749 1313 1812 mibi
1341 1757 1438 1813 testes
1463 1749 1496 1812 in
1524 1747 1831 1828 Jemsalem,102,.,s.

157 1847 237 1910 rina
265 1846 448 1910 dilectionis
471 1845 608 1926 fervore,
633 1854 666 1909 et
688 1846 787 1910 totius
809 1847 944 1911 sacrell
961 1856 994 1909 et
1011 1847 1045 1908 in
1069 1847 1158 1910 omni
1182 1847 1289 1910 Judaea
1310 1854 1343 1910 et
1360 1846 1488 1910 Galilaea
1508 1855 1539 1910 et
1558 1847 1711 1924 Samaria,

159 1944 332 2026 Scripturas
345 1943 468 2024 notitia,
483 1943 628 2008 omnium
644 1962 771 2026 quoque
786 1943 909 2026 lingua·
962 1953 994 2008 et
1018 1963 1119 2026 usque
1144 1945 1183 2008 ad
1207 1945 1358 2008 ultimum
1383 1953 1484 2008 terras.
1501 1945 1603 2020 Quum
1628 1945 1713 2008 enim

160 2064 229 2106 rum
250 2042 398 2119 scientia,
418 2050 451 2105 et
468 2041 678 2124 insuperabili
697 2042 814 2104 mentis
834 2061 910 2106 con·
963 2043 1105 2126 Apostoli
1125 2043 1169 2105 ita
1188 2043 1227 2106 ad
1248 2053 1373 2126 tempus
1393 2043 1427 2105 in
1441 2043 1615 2106 Jerusalem
1637 2061 1716 2124 prte-

161 2141 290 2218 stantia‚
318 2139 471 2221 omnique
499 2140 617 2203 virtute
644 2147 678 2204 et
703 2139 806 2222 gratia
830 2163 838 2202 ε
865 2139 911 2203 ita
963 2141 1135 2218 dicassent,
1161 2150 1330 2224 coeperunt
1352 2159 1480 2224 quoque
1505 2142 1537 2204 in
1563 2140 1636 2204 aliis
1664 2159 1717 2204 ur-

161 2241 244 2320 quod
273 2237 337 2320 ipsi
366 2236 494 2320 gloriosi
522 2238 665 2320 Apostoli
692 2257 767 2300 cum
795 2238 911 2301 ceteris
965 2239 1060 2302 bibus
1078 2238 1192 2302 ludeo
1213 2247 1245 2301 et
1268 2239 1417 2302 Samariae
1442 2247 1473 2302 et
1493 2238 1628 2302 Gulilaee
1646 2237 1717 2320 qui-

44 2357 149 2402 amxa
161 2338 206 2400 eis
223 2336 399 2418 adjunctis,
418 2335 473 2418 qui
488 2335 584 2418 paulo
598 2344 671 2399 ante
689 2344 777 2400 metu
791 2335 912 2399 Judaao·
965 2337 1039 2399 dam
1053 2355 1163 2400 eorum
1180 2337 1352 2418 praedicare
1369 2361 1376 2400 ε
1394 2337 1504 2420 sicque
1528 2337 1561 2399 in
1575 2336 1716 2419 prelatis

42 2424 64 2462 ¹⁹·
160 2454 229 2496 mm
245 2434 400 2498 sederunt
413 2433 526 2510 clausi,
542 2432 649 2497 subito
664 2433 782 2514 pariter
795 2452 912 2496 exeun·
966 2434 1140 2517 provinciis
1155 2435 1255 2497 multa
1270 2434 1370 2497 millia
1384 2434 1563 2499 Judecrum
1578 2435 1618 2498 sd
1633 2433 1718 2496 Chri·

161 2543 218 2612 tes,
231 2531 427 2594 introierunt
440 2531 595 2613 templum
610 2531 801 2610 Judeorum,
816 2539 912 2612 atque
966 2539 1051 2596 stum
1071 2551 1228 2596 conversa
1247 2539 1333 2595 sunt.

160 2629 281 2693 ibidem
309 2647 416 2690 coram
439 2627 599 2690 universis
625 2627 741 2690 Judaeis
765 2635 914 2690 constan·
1005 2631 1101 2695 Porro
1122 2639 1264 2712 tempore
1287 2631 1492 2713 procedente,
1515 2631 1619 2712 maior
1644 2649 1717 2714 pars

160 2727 285 2790 tissime
313 2725 568 2807 predicaverunt
594 2724 702 2788 Jcsum
729 2743 800 2788 csse
824 2725 913 2788 Chri·
967 2728 1145 2792 Judeorum
1168 2727 1265 2810 coepit
1279 2728 1419 2793 totaliter
1436 2727 1598 2792 obdurari.
1616 2728 1720 2791 Tunc-

159 2833 243 2888 stum
267 2823 384 2886 Filium
410 2821 479 2900 Dei,
502 2829 535 2886 et
562 2841 636 2885 eum
660 2823 870 2885 resurrexisse
893 2843 913 2886 a
966 2844 1029 2907 quc
1055 2825 1179 2890 Christo
1205 2826 1350 2906 jubente,
1380 2825 1523 2909 Apostoli
1556 2845 1575 2888 a
1607 2845 1641 2888 se
1670 2825 1719 2888 in·

160 2921 297 2986 mortuis
314 2940 353 2984 ac
372 2919 556 2984 ascendisse
578 2919 611 2982 in
632 2921 763 2999 coelum,
788 2929 821 2984 et
843 2921 913 3002 Spi-
967 2924 1072 2986 vicem
1094 2931 1168 2986 sunt
1187 2921 1295 3002 divisi,
1312 2931 1405 3004 atque
1420 2923 1459 2986 ad
1480 2923 1717 3005 predicandum

160 3022 256 3082 ritum
277 3019 429 3082 Sanctum
449 3017 497 3082 eis
515 3037 586 3080 esse
605 3017 738 3080 missum
763 3019 804 3081 ab
828 3019 910 3099 ipso.
927 3019 950 3082 C
967 3021 1085 3102 ubique
1110 3020 1318 3101 Evangelium
1343 3020 1458 3083 Christi
1487 3021 1526 3083 ud
1552 3029 1651 3084 terras
1680 3040 1718 3083 ac

160 3118 328 3199 Quumque
347 3114 446 3179 Judaei
468 3114 628 3179 mirabilia
649 3122 736 3178 tanta
755 3115 911 3196 viderent,
968 3138 1066 3201 regns
1081 3117 1250 3201 gentilium
1265 3118 1402 3201 desuper
1417 3126 1491 3181 sunt
1512 3117 1634 3181 directi.
1652 3118 1719 3183 Sic-

160 3225 192 3279 et
205 3223 337 3278 sanctos
351 3214 518 3297 Apostolos
533 3213 678 3277 omnium
692 3214 837 3295 gentium
853 3214 914 3275 lin·
967 3236 1030 3299 que
1051 3216 1113 3298 ipsi
1136 3216 1294 3299 praeelecti
1316 3224 1348 3279 ct
1369 3216 1499 3298 gloriosi
1523 3216 1664 3300 Apostoli
1687 3223 1720 3279 et

161 3314 232 3397 guis
253 3312 344 3395 loqui
365 3312 524 3391 audirent,
544 3311 691 3374 admirati
713 3319 788 3373 sunt
808 3310 911 3375 valde.
968 3333 1079 3377 eorum
1102 3312 1252 3395 discipuli
1279 3311 1376 3375 hdem
1400 3312 1515 3376 Christi
1538 3332 1596 3394 per
1617 3320 1717 3376 totum

42 3412 282 3494 r‹1.u.o.lllaque
297 3410 349 3473 die
364 3410 426 3472 tria
444 3408 545 3471 millis
562 3409 741 3472 Judseorum
756 3410 796 3471 ad
814 3408 913 3472 fidem
969 3412 1124 3474 muudum
1158 3410 1422 3492 predicavemnt,
1453 3409 1718 3473 innumerabiles·
1741 3434 1863 3485 numm,

161 3509 278 3573 Christi
300 3526 455 3572 conversa
474 3515 558 3569 sunt.
575 3506 646 3569 Alis
663 3507 727 3586 die,
747 3526 846 3588 quum
866 3527 914 3569 sa-
968 3528 1030 3591 que
1064 3508 1201 3589 gcutiles
1233 3516 1458 3572 converterunt
1491 3508 1618 3589 ubique,
1654 3498 1764 3571 neow-

162 3608 364 3671 crstissimus
383 3605 534 3688 princeps
559 3604 782 3688 Apostolorum
806 3605 914 3670 Petrus
969 3616 1160 3690 cooperante
1189 3615 1220 3669 et
1249 3624 1429 3669 sermonem
1458 3624 1568 3670 corum
1601 3606 1718 3669 confir-

162 3706 335 3787 quemdam
351 3704 455 3767 virum
470 3722 509 3767 ex
522 3712 612 3766 utero
626 3704 737 3767 matris
751 3704 912 3784 claudum,
968 3714 1075 3769 msute
1090 3704 1295 3787 sequentibus
1311 3704 1422 3785 signis,
1439 3704 1608 3767 virtutibus
1622 3712 1717 3785 atque
1733 3727 1827 3777 naseu.
1840 3730 1860 3771 r.

161 3805 215 3885 qui
238 3821 405 3884 nunquam
419 3800 605 3880 ambulavit,
621 3810 752 3883 repente
772 3810 916 3865 curasset
968 3804 1143 3879 miraculis,
1169 3802 1328 3883 variisque
1357 3802 1493 3883 Spiritus
1518 3802 1624 3865 Sancti
1653 3801 1717 3864 dis-

41 3901 314 3978 tuosdicendo,
343 3900 379 3962 ln
407 3899 644 3963 nomine‘Jcsu
671 3899 787 3962 Christi
819 3918 914 3981 surge
969 3901 1204 3964 tributionibus.
1235 3900 1322 3963 Tunc
1350 3900 1470 3981 quippe
1506 3900 1717 3963 communiter

48 4008 149 4059 stains·
163 4009 194 4062 et
207 3998 361 4075 ambula,
376 3996 519 4079 quinque
538 3996 640 4060 millia
653 3997 833 4061 Judaaorum
847 4017 916 4061 cre·
969 4018 1065 4081 super
1088 4000 1264 4075 credentes,
1287 3998 1363 4059 dum
1388 3998 1641 4079 baptizabantur,
1664 3998 1718 4060 de-

162 4098 316 4161 diderunt
347 4096 382 4157 in
415 4094 586 4157 Christum.
615 4094 762 4169 Quotidie
788 4114 915 4177 quoque
969 4097 1094 4161 scendit
1119 4104 1151 4159 et
1178 4096 1326 4178 apparuit
1354 4095 1490 4177 Spiritus
1519 4097 1654 4159 Sanctus
1682 4095 1716 4158 in

163 4216 219 4277 per
234 4193 494 4278 predicationem
507 4194 731 4277 Apostolomrn
749 4203 844 4276 atque
858 4214 916 4277 per
930 4194 955 4257 b
969 4196 1061 4277 signo
1086 4192 1219 4272 visibili,
1244 4193 1395 4274 deditque
1419 4192 1466 4255 eis
1490 4193 1622 4274 gratiam
1646 4211 1718 4275 pro-

163 4315 281 4377 magna
305 4302 337 4357 et
359 4293 488 4356 diversa
511 4310 622 4355 eorum
643 4292 808 4373 miracula,
824 4294 915 4356 multi
970 4293 1086 4377 photiae
1100 4301 1131 4355 et
1145 4292 1288 4355 omnium
1305 4310 1397 4355 usum
1413 4292 1607 4372 linguarum,
1619 4291 1719 4354 ebun-

163 4393 263 4457 Judaei
290 4400 323 4456 et
350 4390 543 4470 sacerdotes,
568 4390 686 4454 Scribas
709 4399 741 4454 et
768 4391 914 4454 Pharisaei
970 4392 1175 4470 dentiumque
1210 4390 1391 4453 divinorum
1420 4389 1646 4453 charismatum
1680 4410 1716 4453 ac

165 4492 283 4556 ceteris
298 4490 470 4569 doctiores,
486 4488 640 4552 adlidem
655 4489 916 4553 Salvatoriscon-
970 4489 1242 4553 ferventissimum
1271 4486 1372 4549 divini
1407 4487 1525 4551 arnoris
1559 4488 1715 4552 ardorem.

165 4590 383 4653 vertebantur.
409 4588 467 4651 Tot
487 4605 625 4668 namque
646 4596 679 4650 et
701 4596 788 4651 tauta
811 4588 913 4670 signa,
972 4589 1022 4651 Sic
1049 4588 1146 4669 igitur
1174 4585 1276 4666 primo
1305 4584 1338 4648 in
1366 4594 1430 4648 toto
1458 4585 1534 4649 orbe
1563 4594 1717 4649 terrarum

166 4688 313 4772 prodigia
326 4706 365 4750 ac
379 4685 535 4749 miracula
548 4685 739 4767 operabatur
748 4686 830 4747 Deus
843 4704 917 4767 quo
972 4683 1321 4769 predicata,divulgata
1335 4692 1366 4746 ct
1381 4683 1560 4747 introducta
1574 4692 1623 4747 est
1637 4682 1718 4747 lides

167 4788 246 4850 tidie
276 4805 335 4868 per
361 4783 474 4847 felices
499 4783 678 4865 Apostolos,
704 4784 790 4864 quod
820 4784 916 4847 etiam
972 4784 1153 4847 christiana.

166 4886 314 4949 civitates
336 4884 426 4964 juxta
452 4880 627 4944 Jerusalem
653 4880 722 4944 sies
750 4900 918 4945 concurre-
1011 4882 1134 4943 luteres
1161 4879 1252 4942 multi
1282 4898 1372 4960 reges
1397 4878 1619 4962 principesque
1643 4900 1720 4963 gen-

42 4992 243 5046 itumst-unt
278 4982 318 5044 ad
346 4979 458 5043 urbem
493 4978 678 5054 Jerusalem,
707 4997 809 5060 aegros
843 4998 918 5043 suos
971 4979 1076 5041 tilium
1098 4998 1161 5041 uon
1182 4977 1359 5057 credentes,
1376 4986 1541 5058 coeperuut
1559 4977 1719 5060 Apostolis

42 5064 68 5103 ¹“
167 5100 279 5144 secum
294 5078 435 5142 terentes
456 5094 574 5157 eosque
596 5076 628 5138 in
650 5076 789 5159 grabatis
803 5076 837 5139 in
852 5076 918 5156 pls·
972 5077 1149 5158 ceterisque
1163 5074 1241 5138 lidci
1265 5074 1445 5137 christianae
1460 5075 1719 5156 predicatoribus

167 5180 229 5242 teis
258 5185 426 5260 ponentes,
453 5184 610 5257 quatenus
637 5175 728 5238 Petro
756 5176 916 5254 veniente,
973 5176 1178 5238 vehementer
1207 5172 1352 5235 resistere
1379 5179 1473 5252 atque
1506 5172 1720 5235 amarissimas

168 5278 284 5341 saltem
312 5273 426 5339 umbra
452 5270 555 5355 ipsius
577 5271 783 5337 obumbraret
808 5292 919 5354 quem·
976 5281 1094 5338 mortes
1123 5271 1282 5355 infligere,
1311 5268 1486 5353 presertim
1515 5268 1721 5352 imperatores
