4309 6250
395 494 456 559 276
730 510 850 557 comas
869 509 1038 556 enarrem
1057 509 1230 570 irrisoriam,
1253 509 1341 555 aranu
1362 510 1396 555 11.
1418 528 1459 540 -
1479 510 1549 556 aar.
1573 510 1603 557 rr

396 681 507 744 divina
534 681 595 745 sibi
624 680 779 744 revelaret
811 678 972 761 mysteria,
1001 686 1142 760 tuncque
1157 681 1183 740 Α
1198 695 1270 740 rum
1288 677 1359 741 illos
1374 677 1550 741 mirificans
1568 687 1600 740 et
1614 697 1672 760 per
1685 679 1838 761 preclara
1857 676 1957 758 signa

396 780 466 861 ipse
491 778 627 861 angelici
647 778 754 841 vultus
773 777 949 840 claritatem
968 785 1000 839 et
1018 777 1144 838 divino·
1198 776 1368 856 honorans,
1384 777 1652 857 quemadmodum
1668 785 1798 840 sanctus
1813 776 1959 857 prophe-

397 897 468 940 rum
486 878 712 941 revelationem
731 894 796 939 non
814 874 932 952 ferens,
950 875 996 937 sic
1016 875 1144 938 caderet
1199 883 1230 936 ta
1254 873 1353 936 David
1378 874 1423 936 ait
1446 875 1480 937 in
1505 863 1653 938 Psalmo:
1671 874 1742 937 Filii
1767 873 1953 951 hominum,
1974 892 2104 938 raram

397 984 429 1038 et
442 976 572 1057 jaceret.
588 975 637 1039 An
651 975 737 1038 istud
749 993 862 1037 verum
877 974 929 1051 sit,
946 974 1070 1054 ignoro.
1199 972 1310 1035 scitote
1324 971 1477 1053 quoniam
1491 972 1676 1036 mirificavit
1698 972 1851 1036 Dominus
1873 972 1958 1034 San-

1200 1079 1286 1133 ctum
1315 1091 1418 1134 suum.
1450 1071 1540 1134 Tales
1572 1079 1679 1134 autem
1712 1071 1855 1151 luerunt,
1886 1088 1956 1133 non

1200 1170 1302 1232 solum
1318 1168 1538 1251 gloriosissimi
1553 1169 1667 1233 Christi
1682 1168 1835 1252 Apostoli,
1850 1169 1958 1231 sedet

606 1237 851 1304 ARTICULUS
875 1236 933 1301 IV·
1201 1267 1451 1330 innumerabiles
1489 1275 1644 1350 martyres
1681 1276 1714 1330 et
1750 1266 1956 1331 confessores

395 1389 516 1452 Contra
527 1389 679 1466 quosdam
689 1405 817 1445 errores
827 1386 865 1443 in
869 1384 976 1461 primo
984 1383 1146 1444 Alcoram'
1200 1365 1365 1456 Utriusque
1380 1384 1473 1428 ⁸0¹¹¹⁵
1491 1389 1497 1429 ²
1515 1363 1860 1456 (1¹¹⁰l11mffllfltiinfffl
1875 1383 1957 1446 Pffll·

518 1531 521 1534 .
600 1477 744 1550 capitulo
758 1482 931 1534 contentos.
1201 1483 1255 1527 cos
1273 1482 1374 1527 annos
1394 1463 1534 1542 luerunt,
1550 1465 1615 1528 imo
1640 1462 1725 1527 inlra
1748 1483 1850 1527 annos
1874 1483 1958 1546 pau-

1201 1561 1357 1641 cissimos,
1373 1569 1405 1625 et
1419 1571 1591 1644 supersunt
1604 1564 1661 1644 qui
1676 1580 1732 1627 eos
1747 1570 1908 1625 noverunt
1923 1571 1958 1624 et

393 1663 601 1830 Illexordio
617 1662 713 1745 primi
729 1661 862 1744 capituli
876 1661 1025 1725 Alcorani
1047 1659 1144 1723 habe·
1199 1679 1309 1723 eorum
1335 1660 1488 1723 miracula
1513 1669 1759 1744 conspexerunt,
1781 1670 1875 1742 prout
1902 1679 1958 1723 co-

444 1772 496 1826 tnr
512 1787 519 1825 :
536 1765 601 1825 Hic
615 1763 699 1821 liber
712 1763 830 1840 absque
844 1761 1005 1837 salsitatis
1026 1763 1076 1818 vet
1095 1779 1144 1818 er·
1200 1778 1267 1822 ram
1285 1759 1426 1822 Romano
1445 1758 1600 1822 Pontifice
1621 1778 1678 1840 per
1698 1758 1879 1822 testimonia
1901 1777 1957 1822 co-

393 1863 482 1923 roris
508 1881 655 1931 annexu,
682 1860 849 1920 veridicus
876 1867 922 1918 est
951 1859 998 1918 eis
1024 1859 1144 1936 quibus
1161 1859 1185 1921 Β
1200 1858 1289 1940 piosa
1303 1865 1397 1939 atque
1412 1857 1527 1922 idonea
1542 1866 1589 1922 est
1604 1859 1783 1940 probatum.
1800 1858 1897 1922 Porro
1913 1859 1955 1921 de

387 1959 477 2021 'ineat
498 1979 592 2020 amor
609 1959 758 2028 divinus,
773 1958 977 2036 Deitatisque
996 1958 1097 2016 timor
1114 1964 1143 2015 et
1200 1955 1269 2017 istis
1297 1954 1462 2018 miraculis
1489 1955 1572 2019 infra
1594 1956 1626 2018 in
1653 1956 1785 2037 speciali
1814 1963 1954 2019 tractatu

392 2061 644 2128 antecameram
654 2057 843 2116 orationum
857 2058 1146 2132 elcemosynarum·
1199 2053 1319 2117 mentio
1334 2053 1404 2116 erit.
1413 2053 1590 2117 Producant
1601 2054 1814 2136 Sarraceni‚si
1830 2053 1951 2135 valent,

394 2177 456 2236 que
476 2155 638 2225 studium,
654 2161 716 2215 etc.
1199 2170 1299 2214 unum
1314 2171 1351 2214 ex
1367 2152 1436 2233 lege
1451 2171 1509 2214 sua
1523 2152 1617 2234 cujus
1632 2151 1731 2216 vitam
1750 2161 1783 2216 et
1801 2153 1955 2216 sanctita-

434 2254 481 2317 Ad
510 2253 595 2315 istud
624 2251 813 2334 respondeo,
839 2250 923 2332 quod
951 2250 1068 2331 duplex
1096 2257 1145 2311 est
1199 2257 1264 2311 tem
1278 2249 1361 2312 Deus
1375 2250 1577 2331 omnipotens
1599 2258 1631 2313 et
1651 2258 1789 2314 aeternus
1811 2270 1872 2333 per
1893 2250 1957 2313 mi·

394 2371 484 2415 amor
507 2350 574 2430 Dei,
595 2349 744 2412 videlicet
766 2348 932 2426 naturalis,
948 2355 980 2410 et
1004 2346 1142 2410 inlusus.
1199 2347 1307 2410 racula
1322 2347 1382 2410 sibi
1399 2347 1458 2411 soli
1473 2347 1640 2429 possibilia
1654 2349 1840 2411 declaravit.
1863 2347 1955 2424 Quod

394 2449 492 2512 Amor
511 2448 566 2511 Dei
587 2445 754 2524 naturalis,
770 2444 863 2508 bonis
883 2463 921 2507 ac
943 2444 1048 2523 malis,
1063 2442 1145 2506 lide·
1200 2445 1352 2526 quianon
1369 2453 1514 2527 possunt,
1530 2466 1548 2508 a
1563 2445 1640 2524 suis,
1657 2465 1776 2528 queso,
1788 2446 1955 2509 erroribus

394 2548 479 2610 libus
494 2544 742 2625 infidelibusque
758 2542 938 2607 communis
952 2549 1020 2621 est;
1036 2550 1144 2606 emen
1199 2541 1399 2625 resipiscant,
1426 2551 1458 2606 et
1485 2544 1669 2607 christianae
1696 2543 1775 2607 fidei
1800 2551 1955 2626 praestent

395 2646 428 2708 in
447 2645 541 2708 bonis
561 2651 656 2724 atque
677 2640 829 2704 fidelibus
849 2659 939 2703 amor
959 2640 1019 2703 iste
1041 2641 1157 2725 perle-¹
1199 2659 1376 2703 assensum.
1406 2641 1481 2716 Quis
1509 2660 1650 2722 unquam
1679 2641 1712 2704 in
1740 2641 1810 2723 lega
1837 2641 1953 2705 lishon

395 2744 475 2806 ctior
489 2749 538 2805 est
555 2759 651 2822 quam
670 2740 704 2802 in
723 2739 815 2802 malis
835 2759 882 2801 ac.
894 2738 1027 2821 perfidis
1045 2763 1051 2801 ι
1069 2739 1144 2821 quia
1199 2746 1341 2802 mortuos
1356 2738 1542 2801 suscitavitl
1556 2739 1631 2814 Quis
1647 2741 1680 2802 in
1696 2759 1733 2802 ea
1752 2759 1865 2819 cecos,
1882 2760 1954 2802 sur-

393 2841 426 2903 in
442 2840 534 2904 bonis
548 2858 655 2903 amore
670 2837 903 2920 supernaturali
918 2836 1075 2919 spirituali
1097 2837 1145 2899 in·
1199 2837 1268 2917 dos,
1285 2838 1427 2916 claudos,
1443 2846 1549 2901 mutos
1563 2857 1602 2901 ex
1617 2847 1707 2902 utero
1726 2840 1836 2902 mauis
1859 2859 1953 2902 cura·

394 2940 478 3018 fuso,
494 2939 555 3001 hoc
570 2945 618 3000 est
636 2956 694 3020 per
712 2936 908 2999 creationem
926 2954 945 2997 a
965 2936 1028 2999 Deo
1048 2935 1144 2998 colla·
1200 2935 1266 2997 vitt
1292 2935 1338 2998 Ad
1367 2935 1459 3016 cujus
1484 2937 1731 3001 Sarracenorum
1761 2938 1950 3001 instantiam

395 3046 439 3116 to,
464 3036 621 3100 formatur
647 3042 743 3116 atque
772 3033 958 3116 perfinitum
988 3033 1020 3094 in
1049 3031 1179 3095 malisC
1199 3034 1247 3097 sol
1266 3034 1352 3096 stetit
1370 3035 1403 3096 in
1423 3034 1515 3114 coelo,
1532 3043 1563 3098 at
1586 3035 1751 3118 proprium
1776 3037 1852 3099 luna
1877 3057 1951 3100 cnr·

394 3146 501 3199 autem
523 3155 580 3218 per
604 3134 679 3197 vitia
703 3133 909 3197 deformatur.
925 3133 1032 3215 ltaque
1056 3133 1140 3211 dico,
1199 3152 1269 3195 sum
1297 3134 1455 3196 mutavitl
1485 3133 1519 3196 ln
1549 3134 1642 3215 cujus
1676 3134 1834 3199 cultorum
1868 3136 1949 3219 legis

394 3234 479 3317 quod
501 3233 584 3296 liber
603 3232 668 3311 hic,
686 3231 811 3294 scilicet
830 3231 978 3310 Alcoran,
993 3231 1143 3293 omnibns
1198 3231 1308 3294 Mahon
1325 3240 1425 3295 morte
1440 3231 1500 3295 visi
1516 3242 1589 3294 sunt
1603 3232 1708 3315 angeli
1723 3232 1837 3311 saneti,
1849 3242 1881 3297 et
1895 3254 1950 3299 eo-

394 3332 511 3414 quihus
526 3330 610 3393 inest
624 3348 714 3392 amor
726 3329 782 3392 Dei
796 3328 933 3408 inlusus,
949 3328 1143 3410 Deitatisque
1199 3348 1268 3391 rum
1283 3329 1460 3393 dulcissimi
1476 3338 1588 3393 cautus
1606 3330 1716 3411 auditi,
1733 3330 1952 3414 fragrantissi-

395 3431 492 3493 timor
509 3428 622 3491 filialis
640 3446 677 3490 ex
697 3425 805 3490 inluso
824 3445 932 3490 amore
953 3427 1141 3506 scaturiens,
1198 3446 1250 3491 mo
1273 3428 1370 3491 odore
1392 3427 1486 3490 simul
1508 3428 1682 3512 adspersol
1697 3429 1772 3504 Qua
1791 3431 1901 3493 omnia
1915 3432 1951 3494 in

395 3534 479 3591 totus
493 3525 661 3589 falsidicus
674 3533 724 3588 est
741 3533 774 3588 et
792 3525 976 3602 mendosus,
992 3525 1142 3606 quoniam
1198 3526 1445 3589 Christianorum
1467 3526 1537 3609 lege
1558 3527 1778 3609 copiosissime
1798 3530 1953 3611 configis-

396 3626 519 3689 veritati
544 3643 641 3687 sacras
666 3624 834 3706 Scriptura
858 3632 923 3687 tam
946 3624 1022 3688 novi
1047 3643 1143 3705 quam
1199 3642 1244 3703 se,
1260 3623 1375 3705 partim
1390 3623 1544 3705 exprimo
1559 3632 1645 3706 patet
1664 3624 1783 3706 libello,
1799 3626 1953 3690 inferius·
1966 3652 2013 3697 aa.
2029 3664 2098 3691 m

395 3723 512 3788 veteris
537 3722 730 3786 Testamenti
754 3722 847 3784 valde
872 3722 1061 3803 contrarius,
1077 3740 1145 3784 om·
1199 3739 1260 3804 que
1282 3721 1401 3803 patebit
1422 3721 1570 3786 lucidius.

396 3824 548 3903 niumque
563 3820 790 3903 principalium
809 3819 1092 3883 heresiarcharum
1113 3828 1145 3883 et
1239 3820 1402 3900 Praeterea,
1419 3819 1544 3901 signum
1559 3820 1660 3883 divini
1675 3822 1794 3886 amoris
1814 3832 1864 3885 est
1882 3843 1954 3887 car-

397 3920 607 4003 quorumdam
621 3918 790 4001 gentilium
806 3918 960 3981 falsitates
974 3919 1145 4000 sacrilegas
1201 3917 1322 3980 nalium
1347 3916 1557 3999 voluptatum,
1574 3920 1800 4002 temporalium
1824 3921 1955 3984 divitia-

399 4038 556 4083 renovans
570 4037 607 4080 ac
622 4017 738 4079 multas
752 4015 918 4097 adjiciens,
934 4025 970 4079 ut
988 4017 1021 4078 in
1041 4018 1145 4098 primo
1200 4035 1283 4094 rum,
1312 4025 1510 4080 terrenorum
1543 4018 1700 4081 honorum
1733 4030 1951 4103 contemptus.

306 4151 385 4189 mvn·
398 4125 535 4181 tractatu
557 4114 677 4177 diliuse
698 4134 735 4176 ac
756 4114 927 4195 diligenter
950 4133 1008 4197 per
1030 4115 1147 4177 utrius·
1200 4114 1271 4175 llaec
1290 4113 1377 4176 enim
1398 4114 1506 4176 omnia
1528 4134 1547 4177 a
1570 4115 1706 4196 puritate
1729 4119 1957 4200 contemplati-

398 4235 461 4299 que
481 4213 673 4277 Testamenti
698 4212 871 4293 scripturas
896 4220 1059 4275 ostensum
1085 4222 1144 4293 est,
1161 4215 1186 4278 n
1201 4211 1272 4275 onis
1295 4211 1486 4290 divinorum,
1514 4213 1555 4275 ab
1578 4230 1686 4277 amore
1708 4223 1913 4295 eternorum,
1936 4238 1955 4280 a

399 4314 432 4376 in
448 4311 652 4394 sequentibus
668 4328 794 4391 quoque
810 4311 1083 4375 abundantissime
1102 4321 1147 4374 at·
1202 4310 1307 4391 quiete
1331 4318 1363 4372 et
1385 4310 1557 4373 stabilitate
1577 4311 1693 4374 mentis
1714 4312 1746 4374 in
1767 4314 1832 4377 Deo
1852 4314 1957 4398 impe-

399 4431 461 4494 que
482 4407 659 4473 clarissime
679 4408 876 4471 ostendetur.
1202 4409 1303 4471 diunt.
1320 4409 1482 4483 Quomodo
1496 4428 1571 4493 ergo
1586 4410 1619 4472 in
1634 4410 1810 4479 llahometo
1828 4422 1861 4475 et
1881 4414 1956 4495 ejus

437 4508 600 4583 Praeterea,
629 4504 676 4567 illi
710 4505 863 4569 veraciter
894 4505 1004 4570 divino
1038 4506 1146 4571 inluso
1203 4508 1390 4587 sequacibus
1416 4508 1477 4570 luit
1498 4528 1587 4573 amor
1612 4509 1666 4572 Dei
1692 4509 1819 4573 inlusus
1844 4520 1876 4575 et
1900 4532 1956 4575 su-

329 4687 331 4690 ,
397 4624 517 4685 amore,
538 4602 667 4667 Deitatis
687 4601 780 4665 liliali
801 4604 914 4666 timore
934 4613 966 4667 et
986 4606 1147 4667 sanctissi-
1203 4608 1423 4688 pernaturalis,
1454 4608 1508 4689 qui
1537 4616 1602 4672 toto
1628 4609 1733 4673 cordis
1762 4611 1883 4675 aflectu
1912 4613 1954 4675 ad

397 4722 451 4767 mo
465 4702 565 4781 cultu,
581 4700 760 4765 orationum
774 4709 806 4763 et
820 4700 1093 4784 eleemosynarum
1108 4722 1147 4766 ex
1202 4705 1416 4788 principatum
1432 4714 1603 4784 terrenum,
1611 4708 1650 4770 ad
1665 4709 1864 4791 opulentiam
1878 4718 1956 4773 tem·

397 4800 484 4865 veris
508 4808 540 4863 et
564 4799 680 4862 inlusis
705 4798 876 4862 virtutibus
905 4800 1146 4880 procedentium
1203 4802 1355 4884 poralem,
1371 4805 1410 4867 ad
1426 4804 1631 4885 pulchrarum
1646 4804 1839 4870 feminarum
1855 4808 1955 4872 anhe-

398 4901 504 4965 studio
526 4898 615 4983 pleni
633 4897 775 4977 luerunt,
791 4916 927 4979 quorum
944 4898 1044 4961 vitam
1063 4900 1147 4964 Deus
1203 4902 1310 4964 labant
1324 4896 1526 4984 ampleruml
1542 4902 1608 4977 Quo
1624 4903 1731 4984 utique
1746 4914 1956 4986 consistens

398 4999 574 5063 ineffabilis
589 5006 621 5061 et
634 4997 779 5059 excelsus
800 4997 860 5059 sibi
882 4998 1013 5063 omniuo
1033 5001 1148 5081 gratis-
1203 5001 1301 5063 luisse
1316 5018 1380 5062 non
1396 5009 1534 5079 sanctos,
1550 5020 1609 5064 neo
1624 5002 1731 5065 divino
1746 5022 1856 5069 amore
1871 5005 1957 5069 inlu-

399 5100 513 5161 simam
535 5096 870 5180 placentissimamque
892 5097 1066 5161 consistere
1090 5094 1148 5181 per
1203 5118 1238 5162 so
1259 5099 1418 5178 ardentes,
1434 5118 1493 5162 nec
1513 5099 1706 5181 spirituales,
1724 5102 1781 5164 sed
1802 5101 1957 5169 libidino-

397 5196 536 5280 gloriosa
563 5193 794 5256 demonstravit
822 5192 987 5273 miracula,
1019 5203 1084 5258 tam
1112 5198 1146 5261 in
1204 5216 1267 5276 sos,
1284 5197 1482 5277 ambitiosos,
1499 5216 1622 5262 avaros.

399 5295 465 5358 vita
485 5310 581 5374 qnam
600 5290 635 5352 in
656 5298 756 5353 morte
777 5298 809 5353 et
828 5300 901 5373 post
922 5302 1057 5358 mortem
1075 5294 1148 5359 illo-
1242 5296 1365 5360 Interea
1384 5304 1506 5360 certum
1521 5306 1570 5360 est
1583 5297 1748 5362 hereticos
1770 5307 1801 5362 et
1824 5299 1956 5385 iniquos
