4309 6250
310 521 460 570 lithOCUS
483 522 711 569 htsrurnnrortls
734 520 824 568 utrnn
843 520 1051 569 cnutsrtnrtutt
1071 522 1110 568 ET
1130 524 1345 571 sermonumt.
1368 542 1408 553 ···
1427 525 1499 571 ΛΚΤ.
1522 525 1557 572 111
1646 506 1707 571 449

153 691 238 772 quod
263 691 362 755 Judaei
387 691 581 755 Christianos
602 692 670 755 dire
692 691 824 755 irrident
847 693 944 774 pud
960 711 1026 755 ram
1048 693 1165 755 veteris
1188 693 1379 755 Testamenti
1398 713 1435 756 ac
1455 694 1533 776 legis
1554 694 1707 773 Mosaice,

153 796 256 851 tentes
281 788 441 852 Christum
467 790 506 853 ab
532 789 596 852 illis
621 790 774 854 occisum.
794 790 828 853 ln
853 790 904 852 his
959 789 1067 853 Davidi
1081 799 1189 853 autem
1207 791 1403 869 Psalterium,
1421 792 1495 855 lesu
1517 811 1592 856 vero
1606 792 1709 855 uarie

153 887 261 949 verbis
276 887 389 951 hlahon
409 888 522 951 asserit
539 887 698 951 Christum
715 907 777 952 non
801 907 871 951 esse
886 908 904 951 a
958 887 1030 951 lilio
1043 888 1263 970 Evangelium,
1273 889 1334 951 sihi
1349 898 1454 953 autem
1468 892 1592 972 (utpote
1605 891 1709 956 llaho-

152 983 270 1047 iudeis
294 985 448 1064 occisum,
474 1004 534 1048 nec
559 1004 617 1067 pro
645 986 745 1049 salute
772 986 903 1049 humani
959 988 1057 1065 meto)
1085 986 1299 1050 Alcoranumt
1327 987 1599 1062 Quemadmodum
1633 1008 1709 1072 ergo

151 1082 281 1163 generis
303 1082 504 1146 crucifixum.
960 1081 1069 1145 lateris
1103 1083 1134 1145 in
1163 1084 1320 1147 dloorano
1352 1084 1425 1147 lalsi
1458 1085 1504 1148 nil
1538 1086 1707 1166 contineri,

194 1181 578 1247 sineremus-Fateor
592 1182 636 1245 ita
649 1200 802 1246 esse:nec
817 1182 903 1245 enim
960 1180 1006 1244 sic
1026 1181 1150 1263 cogeris
1169 1182 1334 1263 protestari
1352 1182 1385 1245 in
1407 1182 1573 1264 scripturis
1592 1184 1709 1249 veteris

154 1280 262 1345 decuit
290 1280 589 1345 innocentissimum
620 1290 715 1364 etque
743 1281 905 1345 sanctissi-
960 1279 1153 1343 Testamenti
1181 1290 1214 1344 ct
1239 1280 1272 1343 in
1297 1280 1446 1345 Psalterio
1475 1300 1512 1344 ac
1537 1281 1709 1365 Evangelio

156 1397 244 1443 mum
266 1378 322 1441 Dei
343 1377 530 1461 Prophetam
553 1377 660 1462 impiis
685 1379 766 1442 tradi
791 1380 831 1442 ad
852 1398 906 1443 oc·
960 1364 1177 1441 nil‘ralsiutis
1205 1398 1274 1441 esse
1302 1378 1488 1442 admixtum.
1509 1380 1612 1455 Quum
1633 1400 1709 1465 ergo

156 1478 342 1541 ridendum.
960 1484 1096 1558 quatuor
1123 1478 1223 1541 saneti
1248 1477 1457 1559 Evangelistae
1484 1478 1517 1539 in
1538 1478 1709 1561 Evangelio

194 1576 412 1640 Cunrsnmrtus.
427 1610 468 1623 ···
485 1575 524 1639 Et
541 1576 613 1657 quis
633 1574 694 1638 luit
713 1575 766 1639 ille
789 1576 904 1641 similis
959 1574 1140 1656 passionem
1162 1574 1276 1638 Christi
1300 1575 1420 1651 diiinse
1448 1577 1710 1660 concorditerque

154 1674 290 1754 Christo,
305 1693 401 1757 quem
427 1674 497 1739 loco
521 1684 552 1737 et
577 1674 647 1737 vice
671 1674 784 1737 Christi
809 1675 904 1739 inter·
959 1674 1173 1752 conscribant,
1196 1693 1258 1755 qua
1281 1673 1398 1754 irontc,
1417 1693 1480 1756 quo
1505 1676 1623 1755 colere,
1646 1697 1710 1759 qua

154 1776 319 1838 emeruntt
334 1774 458 1836 Etenim
474 1773 603 1854 quidam
625 1792 663 1836 ex
685 1774 802 1837 nostris
823 1774 905 1838 inter
958 1772 1109 1852 amentia,
1126 1772 1282 1836 Christum
1306 1792 1376 1836 esse
1400 1792 1529 1856 passum
1554 1774 1710 1839 Mahomet

154 1892 210 1935 vos
225 1872 283 1936 diu
298 1872 489 1949 conversati,
507 1871 683 1934 retulerunt
698 1872 802 1953 nohis,
818 1873 903 1954 quod
922 1872 945 1935 B
961 1878 1045 1951 tuus,
1057 1870 1154 1933 totius
1168 1870 1315 1934 falsitatis
1330 1873 1492 1954 magister,
1502 1892 1618 1956 negare
1633 1893 1709 1956 pre-

153 1969 324 2033 aliirmetis
339 1970 446 2033 lesum
461 1969 619 2032 Christum
636 1970 712 2035 hora
727 1989 790 2051 que
805 1970 902 2035 iudei
960 1969 1106 2051 sumpsit,
1122 1971 1299 2052 presertim
1320 1990 1418 2053 quum
1442 1979 1474 2034 et
1497 1972 1613 2036 Christi
1638 1992 1708 2056 pas·

155 2088 226 2131 eum
252 2087 367 2150 capere
392 2068 575 2131 nitebantur
602 2087 639 2131 ac
668 2068 903 2148 existimabant,
960 2068 1082 2132 sionem
1103 2068 1232 2151 copiose
1251 2070 1454 2152 praedixerint
1475 2071 1592 2133 veteris
1606 2071 1709 2135 Testa·

155 2168 299 2249 posuisse
320 2166 458 2248 figurem
480 2174 512 2229 et
533 2165 777 2229 similitudinem
799 2166 848 2229 sui
871 2169 904 2230 in
960 2168 1057 2229 menti
1087 2168 1260 2251 Prophetae,
1289 2168 1455 2251 potissime
1490 2169 1599 2249 David,
1628 2189 1709 2251 quos

154 2267 266 2330 ludam
287 2266 493 2347 proditorem,
510 2265 621 2347 sicque
641 2266 765 2330 tureos
780 2267 905 2349 cepisse
960 2265 1072 2329 ldahon
1096 2266 1251 2330 divinitus
1275 2266 1375 2330 luisse
1399 2267 1571 2349 inspiratos
1599 2268 1633 2330 in
1657 2269 1710 2332 Al-

155 2372 186 2427 et
209 2362 409 2427 crucifixisse
434 2363 546 2427 ludam
567 2364 670 2444 illum,
692 2364 799 2428 lesum
829 2384 905 2429 vero
961 2384 1079 2428 coreno
1100 2365 1241 2447 alibique
1259 2364 1397 2429 iateturl
1416 2365 1536 2448 Nempe
1561 2375 1593 2429 et
1617 2369 1711 2448 quin-

155 2462 336 2526 asceudisse
351 2460 384 2523 in
400 2462 527 2525 coelum.
546 2461 601 2525 Cui
625 2463 803 2527 recitationi
819 2464 906 2527 vide-
960 2463 1147 2544 quagesima
1161 2462 1308 2527 Alcerani
1323 2462 1464 2546 capitulo
1479 2462 1639 2545 loquitur:
1652 2463 1710 2527 llic

155 2570 205 2624 tur
229 2559 370 2624 alludere
395 2560 478 2643 quod
500 2560 534 2623 in
555 2561 712 2625 Alcerano
734 2570 902 2626 narratur:
961 2560 1043 2623 liber
1065 2560 1229 2640 (videlicet
1249 2561 1399 2640 hleoran)
1424 2580 1483 2625 nec
1508 2562 1709 2625 mendacium

155 2660 252 2723 Judaei
276 2659 350 2721 Jesu
374 2658 508 2723 illudere
536 2660 740 2739 estimantes,
767 2660 808 2723 ab
836 2661 905 2744 ipso
961 2658 1091 2740 aliquod
1114 2678 1174 2722 nec
1199 2658 1320 2740 aliquid
1347 2660 1512 2741 prophetis
1542 2660 1710 2741 preteritis

154 2758 261 2841 potius
282 2766 357 2820 sunt
377 2756 476 2821 illusi.
962 2757 1157 2821 eontrarium
1178 2758 1314 2820 nuntiat.

193 2858 409 2920 Sunnnuenus.
426 2854 591 2921 -Nonne
617 2857 733 2922 melius
757 2866 846 2923 sonat
873 2866 906 2920 ut
1001 2858 1215 2921 Sunnncarrus.
1244 2892 1285 2903 -
1312 2856 1523 2938 Evangelium
1550 2866 1645 2939 prout
1672 2876 1711 2922 ex

153 2955 298 3017 dicamus
317 2952 513 3035 proditorem
535 2953 626 3016 illum
646 2954 687 3018 ab
708 2955 815 3037 impiis
836 2974 906 3018 eru·
960 2974 1015 3019 ore
1038 2954 1153 3017 Christi
1177 2955 1329 3034 manavit,
1350 2963 1445 3035 atque
1469 2954 1509 3016 ah
1534 2955 1604 3035 ejus
1629 2957 1712 3037 Apo-
1826 2948 1833 2990 ἕ

155 3052 301 3132 cilixum,
318 3070 413 3135 quam
435 3051 623 3135 Prophetam
646 3053 905 3117 sanctissimumt
922 3058 944 3123 c
961 3053 1050 3117 stolis
1065 3073 1102 3117 ac
1116 3052 1327 3136 Evangelistis
1349 3052 1545 3136 descriptum
1565 3061 1623 3134 est,
1639 3052 1712 3117 abs·

195 3151 414 3215 Cunrsrmnus.
430 3186 472 3197 —
489 3150 600 3215 Melius
622 3153 682 3216 hoc
704 3161 829 3216 sonaret
853 3173 906 3216 ve
960 3173 1022 3235 que
1037 3153 1185 3215 iulsitstis
1200 3151 1424 3217 commixtione
1445 3171 1557 3214 verum
1578 3171 1648 3215 esse
1664 3151 1711 3214 la·

155 3251 285 3333 riusque
308 3258 416 3332 posset
437 3249 550 3330 videri,
566 3250 593 3312 si
619 3250 798 3314 diceremus
818 3251 906 3314 Chri·
960 3259 1086 3330 temur3
1103 3252 1158 3314 sed
1172 3270 1192 3313 a
1204 3250 1340 3334 posteris
1354 3250 1539 3314 eorumdem
1555 3248 1710 3312 iniectum

155 3359 240 3412 stum
261 3367 319 3431 pro
341 3366 399 3410 sua
420 3348 515 3430 culpa
539 3367 609 3412 esse
631 3349 785 3428 occisum,
802 3359 856 3412 aut
880 3351 905 3414 si
960 3359 1020 3429 est,
1036 3357 1068 3412 et
1090 3349 1295 3413 falsificatum
1317 3358 1366 3412 est
1386 3349 1420 3410 in
1440 3348 1561 3410 multis.

154 3449 237 3510 Deus
254 3465 318 3511 non
334 3446 530 3528 permitteret
547 3447 652 3528 justos
665 3455 698 3510 et
719 3447 905 3511 innocentes
999 3448 1218 3513 Cnnrsnmuus.
1234 3484 1275 3495 —
1298 3448 1363 3510 lloc
1388 3455 1421 3510 et
1445 3445 1710 3510 sceleratissimus

153 3547 186 3608 in
209 3545 326 3609 seculo
347 3545 408 3608 isto
428 3545 469 3608 ah
488 3543 596 3627 impiis
618 3545 762 3610 infestari
783 3565 820 3610 ac
843 3555 906 3611 tru-
959 3547 1169 3611 haeresiarche
1184 3546 1373 3610 llanichaeus
1392 3545 1448 3608 diu
1466 3553 1540 3608 ante
1555 3545 1712 3608 Mahome-

154 3643 266 3708 cidari.
284 3643 345 3706 Sed
359 3661 459 3724 quum
480 3643 568 3724 juxte
589 3643 815 3727 Prophetarum
837 3664 906 3709 ora·
960 3655 1144 3724 tumausus
1169 3654 1218 3709 est
1241 3645 1373 3728 fingere.
1391 3645 1429 3707 Et
1447 3644 1523 3726 quia
1541 3663 1598 3727 per
1617 3643 1710 3707 istum

154 3742 227 3805 cula
247 3740 535 3823 Apostolorumque
556 3741 705 3823 dogmata
725 3742 850 3806 occisus
866 3743 907 3807 sit
961 3743 1116 3825 exquisite
1139 3743 1311 3809 conlictem
1335 3751 1368 3806 et
1392 3742 1504 3805 falsam
1532 3740 1712 3824 responsio-

153 3839 295 3903 Christus
310 3857 368 3922 pre
384 3838 480 3902 totius
495 3839 603 3902 mundi
620 3839 906 3922 salute,Deusquo
961 3861 1035 3906 nem
1060 3843 1202 3905 nitimini
1227 3842 1327 3905 multa
1352 3848 1539 3924 argumenta
1562 3839 1709 3919 evadere,

154 3958 215 4020 que
236 3939 270 4001 in
287 3937 352 4000 vita
373 3937 432 4000 hac
452 3936 615 4018 permittat
634 3937 751 4002 electos
772 3957 845 4002 suos
869 3958 906 4002 ac
961 3940 1133 4004 falsitatem
1157 3941 1254 4022 hujus
1278 3940 1423 4022 responsi
1447 3938 1617 4020 diligenter
1643 3937 1710 4018 jam

155 4037 289 4100 Sanmos
304 4035 345 4100 ab
364 4035 483 4118 iniquis
504 4034 727 4118 multiplieiter
747 4036 904 4116 tribulari,
960 4040 1196 4103 demonstrabo.

149 4135 297 4219 ¹grauiter
314 4134 465 4218 opprimi,
482 4153 519 4198 ae
541 4135 636 4197 variis
656 4134 761 4216 poenis
779 4136 904 4216 occidi;

155 4233 290 4298 assertio
305 4232 372 4312 illa,
388 4233 473 4314 quod
496 4231 637 4295 Christus
656 4252 675 4294 a
693 4232 808 4296 iudeis
823 4235 946 4305 occi-1)

156 4353 210 4397 sus
225 4352 291 4396 non
306 4331 420 4413 sit,sed
432 4331 527 4394 ludas
541 4331 681 4413 iniquus,
689 4350 818 4414 prorsus
833 4334 906 4396 stul·
1169 4331 1414 4397 ARTICULUS
1437 4329 1497 4396 111.

156 4432 283 4544 tissima
306 4437 354 4494 est
377 4437 409 4540 ef
432 4430 595 4509 mendosa'
615 4437 715 4542 ‚aum
740 4431 906 4514 scripturis
961 4473 1427 4552 ReprobotioSorrucenorum
1440 4471 1711 4552 certioremque

155 4550 231 4595 novr
247 4548 285 4592 ac
301 4537 415 4593 veteris
431 4529 635 4610 Testamenti,
652 4549 730 4611 quus
749 4539 781 4593 et
793 4531 906 4596 Mahon
1003 4566 1156 4625 rumdam
1176 4563 1417 4632 memorum,
1431 4564 1613 4622 dicemium
1629 4563 1710 4622 scri,

156 4639 230 4694 tuus
249 4628 368 4692 latetur
391 4628 545 4691 divinitus
561 4629 727 4710 revelatas,
744 4629 908 4694 evidenter
998 4663 1135 4730 ptum„
1154 4652 1331 4727 Ευαῃθρῑῑῑ
1351 4654 1491 4730 novique
1514 4651 1712 4713 Testamenti

156 4727 653 4809 in[⁰¹⁰l11bililffl'quiimiliria-
1001 4763 1066 4803 esse
1088 4750 1293 4816 corruptam,
1317 4741 1474 4815 infectam
1497 4749 1528 4800 et
1551 4743 1711 4818 falsifica-

196 4831 461 4892 Snfluncnrtus-
474 4826 569 4890 Multa
584 4826 636 4890 hic
651 4826 731 4891 dicis
746 4847 816 4910 quta
832 4848 907 4893 uon·
1003 4843 1068 4894 tam
1085 4850 1148 4908 per
1162 4832 1316 4910 quosdam
1334 4838 1479 4904 posteros
1495 4831 1708 4892 Christianos.

156 4929 233 4991 dum
256 4925 409 5009 prohasti,
426 4935 459 4989 et
479 4933 576 4988 restat
593 4933 629 4988 ut
646 4925 757 4990 eadem
779 4928 904 5010 probes.

196 5027 416 5089 Canrsrmnus.
431 5057 471 5072 ···
485 5023 595 5088 Nonne
616 5025 727 5088 hlahon
752 5033 825 5088 tuus
849 5027 909 5090 ire·
1002 5030 1218 5092 Cnnrsrmuus.
1240 5059 1280 5072 -
1303 5023 1347 5086 Ex
1371 5024 1432 5089 hoc
1457 5026 1711 5089 demonstramus

155 5134 290 5209 quenter
303 5132 335 5187 et
348 5124 381 5186 in
393 5123 538 5206 pluribus
550 5123 627 5186 locis
642 5123 867 5204 latetur,docet
877 5135 909 5189 et
963 5128 1152 5210 scripturam
1178 5124 1257 5206 legis
1278 5132 1340 5186 ture
1362 5123 1423 5186 sihi
1448 5123 1509 5206 ipsi
1535 5123 1710 5206 sepissime

154 5223 285 5303 asserit,
300 5223 384 5305 quod
403 5223 485 5286 Deus
506 5221 650 5285 sublimis
671 5232 702 5286 et
723 5224 907 5288 benedictus
963 5245 1032 5290 esse
1048 5224 1250 5300 contrariam,
1260 5221 1335 5304 quia
1350 5221 1384 5283 in
1399 5222 1554 5285 Alcorano
1568 5221 1711 5302 Evange-

154 5323 249 5390 misit
271 5321 364 5404 lloysi
386 5322 633 5402 Testamentum,
651 5321 682 5384 id
705 5331 752 5386 est
773 5323 909 5407 scriptu·
964 5326 1042 5388 lium
1058 5321 1173 5386 Christi
1190 5321 1374 5402 frequenter
1387 5328 1419 5384 et
1437 5319 1628 5384 excellenter
1641 5327 1709 5384 tan·

287 5457 319 5508 Τ.
336 5459 375 5510 36.
1550 5454 1583 5508 29
