4309 6250
471 490 536 555 ott
846 506 992 555 nrrsrom
1012 505 1055 552 sn
1075 503 1232 552 rnmcnns
1253 502 1447 552 carnoucos.
1470 524 1510 535 —
1530 504 1602 552 nnn.
1624 506 1657 551 ιι

476 678 659 761 specialiter
676 678 847 761 pertinent.
863 680 1000 755 Quarum
1020 697 1085 741 una
1105 683 1154 740 est
1174 677 1224 758 ju·
1237 676 1263 738 Α
1277 675 1471 757 condignum
1485 674 1515 739 ei
1532 676 1751 757 rependerent,
1768 672 1914 769 qnoniam
1930 668 1996 733 aliud

477 777 573 858 stitia,
604 778 654 841 vel
682 780 730 858 (ut
758 778 869 841 asserit
896 776 1105 859 Augustinus)
1135 794 1225 838 amor
1278 782 1328 837 est
1345 774 1472 855 sanguis
1491 773 1557 853 Dei,
1573 772 1659 836 aliud
1678 772 1808 854 sanguis
1833 770 1994 834 hominnm:

476 875 552 939 boni
577 876 767 957 communis,
783 877 827 939 ita
847 885 882 937 ut
900 875 1020 938 bonum
1041 892 1222 951 commune,
1279 872 1363 934 aliud
1385 872 1469 951 dico,
1493 890 1559 935 non
1587 870 1763 933 secundum
1792 868 1934 949 speciem,
1956 866 1996 929 sed

477 973 697 1036 defensionem
713 973 905 1055 reipublice,
922 981 954 1036 et
968 972 1142 1055 presertim
1165 971 1225 1033 tui·
1280 971 1453 1033 secundnm
1466 970 1663 1051 dignitatem.
1672 968 1736 1031 Nec
1750 968 1866 1049 dignus
1879 974 1923 1029 est
1934 964 1997 1027 dhri-

477 1071 596 1134 tionem
625 1071 703 1133 fidei
732 1071 911 1134 christiane
938 1079 1033 1153 atque
1060 1070 1222 1147 Ecclesie,
1280 1070 1401 1132 stianus
1425 1069 1543 1147 vocari,
1569 1069 1713 1149 quinon
1739 1074 1867 1149 paratus
1891 1073 1934 1127 est
1956 1081 1997 1145 pro

477 1169 628 1233 concordi
649 1169 768 1232 affectu
790 1170 960 1252 preferant
979 1169 1118 1251 propriis
1141 1186 1226 1231 com·
1279 1166 1402 1229 Christo
1418 1166 1510 1229 mori.
1527 1165 1678 1229 Preterea
1692 1165 1731 1227 ad
1751 1164 1838 1226 idem
1858 1162 1941 1225 debet
1958 1179 1997 1223 eos

476 1267 590 1346 modis,
609 1267 673 1331 imo
693 1275 725 1329 et
742 1268 879 1349 proprie
902 1268 986 1345 vite,
1003 1268 1111 1348 sicque
1137 1285 1227 1347 para·
1280 1283 1408 1328 movere
1423 1264 1608 1345 magnitudo
1629 1262 1751 1346 premii
1774 1261 1870 1343 hujus
1889 1259 1964 1337 belli,
1976 1268 1999 1321 et

476 1364 589 1426 tissimi
606 1364 670 1426 sint
683 1365 723 1425 ad
738 1366 944 1445 pugnandum
959 1373 992 1427 et
1005 1364 1224 1438 laborandum,
1281 1364 1437 1427 certitudo
1462 1362 1571 1425 salutis
1596 1362 1802 1426 morientium
1827 1360 1860 1422 in
1882 1360 1996 1422 eoderrm

476 1462 541 1525 imo
555 1470 587 1525 et
601 1464 640 1524 ad
654 1462 855 1526 moriendum
870 1482 927 1545 pro
942 1482 1037 1525 causa
1052 1463 1122 1539 ista,
1131 1469 1225 1542 atque
1280 1463 1430 1543 quoniam
1452 1461 1523 1524 talis
1545 1480 1734 1542 congressus
1757 1458 1905 1541 martyrio
1925 1456 2000 1538 equi-

477 1580 550 1623 cum
573 1560 747 1624 fortissimo
765 1561 846 1624 luda
863 1561 1039 1624 Mnchabeo
1059 1561 1226 1623 eohortau-
1280 1560 1389 1644 pollet,
1413 1568 1445 1623 et
1464 1560 1636 1623 morientes
1658 1559 1691 1621 in
1713 1576 1763 1637 oo,
1780 1565 1854 1620 sunt
1873 1564 1998 1636 martyres

476 1667 524 1721 tes
540 1678 584 1737 se,
602 1660 709 1722 dicant
726 1683 733 1721 ε
750 1660 973 1741 Accingimini‚
990 1667 1022 1722 ct
1040 1666 1140 1722 estote
1162 1657 1224 1719 filii
1280 1658 1407 1721 Christi.
1424 1658 1468 1720 Ex
1492 1658 1609 1740 quibus
1633 1657 1841 1740 perpenditur
1863 1674 1948 1737 quam
1967 1673 2000 1715 re

475 1766 632 1840 potentes,
649 1756 800 1838 quoniam
823 1758 938 1820 melius
960 1765 1008 1820 cst
1029 1757 1121 1819 nobis
1144 1756 1224 1819 mori
1280 1757 1512 1839 prehensibiles
1527 1765 1621 1837 atque
1635 1754 1835 1819 damnabiles
1850 1762 1918 1816 sunt
1933 1752 1999 1833 prin-

476 1856 509 1917 in
524 1855 620 1933 bello,
636 1874 732 1937 quam
752 1856 860 1918 videre
882 1856 964 1918 mala
984 1855 1088 1937 gentis
1110 1862 1224 1917 nostre
1239 1854 1262 1916 B
1280 1856 1367 1935 cipes
1383 1854 1548 1917 christiani
1563 1854 1617 1936 qni
1632 1855 1673 1916 ed
1689 1852 1923 1935 repugnandum
1943 1848 1999 1911 infi-

474 1962 507 2017 et
521 1961 724 2032 sanctornm5
741 1955 825 2017 sicut
839 1953 936 2016 fuerit
950 1954 1097 2017 voluntas
1114 1953 1147 2014 in
1163 1970 1225 2014 coe·
1278 1954 1402 2016 delibus
1427 1962 1500 2015 sunt
1526 1951 1736 2030 formidolosi,
1764 1950 1855 2029 tardi,
1876 1948 1951 2031 parci
1971 1967 1999 2009 ac

477 2052 520 2130 lo,
537 2052 583 2114 sio
608 2051 677 2115 fiat.
695 2052 840 2115 Secunda
859 2052 1011 2114 virtutum
1030 2050 1157 2113 illarum
1177 2058 1226 2111 est
1278 2051 1508 2132 pusillanimes.
1526 2052 1615 2113 Tales
1630 2050 1748 2133 quippe
1767 2067 1831 2111 nnn
1850 2047 1948 2111 dolent
1965 2046 2001 2107 vi-

476 2149 629 2213 fortitudo
654 2158 749 2232 prout
772 2158 821 2213 est
844 2150 944 2212 virtus
969 2148 1151 2225 cardinalis,
1168 2167 1225 2230 per
1278 2168 1347 2212 cem
1372 2150 1496 2214 Domini
1518 2151 1578 2229 sui,
1599 2149 1653 2231 qui
1672 2150 1712 2211 ad
1733 2147 1926 2212 ulciscendas
1945 2146 2000 2225 ejus

473 2268 570 2329 quam
585 2249 682 2311 timor
696 2249 780 2311 circa
796 2247 937 2329 pericula
956 2247 1065 2310 mortis
1086 2247 1225 2309 refrena·
1276 2248 1410 2329 injurias
1431 2248 1704 2330 ac.blasphemias
1728 2246 1930 2314 inveniuntur
1952 2252 2001 2305 tam

475 2354 537 2425 tur,
553 2354 585 2409 et
600 2346 814 2428 imperterrito
829 2345 936 2408 animo
956 2345 994 2407 ad
1015 2345 1223 2427 preliandum
1278 2346 1436 2429 imparati.

474 2445 668 2527 proceditur,
695 2444 893 2526 viriliterque
921 2452 1090 2526 pugnatur.
1122 2444 1223 2518 Quum

474 2562 550 2625 ergo
565 2544 652 2607 nulla
671 2544 711 2606 sit
730 2544 857 2625 dignior
875 2552 969 2625 atque
989 2543 1146 2607 salubrior
1166 2563 1224 2626 pu·

474 2642 593 2723 gnandi
618 2662 713 2705 causa
737 2660 832 2723 quam
860 2641 1006 2705 defensio
1033 2642 1111 2705 fidei
1141 2642 1224 2705 chri·
1485 2618 1730 2683 ARTICULUS
1755 2618 1816 2682 ΧῙ·

475 2740 584 2803 stiane
611 2740 861 2821 infidelibusque
886 2741 1043 2818 resistere,
1069 2740 1225 2803 elucescit
1319 2759 1529 2826 Querimonia
1554 2758 1679 2818 Christi
1701 2766 1815 2817 contra
1836 2760 1975 2833 promto,-

475 2836 560 2918 quod
588 2837 748 2920 principes
776 2846 809 2899 et
836 2837 947 2920 populi
976 2837 1142 2899 christiani
1170 2838 1224 2900 de·
1431 2854 1460 2905 et
1475 2847 1644 2922 principes
1661 2848 1871 2906 christianos.

475 2934 571 2998 beant
589 2954 701 2998 securo
725 2955 763 2999 ac
788 2935 965 2999 fortissimo
984 2936 1091 2999 animo
1112 2945 1223 2999 contra

474 3033 615 3115 perfidos
630 3033 792 3115 congredi.
809 3034 914 3097 Tertia
928 3034 1054 3097 illarum
1070 3034 1223 3098 virtutum
1236 3030 1257 3093 G
1347 3031 1485 3094 OfleUS
1501 3039 1608 3095 noster
1622 3032 1712 3094 lesus
1727 3031 1868 3094 Christus
1887 3046 2002 3109 conque·

473 3141 522 3196 cst
557 3133 729 3197 liberalitas
760 3156 767 3194 :
798 3133 948 3215 quoniam
976 3133 1009 3195 in
1038 3133 1222 3216 hujusmodi
1362 3133 1566 3195 riturcontra
1587 3151 1654 3210 vos,
1671 3150 1690 3194 ο
1710 3131 1832 3194 Prelati
1855 3139 1886 3195 et
1906 3127 2004 3192 Princi-

475 3231 580 3294 causis
595 3249 797 3313 nequaquam
812 3232 994 3294 divitiarum
1010 3233 1160 3314 expensio
1176 3241 1225 3294 est
1278 3249 1333 3310 pes
1353 3229 1528 3309 christiani,
1546 3237 1577 3292 et
1597 3230 1643 3292 ait
1660 3253 1666 3292 :
1684 3229 1749 3312 Ego
1767 3229 1948 3312 Unigenitus
1961 3227 2003 3288 Ps-

474 3329 613 3391 vitanda.
630 3330 745 3404 Quarta
765 3338 813 3392 est
833 3331 1089 3411 magnanimitas.
1106 3329 1224 3393 Princi-
1277 3327 1334 3389 tris
1370 3335 1511 3408 tempore
1547 3327 1700 3391 divinitus
1735 3329 1940 3409 preordinata
1972 3325 2002 3385 de

474 3427 524 3510 pis
539 3447 675 3509 namque
696 3427 862 3510 potissime
878 3437 925 3491 est
939 3427 1082 3490 animum
1105 3427 1222 3491 hebere
1279 3425 1373 3488 corde
1388 3425 1486 3487 Patris
1502 3425 1575 3488 veni
1596 3425 1629 3486 in
1652 3433 1775 3488 uterum
1791 3425 1938 3507 Virginis,
1952 3441 2003 3483 ma·

474 3532 619 3607 paratum
640 3525 679 3586 ad
700 3525 816 3609 arduos
836 3533 936 3603 actus,
952 3525 1112 3607 precipue
1137 3543 1224 3588 com·
1277 3524 1424 3605 jestatem
1440 3543 1543 3587 meam
1559 3525 1730 3602 exinanivi,
1748 3525 1917 3587 humanam
1931 3529 2004 3584 natu-

474 3621 672 3684 mendnbiles
691 3630 722 3683 et
741 3623 867 3704 magnis
888 3623 1062 3685 honoribus
1082 3623 1195 3704 dignos
1214 3647 1220 3686 :
1280 3643 1346 3685 ram
1366 3622 1536 3705 assumpsi,
1553 3623 1649 3686 homo
1665 3622 1768 3685 factus
1783 3621 2003 3686 interhomiues

475 3719 585 3801 quales
600 3727 685 3800 sunt,
701 3739 758 3800 pro
773 3720 857 3783 bono
877 3721 1051 3799 communi,
1068 3740 1126 3803 pro
1145 3720 1222 3784 fidei
1278 3721 1450 3800 ambulavi,
1478 3721 1511 3782 in
1537 3719 1614 3784 locis
1639 3721 1679 3783 ab
1702 3730 1821 3784 eterno
1850 3717 2004 3803 preelectis

476 3817 686 3901 promotione,
703 3837 761 3900 pro
775 3817 961 3881 defensioue
974 3818 1124 3881 Ecclesiae
1146 3839 1224 3902 pre·
1279 3820 1425 3882 humane
1453 3818 1680 3902 redemptionis
1704 3819 1852 3900 mysteria
1880 3833 2006 3881 consum-

477 3914 546 3977 liari
570 3934 607 3977 ac
631 3915 784 3978 laborare.
808 3915 922 3989 Quinta
951 3924 998 3978 est
1025 3907 1222 3998 prudentias
1280 3917 1374 3998 mavi,
1400 3916 1484 3979 viam
1510 3916 1620 3978 salutis
1647 3915 1796 3980 faciendo
1824 3925 1856 3979 et
1881 3913 2005 3980 docendo

476 4033 547 4095 que
562 4021 592 4075 et
608 4014 640 4074 in
656 4013 778 4077 bellicis
794 4014 887 4076 rebus
903 4034 1026 4077 summe
1045 4017 1225 4079 necessaria
1280 4013 1453 4078 monstravi
1468 4013 1668 4090 hominihus;
1681 4021 1713 4076 et
1726 4032 1826 4095 quum
1841 4033 1939 4077 essem
1952 4031 2006 4074 orn

478 4120 538 4190 est,
560 4121 594 4174 ut
617 4112 761 4175 ordinate
786 4112 893 4174 omnia
918 4113 1138 4196 disponantur.
1159 4114 1225 4178 lmo
1280 4113 1369 4174 nium
1390 4112 1471 4174 Deus
1490 4119 1523 4174 et
1544 4111 1683 4174 infinitis
1701 4111 1824 4174 divitiis
1846 4112 1962 4194 plenus,
1980 4107 2005 4169 in

480 4210 648 4293 prudentia
669 4218 718 4273 cst
737 4211 837 4272 virtus
856 4210 993 4294 nobilior
1016 4230 1112 4292 quam
1138 4212 1226 4276 forti·
1240 4219 1265 4281 Ι)
1281 4212 1416 4274 maxima
1434 4217 1619 4293 paupertate
1632 4217 1665 4273 et
1678 4210 1870 4290 humilitate,
1887 4212 1918 4272 in
1937 4227 2007 4271 sum·

338 4338 432 4394 εφη,
446 4339 465 4380 1,
481 4309 567 4386 tudo,
584 4316 616 4370 et
633 4312 682 4389 (ut
702 4308 746 4371 ait
770 4309 945 4391 Scriptura)
968 4311 1081 4373 melior
1105 4321 1153 4374 est
1178 4313 1227 4375 vir
1281 4331 1332 4372 ma
1351 4309 1548 4373 continentia
1569 4317 1601 4372 et
1625 4309 1812 4392 plenissima
1834 4307 2006 4385 obedientia,

482 4407 623 4490 prudens
644 4426 738 4488 quam
761 4406 862 4469 fortis.
1281 4410 1312 4471 in
1336 4407 1495 4471 laboribus
1510 4416 1603 4489 atque
1618 4407 1781 4471 doloribus
1796 4409 1829 4470 in
1845 4407 1945 4471 medio
1963 4405 2008 4466 ho

519 4506 621 4580 Quum
651 4504 758 4586 igitur,
783 4504 872 4585 juxta
899 4507 1060 4586 predicta,
1091 4509 1226 4572 debeant
1280 4507 1402 4570 minum
1419 4513 1624 4568 conversatus
1642 4525 1724 4584 sum,
1743 4507 1871 4569 tandem
1889 4503 2008 4569 acerbis

478 4603 641 4687 principes
655 4611 819 4686 pretectas
834 4603 950 4665 habere
966 4605 1099 4668 virtutes
1114 4627 1226 4670 secun·
1280 4605 1394 4668 simam
1408 4612 1438 4666 et
1454 4603 1790 4686 ignominiosissimam
1812 4612 1942 4668 mortem
1960 4617 2007 4682 pro

479 4704 555 4766 dum
570 4702 703 4784 gradum
719 4720 914 4783 supremum,
923 4712 1046 4766 constat
1057 4707 1141 4786 quod
1157 4727 1226 4770 cum
1278 4702 1461 4767 hominibus
1493 4702 1620 4786 pertuli.
1651 4703 1765 4785 Sicque
1799 4703 1911 4766 merito
1942 4718 2007 4763 mee

479 4801 566 4866 omni
582 4800 1049 4884 promptitudine,fortitudine,
1062 4807 1226 4886 magnani-
1280 4800 1438 4883 passionis
1457 4809 1488 4864 et
1507 4800 1608 4883 pretio
1623 4801 1787 4882 sanguinis
1810 4801 1873 4865 mei
1892 4795 2006 4862 fundavi

479 4899 601 4976 mitate,
622 4898 790 4980 prudentia
814 4907 845 4961 et
868 4899 1066 4979 jucunditate
1091 4903 1226 4966 debeant
1279 4907 1311 4962 et
1324 4899 1482 4962 edificavi
1495 4899 1670 4963 Ecclesiam
1686 4919 1788 4962 meam
1807 4925 1815 4962 z
1831 4919 1923 4983 quam
1944 4915 2008 4980 pre-

480 4998 562 5062 inire
577 4998 750 5060 certamina
771 5006 881 5060 contra
895 4997 972 5060 fidei
989 4999 1143 5065 inimicos
1160 5002 1225 5067 lmo
1280 4999 1351 5061 latis
1366 5006 1397 5062 et
1411 4997 1611 5081 principibus
1626 5007 1776 5080 tunquam
1796 4999 1922 5063 vicariis
1941 4993 2007 5058 meis

479 5099 519 5161 ad
535 5099 594 5161 hoc
609 5116 663 5160 eos
674 5096 838 5180 potissime
849 5097 943 5160 debet
954 5099 1127 5162 accendere
1139 5121 1228 5165 amor
1280 5098 1425 5162 commisi
1450 5119 1487 5162 ac
1506 5099 1614 5160 dimisi
1634 5099 1817 5179 regendam,
1837 5108 1874 5161 ut
1890 5117 1954 5161 eam
1972 5093 2009 5156 fo·

478 5195 605 5272 Christi,
622 5197 676 5276 qui
696 5214 753 5276 pro
778 5195 823 5257 eis
847 5196 1034 5276 sanguinem
1058 5197 1150 5261 fudit.
1169 5201 1226 5264 Pro
1280 5206 1401 5272 verent,
1418 5197 1637 5274 defenderent,
1649 5195 1833 5276 exaltarent,
1847 5205 1878 5260 et
1891 5210 2008 5259 numero

479 5313 541 5380 quo
556 5295 583 5356 si
601 5293 715 5356 millies
736 5293 923 5374 sanguinem
946 5294 1126 5376 funderent,
1145 5298 1224 5362 nihil
1280 5306 1432 5379 augerent
1445 5316 1483 5360 ac
1497 5296 1622 5360 merito.
1638 5296 1724 5372 Quod
1746 5305 1777 5358 et
1797 5297 1925 5378 quidam
1943 5309 2008 5378 pre
