4309 6250
418 476 478 543 ιω
651 501 692 548 D!
711 501 876 548 brumum
895 501 933 547 Π
953 502 1104 547 mactans
1123 502 1152 546 B.
1175 502 1204 545 V.
1225 501 1343 557 ΙΔΒΙΕ,
1364 502 1452 547 amn
1471 502 1515 547 m.
1537 520 1580 531 -
1598 502 1668 547 aar.
1692 501 1755 547 XXV

417 672 541 735 tissime
572 672 718 751 Domina,
748 673 875 755 quando
910 673 943 734 in
979 671 1030 735 die
1065 671 1169 734 Goenae
1182 671 1208 733 Α
1222 680 1309 734 mam
1334 672 1524 754 penetravit,
1549 672 1653 752 scidit,
1676 674 1790 755 punxit
1813 671 1983 753 benignis-

418 771 552 834 reccssit
571 791 590 833 a
607 771 688 835 Filio
709 789 778 851 suo,
799 770 876 835 hora
894 770 998 833 Goenae
1017 770 1166 845 instante,
1223 770 1337 833 simam
1352 779 1504 851 mentem,
1520 771 1742 835 odulcissima
1755 774 1868 835 ldaterl
1879 769 1983 845 Quin-

419 878 507 933 certs
524 870 702 951 quodcum
720 868 858 952 amplius
877 887 943 931 non
961 868 1084 931 videret
1104 867 1168 929 nisi
1222 871 1392 948 tndecimo,
1408 873 1535 953 quamn
1555 871 1671 934 audisti
1690 892 1764 935 cum
1785 872 1979 935 dicentem:

420 968 454 1029 in
479 967 627 1029 manibus
655 968 871 1045 inimicorum,
893 966 1046 1047 quoniam
1074 973 1168 1028 nocte
1223 968 1324 1044 Sitio;
1344 968 1410 1031 imo
1430 977 1462 1031 et
1483 978 1586 1047 numa,
1601 969 1730 1051 quando
1752 968 1831 1032 dixit
1847 994 1855 1031 z
1871 969 1979 1046 Pater,
1995 997 2105 1045 ,mm

420 1066 477 1127 ille
503 1085 577 1128 eum
605 1074 739 1129 noverat
762 1066 966 1147 capiendum,
992 1064 1075 1126 sicut
1100 1063 1168 1145 ipse
1223 1067 1354 1147 ignosce
1368 1065 1443 1127 illis.
1460 1066 1691 1146 sextodecimo,
1707 1066 1836 1148 quando
1856 1066 1981 1129 audisti
1996 1062 2028 1101 ²⁸·

305 1170 394 1216 111¹*-
420 1164 586 1227 evidenter
609 1164 764 1247 praedixit.
791 1163 914 1225 ldcirco
941 1164 982 1225 ab
1010 1162 1064 1224 illa
1091 1162 1169 1224 bora
1224 1183 1297 1227 eum
1322 1183 1386 1245 prae
1411 1163 1605 1226 intolerabili
1627 1183 1723 1245 poena
1746 1165 1943 1228 clamantem
1970 1123 2106 1226 :aif'm

271 1236 367 1353 :fu
383 1238 482 1324 “luit
503 1260 769 1325 inestimabiliter
789 1261 892 1337 anxia,
910 1260 1058 1337 sollicita,
1081 1258 1170 1322 dolo-
1224 1263 1307 1326 Deus
1335 1282 1435 1342 meus,
1465 1262 1547 1324 Deus
1575 1282 1677 1339 meus,
1707 1270 1743 1325 ut
1773 1262 1852 1343 quid
1884 1262 1983 1324 dere-
2007 1281 2085 1325 uara.

419 1378 502 1424 rosa.
525 1359 671 1423 &cundo
693 1358 972 1422 vehementissime
995 1357 1170 1439 augebatur
1225 1360 1347 1442 liquisti
1372 1363 1444 1422 mel
1467 1360 1542 1434 Qua
1563 1359 1661 1422 verba
1685 1360 1795 1424 omnia
1821 1346 2095 1423 laetiorem·

418 1458 520 1538 dolor,
536 1457 682 1539 angustia
697 1464 790 1537 atque
806 1457 984 1538 compassio
999 1456 1081 1536 ejus,
1092 1455 1169 1516 dum
1226 1466 1290 1535 tna,
1307 1457 1525 1520 amantissima
1545 1458 1690 1535 Domina,
1708 1457 1927 1538 perfoderunt.

419 1557 523 1639 primo
551 1556 674 1618 audivit
702 1555 905 1618 carissimum
931 1553 1047 1616 Filium
1076 1572 1169 1614 suum
1265 1555 1544 1637 septimodecimo,
1555 1556 1631 1617 dum
1646 1556 1754 1618 vidisti
1770 1575 1843 1617 eum
1859 1556 1894 1617 in
1909 1564 1985 1617 tan·

418 1673 489 1717 esse
513 1654 580 1736 jam
601 1662 730 1736 captum
754 1672 791 1715 ac
817 1652 988 1714 crudeliter
1013 1659 1167 1713 tentum:
1226 1655 1266 1716 tis
1289 1651 1497 1715 constitutum
1522 1652 1700 1731 tormentis,
1717 1672 1751 1715 sc
1776 1653 1816 1714 ad
1838 1652 1985 1733 exspira-

420 1761 496 1814 tunc
530 1770 668 1832 namque
697 1750 839 1813 creditur
868 1769 932 1832 prae
960 1748 1069 1811 dolore
1098 1767 1171 1810 mox
1226 1752 1344 1815 tionem
1356 1751 1575 1831 disponerc,et
1583 1750 1649 1831 jam
1661 1756 1763 1812 totum
1774 1750 1983 1827 exhaustum,

421 1851 580 1914 corruisse
602 1850 634 1912 in
658 1858 786 1912 terram.
1188 1848 1212 1909 B
1226 1850 1433 1925 desiccatum,
1447 1856 1662 1927 extenuatum,
1675 1855 1740 1909 tam
1755 1848 1987 1910 miserabiliter

274 1961 407 2013 naama
462 1948 579 2025 Tertio,
609 1947 686 2009 dum
716 1947 797 2009 vidit
824 1965 897 2007 eum
927 1945 1060 2026 ligatum
1094 1943 1169 2005 duci
1225 1946 1457 2029 poenaliterque
1471 1946 1621 2026 pendere,
1637 1945 1722 2025 quod
1742 1962 1909 2025 nunquam
1924 1945 1987 2007 bo-

277 2030 379 2081 ’Μ’
420 2047 459 2109 ad
474 2046 619 2124 Pilatum,
632 2044 856 2108 miserabiliter
871 2044 1084 2119 immutatum,
1097 2059 1172 2104 con·
1226 2062 1278 2107 mo
1294 2044 1326 2105 in
1341 2044 1461 2105 mundo
1475 2043 1562 2106 visus
1577 2051 1625 2104 est
1644 2050 1708 2105 tam
1728 2042 1987 2105 lamentabiliter

419 2153 561 2228 sputum,
591 2163 719 2221 caesum,
746 2141 916 2219 afflictum,
945 2141 1105 2205 dolentem
1132 2158 1171 2201 ac
1226 2162 1260 2205 sc
1283 2143 1400 2205 habere
1423 2150 1478 2203 aut
1501 2141 1675 2223 dispositus
1701 2160 1782 2204 esse.
1803 2141 1986 2204 Octavode-

420 2252 581 2306 moestum.
598 2242 726 2319 Quarto,
738 2241 866 2323 quando
880 2238 1004 2301 audivit
1018 2238 1170 2301 Sanctum
1226 2241 1321 2317 aimo,
1338 2240 1413 2301 dum
1428 2239 1543 2301 audisti
1558 2259 1631 2302 eum
1646 2238 1751 2301 valide
1769 2238 1952 2301 exclamare
1971 2261 1981 2298 :

420 2341 620 2420 Sanctorum,
646 2338 890 2403 dilectissimum
920 2336 1034 2399 Filium
1063 2354 1168 2412 suum,
1225 2338 1325 2416 Pater,
1342 2338 1376 2399 in
1395 2356 1508 2399 manus
1529 2346 1599 2398 tuas
1615 2337 1804 2400 commendo
1825 2337 1983 2418 spiritum
2009 2354 2112 2400 tama
2143 2329 2148 2344 '

420 2439 644 2520 multipliciter
664 2446 759 2519 atque
780 2435 952 2499 falsissime
967 2433 1110 2497 accusari
1133 2452 1169 2495 ac
1226 2455 1352 2512 meum3
1369 2434 1478 2515 sicque
1499 2434 1652 2497 inclinato
1672 2434 1711 2496 ad
1733 2442 1765 2496 tc
1784 2434 1887 2515 capite
1903 2453 1980 2514 suo,
1996 2421 2113 2524 φάη
2144 2459 2148 2468 ·

421 2535 648 2619 blasphemari.
673 2535 800 2614 Quinto,
826 2534 900 2595 dum
926 2532 1005 2594 vidit
1029 2550 1101 2594 enm
1130 2530 1171 2591 ab
1226 2533 1355 2597 tradidit
1376 2532 1534 2614 spiritum.
1999 2546 2032 2587 aa
2145 2595 2150 2608 Ι

288 2650 339 2695 tua.
349 2665 407 2702 ιιιιι,
421 2634 544 2697 Herode
558 2633 699 2710 illusum,
716 2639 945 2712 contemptum,
959 2649 995 2691 ac
1010 2646 1068 2710 pro
1082 2627 1171 2690 laluo
1265 2631 1491 2708 Nonodecim0‚
1521 2631 1598 2692 dum
1631 2630 1735 2712 primo
1763 2630 1981 2693 considerasti
2144 2641 2150 2744 p

275 2716 381 2771 “¹⁰4
422 2739 615 2814 reputatum,
632 2731 672 2793 ad
693 2730 826 2793 Pilatum
848 2728 977 2791 remitti.
1226 2749 1299 2792 eum
1326 2727 1393 2809 jam
1421 2736 1593 2805 mortuum,
1618 2746 1714 2809 quem
1739 2746 1876 2791 noveras
1904 2746 1983 2790 esse

278 2848 407 2898 amam.
463 2832 567 2909 Sexto,
593 2829 669 2891 dum
698 2828 777 2890 vidit
804 2846 877 2890 eum
904 2824 1171 2888 inhumanissime
1226 2827 1371 2893 omnium
1395 2827 1493 2888 vitam
1517 2835 1549 2888 et
1573 2826 1828 2908 Redemptcrem.
1855 2825 1984 2887 Vicesi-

276 2915 382 2966 ’Μ’
422 2928 590 3010 flagellari.
609 2926 759 3007 Septimo,
776 2926 851 2987 dum
869 2924 973 3005 ipsum
994 2922 1040 2985 sio
1062 2921 1171 3002 llagel-
1226 2945 1289 3004 m0‚
1313 2927 1389 2989 dum
1411 2925 1493 2986 latus
1508 2924 1578 3006 ejus
1599 2924 1707 2987 vidisti
1730 2924 1841 2987 lancea
1861 2924 1983 2987 militis
1999 2945 2057 2988 ma
2070 2947 2099 2986 u.

422 3027 532 3103 latum,
553 3024 655 3107 spinis
682 3031 877 3099 coronatum,
902 3039 1060 3102 purpurea
1084 3027 1172 3081 veste
1188 3021 1210 3084 C
1226 3024 1393 3107 perforari,
1416 3023 1526 3104 sicque
1551 3023 1725 3084 inauditam
1751 3022 1982 3085 crudelitatem

422 3124 581 3202 indutum,
608 3122 688 3185 vidit
710 3142 728 3184 a
751 3120 849 3184 Pilato
870 3118 963 3181 educi
987 3138 1024 3180 ac
1054 3118 1171 3199 populo
1226 3126 1258 3187 in
1281 3131 1404 3186 mortuo
1423 3121 1572 3185 exerceri.
1590 3120 1749 3184 Vicesimo
1763 3119 1880 3203 primo,
1897 3120 1984 3183 dnm

422 3222 607 3306 praescntari
633 3245 640 3282 :
664 3220 749 3302 quod
776 3237 886 3280 revera
909 3215 969 3278 luit
994 3216 1171 3278 tenerrimm
1226 3241 1300 3284 eum
1314 3222 1353 3282 de
1368 3239 1461 3282 cruce
1482 3219 1663 3299 depositum
1682 3219 1834 3300 accepisti
1851 3219 1884 3281 in
1904 3219 1983 3281 bra-

421 3329 452 3384 et
471 3317 747 3383 affectuosissimae
772 3315 859 3380 Matri
885 3313 1085 3376 intolerabile
1107 3332 1172 3395 poe·
1226 3320 1299 3383 chia
1313 3326 1345 3380 et
1359 3318 1487 3380 tenuisti
1503 3317 1537 3378 in
1552 3315 1849 3397 gremio.Viccsimo
1864 3336 1983 3380 secun-

421 3418 685 3498 nalisslmumque
704 3413 933 3496 spectaculum.
948 3411 1079 3489 Octavo,
1095 3413 1171 3473 dum
1227 3419 1278 3495 do,
1296 3418 1372 3479 dnm
1392 3435 1465 3477 enm
1486 3414 1699 3476 avellebanta
1717 3422 1847 3496 pectore
1867 3424 1923 3477 tuo
1938 3435 1982 3478 ac
2001 3435 2102 3478 rama.

421 3517 541 3580 audivit
557 3513 774 3596 implacabiles
789 3510 1115 3591 invidiosissimosque
1126 3512 1173 3572 Ju-
1227 3515 1468 3597 sepeliemnt‚et
1482 3521 1535 3576 tuo
1547 3512 1726 3594 conspectui
1743 3512 1982 3577 subtraxerunt.

302 3631 406 3676 ramis,
421 3618 506 3680 daeos
521 3609 1071 3691 clamantes:Tolle,tolle,crucilige
1087 3630 1170 3671 eum.
1267 3615 1367 3690 Certe,
1394 3609 1669 3674 venerabilissima
1693 3612 1787 3693 Virgo
1816 3631 1853 3674 ac
1881 3612 1986 3675 blater

422 3715 523 3792 Nouo,
551 3713 626 3775 dum
654 3710 734 3772 vidit
762 3709 844 3789 quod
874 3708 979 3789 potius
1009 3707 1175 3788 elegerunt
1228 3711 1428 3793 dignissima,
1458 3711 1491 3771 in
1520 3710 1634 3774 borum
1663 3712 1827 3791 adspectu,
1854 3710 1982 3788 auditu,

421 3816 577 3878 latronem
593 3831 688 3894 quam
704 3811 810 3872 Jesum
825 3807 883 3869 sibi
900 3805 1172 3884 dimittillecimo,
1229 3809 1406 3892 prasentia,
1423 3809 1514 3872 dolor
1530 3808 1775 3890 parturientium
1794 3808 1857 3871 luit
1875 3811 1987 3891 dupli-

423 3912 550 3996 quando
570 3909 705 3972 advertit
728 3927 800 3969 eum
827 3906 920 3969 morti
942 3904 1170 3986 adjudicatum.
1229 3917 1318 3971 catus
1337 3908 1371 3968 iu
1392 3916 1432 3969 te.
1445 3907 1564 3968 Mortuo
1582 3913 1686 3967 autem
1706 3914 1738 3968 et
1757 3907 1882 3988 sepulto
1901 3907 1988 3971 dile-

462 4009 648 4085 Undecimo,
668 4006 795 4086 quando
818 4003 982 4084 conspexit
1005 4023 1077 4065 eum
1103 4022 1175 4084 pro-
1230 4005 1373 4068 ctissime
1392 4004 1471 4066 Filio
1494 4013 1558 4081 tuo,
1575 4023 1614 4066 ex
1637 4004 1893 4068 consideratione
1915 4005 1989 4069 lru-

423 4110 500 4193 priis
516 4106 657 4170 humeris
672 4121 800 4166 crucem
817 4101 875 4163 sibi
894 4101 1100 4181 bajulantem,
1117 4103 1174 4163 du·
1230 4114 1299 4167 ctus
1314 4123 1378 4165 suaa
1394 4103 1602 4164 sanctissimae
1616 4102 1787 4184 passionis,
1795 4112 1826 4166 et
1840 4124 1879 4166 ex
1893 4115 1989 4168 certa

425 4209 454 4271 ci
470 4207 509 4269 ad
525 4213 671 4266 mortem.
689 4200 894 4276 Duodecimn,
911 4199 987 4260 dum
1002 4198 1081 4260 vidit
1100 4218 1173 4260 cum
1188 4200 1214 4262 l)
1229 4203 1341 4266 notitia
1356 4221 1419 4263 suae
1434 4200 1675 4264 resurrectionis
1689 4221 1761 4265 mox
1775 4202 1988 4280 luturae,con-

426 4304 513 4369 cruci
541 4300 632 4382 elligi
660 4322 667 4360 ε
693 4298 778 4378 quod
807 4315 902 4377 super
930 4296 1037 4358 omnia
1067 4315 1174 4377 poena-
1229 4302 1329 4364 solata
1348 4307 1395 4362 est
1416 4307 1588 4380 utcumque
1609 4319 1700 4361 mens
1719 4307 1774 4363 tua
1796 4301 1983 4382 purissima.

425 4403 584 4466 lissimum
614 4406 681 4460 erat
705 4395 901 4476 conspicere,
928 4394 1171 4472 Tertiodecimo,

424 4504 500 4565 dum
529 4497 611 4562 vidit
639 4515 712 4558 eum
740 4493 807 4575 jam
831 4492 1034 4572 crucifixum,
1064 4513 1082 4555 a
1107 4513 1174 4555 sce·
1406 4518 1652 4582 ARTICULUS
1685 4518 1796 4582 XXV·

425 4595 626 4665 leratissimis
654 4592 802 4672 derideri,
833 4591 1057 4673 blasphemari,
1085 4601 1174 4655 aceto

426 4707 457 4764 et
478 4697 554 4760 lellc
574 4694 689 4776 potari.

465 4791 720 4872 Quartodecimo‚
748 4788 874 4869 quaudo
898 4785 1019 4848 audivit
1043 4807 1116 4849 eum
1142 4808 1176 4850 se

276 4913 410 4964 nuato.
425 4897 555 4960 Matrem
570 4890 784 4970 alloquentem
803 4893 898 4966 atque
913 4884 1071 4948 dicentem
1089 4908 1096 4947 :
1113 4885 1176 4947 llu-

425 4995 494 5072 lier,
518 5009 593 5054 ecce
617 4987 705 5049 lilius
730 4993 824 5060 tuus3
846 4983 961 5046 deinde
985 4983 1173 5065 discipulo:

425 5093 507 5155 Ecce
536 5095 638 5152 mater
665 5093 728 5147 tua.
757 5081 854 5164 Cujus
882 5080 970 5144 verbi
999 5082 1177 5145 recordatio
1296 5086 1388 5147 ΘΝΕ
1413 5104 1463 5143 me
1497 5093 1534 5143 ut
1562 5085 1770 5159 sipnacutum
1797 5104 1898 5160 saper
1925 5107 1986 5147 cor
2003 5114 2139 5159 cmm

428 5192 507 5269 sola,
524 5195 633 5251 nostra
646 5181 805 5265 (quamvis
819 5182 899 5242 dura
914 5188 946 5242 et
960 5181 1066 5259 saxea)
1082 5181 1178 5243 corda
1309 5190 1461 5250 tuamet
1474 5183 1678 5256 sipnacutum
1694 5200 1794 5256 super
1809 5184 1986 5245 brachium

428 5287 574 5354 scindit:
596 5289 714 5366 quanto
739 5278 839 5361 magis
864 5278 958 5342 realis
983 5278 1038 5341 illa
1058 5277 1178 5342 auditio
1235 5289 1338 5341 tuum.
1369 5276 1505 5354 Qnaestio
1535 5278 1595 5341 ista
1628 5284 1688 5357 est,
1718 5286 1826 5343 utrum
1859 5279 1988 5350 Christo

1228 4661 1283 4720 An
1308 4658 1453 4734 plcrioaa
1480 4665 1511 4715 et
1539 4657 1706 4716 benedicta
1735 4658 1829 4734 virpo
1851 4659 1984 4728 Maria,

1268 4747 1357 4807 Filio
1372 4764 1429 4803 suo
1441 4746 1478 4803 in
1487 4764 1583 4804 cruce
1593 4747 1767 4820 pendente,
1773 4747 1888 4804 babuit
1899 4765 1987 4821 pau-

1269 4836 1364 4894 da'um
1382 4853 1423 4891 ecc
1444 4835 1705 4893 consideratione
1724 4835 1858 4910 fructus
1877 4837 1985 4894 domi-

1270 4926 1353 4983 πίσω
1369 4924 1543 4998 passionis.
