4309 6250
325 503 475 551 DlALOGUS
495 501 726 550 otsrurartonts
749 502 839 547 taran
860 500 1066 547 chatsrtartntt
1087 501 1125 547 ΕΤ
1146 502 1360 549 sennacertctt.
1382 520 1423 533 -
1444 503 1514 549 aaa.
1537 505 1581 551 vlt
1668 486 1728 549 [163

175 672 215 735 lis
230 690 357 755 qnoque
373 672 502 737 libertas
518 672 704 756 repudiandi
720 691 862 751 uxorem,
878 679 927 734 est
941 674 966 735 Α
982 691 1110 734 usuram
1125 673 1366 736 accommodare
1380 674 1558 738 extraneis:
1576 682 1729 737 ettamen

175 771 354 835 inimicitie
382 780 415 834 et
441 771 639 835 infidelitatis
667 770 803 834 occasio.
825 771 925 845 Quum
982 788 1040 833 nec
1063 779 1097 832 tu
1120 771 1161 833 oh
1185 771 1244 834 hoc
1270 791 1398 834 usuram
1421 774 1637 835 commendas.

175 870 261 933 euim
291 888 370 933 uxor
398 870 522 953 ignoret
549 890 588 933 an
618 868 847 951 repudiabitur,
878 887 927 931 se·
1020 869 1234 933 Ssaaaosuus.
1250 870 1349 933 -llx
1369 866 1640 953 inseparabilitate
1663 890 1730 933 ma-

175 977 263 1031 crete
285 968 467 1051 providebit
488 967 548 1030 sibi
570 969 609 1029 de
632 966 724 1031 bouis
744 966 847 1029 mariti
866 984 925 1048 pro
981 966 1121 1029 trimouii
1147 968 1247 1051 multa
1270 968 1353 1031 mala
1371 977 1403 1031 et
1423 968 1584 1032 interdum
1606 968 1731 1050 prolifi-

176 1084 292 1147 posse3
310 1075 339 1129 et
368 1066 495 1147 quando
520 1064 750 1147 repudiabitur,
767 1072 831 1126 tam
856 1064 925 1145 ipsa
982 1064 1097 1129 cationi
1119 1085 1155 1128 ae
1176 1066 1258 1147 proli
1279 1067 1436 1129 contraria
1455 1075 1678 1149 assequuntur,
1696 1075 1731 1129 ut

173 1172 270 1247 quam
297 1164 368 1245 ejus
392 1164 562 1246 propinqui
587 1163 849 1245 indignabuntur,
870 1162 925 1225 ho-
980 1162 1007 1223 si
1031 1182 1109 1225 uxor
1129 1163 1188 1225 fiat
1212 1163 1337 1245 leprosa
1354 1187 1361 1226 :
1379 1172 1454 1227 tunc
1475 1164 1563 1227 enim
1587 1182 1651 1227 nou
1676 1184 1732 1246 pa·

172 1267 304 1341 stesque
327 1260 409 1323 fient
433 1261 502 1324 viro
526 1259 717 1342 repudianti.
733 1294 774 1307 -
794 1260 922 1337 lterum,
981 1260 1041 1322 riet
1056 1260 1118 1323 nisi
1132 1262 1251 1343 prolem
1265 1262 1445 1325 radicaliter
1460 1261 1548 1343 lepra
1562 1262 1728 1341 infectam3

173 1358 361 1437 repudiandi
382 1358 529 1437 facultas,
545 1368 608 1421 tam
631 1358 663 1419 iu
685 1358 752 1421 viro
771 1376 865 1439 quam
891 1357 923 1418 iu
980 1366 1011 1420 et
1036 1358 1061 1420 si
1087 1359 1129 1421 sit
1153 1360 1265 1441 turpis,
1292 1360 1402 1423 odiosa
1426 1380 1482 1422 seu
1508 1360 1644 1443 leprosa,
1670 1380 1730 1424 nec

171 1454 297 1520 femina
324 1458 617 1541 concupiscentiam
642 1457 739 1521 nutrit
762 1466 794 1519 et
816 1464 922 1538 auget,
981 1458 1081 1539 possit
1105 1460 1276 1541 repudiari,
1302 1460 1363 1521 erit
1387 1460 1614 1523 adulteriorum
1639 1480 1731 1523 occa·

172 1554 213 1615 ad
237 1555 330 1636 cujus
352 1555 597 1620 refrenationem
616 1556 781 1619 ordinatur
805 1572 925 1618 couuu-
980 1555 1028 1617 sio
1054 1575 1111 1619 suo
1136 1558 1260 1620 marito.
1278 1557 1430 1640 Denique,
1447 1558 1590 1639 quedam
1617 1558 1734 1621 mulie.

172 1652 276 1717 bium.
293 1654 416 1717 Etenim
431 1655 690 1738 coucupiscentia
706 1673 770 1735 quo
785 1673 842 1736 per
856 1654 927 1735 plu·
980 1674 1030 1716 res
1050 1664 1125 1717 sunt
1146 1655 1282 1733 steriles,
1298 1676 1336 1719 ex
1356 1655 1473 1737 quibus
1493 1656 1543 1718 vir
1564 1677 1728 1739 nunquam

172 1770 208 1812 ra
234 1761 368 1834 vagatur
390 1762 445 1817 aut
469 1753 574 1836 vagari
592 1752 794 1836 permittitur,
820 1771 858 1815 eo
884 1753 926 1815 ir·
980 1752 1175 1833 prolificaret
1192 1777 1199 1815 :
1217 1754 1282 1817 imo
1306 1754 1450 1836 quaedam
1472 1753 1598 1818 feminea
1618 1775 1638 1818 a
1661 1756 1731 1837 qui·

172 1849 366 1915 refrenatior
391 1862 423 1915 et
453 1852 690 1916 immoderatior
714 1851 867 1931 redditur,
893 1858 923 1913 et
940 1853 963 1915 B
980 1850 1113 1913 busdam
1138 1852 1215 1914 viris
1240 1860 1403 1935 nequeunt
1429 1853 1643 1935 impregnari,
1659 1872 1729 1935 quae

172 1968 302 2030 semper
324 1950 463 2013 recentia
484 1950 597 2030 querit
619 1949 757 2030 objecta.
980 1950 1152 2013 tamenab
1179 1950 1253 2013 aliis
1283 1951 1360 2013 viris
1387 1951 1550 2015 nonnullis
1579 1961 1730 2034 poterunt

214 2048 238 2109 0
253 2066 350 2129 quam
366 2049 521 2129 longeest
536 2049 602 2111 hac
614 2048 781 2111 llahometi
798 2047 925 2110 traditio
981 2045 1146 2111 fecundari
1161 2072 1169 2127 ;
1184 2057 1218 2111 et
1231 2050 1315 2111 idem
1331 2049 1503 2112 tenendum
1518 2058 1568 2111 est
1580 2050 1620 2113 de
1636 2050 1727 2130 viris,

173 2146 214 2207 ab
235 2146 422 2228 evangelica
441 2146 554 2209 Christi
575 2147 733 2223 doctrina,
748 2166 844 2227 quam
863 2146 925 2208 fre-
981 2146 1065 2227 quod
1088 2146 1212 2210 scilicet
1230 2148 1353 2229 aliquas
1374 2156 1523 2230 poterunt
1542 2148 1730 2231 impraegna-

174 2252 313 2327 quenter
337 2244 447 2308 llahon
477 2247 690 2325 commendat,
716 2245 862 2325 quamvis
893 2244 925 2306 in
982 2263 1026 2323 re,
1049 2263 1113 2307 non
1138 2244 1228 2308 alias.
1252 2246 1414 2326 Similiter,
1431 2247 1575 2327 quasdam
1600 2246 1728 2310 feminea

175 2345 239 2407 isto
273 2344 444 2425 multisque
473 2343 544 2406 aliis
577 2343 772 2407 contradicat
799 2343 923 2405 eideml
981 2342 1105 2412 fluxum
1126 2352 1360 2407 menstruorum
1381 2344 1655 2426 irrestringibilem
1676 2366 1731 2428 pa·

173 2444 390 2524 Interrogatus
409 2442 528 2505 etenim
547 2442 688 2505 Christus
712 2462 729 2505 a
749 2441 924 2519 Pharisaeis,
982 2441 1113 2505 liuntur.
1131 2442 1213 2523 Ergo
1235 2442 1268 2505 iu
1290 2443 1417 2506 casibus
1438 2442 1508 2506 istis
1533 2444 1731 2525 inseparabi-

36 2540 66 2567 ¹¹¹
132 2542 215 2603 ''an
242 2541 317 2603 licet
342 2541 463 2605 homini
495 2560 623 2604 uxorem
653 2560 742 2603 suam
767 2540 925 2603 dimittere
982 2540 1052 2603 litas
1081 2540 1277 2604 matrimonii
1304 2540 1338 2603 iu
1367 2542 1486 2604 exitum
1510 2552 1620 2624 verget
1645 2544 1732 2606 dete·

36 2656 98 2700 aa.
173 2659 378 2723 quacumque
403 2660 441 2703 ex
466 2658 572 2719 causa,
589 2639 751 2722 respoudit
768 2664 775 2701 :
792 2639 860 2703 Non
882 2640 926 2701 le·
982 2639 1109 2701 riorem.

172 2740 268 2821 gistis
292 2740 369 2821 quia
392 2740 447 2821 qui
472 2739 549 2803 fecit
573 2739 736 2802 homiuem
757 2739 798 2801 ab
822 2738 924 2819 initio,
1021 2738 1239 2802 Cunrsrmaos.
1255 2738 1377 2802 -Non
1402 2740 1536 2802 dubium
1560 2740 1639 2822 quin
1664 2760 1730 2803 rua-

172 2838 354 2902 masculum
377 2848 408 2901 et
426 2837 578 2901 feminam
602 2838 721 2901 creavit
741 2857 807 2919 eos,
824 2846 855 2900 et
878 2838 925 2899 di·
980 2836 1131 2900 trimouio
1145 2857 1268 2900 annexa
1283 2838 1347 2899 sint
1359 2838 1459 2900 multa
1478 2839 1561 2901 mala
1577 2840 1726 2921 poenalia,

171 2939 230 3015 xit,
261 2937 392 3018 Propter
418 2937 479 3001 hoo
512 2936 651 3000 dimittet
679 2937 773 2999 homo
802 2944 924 3019 patrem
980 2956 1050 3019 quoe
1082 2936 1124 2999 ob
1156 2938 1349 3000 matrimonii
1382 2936 1481 2999 fidem
1516 2938 1598 2999 lleus
1632 2938 1729 3019 jussit

172 3056 269 3099 suum
287 3044 318 3099 et
333 3044 478 3117 matrem,
494 3046 527 3099 et
545 3036 717 3099 adherebit
737 3036 825 3099 uxori
847 3054 922 3114 suae,
939 3033 961 3097 C
981 3036 1200 3117 equanimiter
1224 3036 1362 3099 tolerari.
1378 3036 1459 3097 llinc
1483 3036 1523 3099 de
1548 3036 1727 3118 conjugatis

173 3145 206 3198 et
231 3144 328 3198 erunt
352 3136 414 3198 duo
439 3135 472 3197 iu
498 3154 592 3198 carne
618 3137 702 3197 uuaf
728 3136 835 3216 ltaque
858 3135 923 3216 jam
980 3134 1876 3216 dixitaposrotusPaulus:vritutati0nemcar-1c„,..‚2t

172 3253 239 3298 uon
267 3243 341 3296 suut
365 3233 440 3312 duo,
462 3235 517 3296 sed
541 3253 604 3296 uua
627 3253 711 3296 caro.
737 3233 823 3308 Quod
849 3251 925 3315 ergo
981 3234 1030 3295 uis
1060 3235 1222 3297 habebunt
1250 3234 1444 3314 hujusmodi.
1471 3234 1612 3316 Denique
1641 3237 1727 3317 leges

173 3333 259 3394 Deus
284 3331 460 3412 conjunxit,
481 3331 576 3394 homo
601 3351 665 3396 non
690 3339 824 3414 separet.
845 3331 923 3393 lliuc
981 3331 1201 3414 principaliter
1218 3350 1255 3394 ac
1274 3332 1395 3395 directe
1417 3332 1586 3394 intendunt
1607 3333 1727 3397 bonum

173 3439 205 3494 et
221 3430 380 3511 sapientes
399 3429 566 3511 gentilium
587 3438 789 3492 asseruerunt
811 3429 926 3492 indivi-
981 3431 1229 3508 communitatis,
1240 3449 1304 3494 ooo
1325 3450 1478 3513 personae.
1488 3430 1636 3504 Quamvis
1652 3452 1727 3514 ergo

173 3529 362 3591 sihilitatem
384 3548 454 3590 esse
475 3528 514 3590 de
537 3527 656 3591 ratione
678 3528 832 3610 conjugii.
982 3529 1235 3610 inseparabilitas
1255 3529 1407 3592 connubii
1427 3529 1580 3610 impediat
1603 3530 1728 3610 prolifi-

214 3629 431 3691 Sanaaoauos.
447 3663 488 3672 -
508 3626 570 3689 Cur
591 3627 693 3708 legem
716 3627 811 3708 hujus
833 3645 925 3708 repu·
982 3629 1137 3692 catiouem
1153 3638 1204 3692 aut
1220 3627 1319 3710 prolis
1334 3629 1500 3691 sanitatem
1515 3628 1546 3690 iu
1563 3629 1668 3709 aliquo
1679 3649 1728 3693 ca-

172 3727 218 3790 dii
236 3727 280 3789 ita
296 3727 605 3806 condemnas,quam
620 3727 702 3788 lleus
716 3726 748 3786 iu
764 3727 833 3808 lege
848 3727 926 3808 bloy-
982 3747 1019 3790 su
1034 3735 1065 3790 et
1080 3727 1176 3789 certis
1193 3727 1350 3808 personis,
1358 3727 1485 3808 expedit
1500 3735 1605 3789 nmen
1621 3729 1660 3790 ad
1676 3729 1727 3792 bo

172 3827 218 3888 sis
242 3824 438 3908 approbasse
463 3833 667 3904 monstratur,
687 3824 803 3905 jubeas
827 3825 924 3888 scribi
981 3845 1058 3887 num
1074 3825 1174 3908 prolis
1192 3825 1381 3906 simpliciter
1395 3833 1489 3906 atque
1504 3827 1726 3890 communiter.

173 3924 321 3988 libellum
347 3922 494 4005 repudiif
519 3922 576 3996 Oui
599 3931 632 3985 et
654 3941 712 4004 per
739 3923 922 3986 Malachiam
1022 3922 1236 3984 Sannacancs.
1251 3957 1291 3968 -
1310 3922 1392 4002 Ergo
1413 3921 1445 3982 iu
1461 3922 1645 4003 hujusmodi
1668 3924 1730 3986 sal-

172 4023 365 4105 prophetam
391 4021 515 4084 locutus
539 4029 587 4085 est
613 4045 620 4083 :
647 4022 746 4096 Quum
771 4023 845 4086 odio
870 4023 925 4084 ha·
982 4029 1045 4083 tem
1071 4021 1196 4083 casibus
1220 4029 1305 4082 esset
1328 4020 1577 4102 dispensandum
1601 4021 1634 4083 in
1659 4021 1728 4103 lege

58 4149 63 4160 ·
173 4122 282 4185 bueris
305 4139 447 4198 uxorem,
470 4120 593 4183 dimitte
615 4139 697 4182 eam.
982 4119 1155 4182 communi.

213 4219 433 4282 Cranrsrmnus.
462 4253 503 4264 -
531 4219 577 4280 Ad
611 4218 677 4281 haec
708 4219 859 4282 Dominus
894 4223 965 4286 eth
1020 4215 1407 4297 (lenissimos—Origo
1428 4225 1460 4280 ct
1480 4225 1581 4280 mater
1601 4218 1729 4302 dispen-

172 4319 320 4381 Salvator
344 4317 525 4399 respondet,
547 4317 631 4397 quod
656 4318 739 4380 lleus
765 4337 820 4400 per
844 4319 925 4401 ltloy-
981 4313 1113 4377 sationis
1140 4321 1189 4375 est
1221 4333 1297 4375 vera
1329 4314 1503 4375 necessitas
1534 4314 1729 4396 evidensque

171 4436 229 4478 sen
246 4435 380 4478 uxorum
396 4415 644 4496 repudiationem
657 4433 721 4477 uon
737 4416 922 4496 licentiavit,
980 4413 1110 4475 utilitas.
1136 4412 1180 4474 Ex
1204 4411 1259 4474 tali
1283 4420 1390 4474 autem
1415 4411 1653 4494 dispensatione
1681 4433 1729 4476 se-

79 4560 91 4588 ,
130 4579 135 4588 ,
171 4535 233 4577 nec
248 4514 345 4596 jussit
359 4521 393 4576 ut
409 4513 541 4591 licitam,
558 4515 613 4575 sed
633 4513 777 4595 permisit
796 4524 925 4596 propter
979 4520 1153 4595 querentur
1177 4511 1437 4574 inconvenientia
1459 4511 1571 4574 multa.
1594 4512 1672 4576 llam
1697 4522 1728 4576 et

34 4619 104 4656 ¹¹¹··
170 4615 353 4678 ludaeorum
378 4613 539 4694 duritiam,
570 4613 609 4675 ad
638 4613 803 4675 avitandum
832 4633 923 4676 enor-
979 4612 1167 4674 mulieribus
1190 4611 1311 4691 absque
1335 4629 1444 4673 earum
1469 4611 1573 4693 culpis
1596 4620 1728 4694 possunt

169 4714 260 4776 mins
275 4711 392 4775 malum
410 4735 417 4774 ε
435 4711 509 4793 quia
528 4711 625 4774 ludaei
647 4711 791 4774 crudeles
810 4731 847 4774 ac
866 4714 924 4775 du·
979 4712 1124 4774 accidere
1145 4711 1244 4792 lepra,
1262 4709 1460 4790 deformitas,
1477 4711 1727 4792 consimilesque

170 4812 210 4892 ri,
229 4811 324 4894 proni
345 4818 437 4873 eraut
458 4829 569 4873 uxores
589 4829 673 4890 suas,
690 4811 765 4872 dum
791 4811 924 4874 oderant
978 4809 1122 4872 defectus
1149 4818 1181 4872 et
1210 4807 1404 4871 incurabiles
1434 4809 1536 4871 morbi
1560 4833 1568 4871 ε
1590 4818 1623 4871 et
1650 4819 1726 4873 tuuc

169 4931 238 4988 eas,
258 4909 413 4974 occidere.
435 4911 531 4990 Unde,
548 4928 645 4990 quum
667 4929 722 4990 per
737 4909 921 4972 Malachiam
978 4909 1116 4989 amplius
1131 4907 1276 4988 indigent
1290 4907 1474 4970 maritorum
1490 4925 1551 4988 ope
1565 4915 1660 4989 atque
1676 4927 1725 4971 so

169 5010 306 5073 dixisset
324 5010 406 5072 [leus
428 5009 523 5072 verba
545 5027 614 5090 quae
638 5008 793 5090 allegasti,
811 5011 922 5072 voleus
979 5007 1084 5085 latiis,
1101 5016 1133 5068 et
1152 5007 1179 5068 si
1199 5015 1274 5068 tunc
1295 5006 1548 5087 repudiarentur,
1565 5006 1635 5068 sine
1660 5008 1724 5068 suis

168 5109 340 5172 ostendere
360 5127 424 5189 quo
443 5127 538 5170 seusu
557 5107 725 5190 protulerit
744 5107 841 5170 verba
855 5108 920 5188 illa,
977 5105 1142 5168 demeritis
1166 5104 1388 5185 affligerentur
1411 5123 1448 5166 ac
1472 5105 1673 5186 punirentur.

168 5207 290 5289 adjecit
305 5231 311 5268 :
325 5207 449 5288 Operiet
464 5215 569 5270 autem
585 5206 735 5287 iniquitas
751 5207 922 5269 vestimen·
1018 5206 1232 5268 Saaaacauos.
1257 5238 1298 5249 -
1320 5202 1431 5265 Gravis
1459 5211 1507 5266 est
1531 5203 1725 5285 inseparabi-

34 5273 154 5392 ssuiiffffl'
169 5317 240 5372 tum
266 5305 346 5387 ejus.
363 5306 414 5369 Sic
434 5325 561 5388 quoque
581 5305 727 5388 permisit
747 5306 861 5368 Judaeis
881 5307 919 5369 ad
977 5305 1049 5368 litas
1071 5303 1142 5366 ista.
