4309 6250
446 515 486 562 nx
507 513 672 564 nrcmrarx
692 514 730 562 ιιι
750 513 900 560 mannus
921 513 947 558 a.
971 513 1000 558 v.
1023 512 1142 570 amna,
1163 512 1253 560 anxa
1272 513 1305 560 ιι.
1327 531 1369 544 -
1389 512 1458 560 ιιι.
1481 513 1514 560 vr
1722 494 1761 559 77

206 685 328 749 lissima
356 685 527 768 acquievit.
557 685 596 748 Et
624 687 690 749 haec
719 683 855 749 arbitror
881 702 957 747 vera
973 682 998 745 ll
1013 689 1063 746 tus
1077 684 1265 749 estzhovate
1278 683 1312 748 in
1326 683 1487 748 excelsum
1500 684 1611 749 oculos
1625 691 1758 768 vestros,
1774 704 1805 748 n.
1822 719 1855 758 ιι,
1871 708 1906 751 ee.

206 803 290 848 esse.
1013 789 1044 844 et
1059 781 1164 846 videta
1179 782 1249 865 quis
1264 784 1384 846 creavit
1398 784 1475 846 heac.
1493 782 1580 846 Unde
1595 784 1634 846 ad
1649 783 1761 848 flome-

247 883 353 960 l’orro,
368 883 408 945 ed
432 883 528 946 verba
549 883 676 946 Thomas
699 890 731 945 et
752 881 870 945 Alberti
891 887 960 964 pot·
1014 899 1072 943 nos
1087 879 1215 963 scripsit
1228 882 1396 964 Apostolus
1413 905 1420 943 :
1436 880 1613 945 Invisibilia
1626 881 1682 944 Dei
1703 903 1762 963 per
1773 902 1837 946 aaa.
1845 917 1860 955 ι,
1872 905 1907 956 aa,

205 980 268 1044 erit
293 981 367 1058 diei,
391 981 476 1061 quod
504 979 711 1062 intelligenda
739 981 803 1042 sint
832 979 872 1042 de
903 998 959 1060 pu·
1013 997 1050 1040 ea
1070 997 1141 1060 quta
1164 977 1248 1042 facte
1271 987 1347 1042 sunt
1369 979 1541 1058 intellecta,
1557 967 1807 1061 conspiciun-²¹·

204 1079 292 1141 blica
310 1079 533 1162 predicatione
549 1087 581 1141 et
598 1077 830 1142 doctrinatione
849 1077 889 1140 ed
904 1095 959 1158 po-
1014 1077 1278 1159 tur,sempitema
1291 1095 1417 1158 quoque
1432 1077 1533 1140 virtus
1549 1077 1620 1158 eius
1635 1087 1666 1141 et
1679 1078 1762 1141 divi-

205 1176 330 1258 pulum,
354 1195 417 1240 nou
439 1176 478 1239 de
500 1175 710 1240 instructione
733 1175 865 1258 privata.
1013 1173 1173 1237 nitaszita
1185 1183 1222 1238 ut
1234 1175 1301 1238 sint
1314 1175 1557 1255 inexcusabiles,
1569 1175 1625 1256 qui
1639 1175 1763 1239 scilicet

1013 1272 1113 1335 Deum
1127 1291 1239 1336 venum
1253 1292 1318 1337 non
1337 1281 1565 1356 cognoverunt,
1581 1274 1633 1337 vel
1654 1273 1763 1356 cogni-

1014 1379 1081 1433 tum
1096 1389 1160 1434 nen
1175 1371 1282 1435 debite
1296 1372 1474 1452 coluerunt,
1490 1391 1589 1454 quum
1611 1391 1707 1435 eausa
1728 1373 1762 1436 in

418 1441 663 1506 ARTICULUS
691 1439 749 1502 VI·
1014 1487 1071 1532 suo
1085 1468 1206 1532 effectu
1221 1470 1433 1553 resplendeat,
1441 1479 1473 1532 et
1486 1471 1642 1534 creatoris
1657 1471 1763 1554 cogni·

289 1593 338 1652 D,
352 1591 505 1650 natural,-
519 1589 681 1665 sapientia
697 1596 727 1646 0,
742 1587 878 1645 scientia
1013 1567 1058 1629 tio
1072 1586 1110 1630 ex
1125 1576 1339 1631 creaturarum
1355 1569 1468 1632 notitia
1487 1569 1587 1651 possit
1609 1569 1762 1633 facillime

390 1679 620 1756 prorigam
640 1677 772 1738 Μανία»,
1013 1664 1207 1745 deprehendi
1230 1674 1384 1747 quantum
1404 1667 1444 1730 ad
1465 1669 1616 1746 palaest.
1634 1667 1762 1748 Propter

1013 1764 1098 1843 quod
1120 1763 1237 1827 dicitur
1253 1787 1260 1826 ι
1277 1765 1356 1827 Vani
1382 1774 1457 1828 sunl
1480 1784 1591 1829 omnes
1616 1765 1761 1828 homines
1774 1787 1908 1844 cepnae.

53 1882 195 1936 {toene-n,
281 1867 343 1930 ΟΝ
359 1885 482 1926 ηεοεεεε
502 1865 626 1925 habetis
644 1874 680 1925 ut
700 1865 824 1942 aliquis
847 1865 958 1922 doceat
976 1854 1000 1917 B
1015 1859 1047 1922 in
1069 1861 1186 1942 quibus
1204 1879 1269 1925 non
1293 1862 1402 1925 subest
1426 1863 1558 1926 scientie
1582 1863 1649 1941 llei,
1666 1872 1698 1926 et
1721 1864 1760 1926 de

52 1949 90 1988 ²⁷·
294 1984 359 2034 eos,
374 1967 430 2024 ced
445 1965 555 2023 unctio
569 1965 657 2022 docet
677 1981 730 2022 vos
744 1963 784 2021 de
797 1961 956 2020 omm'bus.
1013 1959 1063 2020 his
1078 1977 1148 2040 qua
1162 1959 1311 2023 videntur
1325 1961 1419 2041 hone,
1435 1980 1500 2025 non
1522 1969 1693 2042 potuerunt
1712 1962 1761 2024 in·

209 2060 481 2137 Quemadmodum
496 2061 527 2124 S.
537 2059 734 2143 Epiphanius
748 2065 780 2122 et
794 2057 960 2120 llamasce-
1013 2057 1157 2140 telligere
1171 2077 1245 2121 eum
1259 2060 1314 2141 qui
1329 2060 1423 2122 esth
1438 2059 1659 2142 magnitudine
1672 2061 1760 2124 enim
1774 2082 1833 2126 rem
1846 2085 1867 2128 s.

210 2179 272 2223 nus
294 2160 446 2240 fetentur,
471 2159 590 2241 optime
613 2158 705 2240 virgo
733 2156 827 2218 hieria
855 2156 958 2218 adhuc
1014 2156 1131 2238 speciei
1150 2165 1183 2218 et
1201 2166 1353 2220 creature
1371 2159 1488 2240 poterit
1509 2167 1631 2222 creator
1650 2177 1761 2222 eorum

210 2256 459 2334 adolescentule,
477 2256 509 2317 in
525 2255 656 2337 templo,
673 2253 727 2317 ubi
742 2253 884 2336 virgines
904 2253 960 2315 do-
1013 2255 1274 2336 cognoscibiliter
1296 2255 1409 2320 videri.
1426 2257 1504 2319 llinc
1524 2267 1653 2320 sanctus
1672 2266 1764 2340 pater

211 2356 377 2434 cebantur,
394 2362 442 2416 est
466 2352 624 2429 enutrita;
646 2371 705 2415 neo
729 2351 861 2415 dubium
882 2351 959 2432 quin
1013 2352 1171 2416 Antonius
1185 2353 1275 2433 dixit,
1292 2354 1394 2436 ipsam
1409 2373 1514 2418 rerum
1529 2364 1674 2418 naturam
1691 2356 1765 2419 fuis·

212 2462 374 2536 praeventa
397 2471 416 2514 a
434 2452 553 2533 Spiritu
573 2451 699 2530 Sancto,
717 2450 803 2513 circa
821 2449 961 2530 Scriptn-
1014 2469 1048 2512 se
1063 2449 1113 2513 sui
1128 2450 1225 2512 studii
1242 2449 1371 2532 librum,
1386 2470 1424 2514 ex
1438 2470 1501 2533 quo
1515 2453 1555 2516 ed
1571 2461 1690 2516 tentam
1710 2454 1764 2516 de·

211 2571 263 2614 ras
278 2549 509 2614 studiosissima
523 2548 671 2626 fuerit,et
685 2567 757 2610 cum
772 2547 859 2611 omni
876 2566 962 2610 reve·
1015 2547 1103 2612 venit
1124 2548 1301 2611 scientiam.
1318 2549 1484 2614 Potissime
1503 2559 1609 2614 autern
1628 2551 1662 2614 in
1681 2551 1765 2614 Scri-

212 2649 315 2712 rentia
339 2669 373 2712 se
400 2649 438 2710 ad
462 2647 534 2710 illas
559 2647 703 2730 gesserit.
721 2647 808 2710 Unde
832 2653 960 2709 sanctus
1015 2646 1116 2728 pturis
1131 2645 1255 2724 eruditi,
1272 2656 1306 2710 et
1318 2648 1401 2710 ultra
1415 2648 1486 2727 hoc,
1502 2649 1586 2712 dono
1600 2649 1765 2732 sapientia

212 2756 346 2812 testatur
359 2747 580 2828 Hieronymus,
597 2745 681 2826 quod
703 2745 780 2826 legit
802 2745 835 2806 in
855 2743 958 2806 isaia:
1015 2763 1052 2808 ac
1081 2745 1223 2808 scientim
1251 2745 1430 2808 eminenter
1456 2746 1582 2829 repleti,
1607 2754 1701 2829 atque
1731 2748 1764 2810 in

61 2846 294 2922 1=.m‚u.licce
329 2845 419 2926 virgo
454 2843 624 2926 concipiet.
654 2843 823 2905 instructio
855 2850 961 2905 autem
1015 2851 1125 2906 sancta
1139 2843 1309 2907 devotione
1324 2852 1355 2907 et
1369 2844 1510 2907 caritatis
1529 2843 1655 2908 fervore
1676 2865 1765 2908 exer·

212 2943 435 3008 scholasticae
450 2942 658 3024 grammatica
672 2941 770 3003 sumit
784 2941 959 3004 exordium.
1016 2941 1117 3019 citati,
1128 2961 1166 3004 cx
1181 2942 1433 3006 consideratione
1448 2943 1642 3006 naturalium
1656 2961 1764 3006 rerum

54 3067 197 3114 nanae.
253 3042 406 3123 Denique,
422 3043 461 3104 de
476 3042 622 3104 Susanna
636 3039 892 3120 recitetur‚quod
908 3035 997 3121 pa-(l
1016 3039 1055 3102 ad
1090 3039 1242 3104 adorandi
1277 3039 1579 3123 contemplationem
1607 3040 1764 3104 Creatoris

213 3148 319 3205 rentes
340 3141 412 3222 ejus
430 3158 530 3222 quum
549 3147 655 3202 essent
672 3138 760 3221 justi,
777 3137 962 3201 erudierunt
1016 3138 1121 3202 subite
1149 3147 1181 3201 et
1208 3138 1373 3219 facillime,
1398 3140 1540 3221 jucunde
1568 3148 1600 3202 et
1627 3138 1763 3219 fervide,

213 3238 316 3301 filiam
332 3256 422 3300 suam
437 3237 613 3301 secundum
628 3236 731 3318 legem
745 3236 870 3317 lfoysis.
887 3235 962 3299 Con·
985 3232 989 3241 '
1015 3246 1108 3299 acute
1136 3246 1231 3318 etque
1258 3238 1434 3319 saepissime
1462 3238 1639 3317 elevantur,
1668 3238 1763 3301 etiam

213 3338 360 3400 formiter
383 3344 432 3399 est
455 3335 662 3412 credendum,
683 3335 768 3415 quod
789 3332 962 3397 saeratissi-
1017 3336 1176 3399 interdum
1201 3354 1274 3399 cum
1293 3335 1503 3400 admiratione
1522 3344 1554 3399 et
1571 3336 1658 3400 dulei
1684 3335 1764 3399 fletu

198 3454 273 3507 ,maa
291 3434 395 3497 ldariae
417 3441 575 3517 parentes,
591 3432 646 3514 qui
667 3440 758 3495 erant
770 3432 961 3512 (secundum
1016 3453 1054 3496 ex
1070 3433 1187 3496 intuitu
1206 3452 1312 3497 rerum
1334 3452 1515 3515 parvamm,
1532 3442 1566 3497 ut
1586 3433 1704 3499 florum
1726 3454 1763 3498 ac

56 3552 197 3603 natm
214 3532 424 3616 praeinducta)
453 3531 645 3595 excellenter
675 3530 765 3611 justi,
796 3530 898 3611 ipsam
928 3530 961 3591 in
1015 3532 1211 3613 graminum.

214 3630 333 3714 templo
348 3629 496 3694 fecerunt
509 3628 542 3691 iu
558 3628 724 3711 scripturis
744 3628 823 3711 legis
838 3646 875 3691 ac
889 3628 962 3691 Pro-
1056 3629 1207 3711 Denique,
1233 3630 1272 3693 ad
1301 3629 1488 3711 sapientiam
1517 3630 1611 3693 istem
1638 3630 1766 3697 divino-

214 3729 382 3812 phetarum
404 3726 513 3790 doceri
531 3750 538 3789 :
556 3726 589 3788 in
608 3726 726 3808 quibus
743 3724 844 3788 multa
862 3726 963 3789 conti·
1016 3746 1086 3789 rum
1122 3727 1309 3808 naturalem,
1339 3747 1376 3791 ac
1411 3737 1626 3791 creaturarum
1661 3730 1765 3793 scien·

213 3834 331 3889 nentur
345 3825 385 3888 de
400 3844 504 3887 rerum
520 3822 959 3906 productiens,distinctione,
1017 3826 1091 3889 tiam
1106 3826 1340 3906 scholasticam,
1352 3826 1525 3908 plurimum
1541 3827 1666 3891 confert
1679 3828 1766 3912 inge·

212 3932 338 4001 ornatu,
365 3922 557 4006 proprietate
581 3929 612 3984 et
634 3921 757 4002 ordine,
783 3922 822 3984 de
851 3921 961 3984 mundi
1015 3923 1061 3986 nii
1087 3924 1254 4002 subtilitas,
1273 3925 1394 4006 puritas
1413 3924 1529 4005 cerdis,
1551 3926 1764 4007 tranquillitas

213 4022 432 4105 dispositione,
444 4022 484 4085 de
499 4040 594 4084 cursu
609 4028 641 4083 et
656 4019 779 4083 influxu
794 4019 960 4099 emiorum,
1016 4022 1455 4101 conversationis,essiduitas
1469 4022 1701 4088 exercitationis
1717 4025 1766 4087 in-

213 4123 412 4204 planetarum
428 4140 464 4183 ac
480 4119 633 4198 siderum,
646 4138 717 4200 quaa
731 4119 770 4182 ad
786 4117 961 4182 naturalem
1018 4128 1115 4183 terna
1138 4144 1145 4182 :
1168 4120 1201 4182 in
1226 4120 1342 4201 quibus
1365 4120 1515 4183 omnibus
1540 4121 1767 4186 excellentissi-

213 4228 361 4303 spectant
383 4217 627 4302 philosophiam,
645 4225 676 4280 et
700 4225 763 4279 tam
783 4236 821 4279 ex
841 4215 1001 4281 luminali
1018 4236 1069 4280 ma
1090 4218 1179 4299 virgo
1199 4217 1294 4280 blaria
1315 4216 1525 4281 ineffabiliter
1545 4218 1764 4302 prefulgebat,

213 4318 351 4381 naturali
379 4335 474 4399 quam
502 4334 540 4379 ex
569 4316 707 4379 humane
740 4314 961 4395 instructione,
1017 4316 1285 4396 quemadmodum
1304 4324 1336 4378 et
1354 4315 1387 4377 in
1406 4316 1566 4398 praetactis
1584 4316 1678 4381 bonis
1697 4338 1766 4400 gra·
1779 4352 1820 4392 m,
1838 4361 1866 4391 ,,,

213 4415 447 4498 supernaturali
461 4432 587 4495 quoque
600 4412 834 4493 informatione,
843 4422 964 4495 queunt
1016 4413 1117 4475 tuitis.
1133 4413 1255 4476 ldcirco
1270 4432 1307 4477 ex
1322 4414 1409 4477 omni
1424 4422 1513 4496 parte
1527 4413 1589 4477 fuit
1603 4415 1767 4496 aptissime

213 4513 344 4597 agnosci
360 4532 396 4576 ac
411 4512 503 4575 disci.
519 4512 554 4573 ln
569 4510 657 4575 omni
672 4510 790 4575 etenim
807 4520 961 4591 creatura,
1018 4514 1057 4576 ad
1086 4512 1270 4593 hujusmodi
1298 4512 1476 4575 naturalem
1505 4514 1692 4595 sapientiam
1722 4525 1768 4579 at-

214 4621 246 4675 et
266 4610 444 4694 praesertim
468 4609 500 4671 in
525 4609 676 4672 universa
700 4608 848 4672 machina
873 4628 964 4671 mun·
1018 4630 1080 4693 que
1108 4610 1274 4673 scientiam
1295 4632 1302 4673 ε
1325 4629 1404 4692 quas
1432 4611 1548 4693 partim
1572 4630 1611 4675 ex
1637 4614 1766 4695 proprio

213 4710 301 4788 diali,
320 4710 354 4771 in
379 4708 608 4771 elementorum
633 4707 706 4786 situ,
722 4706 908 4771 alteratione
933 4714 965 4771 et
1019 4708 1123 4770 studio
1138 4726 1175 4769 ac
1190 4706 1312 4770 lumine
1327 4708 1476 4789 naturali,
1493 4710 1607 4791 partim
1622 4728 1661 4773 ex
1675 4713 1767 4775 scho-

216 4806 433 4885 subsistentia‚
449 4806 482 4867 in
501 4804 700 4869 ordinatione
721 4805 965 4887 gubernatione·
1020 4806 1129 4869 lastica
1156 4804 1393 4885 informatione,
1420 4815 1452 4869 et
1485 4808 1621 4870 maxime
1654 4828 1692 4871 ex
1720 4810 1767 4873 di-

214 4924 276 4987 que
298 4904 421 4983 mundi,
438 4904 470 4965 in
489 4902 643 4985 angelicis
667 4902 833 4986 spiritibus
857 4912 889 4967 et
912 4923 965 4967 eo·
1020 4905 1095 4967 vina
1122 4912 1153 4966 ct
1181 4903 1327 4986 angelice
1353 4903 1566 4968 illustratione
1602 4906 1764 4988 possedit3

215 5002 360 5066 rumdem
396 5000 573 5079 ordinibus,
610 4999 643 5063 in
678 5000 784 5063 anime
819 5000 964 5064 rationali
1019 5011 1050 5067 et
1073 5022 1111 5065 ex
1136 5001 1266 5065 caritate
1289 5010 1321 5064 et
1344 5002 1455 5084 gratia,
1473 5022 1511 5065 ex
1533 5002 1600 5066 fide
1628 5012 1660 5066 et
1681 5005 1766 5069 dono

214 5110 344 5183 totoque
359 5098 487 5163 homine
507 5099 650 5162 relucent
670 5118 707 5163 ec
729 5109 965 5180 cognoscuntur
1019 5100 1133 5164 infusae
1153 5099 1328 5181 sapientia,
1344 5108 1433 5162 ectus
1455 5100 1582 5163 illarum
1604 5101 1767 5183 sapientie

212 5198 459 5282 omnipotentia,
475 5198 641 5280 sapientia,
658 5197 783 5262 bonitas
803 5200 965 5281 supergle·
1020 5219 1056 5262 ac
1085 5198 1225 5261 scientiae
1254 5197 1414 5277 formavit,
1438 5198 1585 5279 initiavit,
1605 5200 1764 5283 produxit,

213 5296 382 5363 riesissimi
397 5296 647 5379 Conditoris,qui
662 5316 719 5379 per
732 5295 845 5361 lseiam
859 5298 966 5362 horta-
1021 5298 1130 5380 sicque
1150 5306 1239 5361 ectus
1261 5295 1308 5358 illi
1328 5296 1482 5360 meritorii
1503 5288 1603 5361 erent.
