4309 6250
39 3160 154 3215 Defletpn,

33 3226 154 3272 listram.

270 521 310 568 DE
331 521 538 571 sumuntur!
560 524 653 573 sum
675 526 841 574 ronrrncls
862 526 900 572 ΕΤ
913 525 1082 576 umanms
1102 527 1243 586 concurr,
1264 529 1353 576 amun
1373 531 1416 576 lll.
1439 547 1479 560 ···
1499 529 1568 576 ΑΜ.
1591 529 1625 575 11
1663 508 1722 575 831

174 691 294 773 quibus
315 701 416 756 toturn
442 703 475 757 et
494 714 566 777 pars
590 697 718 779 proprie
739 717 798 760 nec
819 699 853 759 in
874 697 924 759 his
939 699 964 760 A
979 698 1050 779 ejus
1065 698 1236 762 essentiam
1252 700 1394 782 precise,
1410 719 1509 780 quum
1531 698 1578 762 sic
1597 699 1639 761 sit
1653 700 1727 763 sub

174 790 293 871 quibus
311 793 528 874 metaphorice
547 803 756 876 competunt:
774 803 808 858 ut
826 814 925 876 quum
978 797 1097 878 jective
1121 796 1155 859 in
1180 798 1248 861 solo
1272 816 1396 861 summo
1419 796 1587 877 Pontifice,
1603 798 1659 860 sed
1683 798 1729 860 lo-

174 887 315 951 dicimus
330 891 493 972 corporale
508 892 645 954 bominis
660 901 755 976 caput
774 893 831 956 toti
854 893 924 975 ejus
979 895 1089 975 quitur
1111 895 1150 957 de
1174 913 1213 958 ea
1235 896 1339 977 quoad
1366 896 1606 977 universaquae
1629 895 1729 959 virtu·

174 989 302 1070 corpori
322 989 539 1070 praeminere,
561 991 655 1054 altius
674 1011 744 1055 esse
764 999 858 1073 atque
879 992 926 1053 in·
979 993 1072 1056 aliter
1096 994 1247 1071 continet,
1276 994 1340 1057 imo
1369 994 1474 1076 potius
1503 994 1543 1057 de
1570 993 1640 1076 ipsa
1664 1003 1730 1056 tota

174 1085 290 1165 liuere,
312 1089 415 1151 solum
438 1089 498 1152 boc
524 1097 619 1170 caput
644 1090 808 1167 situaliter,
826 1089 925 1152 virtu·
979 1090 1196 1154 ecclesiastica
1224 1099 1377 1172 potestate
1409 1092 1442 1154 in
1470 1111 1528 1154 sua
1560 1091 1729 1155 latitudine

174 1183 319 1249 aliterue
335 1186 588 1264 influentialiter‚
602 1186 708 1250 forsan
724 1195 755 1250 et
769 1189 922 1269 dignitate
980 1196 1107 1270 sumpta
1127 1213 1134 1251 :
1156 1189 1248 1270 cujus
1268 1189 1390 1271 papalis
1415 1198 1554 1270 potestas
1578 1189 1731 1270 quodam-

173 1302 212 1345 ac
228 1284 437 1365 perfectione,
454 1285 510 1348 toti
532 1285 660 1349 residuo
681 1286 820 1362 eminet;
839 1286 926 1348 simi·
980 1286 1076 1348 modo
1100 1304 1173 1368 pars
1198 1294 1256 1365 ost,
1278 1287 1446 1368 minorque
1469 1286 1536 1365 illa,
1552 1288 1729 1350 secundum

173 1382 247 1444 liter
266 1390 370 1446 rector
388 1383 445 1446 toti
466 1383 680 1464 Universitati,
696 1385 836 1447 decanus
861 1384 925 1448 col·
980 1383 1062 1463 quod
1080 1382 1135 1446 illa
1148 1384 1306 1466 accipitur
1319 1403 1392 1448 cum
1412 1385 1528 1447 actuali
1549 1393 1581 1447 ct
1600 1383 1728 1449 formali

173 1480 272 1562 legio,
288 1481 385 1544 abbas
407 1481 590 1545 conventui.
979 1479 1160 1545 inclusione
1183 1481 1349 1563 potestatis
1373 1481 1506 1564 papalis,
1526 1501 1597 1563 qnae
1621 1489 1728 1544 tamen

214 1578 336 1661 ltaque,
365 1579 393 1642 si
427 1579 467 1643 de
496 1581 668 1645 universali
696 1581 839 1644 Ecclesia
869 1601 924 1646 seu
980 1579 1155 1641 secundum
1177 1599 1212 1642 se
1230 1588 1367 1661 sumpta,
1384 1581 1487 1662 maj0r
1511 1588 1560 1643 θεῖ
1584 1588 1649 1643 tota
1672 1579 1729 1641 illa

172 1677 318 1758 generali
344 1677 478 1742 concilio
503 1679 670 1760 loquamur
693 1689 786 1761 prout
809 1681 924 1763 Papam
980 1677 1118 1756 residua,
1134 1677 1218 1740 sicut
1231 1686 1263 1741 et
1277 1677 1491 1741 cancellarius
1506 1678 1622 1741 innuit.
1639 1678 1728 1752 Quod

171 1775 342 1839 actualiter
378 1776 618 1859 lormaliterque
656 1777 803 1858 includit,
844 1779 925 1842 sicut
979 1783 1087 1838 autem
1101 1775 1162 1837 ista
1176 1774 1292 1839 solutio
1308 1795 1383 1839 vera
1397 1776 1439 1839 sit
1452 1784 1548 1858 atque
1562 1776 1602 1840 de
1621 1784 1728 1838 mente

171 1875 251 1936 dum
273 1876 357 1956 Papa
376 1874 547 1938 exsistente
568 1875 705 1939 dicimus
730 1878 814 1958 quod
839 1877 925 1940 Chri·
943 1872 966 1934 B
980 1872 1077 1954 hujus
1093 1873 1241 1953 doctoris,
1258 1882 1382 1938 constat
1395 1894 1433 1938 ex
1446 1893 1485 1938 eo
1499 1875 1583 1956 qnod
1598 1874 1631 1936 in
1646 1873 1728 1936 libro

172 1980 243 2034 stus
265 1973 306 2034 sit
325 1980 421 2054 caput
443 1973 540 2036 totius
559 1973 732 2053 Ecclesiae3
749 1974 796 2037 sic
817 1975 924 2056 utiquc
980 1971 1019 2033 de
1048 1970 1271 2034 Ecclesiastico
1300 1972 1421 2035 unitate
1445 1980 1579 2036 testatur
1604 1996 1611 2034 ε
1633 1971 1730 2036 ΝοΙθ-

171 2069 319 2134 ΕθθΙθεὶθ
343 2078 375 2132 θῖ
398 2070 570 2134 concilium
598 2072 702 2153 majus
730 2081 778 2136 cst
806 2073 889 2156 Papa
916 2097 922 2134 :
980 2088 1051 2131 mus
1075 2068 1252 2151 (inquiens)
1273 2070 1462 2152 impugnare
1483 2071 1561 2151 quin
1584 2088 1729 2133 summus

172 2166 258 2230 sicut
273 2166 446 2249 collegium
462 2187 534 2231 curn
550 2169 925 2232 decauoetUuiversitas
979 2167 1125 2230 Pontifex
1150 2169 1264 2231 babeat
1290 2176 1477 2250 potestatem
1507 2168 1673 2249 regitivam
1699 2175 1732 2230 et

171 2285 249 2328 curn
266 2274 397 2343 rectore,
411 2266 515 2348 majus
529 2274 579 2330 est
593 2267 660 2330 solo
675 2268 797 2331 decano
811 2276 843 2330 θῖ
858 2268 925 2332 εοΙο
981 2266 1202 2329 auctoritatem
1223 2274 1371 2349 respectu
1390 2267 1534 2328 omniurn
1550 2266 1728 2345 bominum,

171 2373 308 2426 rectore.
326 2363 441 2445 Sicque
456 2363 564 2428 Petrus
583 2365 623 2427 de
642 2365 761 2428 Allieco
780 2383 925 2428 assereus
979 2373 1135 2444 quantum
1154 2364 1297 2427 Christus
1316 2364 1417 2427 voluit
1435 2372 1468 2427 et
1487 2364 1639 2446 cognovit
1659 2383 1730 2426 esse

172 2462 349 2526 concilium
365 2482 434 2526 esse
450 2482 547 2545 super
560 2463 688 2546 Papam,
705 2465 803 2527 sumit
818 2466 925 2528 conci·
979 2463 1153 2544 expediens
1175 2462 1235 2545 ipsi
1260 2463 1347 2542 dare,
1375 2481 1430 2543 pro
1460 2463 1636 2526 exercendo
1659 2481 1730 2524 eam

171 2559 254 2621 lium
270 2579 343 2622 cum
358 2559 448 2641 Papae
462 2560 640 2625 inclusione
654 2562 780 2627 lormali
796 2571 828 2627 θῖ
842 2571 925 2626 θθῖθ-
979 2579 1043 2624 non
1060 2579 1119 2642 pro
1134 2580 1168 2624 sc
1183 2562 1414 2638 tantummodo,
1428 2562 1483 2623 sed
1499 2560 1600 2642 magis
1615 2561 1654 2622 ad
1669 2560 1731 2622 uti-

169 2657 238 2737 ali;
260 2658 371 2739 sicque
396 2657 584 2740 simpliciter
607 2680 717 2724 verum
743 2669 800 2740 est,
819 2661 926 2724 conci·
980 2659 1100 2722 litatem
1114 2658 1414 2742 Ecclesiaazqualem
1430 2659 1649 2722 auctoritatem
1664 2677 1728 2723 uon

171 2757 253 2820 lium
274 2777 343 2820 csse
363 2777 459 2840 super
482 2757 609 2840 Papam.
627 2759 659 2820 Si
683 2778 758 2822 vero
783 2768 926 2834 sumatur
980 2758 1074 2821 babet
1093 2765 1194 2821 totum
1209 2757 1360 2821 Ecclesiae
1375 2758 1550 2838 residuum,
1566 2757 1631 2820 nisi
1651 2756 1730 2819 insi·

170 2855 349 2918 concilium
369 2875 442 2918 cum
462 2856 552 2938 Papae
575 2856 771 2935 exclusione,
790 2858 850 2921 boc
876 2867 926 2921 est
979 2857 1129 2919 nuative*
1144 2856 1377 2939 quodammodo
1399 2856 1448 2918 vel
1470 2855 1615 2918 elective.

169 2973 231 3036 pro
246 2953 302 3017 illo
318 2955 444 3018 residuo
460 2963 573 3036 praeter
586 2955 713 3037 Papam,
728 2956 811 3020 sicut
824 2976 923 3038 quum
1019 2955 1080 3018 Sed
1114 2963 1225 3018 contra
1257 2953 1432 3037 prehabito
1465 2953 1528 3016 duo
1556 2961 1729 3016 occurrunt

170 3051 215 3112 ait
230 3050 285 3114 bic
299 3050 421 3131 PetruS,
438 3060 469 3114 et
484 3053 516 3114 in
532 3053 664 3116 Decreto
680 3053 824 3135 babetur,
838 3056 922 3138 quod
939 3059 961 3122 G
979 3074 1064 3117 nunc
1091 3062 1287 3136 argumenta.
1305 3053 1430 3115 Dictum
1456 3060 1504 3116 θεῖ
1530 3051 1628 3131 enim,
1644 3051 1727 3133 quod

169 3152 257 3232 Papa
280 3159 328 3213 est
354 3158 449 3232 caput
469 3152 655 3230 coucilii‚ct
674 3153 847 3216 concilium
868 3174 925 3236 per
978 3152 1128 3234 gencrale
1161 3152 1335 3215 concilium
1368 3150 1471 3233 accipi
1500 3150 1604 3233 possit
1635 3150 1728 3231 quasi

170 3248 445 3331 comparationem
481 3251 520 3312 ad
548 3249 663 3333 Papam
699 3260 747 3313 est
779 3253 922 3333 quaedam
979 3259 1140 3314 contracte
1167 3269 1241 3313 cum
1269 3249 1453 3312 exclusione
1477 3250 1567 3331 Papae
1592 3255 1730 3329 potesta-

170 3347 375 3429 particularis
389 3348 547 3427 Ecclesia;
564 3349 611 3411 sic
628 3349 659 3410 in
675 3348 834 3430 aliquibus
850 3368 924 3412 con·
979 3349 1083 3430 tisque
1097 3349 1181 3430 ejus,
1203 3367 1258 3410 seu
1274 3366 1331 3429 pro
1351 3347 1407 3410 illo
1427 3347 1554 3410 residuo
1574 3347 1654 3409 citra
1679 3346 1728 3408 vel

170 3444 286 3508 cilium
312 3454 360 3508 est
384 3465 481 3529 super
503 3446 630 3528 Papam,
652 3455 684 3509 θῖ
707 3446 740 3509 in
764 3447 924 3528 aliquibus
979 3446 1425 3529 praeterPapam.-llursus
1443 3445 1511 3526 jam
1530 3444 1727 3523 dictumest,

170 3562 361 3623 econverso,
378 3552 413 3606 nt
431 3544 626 3606 declaratum
642 3554 691 3607 est
705 3546 820 3627 saepius
838 3569 845 3607 :
864 3546 925 3607 sic·
979 3545 1063 3626 quod
1092 3553 1156 3607 tota
1190 3552 1329 3627 potestas
1362 3543 1581 3608 ecclesiastica
1610 3542 1641 3605 in
1672 3562 1730 3604 sua

170 3651 207 3705 ut
228 3642 262 3705 in
282 3642 470 3725 quibusdam
486 3642 626 3705 decanus
646 3651 693 3705 est
713 3662 810 3725 super
830 3644 925 3707 colle·
979 3643 1145 3705 latitudine
1174 3651 1311 3725 sumpta,
1341 3642 1444 3722 major
1472 3649 1520 3704 θεῖ
1547 3640 1615 3705 sola
1643 3649 1729 3722 pote·

169 3740 273 3822 gium,
291 3748 321 3803 ct
336 3740 370 3801 in
386 3740 545 3822 aliquibus
565 3760 751 3818 econverso,
769 3742 924 3804 sumendo
980 3749 1058 3805 state
1081 3740 1197 3824 papali.

170 3839 346 3920 collegium
375 3857 433 3920 pro
461 3839 588 3903 residuo
617 3840 673 3903 illo
697 3840 923 3903 canonicorum
1019 3840 1134 3903 Contra
1158 3840 1297 3921 primum
1322 3837 1473 3920 objicitur
1497 3838 1628 3912 :Quum
1652 3837 1730 3899 Can·

170 3937 254 3999 citra
278 3937 447 3999 decanum.
471 3936 634 4015 Praeterea,
656 3938 681 4000 si
707 3940 779 4019 quis
804 3939 924 4020 absque
980 3939 1129 4002 cellarius
1144 3938 1286 4016 dixisset,
1303 3938 1387 4019 quod
1402 3936 1568 4018 plenitudo
1582 3935 1730 3998 ecclesia-

168 4035 358 4117 bujusmodi
372 4034 590 4116 distinctione,
608 4055 645 4098 ex
661 4036 857 4117 praeinducta
871 4058 926 4100 au·
980 4038 1067 4100 sticae
1088 4036 1256 4119 potestatis
1276 4036 1309 4097 in
1324 4055 1381 4098 sua
1400 4033 1606 4117 supremitate
1627 4033 1730 4115 major

170 4134 321 4197 ctoritate
335 4152 398 4215 qua
416 4141 516 4195 totum
531 4132 649 4195 dicitur
664 4135 767 4216 majus
782 4155 840 4198 sua
855 4155 925 4217 par·
979 4145 1074 4219 atque
1095 4135 1240 4217 superior
1260 4144 1308 4197 est
1322 4135 1362 4196 ad
1382 4133 1532 4215 reliquas,
1550 4151 1623 4195 mox
1644 4132 1730 4212 adje-

171 4242 216 4311 te,
243 4252 353 4315 grosse
381 4252 418 4295 ac
447 4232 567 4295 ruditer
595 4233 786 4295 concludere
816 4234 922 4314 vellet,
939 4234 964 4295 D
980 4236 1034 4313 cit,
1051 4235 1136 4316 quod
1157 4234 1223 4316 jam
1243 4233 1276 4295 id
1295 4234 1380 4315 quod
1402 4232 1559 4314 reliquum
1579 4240 1627 4293 θεῖ
1641 4231 1730 4293 nullo

171 4331 273 4393 simili
289 4331 411 4393 ratione
426 4338 612 4411 sequeretur
626 4330 709 4412 quod
725 4331 829 4393 omnis
846 4332 925 4413 poli·
982 4342 1075 4416 pacto
1099 4340 1204 4414 potest
1228 4331 1418 4412 restringere
1446 4330 1595 4412 generale
1623 4329 1730 4392 conci-

172 4429 230 4507 tia,
243 4428 349 4491 omnis
364 4428 588 4508 communitas,
601 4430 706 4491 omnis
722 4429 925 4511 congregatio
980 4432 1069 4509 lium,
1086 4430 1237 4513 quoniam
1256 4430 1404 4511 generale
1423 4428 1596 4491 concilium
1618 4427 1649 4489 in
1672 4447 1730 4489 sua

171 4534 259 4591 essct
272 4526 416 4589 absolute
436 4526 596 4608 loquendo
618 4546 714 4608 super
733 4548 825 4589 suum
848 4548 927 4610 pno-
980 4530 1103 4593 ratione
1119 4527 1244 4591 formali
1261 4526 1396 4589 includit
1409 4527 1449 4589 de
1470 4526 1661 4589 necessitate
1675 4545 1729 4587 au-

171 4625 344 4703 sidentem,
363 4624 527 4706 praelatum
543 4632 598 4686 aut
618 4624 807 4707 principem,
825 4635 859 4688 ut
879 4646 926 4688 re
980 4628 1160 4690 ctoritatem
1189 4626 1346 4708 papalem,
1373 4624 1440 4687 sive
1470 4624 1553 4706 Papa
1581 4624 1631 4702 sit,
1661 4624 1728 4686 sive

171 4743 274 4806 gnum
290 4742 386 4805 super
400 4740 519 4803 regem,
535 4722 681 4785 dioecesis
696 4741 791 4803 super
805 4724 926 4805 opisco
980 4743 1044 4787 non
1068 4725 1119 4786 sit.

174 4841 266 4904 pum,
297 4828 474 4885 conventus
503 4838 598 4900 super
625 4820 771 4883 abbatem
803 4844 809 4883 :
841 4822 925 4902 quod
1021 4822 1438 4902 Etrespondendum,quod
1454 4820 1730 4902 bujusargumen·

173 4939 272 5003 quarn
289 4919 477 5001 insipienter
491 4926 618 4981 resonet
631 4920 703 4999 quis
719 4940 781 4983 non
797 4925 925 5002 pensetl
982 4922 1005 4985 ti
1031 4921 1148 4985 solutio
1172 4940 1210 4982 ex
1235 4920 1328 4981 istius
1349 4920 1488 4982 doctoris
1508 4921 1663 4983 sumenda
1681 4927 1730 4981 est

217 5018 314 5081 Porro
328 5018 368 5079 ad
387 5025 610 5099 argumentum
625 5036 663 5079 ex
677 5018 783 5080 verbis
799 5018 927 5081 Cancel-
982 5020 1098 5083 verbis.
1114 5020 1216 5093 Quum
1232 5016 1318 5080 euim
1334 5018 1509 5079 secuudum
1524 5017 1642 5098 ipsum,
1659 5036 1730 5099 pro

175 5117 249 5181 larii
275 5123 449 5197 sumptum,
476 5124 523 5178 θεῖ
552 5116 819 5196 respondendum,
842 5118 926 5198 quod
983 5119 1050 5199 prie
1080 5117 1244 5198 potestatis
1276 5114 1398 5197 papalis
1432 5133 1488 5177 seu
1520 5114 1729 5196 plenitudinis

175 5218 211 5279 in
238 5216 299 5277 ista
318 5214 505 5277 auctoritate
530 5212 671 5294 loquitur
693 5215 732 5276 de
758 5215 928 5296 plenitudi-
983 5215 1207 5279 ecclesiasticae
1227 5213 1391 5295 potcstatis
1409 5212 1511 5274 forma
1530 5212 1572 5273 sit
1587 5212 1620 5274 in
1635 5212 1727 5294 Papa,

177 5334 221 5379 nc
237 5312 462 5377 ecclesiasticos
477 5312 643 5395 potestatis
664 5332 729 5377 non
751 5314 927 5377 secundum
984 5323 1105 5378 certum
1125 5321 1173 5376 est
1191 5313 1275 5394 quod
1290 5312 1372 5394 Papa
1392 5330 1457 5374 nou
1472 5311 1653 5391 exsistente,
1669 5331 1730 5375 nec
