4309 6250
452 477 513 543 252
796 502 915 550 cosma
936 502 1104 549 ransmissa
1124 501 1296 559 annonari,
1318 501 1407 548 arasa
1427 501 1447 548 ι.
1471 519 1512 532 -
1531 503 1603 549 aar.
1626 502 1658 548 rx

453 687 542 732 mum
556 669 686 752 publice
697 691 734 735 ac
748 673 941 755 synodaliter
954 671 1124 736 definitum
1139 680 1199 753 est,
1216 674 1346 752 Adens,
1361 673 1446 754 quod
1461 674 1554 736 nudae
1568 691 1679 736 eorum
1694 673 1869 736 recitationi
1884 678 1913 734 et
1926 689 1986 733 con·

453 768 539 848 quod
553 767 635 831 fleus
650 767 692 831 sit
712 789 795 833 unus
815 779 848 834 et
866 771 980 848 trinus,
997 771 1201 852 christusque
1255 769 1511 852 fictioni,utputa
1525 771 1624 834 Deum
1638 771 1759 834 trinum
1775 789 1838 834 non
1851 788 1927 846 esse,
1936 787 1985 830 nec

452 863 537 928 Deus
561 874 594 928 et
615 867 733 945 homo,
754 876 878 932 constat
901 870 962 932 boc
984 869 1199 946 mendacium,
1256 868 1414 931 Christum
1443 869 1542 930 Deum
1571 868 1757 948 consistere,
1788 877 1834 933 tot
1857 867 1987 931 homines

453 963 606 1043 quoniam
626 972 698 1026 ante
723 965 802 1028 illud
823 965 1004 1028 universale
1026 967 1200 1030 concilium
1256 966 1439 1028 nullatenus
1464 966 1676 1029 credidissent
1700 989 1707 1028 ε
1732 966 1902 1048 prasertim
1924 963 1987 1044 quia

453 1059 545 1122 Arius
572 1061 634 1124 fuit
660 1062 700 1123 ab
724 1062 934 1127 Alexandrino
962 1065 1201 1145 archiepiscopo
1257 1063 1417 1143 usquead
1441 1071 1567 1143 tempus
1591 1063 1682 1140 illud,
1699 1063 1867 1126 Christiani
1886 1061 1987 1144 quibus

454 1159 495 1221 ab
522 1156 665 1222 Ecclesia
691 1160 814 1241 ejectus
841 1170 873 1224 et
901 1162 1023 1243 pulsus,
1049 1163 1201 1244 quoniam
1257 1162 1317 1225 hoc
1340 1162 1446 1224 dicere
1471 1161 1660 1243 potuissent,
1681 1161 1820 1224 fuissent
1843 1161 1928 1224 aliter
1949 1159 1988 1222 in-

453 1255 629 1320 trinitatem
657 1277 865 1339 personarum
901 1259 934 1320 in
964 1260 1026 1322 lieo
1059 1261 1199 1340 negavit.
1257 1258 1396 1336 formati,
1417 1258 1663 1341 oppositumque
1687 1260 1862 1322 credentes.
1882 1257 1988 1320 ldeirco

454 1353 520 1416 lmo
540 1361 683 1436 tempore
697 1355 776 1432 Arii,
792 1364 823 1418 ct
838 1365 912 1420 ante
930 1376 1016 1436 eum,
1031 1357 1201 1420 Christiani
1258 1375 1322 1419 non
1341 1355 1386 1419 ita
1405 1355 1540 1419 faciliter
1560 1357 1769 1420 recessissent
1789 1375 1807 1418 a
1825 1356 1889 1419 fide
1908 1363 1988 1435 atquc

455 1450 572 1533 ubique
586 1452 682 1516 corde
693 1453 896 1516 crediderunt
906 1455 1077 1518 trinitatem
1094 1455 1126 1517 in
1139 1457 1202 1519 Deo
1258 1452 1403 1516 doctrina
1430 1473 1448 1515 a
1477 1452 1670 1516 beatissimis
1698 1452 1816 1516 Christi
1849 1451 1988 1534 Apostolis

453 1557 487 1612 et
498 1549 648 1612 deitatem
661 1550 694 1612 in
709 1551 933 1615 Christo.lnter
946 1553 1114 1635 episcopos
1129 1573 1203 1635 quo
1258 1552 1468 1634 promulgata.
1480 1552 1653 1632 Postremo,
1665 1551 1766 1614 multo
1781 1552 1904 1616 facilius
1918 1559 1988 1613 osset

455 1666 517 1729 que
543 1648 575 1709 in
604 1646 731 1712 nicena
758 1651 878 1731 synodo
907 1659 1127 1733 congregatos,
1154 1651 1203 1714 lu·
1258 1650 1441 1713 hominibus
1457 1650 1696 1712 crederellcum
1712 1668 1776 1712 non
1790 1669 1859 1712 esso
1872 1647 1987 1728 trinum,

455 1753 549 1808 erunt
562 1745 655 1808 multi
670 1745 864 1809 sanctissimi
879 1748 1041 1827 presules,
1053 1747 1202 1829 plurimis
1259 1757 1290 1810 et
1303 1748 1461 1811 Christum
1479 1766 1542 1811 non
1557 1767 1627 1810 esse
1642 1747 1753 1828 licum,
1767 1767 1860 1828 quam
1875 1748 1988 1810 credere
2100 1771 2101 1776 ¹

455 1842 681 1925 praefulgentes
701 1843 877 1922 miraculis,
894 1845 977 1907 intcr
1000 1864 1081 1926 quos
1106 1845 1240 1914 etiamB
1260 1845 1433 1908 trinitatem
1454 1845 1488 1907 in
1503 1846 1579 1924 fleo,
1596 1853 1628 1907 et
1648 1846 1800 1908 deitatem
1823 1845 1855 1908 in
1867 1844 1987 1908 Christo.

455 1950 585 2005 sanctus
609 1942 728 2005 exstitit
751 1942 911 2023 Nicolaus,
928 1963 1023 2024 quem
1043 1945 1125 2006 [leus
1145 1945 1203 2006 mi-
1258 1943 1476 2006 Certissimum
1497 1961 1576 2025 ,crgo
1604 1951 1653 2006 est
1680 1943 1765 2024 quod
1793 1941 1928 2006 universi
1951 1942 1989 2002 sic

455 2039 573 2102 reculis
596 2040 759 2104 decoravit
783 2040 962 2103 innumeris
983 2066 990 2104 ε
1011 2042 1067 2122 qui
1092 2061 1202 2105 omnes
1260 2041 1435 2118 crederent,
1444 2039 1506 2102 nisi
1521 2041 1562 2103 ab
1575 2040 1705 2103 exordio
1720 2059 1779 2122 per
1793 2048 1914 2104 sanctos
1925 2039 1991 2120 Apo
2100 2037 2101 2116 j

455 2136 555 2200 fidem
569 2138 653 2200 hanc
668 2139 854 2201 docuerunt.
871 2137 1010 2212 Quorum
1025 2139 1202 2202 doctrinam
1260 2139 1357 2202 stolos
1378 2147 1410 2200 et
1433 2156 1544 2200 eorum
1569 2156 1720 2219 sequaces
1744 2147 1929 2218 sanctosque
1946 2136 1990 2197 Pa·
2100 2213 2101 2216 Ἴ

456 2243 585 2298 sanctus
613 2235 696 2316 Papa
729 2237 919 2317 approbavit
954 2237 1117 2316 Silvestcr,
1147 2257 1204 2319 pcr
1260 2244 1324 2299 tres
1339 2235 1476 2298 fuissent
1489 2234 1592 2312 aliter,
1609 2243 1640 2297 et
1655 2235 1737 2297 sicut
1753 2254 1840 2298 nnnc
1860 2235 1989 2312 credunt,

455 2351 552 2414 quem
579 2334 663 2396 Deua
691 2333 931 2396 Constantinum
959 2335 1000 2397 ab
1033 2335 1203 2398 incurabili
1259 2335 1384 2412 imbuti,
1401 2343 1432 2396 et
1447 2353 1504 2415 per
1517 2333 1752 2415 Scripturarum
1768 2332 1943 2397 testimonia
1960 2350 1990 2392 ac
2100 2385 2101 2408 ,

455 2432 545 2514 lepra
559 2430 744 2509 mundavit;
761 2439 952 2513 taurumque
973 2441 1135 2496 mortuum
1155 2454 1206 2495 su·
1260 2432 1367 2496 divina
1386 2432 1542 2494 miracula
1563 2432 1596 2493 in
1616 2431 1679 2494 ista
1697 2431 1764 2494 fide
1784 2431 1935 2494 catholica
1952 2448 1991 2492 no

456 2529 594 2607 saltavit,
615 2530 903 2594 venenosissimum
923 2549 1050 2612 quoque
1069 2532 1206 2614 peremit
1261 2530 1372 2596 borati.

456 2628 639 2707 draconem,
665 2628 809 2708 duosque
837 2628 923 2691 viros
951 2628 1031 2691 flatu
1056 2630 1204 2693 draconis

456 2744 539 2808 pene
552 2724 726 2789 exstinctos
740 2726 877 2788 restituit
890 2725 975 2806 vitae,
991 2746 1029 2790 ac
1047 2727 1111 2790 alia
1124 2729 1205 2790 mul-

456 2833 489 2886 ta
509 2822 587 2887 fecit
607 2822 762 2905 prodigia.
1465 2799 1711 2866 ARTIGULUS
1735 2801 1796 2864 IX.

496 2922 604 2985 ΗΘΜ
617 2940 693 3003 θΓῧο
707 2930 742 2984 ¹¹¹
756 2922 920 2984 smmi
936 2922 1116 3004 persidiiuo
1130 2926 1205 2988 assi·
1258 2951 1416 3012 Probatio
1427 2969 1468 3008 ec
1482 2951 1661 3025 scripturis
1674 2947 1753 3008 novi
1766 2967 1805 3006 ac
1820 2948 1934 3006 ceteris
1948 2949 1993 3008 Te·

456 3027 555 3101 gnent
570 3019 715 3101 aquibus
730 3019 918 3082 infidelibus
932 3039 970 3084 ac
980 3021 1204 3102 deceptoribus
1219 3029 1241 3090 C
1298 3039 1464 3106 svamm,
1480 3040 1567 3116 quod
1588 3038 1739 3098 Christus
1762 3038 1805 3095 sir
1830 3055 1896 3095 non
1914 3037 1992 3094 pomo

458 3117 561 3201 primo
586 3117 769 3181 hominibus
797 3117 967 3200 praedicata
994 3129 1027 3182 et
1052 3140 1204 3201 persuasa
1299 3132 1487 3198 dumtacct,
1502 3128 1670 3188 sedetiam
1687 3146 1785 3187 cerus
1800 3130 1896 3188 Deus.

458 3218 500 3279 sit
518 3216 602 3281 fides
621 3218 682 3279 ista
700 3216 869 3296 mirabilis,
885 3237 980 3298 quam
1002 3238 1203 3301 nuncusque

457 3314 624 3378 continent
650 3314 830 3377 Christiani.
857 3315 1047 3397 Certumque
1074 3325 1123 3379 est
1149 3337 1203 3381 eos
1331 3314 1473 3378 UONlAlll
1487 3332 1544 3396 pro
1559 3314 1806 3376 Sarracenos-um
1826 3312 1992 3376 conversio

457 3412 564 3476 dicere
578 3421 734 3492 oportere,
752 3414 837 3493 quod
859 3421 932 3475 ante
952 3412 1114 3476 Nicaeuum
1130 3434 1205 3479 oon·
1345 3434 1385 3477 ne
1409 3420 1442 3477 et
1464 3431 1574 3476 eornm
1600 3431 1675 3474 vera
1700 3411 1802 3474 salute
1827 3410 1993 3474 scribuntur

458 3511 568 3574 cilium
583 3510 704 3573 factum
719 3511 761 3573 sit
782 3512 878 3573 istud.
893 3511 960 3586 Quo
981 3513 1064 3592 dato,
1082 3522 1205 3575 constat
1259 3514 1338 3590 haec,
1369 3511 1511 3574 vicissim
1541 3510 1647 3591 aliqua
1674 3510 1712 3572 ad
1742 3509 1870 3573 illorum
1904 3510 1991 3591 legem

457 3609 557 3672 fidem
581 3610 664 3670 hanc
692 3628 893 3690 nequaquam
921 3628 979 3690 per
1006 3609 1202 3691 violentiam,
1260 3610 1436 3693 spectantia
1464 3608 1643 3685 introduco,
1668 3617 1704 3669 ut
1731 3626 1768 3671 es
1797 3608 1861 3670 illis
1890 3609 1926 3671 ad
1951 3626 1993 3668 ac·

457 3706 605 3769 timorem
628 3714 683 3767 aut
705 3706 789 3768 dona
815 3725 886 3768 esse
910 3706 1071 3769 inductam
1097 3730 1104 3768 :
1128 3727 1206 3789 quo·
1260 3708 1488 3789 quiescendum
1511 3706 1636 3769 veritati
1660 3704 1787 3768 facilius
1804 3706 1990 3768 inducantur.
2101 3768 2102 3795 ¹

457 3804 544 3867 niam
564 3804 722 3886 usquead
742 3812 867 3884 tempus
887 3803 1083 3867 Constantini
1107 3806 1206 3887 impe·
1260 3806 1293 3867 ln
1309 3805 1418 3867 multis
1431 3803 1551 3886 quippe
1572 3802 1767 3867 concordant
1781 3804 1954 3874 nobiscum,
1967 3808 1993 3863 ct

457 3903 582 3981 rotoma,
598 3902 652 3984 qui
677 3901 739 3964 fuit
758 3910 901 3983 tempore
922 3902 1041 3965 Nicaani
1063 3904 1203 3980 concilii,
1261 3903 1352 3966 valde
1376 3920 1504 3984 prorsus
1528 3900 1713 3963 deflendum
1741 3902 1827 3980 quod
1852 3919 1917 3963 non
1937 3917 1993 3963 om·
2101 3886 2102 3901 ³

456 4001 587 4064 fuerunt
601 4000 770 4063 Christiani
786 3999 966 4062 infidelium
979 4001 1205 4084 imperatorum
1260 4002 1339 4063 nino
1353 3999 1557 4063 concordant.
1570 3999 1679 4079 ltaque
1694 3998 1726 4059 in
1741 3998 1845 4079 primo
1860 3996 1992 4061 Alcorani
2101 3990 2102 4029 3

457 4119 495 4162 ac
511 4118 621 4181 regum
635 4098 785 4161 dominiis
799 4098 928 4160 subditi.
941 4098 1045 4178 Porro,
1057 4099 1084 4161 si
1100 4100 1206 4162 dicant
1260 4100 1400 4180 capitulo
1415 4097 1629 4159 introducitur
1643 4098 1725 4159 Deus
1747 4097 1881 4177 loquens
1896 4096 1933 4159 ad
1945 4096 1993 4157 lla-
2101 4138 2102 4141 κ

457 4198 558 4261 fidem
573 4198 655 4260 hanc
668 4196 851 4261 bominibus
867 4216 1050 4277 persuasam
1065 4198 1106 4261 ab
1120 4217 1205 4260 erro·
1221 4207 1245 4268 [t
1259 4200 1323 4261 hon
1341 4220 1348 4257 z
1365 4200 1406 4258 In
1427 4198 1526 4273 fidem
1542 4197 1707 4257 Creator-is
1728 4196 1799 4254 illis
1809 4196 1993 4271 praedicans,

457 4296 526 4359 neis
540 4294 772 4377 expositoribus
788 4295 1104 4376 scripturarum,jam
1121 4304 1206 4377 patet
1256 4298 1390 4374 penitus
1408 4296 1569 4370 persuade
1590 4302 1627 4353 ut
1647 4294 1745 4352 libris
1766 4293 1828 4352 tibi
1847 4295 1996 4352 diuinitas

456 4395 542 4475 qued
571 4393 681 4456 talium
705 4392 938 4474 expositoribus
966 4393 1112 4456 homines
1141 4412 1204 4455 non
1259 4393 1530 4463 missis,Abroltoe
1544 4390 1995 4470 quoqueacMoysisetCltri-

458 4492 676 4570 credidissent,
694 4491 756 4553 nisi
779 4498 843 4553 tem
865 4490 1205 4572 incomprehensibiles
1260 4494 1305 4553 sti
1324 4500 1569 4568 ceterorumque
1588 4490 1832 4564 Prophetarum
1851 4490 1954 4557 libris,
1965 4492 1996 4564 fi-

458 4589 692 4672 expositionum
707 4608 835 4653 suarum
850 4588 1010 4652 doctrinas
1029 4589 1207 4671 potuissent
1260 4593 1333 4649 dem
1347 4594 1478 4665 firmam
1494 4588 1679 4647 adhibeant.
1693 4586 1755 4648 Vos
1770 4603 1857 4666 crgo,
1872 4604 1893 4648 o
1909 4586 1997 4648 Sarra·

458 4688 622 4751 miraculis
636 4687 795 4764 roborare,
812 4685 839 4749 si
860 4687 922 4768 ipsi
938 4687 1041 4770 primo
1062 4688 1141 4749 tales
1156 4706 1208 4749 cx·
1263 4683 1460 4765 ceni,verbis
1476 4684 1638 4766 prophetae
1652 4683 1996 4763 vestri,convenio,imo

458 4787 651 4869 cogitassent
665 4784 876 4849 doctrinas.Si
892 4784 1207 4865 verodicatur,quod
1263 4783 1369 4847 verbis
1392 4782 1460 4861 liei,
1476 4788 1511 4843 ut
1533 4780 1710 4861 aestimatis,
1733 4781 1772 4842 ad
1797 4780 1995 4862 legislatorem

457 4885 605 4969 quamvis
634 4884 739 4967 primo
767 4884 841 4947 talia
868 4885 1056 4964 docuerunt,
1083 4903 1142 4946 nec
1170 4902 1208 4946 ca
1263 4889 1404 4944 vestrum
1420 4879 1663 4961 prolatis,Libro
1675 4879 1751 4959 (hoc
1763 4886 1813 4941 est
1825 4878 1997 4962 Evangelio)

458 4984 621 5048 miraculis
653 4982 936 5058 confirmaverunt,
966 4980 1066 5044 nihilo
1101 4980 1207 5043 minus
1263 4979 1378 5043 Christi
1395 4977 1532 5041 firmiter
1553 4977 1671 5041 credite
1688 5000 1695 5039 :
1711 4978 1796 5057 quod
1818 4977 1845 5039 si
1861 4976 1997 5053 feceritis,

458 5083 654 5163 deceperunt
668 5080 826 5157 homines,
843 5080 1014 5141 asserendo
1033 5087 1128 5160 atque
1147 5078 1208 5140 fin·
1265 5076 1530 5141 concordabimus
1552 5094 1682 5157 prorsus
1702 5075 1736 5136 in
1758 5076 1920 5139 omnibus.

458 5181 562 5261 gendo
577 5179 660 5260 quod
683 5178 784 5240 sancti
799 5177 941 5258 Apostoli
962 5178 1073 5239 eadem
1093 5177 1209 5239 docue-
1305 5174 1457 5257 lienique,
1484 5173 1614 5255 quidam
1638 5172 1688 5235 vir
1711 5172 1907 5237 christianus
1933 5176 2000 5237 inter

460 5284 555 5356 mnt;
571 5276 665 5339 modo
687 5294 726 5339 ex
750 5274 956 5357 praeinductis
979 5273 1055 5337 satis
1074 5281 1124 5336 est
1143 5273 1210 5336 evi·
1266 5274 1455 5337 Sarracenos
1483 5272 1538 5335 diu
1567 5278 1785 5349 conversatus,
1817 5271 1851 5334 in
1879 5292 1937 5338 suo
1959 5272 2000 5335 lti-
