4309 6250
801 540 895 589 444666
914 539 1105 589 anmantuus

214 724 303 767 nemo
325 708 401 765 valet
423 708 546 767 salutem
572 709 728 784 percipere,
743 712 837 775 6674,
853 726 926 783 666·

212 797 315 856 sertim
330 801 461 872 tempore
476 798 549 873 legis
557 798 740 872 evangelica,
756 801 852 867 euim
870 801 926 856 666

212 887 309 944 666466
319 888 390 945 cralo
405 891 434 944 et
447 888 814 961 terramogelisrtposlolis
824 893 852 947 et
863 890 927 946 Pro·

211 976 318 1049 pbelis,
333 980 387 1033 636
394 979 424 1032 ll.
439 1010 475 1021 -
489 978 595 1034 Sancta
608 982 660 1041 est,
677 979 727 1034 644
738 980 779 1043 d',
791 978 850 1035 imo
865 979 928 1035 sola

210 1070 323 1131 sancta,
339 1068 435 1129 64644,
453 1083 510 1123 666
535 1067 646 1124 666666
670 1068 828 1132 maculam,
844 1069 926 1125 6406

209 1159 239 1212 64
263 1174 306 1221 6.;
331 1173 420 1229 quam
445 1160 562 1214 credere
586 1160 728 1221 sanctam,
757 1161 801 1214 est
819 1157 926 1214 articu-

211 1245 260 1303 lus
281 1246 358 1311 ildei,
373 1248 423 1303 644
435 1248 474 1310 44,
489 1248 580 1305 6466.
603 1250 709 1305 866646
727 1249 790 1304 ium
816 1248 927 1303 ratione

212 1335 317 1391 4666666
340 1352 409 1399 suaa,
437 1353 488 1392 seu
512 1336 587 1401 ildei,
613 1352 679 1410 quaa
695 1336 806 1409 jugiter
829 1339 929 1393 manet

213 1428 293 1481 recia
311 1428 340 1482 ei
358 1442 430 1481 sana
448 1425 478 1481 in
498 1442 538 1490 se,
553 1426 603 1483 644
613 1426 651 1487 C',
666 1429 729 1483 tum
749 1424 861 1483 6644666
882 1441 928 1481 sa·

213 1517 444 1577 erameniorum,
472 1514 572 1579 64444,
598 1530 664 1587 qua
691 1514 839 1587 inquinari
867 1530 926 1570 non

214 1607 337 1674 possunt
352 1602 553 1660 ministrorum
571 1603 691 1668 malitia,
703 1605 756 1660 646
765 1607 796 1667 Α,
808 1620 927 1676 6666666-

212 1691 267 1747 tim
283 1696 534 1749 sacramentorum
551 1692 700 1765 Baptismi.
717 1694 808 1757 6466,
825 1696 854 1749 64
868 1693 928 1749 Pm-

212 1780 354 1845 64466666,
369 1782 456 1848 6466,
473 1786 536 1839 ium
561 1782 672 1839 ratione
692 1782 799 1839 64464666
818 1782 930 1839 466664-

211 1870 341 1935 tationis,
353 1872 406 1926 646
414 1872 443 1936 C,
454 1875 483 1927 ei
497 1870 696 1933 invocationis,
707 1872 760 1927 646
769 1873 800 1927 44.
813 1872 927 1936 866646,

211 1976 272 2017 666
296 1959 408 2016 ratione
432 1959 560 2031 partium
590 1959 795 2024 materialium,
820 1959 929 2016 66444664

211 2048 378 2112 homiuum,
394 2050 445 2105 644
454 2050 491 2109 44,
507 2066 598 2122 quum
615 2054 801 2121 comparetur
814 2065 929 2122 sagenae

211 2137 312 2193 missas
327 2137 356 2192 46
377 2154 457 2195 mare
476 2142 504 2195 et
522 2155 556 2194 66
577 2137 658 2193 omni
679 2155 784 2210 genere
804 2137 927 2209 piscium

213 2226 413 2299 congreganti,
428 2226 589 2292 66382666
605 2226 716 2283 6644666
732 2228 928 2299 quarumdam

213 2316 342 2388 partium
368 2333 499 2381 suarum,
521 2320 591 2389 puta
613 2332 714 2373 eorum
740 2316 789 2389 qui
813 2320 882 2372 sunt
899 2316 928 2371 in

213 2405 334 2462 caritate
357 2409 385 2462 et
409 2406 511 2477 qratia,
527 2407 611 2462 64644
634 2410 662 2463 64
687 2424 721 2471 6.,
743 2407 782 2462 iia
805 2410 837 2463 ut
860 2404 929 2462 6664

213 2494 279 2557 soll,
288 2510 340 2551 seu
353 2495 525 2552 exsistentes
540 2494 569 2551 46
586 2495 781 2560 6666646664
793 2494 931 2552 essentia·

214 2583 257 2641 les
272 2587 368 2656 paries
382 2583 525 2649 Ecclesiae,
541 2586 647 2644 646οι
663 2585 775 2641 6644666
789 2584 930 2641 64646666·

213 2689 281 2729 rum
310 2673 441 2729 virorum
465 2673 514 2746 qui
543 2677 621 2736 suni,
647 2673 765 2731 luerunt
792 2677 821 2731 et
844 2678 931 2731 erunt

214 2778 333 2834 semper
356 2762 384 2817 46
409 2779 452 2828 66,
472 2764 562 2829 6466,
582 2764 672 2829 6434,
692 2767 722 2819 64
744 2764 928 2825 Sanctorum,

212 2850 399 2924 6644666664
417 2852 544 2907 decorati
564 2852 649 2908 donis
669 2852 836 2924 prophetiae,
853 2853 928 2923 9444,

212 2940 316 3005 40744,
332 2942 422 3003 6036,
438 2944 466 2997 64
482 2940 703 3004 miraculorum,
719 2942 810 3006 6764),
825 2942 928 3005 40744,

212 3030 306 3093 toda,
323 3029 363 3091 44,
379 3030 478 3093 4660,
493 3029 593 3094 4086,
608 3029 657 3103 664
675 3030 703 3085 46
720 3030 774 3086 666
788 3030 848 3085 6446
861 3047 929 3087 cum

212 3117 380 3176 arctissima
401 3118 551 3176 devotione
571 3118 628 3176 Deo
651 3118 848 3192 colloquentes
874 3119 929 3176 466·

214 3207 351 3272 mediate,
366 3209 465 3274 3666,
481 3209 692 3266 beatitudinem
713 3209 858 3266 eoelestem
879 3213 929 3266 ad·

213 3314 248 3354 eo
264 3299 489 3369 praegustabunt.
505 3299 595 3362 6844),
613 3302 645 3354 64
663 3315 680 3354 6
699 3297 833 3354 sensibus
852 3303 929 3356 6646·

211 3385 339 3444 64664666
362 3387 569 3452 alienarentur,
593 3389 677 3450 85ll',
702 3388 801 3450 28ld',
826 3389 927 3454 43664,

210 3479 299 3548 64666
327 3475 451 3533 haereses
475 3494 527 3549 per
548 3477 745 3549 exemplarem
774 3477 863 3533 vitam
892 3478 928 3534 ub

212 3565 341 3621 Ecclesia
355 3565 597 3639 exstirpaverunt,
613 3567 703 3632 6466,
719 3571 747 3624 64
760 3583 825 3623 eam
839 3565 927 3622 66466·

210 3657 373 3717 666666664,
390 3653 489 3710 itaut
506 3686 542 3697 -
566 3655 668 3712 Libera
692 3660 744 3718 est,
760 3656 892 3712 libertate
911 3673 928 3712 a

210 3742 348 3799 servitute
368 3743 557 3801 daemoniaci
577 3745 695 3816 peccati,
711 3747 798 3811 6646,
815 3761 872 3800 666
893 3745 928 3800 li·

209 3833 320 3889 6664646
335 3833 538 3890 obedientialis
553 3835 750 3907 subjectionis,
762 3839 813 3892 aut
828 3851 928 3907 corpo-

207 3921 281 3978 66446
299 3921 503 3994 temporalisse
525 3923 681 3984 6666446446,
698 3925 748 3979 664
761 3925 792 3987 D,
807 3929 836 3980 et
859 3941 927 3980 con-

214 4009 332 4066 6666646
353 4010 382 4066 46
405 4011 507 4083 gratia,
522 4012 612 4076 6346,
629 4013 729 4068 64644.
746 4014 929 4085 0666666466

209 4115 270 4156 666
285 4103 378 4171 664664
393 4117 489 4157 666666
504 4099 533 4156 46
551 4101 605 4158 tide
620 4105 648 4158 ei
668 4101 808 4159 moribus.
825 4101 926 4168 67744,

174 4200 181 4209 ·
211 4189 265 4244 634
273 4189 305 4254 D,
313 4203 364 4244 666
379 4192 437 4244 4646
453 4205 471 4245 6
485 4189 552 4246 ildei
562 4190 681 4248 veritate
692 4191 925 4257 delicere,6l3ll;

210 4279 264 4335 sed
279 4280 373 4349 potest
387 4295 483 4335 errare
498 4279 528 4334 in
544 4278 618 4335 46646
633 4283 661 4336 64
676 4280 706 4336 46
721 4280 767 4336 646
781 4297 847 4352 quae
858 4280 926 4337 lacti

207 4369 287 4428 suat,
304 4369 333 4422 64
352 4366 407 4422 666
430 4367 574 4439 contingit
597 4368 659 4424 6466
684 4373 810 4440 6666646,
826 4369 926 4434 64364,

208 4456 287 4512 64664
314 4455 407 4512 mulio
435 4458 564 4528 tempore
599 4457 739 4514 feminam
769 4476 821 4531 pro
851 4460 928 4531 Papa

208 4545 315 4609 466644,
331 4545 430 4603 64344.
449 4547 560 4603 -Nou
580 4551 674 4619 664664
692 4552 751 4604 tota
771 4549 859 4604 simul
881 4565 926 4604 ca-

209 4637 278 4691 dere
304 4635 332 4690 in
357 4637 508 4708 peceatum
534 4636 665 4702 mortale,
686 4638 778 4701 6476,
794 4638 885 4692 66644
899 4641 927 4693 64

207 4743 242 4787 6.,
258 4725 348 4788 olan,
365 4725 434 4796 qula
449 4724 530 4780 navis
544 4725 678 4782 Ecclesiae
694 4743 845 4799 nunquam
862 4728 927 4783 sub·

207 4813 353 4886 mergitur
366 4813 493 4870 totaliter
508 4831 558 4886 666
572 4819 733 4887 peccatum,
745 4817 796 4872 sed
810 4819 924 4872 tantum

208 4920 263 4977 pro
278 4903 482 4975 66646,64344;
494 4920 552 4975 666
567 4921 663 4963 sensu.
673 4903 739 4960 44664
754 4905 927 4962 confirmata

205 4992 291 5048 64446
311 4991 413 5065 gratia,
430 4991 545 5049 dicatur
559 4992 718 5065 aliquando
732 4994 812 5065 lapsa
831 4999 858 5050 et
877 4996 924 5050 66·

209 5081 345 5142 ior-maia,
371 5081 468 5138 64344.
494 5082 559 5152 4666
580 5098 649 5138 6666
672 5084 862 5154 conqueritur
888 5085 923 5140 de

209 5169 277 5225 tiliis
310 5169 370 5224 sule
401 5167 533 5241 ingratis,
567 5170 732 5234 rebellibus,
765 5171 867 5234 64644,
897 5175 926 5228 et

208 5257 400 5323 scandalosis,
416 5258 547 5314 6464464
568 5275 602 5324 6.,
618 5259 707 5314 64744
721 5263 749 5316 64
769 5277 802 5323 6.,
817 5264 924 5332 646646

208 5347 352 5406 reformat
365 5345 557 5403 christianum
578 5347 729 5421 populum,
745 5347 881 5421 praelatos
898 5351 927 5407 64

1667 516 1731 584 ild

1014 710 1170 785 principes,
1202 712 1256 768 607
1264 713 1293 777 C,
1328 727 1379 784 666
1415 709 1541 767 concilia
1571 708 1726 783 generalia,

1014 800 1116 865 6086,
1137 802 1230 865 60944,
1250 802 1342 865 6686,
1365 804 1394 857 64
1417 799 1614 872 provincialia,
1638 799 1727 856 60944.

1015 922 1050 932 -
1064 892 1170 947 866646
1183 890 1311 947 Ecclesia
1330 889 1503 947 describitur
1516 907 1534 945 a
1547 891 1575 945 S.
1592 888 1730 961 Gregorio

1015 980 1127 1051 Magno,
1150 981 1250 1046 64644,
1272 983 1301 1037 64
1319 997 1337 1037 a
1354 983 1382 1036 S.
1402 981 1560 1045 Bernardo,
1582 979 1671 1035 6436.
1694 1008 1730 1019 -

1017 1070 1062 1142 Cf.
1088 1069 1227 1141 Apostoli,
1252 1070 1429 1131 Cardinales,
1454 1069 1604 1131 Caibedra,
1629 1066 1730 1124 Conci·

1016 1158 1100 1223 lium,
1115 1158 1210 1221 Curia,
1224 1158 1422 1232 Episcopatus,
1436 1160 1523 1231 Papa,
1540 1159 1649 1214 Petrus.

980 1248 1141 1303 60874848
1158 1264 1224 1305 6666
1247 1248 1347 1304 divina
1369 1247 1490 1321 produci
1515 1263 1573 1303 non
1598 1248 1692 1318 potest
1712 1262 1731 1302 a

1017 1334 1211 1401 damonibus,
1226 1337 1323 1401 44444,
1338 1340 1365 1394 64
1389 1339 1433 1393 664
1451 1334 1661 1393 demonstratio
1683 1352 1730 1391 66·

1016 1422 1112 1480 644666
1126 1424 1193 1481 iidei
1208 1428 1324 1489 6664666,
1339 1426 1420 1481 illc
1434 1428 1463 1481 64
1476 1442 1500 1479 6.
1511 1454 1548 1465 -
1561 1424 1652 1480 ilabet
1666 1439 1730 1495 sep·

1016 1516 1075 1569 tem
1094 1514 1220 1577 eiiectus,
1237 1512 1287 1586 664
1301 1513 1495 1587 explicantur,
1510 1512 1678 1569 43444646.
1693 1542 1730 1553 -

1017 1602 1063 1673 Cf.
1080 1604 1179 1658 Amor.

982 1692 1152 1748 66666468
1176 1691 1272 1747 omnis
1290 1695 1334 1748 est
1351 1693 1487 1765 quaedam
1507 1690 1678 1764 participata
1696 1692 1733 1746 si-

1018 1780 1155 1837 militudo
1169 1798 1230 1837 sua
1244 1797 1349 1843 666646,
1365 1782 1465 1846 3636,
1481 1780 1575 1837 sata·
1584 1799 1591 1847 ;
1607 1783 1731 1838 durante

1018 1875 1047 1927 et
1069 1873 1163 1927 stante
1187 1888 1285 1937 causa,
1304 1870 1393 1927 stabit
1415 1875 1444 1928 ei
1466 1869 1593 1937 durabit,
1613 1871 1676 1926 663.
1697 1902 1730 1913 -

1018 1962 1134 2034 Septem
1149 1965 1218 2017 sunt
1235 1962 1354 2018 allectus
1376 1961 1486 2017 amoris
1505 1960 1631 2017 carnalis
1648 1964 1677 2016 et
1690 1960 1733 2016 di·

1017 2048 1088 2114 6464,
1103 2049 1153 2122 664
1178 2050 1392 2113 describuutur,
1412 2050 1503 2106 43444
1525 2053 1554 2107 64
1567 2067 1603 2117 6.,
1618 2065 1731 2106 666666

1018 2139 1151 2196 etmulti
1172 2140 1290 2195 eiiectus
1310 2156 1390 2211 66666
1409 2140 1438 2196 64
1458 2139 1600 2196 irreflexae
1622 2138 1671 2195 664
1691 2138 1732 2194 di·

1018 2228 1161 2289 lectionis,
1178 2230 1265 2284 43744
1279 2230 1308 2285 64
1322 2246 1344 2284 s,
1362 2260 1393 2270 -
1410 2228 1455 2299 Cf.
1473 2230 1574 2285 Causa.

982 2318 1110 2382 alacri,
1131 2334 1257 2390 quorum
1282 2334 1424 2375 numerus
1446 2321 1490 2374 cst
1512 2322 1618 2381 certus,
1637 2319 1731 2383 3944),

1019 2407 1180 2480 saepissime
1195 2412 1373 2481 generantur
1384 2426 1419 2465 66
1434 2408 1529 2472 malis,
1544 2409 1647 2465 lddd'.
1664 2410 1733 2465 Om-

1020 2513 1071 2553 nes
1085 2498 1194 2569 ajusto
1208 2496 1277 2554 Abel
1293 2514 1385 2570 usque
1403 2500 1441 2554 ad
1462 2496 1610 2563 ultimum,
1626 2499 1663 2554 ad
1682 2500 1732 2554 66·

1020 2583 1140 2640 alesiam
1159 2584 1315 2657 pertinent,
1335 2585 1424 2641 6638.
1439 2582 1604 2657 Aliquando
1622 2584 1735 2657 66646·

1020 2674 1188 2729 6666664666
1203 2674 1388 2745 delinquunt,
1403 2674 1454 2729 sed
1470 2691 1520 2746 per
1533 2674 1734 2746 compunctio·

1020 2778 1088 2819 nem
1116 2778 1185 2817 mox
1214 2763 1293 2834 quod
1319 2761 1460 2818 violatum
1486 2766 1529 2819 est
1552 2763 1731 2836 abstergunt,
1769 2830 1772 2835 ,

1019 2853 1120 2907 6466.
1138 2883 1170 2893 -
1186 2852 1217 2907 46
1238 2851 1291 2907 bac
1310 2851 1369 2908 6446
1390 2870 1408 2908 6
1429 2853 1485 2909 4466
1510 2853 1734 2910 adversitatibus

1019 2940 1198 3013 atiliguntur,
1213 2938 1272 2995 sive
1287 2943 1405 3011 6666466
1418 2944 1544 3013 6666646,
1560 2957 1597 2996 66
1612 2946 1733 2998 aeterna·

1019 3030 1085 3086 liter
1112 3031 1300 3088 damnentur.
1325 3031 1427 3091 lii'ilt',
1451 3030 1541 3085 l'l'ld'
1565 3034 1592 3087 et
1615 3048 1649 3095 6.,
1674 3031 1733 3089 6466

1019 3122 1137 3191 6666466
1155 3118 1302 3191 copiosius
1320 3123 1512 3192 augmentum
1537 3118 1566 3176 in
1592 3120 1686 3193 gratia
1704 3123 1733 3178 et

1019 3208 1120 3282 gloria,
1141 3209 1241 3273 385a',
1261 3209 1353 3270 3966,
1377 3209 1467 3272 trac,
1490 3209 1590 3265 64844.
1608 3240 1641 3250 -
1665 3211 1731 3273 Cur,

1019 3300 1076 3354 ileo
1104 3297 1298 3370 permittente,
1323 3298 1359 3352 66
1382 3297 1481 3370 impiis
1503 3303 1678 3371 superentur
1700 3299 1730 3357 in

1018 3387 1112 3452 66466,
1122 3388 1176 3442 646
1185 3387 1215 3442 B'
1225 3391 1254 3443 et
1266 3402 1288 3442 s.
1298 3419 1334 3430 —
1348 3388 1415 3443 Posi
1424 3387 1571 3460 judicium
1587 3389 1729 3461 gencrale,

1019 3476 1185 3533 confirmati
1200 3475 1229 3531 46
1245 3478 1331 3540 6666,
1346 3477 1397 3533 394
1406 3478 1445 3540 44,
1457 3494 1560 3533 omnes
1574 3480 1732 3534 ascendent

1017 3582 1086 3622 cum
1102 3565 1214 3621 Christo
1229 3564 1259 3620 46
1273 3565 1332 3621 6446
1346 3565 1496 3630 coelurum,
1511 3567 1605 3622 3864.

980 3656 1174 3720 acaunum,
1191 3671 1281 3727 quum
1301 3655 1361 3711 6464
1378 3655 1553 3727 qualitatum
1572 3658 1731 3714 contraria·

1019 3761 1096 3808 rum,
1119 3745 1146 3799 46
1171 3761 1201 3800 66
1225 3743 1349 3800 invicem
1373 3747 1471 3817 agunt,
1497 3762 1620 3817 parsque
1644 3746 1732 3802 66466

1019 3836 1149 3890 mutatur
1164 3834 1193 3889 in
1208 3833 1341 3898 alteram,
1353 3834 1406 3890 376
1414 3835 1445 3890 44.
1458 3866 1491 3875 -
1508 3835 1572 3889 Posi
1582 3835 1729 3906 judicium

1018 3923 1152 3995 generale
1175 3927 1302 3995 quatuor
1324 3923 1468 3979 elementa
1493 3923 1667 3981 mirabiliter
1685 3943 1731 3982 or·

1018 4013 1176 4075 66666466,
1192 4012 1283 4067 3866.

980 4102 1081 4158 Euius
1114 4101 1264 4173 66666646,
1291 4099 1420 4157 sanctior
1445 4102 1610 4167 Salomone,
1639 4104 1729 4168 3704,

1017 4190 1076 4247 6646
1100 4189 1202 4246 salutis
1221 4188 1389 4246 animarum
1409 4191 1665 4249 vehementissime
1687 4209 1733 4249 ac·

1018 4295 1132 4340 census,
1154 4278 1251 4339 44344,
1272 4276 1427 4333 diuturnas
1449 4295 1484 4335 ac
1506 4279 1597 4335 miras
1615 4281 1732 4353 jejuna·

1016 4369 1111 4424 tiones
1142 4384 1176 4424 ac
1203 4366 1394 4423 abstinentiae
1422 4367 1484 4424 sine
1512 4368 1627 4426 deiectu
1654 4370 1731 4437 46644,

1017 4458 1107 4519 4666,
1124 4455 1270 4512 orationes
1288 4460 1317 4512 64
1335 4455 1553 4514 misericordias
1576 4459 1730 4530 impendit,

1016 4547 1107 4602 69644.
1119 4546 1158 4600 66
1175 4545 1309 4616 paradiso
1323 4546 1451 4602 terrestri
1466 4547 1561 4604 veniet
1574 4550 1612 4604 ad
1627 4551 1732 4620 praedi·

1017 4636 1146 4691 cundum
1162 4637 1265 4691 contra
1280 4634 1432 4707 perfidiam
1448 4636 1730 4705 antichristianus,

1016 4741 1106 4797 6666
1121 4723 1278 4789 6664646466,
1293 4725 1331 4779 ad
1347 4723 1477 4781 debitum
1499 4727 1601 4782 mortis
1620 4727 1731 4785 solven-

1016 4815 1099 4875 dum,
1114 4813 1168 4869 406
1176 4813 1205 4867 C.

979 4903 1169 4958 4464866676
1185 4902 1247 4974 (8.),
1257 4905 1350 4959 maier
1364 4905 1392 4958 8.
1403 4903 1522 4959 4666646
1538 4906 1681 4977 Baptista,
1694 4909 1731 4964 ob

1015 4990 1127 5047 lelicem
1148 5007 1233 5046 suam
1255 4991 1527 5063 impraegnationem
1554 4993 1608 5050 4644
1627 4997 1657 5050 Β.
1673 4996 1731 5053 lda-

1014 5081 1066 5136 646
1080 5095 1169 5135 66666
1183 5078 1362 5136 vehementis
1378 5081 1488 5151 gaudii,
1502 5084 1577 5138 486.

978 5169 1169 5226 6448664446
1187 5170 1243 5239 (S.)
1262 5170 1298 5224 de
1316 5168 1462 5239 86646666,
1480 5170 1620 5229 innocens
1639 5173 1730 5259 64666,

1015 5257 1145 5332 quotidie
1173 5257 1279 5328 septies
1306 5257 1348 5313 sie
1375 5259 1542 5330 rapiebatur
1570 5261 1599 5318 in
1626 5263 1729 5330 Deum,

1016 5348 1096 5421 quod
1114 5349 1208 5403 totum
1233 5346 1438 5420 corpusculum
1462 5349 1525 5422 ejus
1544 5351 1730 5428 11666446464-
