4309 6250
458 469 525 534 586
550 489 590 536 nh
611 489 819 538 AUGl'Olll'l'llTE
840 492 935 539 sonat
955 493 1122 540 Portmvxcts
1144 495 1182 540 ΕΤ
1202 495 1371 543 athaneus
1392 497 1531 554 conetur,
1554 499 1641 546 ttalth
1660 499 1682 544 l.
1705 518 1745 528 -
1765 500 1838 545 ΛΒΤ.
1858 501 1947 546 ΧΠΙΧ

460 659 536 723 tuit.
553 661 640 735 Quod
665 663 761 724 etiam
783 663 957 726 clarissime
983 665 1155 729 innotescit
1175 687 1213 730 ex
1228 667 1254 730 Α
1269 668 1426 750 prelatus.
1450 668 1549 750 Unde,
1573 670 1656 733 sicut
1677 669 1871 753 quicumque
1891 671 1994 754 episco

466 759 570 822 verbis
586 760 620 822 B.
638 760 799 840 bernardi,
815 762 895 824 libro
915 764 1054 827 secundo
1073 765 1113 827 de
1134 765 1213 827 Cou—
1269 785 1329 848 pus
1344 775 1544 850 comparatur
1557 769 1597 831 ad
1612 788 1702 831 suam
1725 770 1941 850 particularem
1953 773 1992 834 cni

398 909 403 920 .
421 893 426 921 t
445 910 450 921 .
466 858 669 937 sideratione,
685 860 724 922 ad
749 860 936 941 Eugenium,
958 862 1022 940 ubi,
1040 871 1074 924 ut
1097 863 1213 944 allega·
1270 874 1383 948 praest
1401 865 1589 946 Ecclesiam,
1606 867 1652 930 sic
1668 868 1749 950 Papa
1767 868 1807 930 ad
1827 876 1919 932 totam
1938 872 1993 932 uni-

466 965 533 1020 tum
550 965 607 1037 est,
621 958 705 1020 inter
719 967 824 1022 celera
838 959 882 1021 ait
896 959 1056 1023 :Christus
1072 963 1214 1025 commit·
1269 965 1424 1026 versalem
1439 965 1624 1043 Ecclesiam,
1637 967 1701 1029 imo
1714 986 1773 1049 per
1787 967 1875 1048 prius
1888 969 1924 1029 ad
1937 989 1992 1030 carn

465 1065 536 1119 tens
551 1076 661 1120 omnes
676 1077 752 1120 oves
773 1058 874 1138 Petro,
891 1060 1044 1122 unitatem
1064 1061 1213 1124 omnibus
1268 1081 1364 1144 quam
1389 1065 1430 1126 ad
1453 1083 1688 1146 quamcumque
1713 1066 1931 1148 particularem
1948 1067 1993 1129 Ec-

465 1156 702 1218 commendavit
724 1156 758 1218 in
781 1176 845 1220 uno
863 1177 958 1240 grege
980 1170 1012 1221 et
1032 1178 1095 1222 uno
1110 1168 1214 1242 pasto
1268 1162 1411 1240 clesiam,
1436 1163 1581 1243 quamvis
1606 1164 1791 1228 Romanam.
1817 1165 1900 1239 Quod
1923 1167 1992 1228 enim

465 1273 508 1316 re.
525 1253 693 1334 inquibus
716 1255 821 1318 verbis
843 1255 1017 1320 clarissime
1034 1257 1214 1320 insinuatur
1269 1260 1325 1322 toli
1340 1259 1490 1323 Ecclesiae
1505 1279 1561 1342 per
1575 1281 1610 1324 se
1624 1263 1728 1325 solum
1744 1263 1832 1326 solus
1851 1283 1910 1326 non
1931 1283 1994 1344 pra

464 1353 548 1433 quod
570 1351 678 1415 Petrus
699 1362 772 1435 post
794 1353 953 1417 Christum
972 1354 1033 1417 fuit
1054 1375 1137 1417 nnus
1159 1375 1213 1437 pa·
1268 1367 1326 1436 est,
1352 1359 1427 1421 hinc
1452 1359 1569 1422 accidit
1596 1360 1680 1441 quod
1704 1361 1800 1424 simul
1824 1360 1856 1422 iu
1879 1361 1993 1424 diversis

465 1459 530 1514 stor
563 1452 707 1516 omnium
741 1453 849 1515 ovium
882 1453 1007 1534 Christi,
1038 1473 1212 1536 omnesque
1268 1457 1348 1520 locis
1362 1467 1395 1520 et
1408 1459 1574 1521 territoriis
1588 1462 1662 1539 (nec
1682 1459 1821 1522 faciliter
1836 1460 1993 1522 successive

464 1569 540 1612 oves
564 1549 684 1613 fuerint
709 1570 790 1614 nnus
811 1571 886 1634 grex
909 1551 999 1616 Petro
1023 1553 1213 1616 commissus
1269 1555 1302 1617 in
1331 1556 1492 1636 omnibus)
1517 1576 1586 1620 esse
1610 1558 1844 1640 praesidemque
1870 1559 1991 1639 nequit:

465 1668 501 1712 ac
532 1650 687 1714 subditus.
719 1650 926 1714 Particulares
958 1671 1033 1716 vero
1063 1652 1213 1715 Ecclesia
1269 1653 1456 1717 ideoaliiin
1478 1664 1599 1737 partem
1622 1655 1848 1719 sollicitudinis
1866 1656 1995 1718 dicuntur

464 1768 529 1811 non
551 1759 624 1812 sunt
643 1770 725 1812 unus
745 1769 820 1832 grex
844 1751 969 1830 Christi,
988 1771 1045 1814 nec
1070 1751 1141 1832 ejus
1168 1752 1214 1813 vi·
1269 1753 1382 1816 vocati.
1399 1754 1445 1815 Ad
1462 1754 1546 1816 istud
1566 1763 1641 1817 sunt
1660 1755 1887 1834 copiosissima
1905 1764 1995 1817 aucto

464 1847 554 1924 carii,
572 1848 695 1911 scilicet
709 1848 810 1931 Papae,
828 1850 1002 1913 secundnm
1017 1849 1102 1931 quod
1117 1850 1213 1932 parti·
1230 1848 1253 1911 B
1269 1852 1376 1914 ritates
1390 1853 1578 1934 Sanctorum
1592 1861 1624 1914 et
1638 1853 1891 1917 authenticorum
1903 1855 1994 1916 docto

464 1945 528 2008 live
544 1965 600 2008 seu
615 1946 756 2025 divisim,
776 1948 829 2009 sed
845 1955 880 2010 ut
893 1949 1060 2012 collective
1083 1968 1213 2010 sumun-
1269 1969 1338 2011 rum
1368 1950 1559 2033 praehabita,
1588 1950 1763 2032 pracsertim
1791 1952 1823 2013 S.
1848 1951 1944 2033 Cyrilli
1966 1951 1993 2012 in
2011 1978 2110 2071 amq

465 2045 636 2108 tur:aliter
652 2065 767 2126 nempe
782 2054 856 2108 sunt
871 2047 978 2127 plures
993 2066 1116 2129 greges,
1130 2047 1213 2108 sicut
1269 2048 1349 2111 libro
1370 2048 1614 2112 Thesauromm.
2003 2049 2040 2077 ¹¹¹·
2108 2093 2110 2124 ,

464 2151 495 2204 et
510 2143 617 2223 plures
637 2144 788 2207 Ecclesiae
807 2152 839 2206 et
858 2145 964 2226 plures
986 2145 1118 2226 praelati.
1135 2146 1213 2208 flur·
1308 2147 1368 2209 Sed
1397 2147 1472 2209 vide
1501 2148 1535 2208 in
1562 2148 1748 2229 praescripto
1776 2149 1926 2229 ejusdem,
1951 2149 1995 2229 qui
2108 2125 2110 2200 i

465 2259 582 2322 susque
597 2243 640 2304 ait
654 2243 945 2306 illuminatissimus
967 2244 1020 2306 ille
1034 2243 1212 2306 Bernardus
1268 2253 1379 2307 contra
1402 2246 1469 2308 baec
1495 2246 1609 2327 arguit,
1625 2254 1656 2308 et
1676 2247 1840 2327 potissime
1859 2248 1932 2309 duas
1951 2267 1996 2308 au-

464 2339 607 2422 Eugenio
622 2341 711 2422 Papae
729 2365 735 2402 :
753 2342 853 2416 Ouum
875 2341 1010 2424 quisque
1034 2351 1211 2405 ceterorum
1269 2344 1429 2406 ctoritates
1444 2345 1570 2426 allegat,
1581 2364 1677 2407 unam
1692 2344 1847 2426 Gregorii,
1859 2346 1996 2426 aliamque

464 2438 579 2501 habeat
604 2459 692 2502 suam
717 2440 851 2520 (scilicet
876 2439 983 2502 navim
1012 2441 1081 2503 sive
1106 2441 1214 2504 Eccle-
1268 2442 1383 2505 Gelasii
1414 2443 1514 2524 Papae.
1547 2443 1716 2524 Gregorius
1750 2463 1886 2525 namque
1916 2444 1996 2506 Eulc

455 2533 571 2616 siam),
588 2538 646 2600 tibi
668 2558 731 2601 una
751 2539 921 2601 commissa
940 2547 988 2602 est
1002 2539 1213 2621 grandissima
1268 2539 1522 2621 giopatriarchae
1536 2540 1998 2622 Alexandrinoaquouniver·
2108 2542 2110 2625 l

466 2636 557 2697 navis
583 2635 666 2700 facta
691 2657 728 2699 ex
753 2637 911 2715 omnihuS,
929 2638 998 2718 ipsa
1022 2638 1212 2700 universalis
1269 2639 1343 2701 salis
1367 2640 1450 2720 Papa
1477 2637 1539 2700 fuit
1568 2646 1709 2717 vocatus,
1735 2639 1782 2702 sic
1814 2640 1921 2702 scribit
1943 2663 1950 2700 :
1969 2641 1997 2701 ln
2014 2659 2110 2738 neerq

465 2734 607 2798 Ecclesia
635 2743 700 2799 tolo
728 2737 804 2799 orbe
833 2735 963 2799 diffusa.
994 2737 1107 2800 Nescio
1136 2737 1212 2818 quid
1269 2737 1454 2820 praefatione
1471 2738 1635 2820 [epistota]
1656 2739 1807 2819 quemad
1826 2758 1877 2801 me
1898 2723 2087 2800 direxi-⁶⁸²⁹“²
2108 2741 2110 2787 Ι

466 2832 583 2896 clarius
607 2833 670 2895 dici
695 2843 808 2916 potest.
826 2835 885 2897 Sed
909 2854 969 2897 nec
989 2855 1048 2915 ego
1072 2835 1212 2916 apertius
1269 2836 1487 2918 stis,superbae
1503 2836 1725 2918 appellationis
1740 2837 2000 2912 vocabulummni-
2108 2844 2110 2919 Ῐ

466 2949 547 3012 queo
575 2932 751 3013 exprimere
774 2933 858 3014 quod
886 2933 1018 3014 probare
1043 2943 1073 2996 et
1095 2934 1213 2996 inferre
1268 2935 1425 2997 versalem
1450 2954 1501 2996 me
1521 2934 1638 3016 Papam
1662 2935 1817 3013 vocando,
1834 2936 1999 3018 imprimere
2108 2930 2110 2959 ⁵

467 3029 608 3108 intendo,
625 3049 721 3112 quam
737 3031 814 3094 illud
835 3033 990 3113 expressit
1009 3052 1143 3113 magnus
1160 3031 1214 3094 ille
1229 3029 1251 3090 C
1269 3032 1437 3098 curavistis
1465 3057 1471 3094 :
1498 3034 1582 3114 quod
1615 3043 1688 3117 peto
1721 3034 1908 3097 dulcissima
1933 3033 1997 3095 mibi

466 3129 654 3193 Bernardns.
682 3131 741 3193 Sed
767 3131 840 3211 quia
865 3132 931 3195 haec
957 3150 1052 3213 supra
1076 3150 1214 3194 comme·
1269 3132 1419 3193 sanctitas
1438 3142 1543 3195 vestra
1562 3134 1645 3195 ultra
1664 3153 1726 3197 non
1752 3133 1857 3210 faciat,
1874 3134 2000 3214 quiave
2108 3201 2110 3218 ἰ

466 3224 599 3307 moravi,
617 3229 729 3291 addam
750 3230 893 3310 quadam
909 3250 947 3292 ex
963 3230 1068 3291 verbis
1083 3230 1214 3292 Bernar-
1269 3231 1318 3294 his
1333 3230 1529 3293 subtrahitur
1541 3231 1627 3312 quod
1650 3231 1741 3295 alleri
1763 3232 1943 3313 plusquam
1962 3252 2000 3292 ra·
2108 3239 2110 3305 ζ

464 3326 509 3403 di,
527 3345 597 3408 quaa
622 3328 763 3390 nondum
789 3327 915 3390 adduxi.
1269 3330 1313 3391 tio
1339 3329 1438 3410 exigit
1462 3330 1692 3411 praeternam
1717 3332 1802 3411 qued
1825 3330 2000 3411 respondeo·
2108 3333 2110 3401 Ι

504 3426 612 3507 ltaque
629 3425 659 3487 in
676 3426 805 3489 exordio
821 3428 905 3489 tertii
927 3430 965 3491 de
985 3427 1214 3491 Consideratio
1269 3430 1356 3508 dum,
1387 3428 1470 3509 quod
1500 3428 1531 3491 S.
1562 3427 1731 3510 Gregorius
1765 3428 1892 3490 titulum
1924 3428 2000 3489 illum
2108 3404 2110 3516 i

466 3544 506 3587 ne
527 3525 563 3587 ad
585 3524 759 3606 Eugenium
782 3525 826 3587 ait
843 3548 849 3587 ε
866 3526 1035 3589 Considera
1059 3545 1129 3607 qnae
1154 3528 1213 3588 sub
1270 3527 1489 3607 magnitudine
1509 3527 1694 3588 humilitatis
1714 3528 1817 3608 magis
1835 3546 1928 3606 quam
1945 3524 2000 3588 zelo
2108 3535 2110 3560 ²

467 3634 496 3686 tc
513 3632 596 3685 sunt.
613 3623 762 3696 Quanam
783 3624 846 3685 sint
867 3624 932 3701 illa,
946 3644 1008 3687 non
1025 3634 1073 3687 est
1092 3626 1175 3705 quod
1195 3644 1214 3687 a
1270 3625 1412 3688 veritatis
1433 3623 1608 3701 abhorruit,
1626 3624 1702 3705 quia
1722 3643 1786 3687 non
1802 3626 1903 3687 solum
1917 3645 1935 3686 a
1947 3643 2001 3685 ma·
2108 3611 2110 3626 '

466 3741 517 3784 me
542 3722 747 3803 quaerendum
770 3730 873 3803 putes.
890 3723 1018 3786 Rectius
1041 3723 1122 3785 forte
1144 3743 1214 3805 quaa
1270 3724 1311 3802 lo,
1334 3725 1388 3786 sed
1409 3723 1539 3803 insuper
1557 3723 1597 3785 ab
1621 3722 1708 3786 omni
1731 3724 1839 3804 specie
1862 3723 1948 3802 mali,
1962 3711 2110 3783 serram

466 3840 530 3884 non
557 3820 619 3882 sint
642 3839 777 3901 quaeras
803 3820 883 3883 Orbe
909 3823 1089 3884 exeundum
1114 3830 1161 3883 est
1186 3822 1214 3884 ei
1270 3823 1409 3885 cundum
1430 3822 1607 3884 doctrinam
1632 3821 1784 3903 Apostoli,
1802 3823 1901 3885 voluit
1920 3804 2036 3883 abdi-'⁸⁴'
2108 3815 2110 3865 ἶ

465 3919 604 4001 quivult
624 3919 789 4000 explorare,
809 3938 878 4001 quaa
899 3939 962 3982 non
982 3921 1021 3982 ad
1044 3929 1215 4001 tnamper-
1270 3940 1356 3983 nere.
1386 3920 1541 3995 Quoniam
1569 3939 1646 4002 ergo
1680 3939 1798 3983 nomen
1825 3919 2001 3983 universalis
2108 3898 2110 4002 ζ

464 4019 567 4082 tinent
587 4018 769 4080 curam'ln
788 4018 893 4095 heres,
916 4026 949 4081 et
971 4018 1057 4082 orbis
1084 4028 1136 4081 tua
1161 4020 1215 4081 he·
1270 4020 1358 4101 Papa
1374 4018 2002 4101 temporesuoinsolitumluit,necp1a
2108 4011 2110 4027 '

466 4118 593 4179 reditas.
611 4116 791 4179 Curandum
814 4124 1014 4198 summopere
1035 4117 1094 4179 tibi
1116 4126 1165 4180 est
1184 4126 1216 4179 et
1265 4119 1452 4203 ¹decessores
1476 4117 1525 4179 sui
1552 4118 1630 4179 illud
1656 4117 1715 4179 sibi
1736 4118 1917 4180 adscribere
1938 4135 2003 4179 con·

466 4224 530 4279 tota
555 4215 721 4296 vigilantia
749 4214 1028 4294 considerandum,
1054 4218 1214 4297 quomodo
1230 4215 1255 4276 ll
1270 4224 1453 4296 sueverunt,
1470 4216 1538 4298 ipse
1557 4214 1636 4278 illud
1655 4224 1807 4297 tanquam
1832 4215 2001 4298 jactantiam

464 4314 519 4396 qui
547 4334 610 4377 non
630 4315 768 4396 sapiunt,
787 4314 931 4395 sapiant,
949 4324 979 4377 et
998 4315 1052 4396 qui
1076 4315 1213 4397 sapiunt,
1270 4335 1387 4379 sonans
1401 4313 1648 4378 abhorruit.Nec
1663 4324 1768 4377 tamen
1784 4314 1859 4377 hinc
1874 4314 2004 4395 sequitur

465 4432 528 4476 non
555 4413 736 4495 desipiant3
762 4421 794 4476 et
818 4413 871 4493 qui
898 4414 1076 4495 desipuere,
1104 4414 1216 4495 resipi-
1269 4415 1354 4495 quod
1369 4413 1557 4475 universalis
1572 4412 1653 4496 Papa
1668 4432 1731 4476 non
1748 4413 1819 4476 fuit.
1837 4414 1913 4488 Quid
1928 4412 2002 4474 enim

465 4520 564 4575 scant.
581 4512 664 4593 Ergo
687 4520 718 4574 et
744 4512 928 4574 infidelibus
953 4512 1077 4575 debitor
1101 4532 1146 4590 es,
1164 4513 1215 4574 lu·
1269 4522 1318 4576 est
1342 4511 1530 4574 universalis
1555 4511 1647 4593 Papa,
1669 4511 1731 4573 nisi
1756 4511 1914 4592 generalis
1937 4530 2005 4592 pon-

465 4610 540 4673 daeis
561 4619 591 4672 et
612 4609 794 4691 gentilibus.
812 4610 946 4673 Interest
964 4619 1029 4689 tua,
1046 4613 1121 4674 dare
1141 4630 1215 4693 ope·
1269 4613 1347 4675 tifex
1363 4631 1418 4673 seu
1440 4610 1619 4673 communis
1638 4611 1831 4693 episcopusl
1845 4611 1932 4684 Quod
1954 4608 2005 4670 uti-

466 4730 532 4773 ram
547 4730 637 4791 quam
654 4710 811 4792 possis,ut
823 4710 979 4775 increduli
993 4719 1216 4774 convertantur
1269 4730 1331 4792 que
1356 4729 1480 4772 summo
1503 4708 1651 4773 Pontifici
1675 4710 1832 4772 veraciter
1852 4707 2003 4790 competit.

465 4810 503 4872 ad
528 4808 639 4872 fidem.
657 4808 774 4871 Deinde
796 4809 973 4872 Bernardus
995 4811 1034 4873 de
1059 4811 1119 4873 isto
1145 4830 1215 4892 pro
1269 4810 1323 4893 qni
1349 4810 1395 4872 sic
1420 4810 1562 4871 Romano
1585 4808 1784 4891 episcopatui
1810 4807 2005 4889 praesidetnt

466 4907 620 4989 sequitur,
637 4916 668 4970 et
683 4908 765 4969 inter
785 4915 890 4970 cetera
908 4909 1002 4971 docet
1020 4910 1104 4990 quod
1126 4909 1216 4992 Papae
1269 4918 1301 4972 et
1315 4909 1472 4972 universis
1487 4907 1724 4989 episcopatibus
1738 4908 1846 4989 praesit
1868 4916 2006 4988 tauquam

465 5006 671 5070 commissum
697 5014 745 5069 est
769 5008 930 5085 saeculum,
955 5007 1143 5071 commissus
1168 5017 1216 5070 est
1271 5026 1414 5070 summus
1438 5006 1605 5069 hierarcha
1629 5006 1661 5067 in
1683 5013 1749 5068 tota
1769 5005 1923 5068 Ecclesia.
1939 5004 2006 5065 llor-

466 5106 615 5185 muudus,
643 5104 813 5169 commissa
842 5114 890 5168 est
919 5105 1108 5169 universitas
1133 5107 1213 5187 ipsa,
1271 5127 1335 5182 sus,
1353 5125 1417 5168 non
1433 5104 1577 5185 sequitur
1593 5128 1600 5166 :
1617 5103 1719 5167 noluit
1738 5104 1784 5165 sic
1805 5104 1924 5180 vocari,
1941 5118 2006 5182 ergo
2108 5133 2110 5150 ι

466 5205 509 5268 ita
534 5213 656 5267 utnon
681 5204 784 5266 solum
808 5205 863 5267 toti
890 5204 1050 5280 Ecclesiae,
1068 5206 1123 5267 sed
1148 5206 1216 5267 uni·
1271 5224 1335 5267 non
1360 5202 1431 5281 fuit,
1448 5222 1507 5265 neo
1530 5202 1573 5265 ita
1594 5201 1701 5265 vocari
1721 5202 1880 5264 veraciter
1902 5200 2004 5283 potuit.
2108 5203 2110 5228 ⁵

466 5302 609 5367 versitati
639 5302 804 5366 bominum
833 5302 929 5366 etiam
966 5300 1144 5366 infidelium
1174 5303 1216 5365 sit
1271 5302 1350 5367 Nam
1371 5310 1403 5365 et
1423 5302 1560 5365 loannes
1579 5300 1718 5384 Baptista
1739 5300 1870 5383 negavit
1894 5320 1927 5363 se
1947 5291 2110 5388 essert-am}
