4309 6250
424 478 465 544 25
666 502 706 548 DE
726 501 890 549 memma
910 501 948 547 m
968 501 1117 548 nubibus
1138 501 1166 546 B.
1189 503 1220 546 V.
1243 500 1359 556 ltanffl,
1382 501 1471 548 LIBER
1491 501 1512 547 1.
1535 519 1575 530 -
1595 502 1664 547 Ant.
1689 501 1735 547 vn

425 771 567 852 potentia
591 773 735 854 quaedam
764 771 938 853 acquiritur
965 790 1003 834 ex
1031 772 1174 834 multitu-

424 867 498 931 dine
518 869 693 933 amicorum
715 889 751 932 ec
773 870 1012 947 ministrorum3
1029 877 1174 952 potentes

423 974 528 1028 autem
550 986 586 1029 ac
606 966 780 1050 locupletes
803 967 842 1029 ad
867 967 1050 1049 dignitates,
1068 967 1174 1050 praesi-

423 1065 547 1128 dentias
562 1073 595 1129 et
608 1065 718 1129 ollicia
731 1074 970 1148 promoventur,
987 1065 1098 1148 sicque
1116 1084 1172 1129 uo

423 1162 626 1243 bilitantur);
656 1164 756 1226 multa
791 1172 896 1226 tamen
929 1164 969 1225 ad
998 1183 1107 1226 veram
1141 1171 1173 1226 et

423 1259 551 1342 plenam
580 1260 778 1323 nobilitatem
808 1280 950 1342 persouae
979 1269 1174 1324 concurrunt

424 1366 456 1420 et
470 1358 651 1440 exiguntur,
668 1358 829 1436 videlicet,
843 1359 1007 1440 opulentia
1021 1359 1055 1420 in
1070 1378 1105 1421 se
1120 1365 1174 1421 aut

424 1456 458 1518 in
485 1455 751 1539 progenitoribus,
777 1457 902 1519 bonitas
928 1456 1170 1539 complexionis,

424 1554 553 1618 libertas
578 1555 781 1632 conditionis,
803 1554 943 1637 probitas
968 1573 1104 1634 morum,
1126 1555 1173 1617 iu-

423 1652 531 1735 genita
551 1653 718 1734 dispositio
742 1653 781 1715 ad
806 1660 895 1716 actus
922 1652 1101 1735 praeclaros,
1127 1653 1174 1715 di·

422 1751 527 1833 gnitas
542 1769 668 1833 quoquc
685 1751 819 1833 originis
840 1771 879 1814 ex
901 1750 1086 1834 parentibus
1108 1770 1174 1813 me-

423 1848 516 1910 diatis
532 1857 563 1910 et
578 1848 772 1911 immediatis
788 1857 962 1912 contracta.

464 1946 615 2026 Denique,
643 1947 819 2009 secundum
843 1946 1007 2009 Albertum
1033 1947 1066 2009 in
1091 1946 1173 2010 libro

423 2045 464 2108 de
477 2044 636 2107 Laudibus
652 2045 888 2126 gratiosissima
903 2044 1053 2126 Virginis,
1061 2044 1174 2107 nobili-

423 2151 470 2205 tas
485 2143 630 2205 consistit
645 2151 676 2206 et
696 2143 915 2206 consideratur
933 2142 966 2205 in
985 2143 1098 2220 tribus,
1117 2161 1174 2223 pu-

423 2249 465 2321 ta,
483 2239 515 2302 iu
532 2260 639 2319 causa,
654 2241 687 2302 in
710 2241 898 2321 substantia,
914 2241 948 2302 in
969 2240 1147 2304 allicientia
1164 2264 1171 2302 :

424 2339 457 2402 in
473 2359 579 2417 causa,
596 2340 656 2403 boc
672 2340 766 2402 estin
785 2340 940 2421 dignitate
955 2349 987 2402 et
1001 2339 1175 2403 eminentia

422 2437 662 2520 progenitomm
678 2437 745 2500 sive
767 2445 933 2519 parentum
948 2461 956 2517 3
973 2438 1006 2500 iu
1028 2437 1175 2500 substau-

423 2535 478 2613 tia,
495 2536 556 2598 hoa
572 2535 667 2597 estin
684 2535 884 2616 possessione
905 2536 1062 2598 donorum
1083 2543 1175 2597 natu·

422 2652 466 2696 rae
480 2641 512 2696 et
526 2632 647 2714 gratiae,
665 2653 721 2695 seu
741 2633 837 2695 etiam
860 2633 1016 2697 bonorum
1038 2631 1174 2696 fortunae

423 2749 460 2793 ac
475 2730 682 2793 laudabilium
706 2731 933 2813 proprietatum
949 2753 956 2807 3
973 2731 1005 2793 in
1027 2730 1175 2794 ellicien·

422 2829 479 2906 tia,
497 2828 557 2892 boc
572 2837 619 2890 est
636 2829 668 2890 in
684 2827 843 2910 praeclaris
859 2827 1040 2892 ellectibus.
1053 2829 1092 2890 Et
1106 2829 1172 2891 bac

422 2927 483 2990 tria
498 2926 764 2990 excellentissime
783 2927 971 2990 exstiterunt
986 2927 1019 2989 in
1034 2926 1173 3008 gratiosa

291 685 357 730 Prot
370 699 412 737 nv.
426 670 521 734 amici
541 671 676 736 divitum
695 671 788 735 multi
810 695 817 734 :
839 671 947 754 sicque
969 690 1026 754 per
1046 671 1212 734 divitiasb
1229 670 1351 734 vilitate
1375 671 1437 733 luit
1460 670 1633 750 liberrima,
1650 689 1706 752 per
1730 689 1825 752 quam
1848 669 1976 732 univer-

1229 789 1300 832 sum
1332 789 1433 851 genus
1462 769 1637 831 humanum
1668 788 1686 831 a
1717 769 1870 831 servitute
1903 786 1976 848 pec-

1230 868 1303 945 cati,
1337 887 1356 929 a
1388 868 1464 948 jugo
1498 875 1530 930 et
1563 866 1763 947 subjectione
1796 865 1927 944 diaboli,
1956 885 1976 928 a

1230 964 1487 1046 cormptionibus
1508 985 1546 1027 ex
1564 972 1695 1046 peccato
1715 963 1863 1046 originali
1885 982 1975 1026 secu-

1228 1064 1281 1144 tis,
1298 1063 1338 1126 ab
1353 1063 1546 1144 obligatione
1561 1071 1685 1126 aetemae
1699 1061 1912 1125 damnationis
1926 1069 1975 1124 est

1229 1160 1409 1223 liberatum.
1422 1158 1552 1241 Nempe,
1564 1159 1591 1221 si
1608 1179 1681 1222 vere
1696 1159 1789 1222 liberi
1807 1167 1881 1221 sunt
1894 1178 1975 1241 quoa
1985 1185 2123 1235 rotam,

1230 1259 1328 1320 Silius
1350 1258 1509 1336 liberavit,
1531 1266 1567 1320 ut
1587 1258 1721 1341 ipsemet
1741 1258 1839 1320 Filius
1859 1258 1914 1320 Ilei
1936 1277 1974 1321 ac
1988 1250 2022 1291 ³⁶·

1229 1357 1370 1438 Virginis
1385 1364 1526 1434 testatur,
1536 1365 1654 1437 quanto
1669 1357 1770 1438 magis
1785 1376 1860 1419 vere
1874 1357 1974 1419 libera

1229 1464 1278 1518 est
1290 1474 1361 1536 quae
1375 1463 1476 1518 mater
1489 1463 1537 1517 est
1552 1455 1630 1517 tanti
1647 1454 1848 1518 liberatorist
1862 1453 1974 1517 Nonne

1228 1553 1297 1636 ipsa
1311 1561 1360 1617 est
1374 1573 1431 1635 per
1444 1572 1539 1633 quam
1553 1551 1656 1614 omnis
1672 1561 1815 1615 creatura
1836 1572 1854 1615 a
1875 1552 1975 1614 servi·
2001 1590 2064 1632 ,m
2076 1604 2123 1640 „m

1229 1659 1295 1714 tute
1320 1650 1532 1732 corruptionis
1556 1649 1688 1712 liberata
1710 1658 1769 1727 est,
1790 1658 1822 1713 et
1845 1651 1973 1714 taudem
1988 1654 2022 1695 ²¹·

1229 1748 1326 1829 hujus
1356 1748 1553 1811 liberationis
1582 1746 1735 1810 ellectum
1763 1747 1975 1831 multiplicem

1191 1847 1371 1928 Bplenarie
1399 1855 1610 1927 consequetur
1635 1845 1668 1906 in
1693 1846 1839 1908 libertate
1865 1846 1974 1927 gloriae

1228 1945 1372 2008 filiorum
1391 1945 1456 2022 Dei,
1472 1944 1527 2007 ubi
1550 1943 1698 2024 cessabit,
1714 1945 1872 2026 completo
1891 1944 1976 2024 judi-

1229 2044 1291 2123 cio,
1299 2043 1404 2106 omnis
1420 2043 1562 2124 praelatio
1577 2050 1729 2106 creaturae
1744 2062 1840 2126 super
1853 2051 1976 2106 creatu-

1229 2161 1309 2219 ram,
1329 2141 1384 2204 ubi
1399 2149 1431 2203 et
1451 2160 1563 2203 servus
1577 2140 1659 2202 liber
1673 2149 1721 2203 est
1734 2160 1753 2202 a
1767 2140 1897 2203 domino
1917 2158 1974 2203 suo

1230 2248 1347 2318 creato,
1363 2258 1461 2302 nona
1479 2238 1612 2302 Domino
1635 2239 1786 2318 increato,
1803 2239 1854 2301 cui
1876 2240 1975 2302 servi-

1230 2358 1264 2400 re
1276 2346 1309 2400 et
1323 2337 1451 2418 subjici,
1466 2356 1590 2399 summa
1605 2335 1785 2418 ingenuitas
1799 2356 1870 2400 esse
1884 2356 1974 2400 mon·

1230 2439 1369 2498 straturl

1268 2533 1442 2597 lnnotescit
1463 2533 1560 2614 igitur
1574 2553 1612 2596 ex
1626 2533 1796 2614 praetactis,
1812 2534 1898 2615 quod
1920 2551 1976 2596 no-

1229 2633 1334 2696 bilitas
1359 2632 1533 2694 secuudum
1559 2651 1686 2694 carnem
1706 2631 1807 2693 multa
1827 2630 1974 2694 includit.

1228 2731 1309 2793 Dum
1324 2729 1409 2791 euim
1421 2729 1516 2791 homo
1528 2727 1679 2810 ignobilis
1690 2729 1804 2810 incipit
1814 2727 1975 2792 abundare

1228 2827 1361 2905 divitiis,
1371 2827 1610 2890 delicatioribus
1625 2827 1707 2890 cibis
1722 2847 1758 2889 ac
1773 2827 1901 2910 potibus
1916 2827 1977 2890 uti-

1228 2934 1291 3006 tur,
1312 2947 1350 2990 ex
1376 2925 1492 3007 quibus
1517 2933 1687 3006 generatur
1707 2925 1821 2988 melior
1845 2927 1975 3008 sanguis

422 3033 454 3088 et
469 3025 608 3106 gloriosa
622 3024 717 3087 llaria
734 3049 740 3087 :
757 3025 844 3107 quia,
862 3034 897 3089 ut
912 3025 1103 3107 praecedenti
1120 3044 1174 3107 pa·
1192 3022 1260 3088 Cet
1274 3025 1460 3088 nobilitatur
1475 3023 1665 3106 complexio,
1682 3042 1772 3085 mens
1786 3042 1914 3105 quoque
1935 3025 1974 3087 ad

421 3122 509 3185 tebat
537 3123 684 3201 articulo,
709 3142 748 3185 ex
772 3132 954 3187 sanctorum
978 3123 1174 3187 Patriarcba-

423 3241 492 3283 rum
508 3230 541 3284 et
552 3222 793 3304 Prophetarum,
805 3241 843 3284 ex
859 3242 967 3303 regum
983 3230 1077 3304 atque
1092 3240 1173 3303 pon·

422 3319 549 3381 tilicum
578 3320 700 3383 semine
729 3328 798 3383 orta
826 3328 884 3383 est.
911 3322 945 3382 ln
974 3320 1172 3382 naturalibus

421 3436 549 3499 quoque
564 3437 628 3500 prae
642 3418 757 3481 ceteris
773 3416 959 3480 mulieribus
975 3418 1173 3498 elegantissi-

422 3536 475 3579 ma
489 3514 560 3593 luit,
576 3524 613 3577 ut
627 3515 711 3578 inira
726 3515 860 3579 dicetur.
878 3513 1031 3576 Similiter
1045 3515 1079 3575 in
1100 3515 1173 3576 cba-

422 3614 607 3677 rismatibus
623 3614 742 3695 gratim,
759 3632 824 3676 non
840 3613 943 3677 solum
960 3613 1043 3675 iuter
1059 3613 1174 3675 mulie-

422 3732 484 3790 res,
502 3713 557 3775 sed
582 3713 679 3775 etiam
705 3713 789 3775 inter
813 3711 909 3789 uiroc,
931 3719 1003 3793 post
1026 3712 1174 3792 Unigeni-

421 3818 489 3873 tum
514 3830 606 3872 suum
632 3818 719 3874 tenet
743 3808 924 3891 primatum.
941 3811 966 3871 Α
986 3810 1172 3891 parentibus

421 3909 497 3971 item
512 3908 589 3971 satis
604 3908 759 3971 divitibus
775 3916 823 3971 est
844 3917 961 3971 exorta.
978 3908 1073 3972 Porro
1094 3927 1173 3989 prae

422 4006 550 4070 claritas
569 4014 601 4070 et
619 4006 808 4069 excellentia
827 4004 1003 4069 effectuum
1027 4006 1098 4087 ejus
1121 4026 1174 4069 cx-

423 4104 520 4187 primi
536 4104 657 4185 nequit.
674 4104 744 4185 Ipsa
759 4122 896 4185 namque
919 4104 952 4165 in
973 4104 1023 4166 bis
1043 4124 1171 4167 omnem

1231 3122 1380 3187 exercitia
1404 3121 1535 3185 rationis
1558 3120 1659 3203 magis
1683 3121 1820 3185 acuitur.
1846 3122 1899 3186 Sic
1922 3124 1975 3187 de-

1229 3242 1318 3284 mum
1352 3220 1572 3302 complexione
1606 3220 1773 3282 nobilitata
1804 3228 1837 3283 et
1868 3230 1974 3285 mente

1228 3320 1343 3383 melius
1357 3318 1523 3401 disposita,
1540 3318 1656 3401 incipit
1670 3319 1764 3382 bomo
1786 3319 1976 3384 honestiori-

1227 3419 1288 3481 bus
1303 3416 1462 3479 exercitiis
1477 3416 1640 3496 occupari,
1655 3417 1868 3497 magnanimis
1888 3416 1973 3497 lieri,

1228 3536 1326 3600 parva
1353 3514 1486 3577 adversa
1513 3522 1546 3576 et
1572 3514 1688 3576 damna
1714 3514 1822 3576 minus
1850 3534 1973 3595 curare,

1227 3633 1324 3695 parva
1351 3620 1383 3675 et
1410 3612 1486 3674 vilia
1513 3612 1620 3673 miuus
1648 3612 1821 3690 attendere,
1850 3614 1975 3677 modica

1228 3712 1317 3774 lucra
1336 3710 1441 3772 minus
1462 3719 1633 3791 appetere3
1650 3710 1847 3773 adversarios
1869 3712 1974 3774 minus

1229 3809 1344 3886 vereri,
1361 3808 1552 3870 munuscula
1576 3808 1682 3869 minus
1707 3817 1865 3890 expetere,
1881 3810 1976 3872 liber-

1227 3916 1324 3970 tatem
1353 3905 1490 3986 amplius
1518 3905 1692 3981 allectarc3
1719 3906 1875 3987 majorum
1900 3926 1974 3970 con-

1228 4004 1324 4067 sortia
1337 4003 1481 4084 adipisci,
1498 4023 1572 4065 curn
1587 4004 1814 4066 excellentibus
1830 4005 1974 4086 personis

1228 4103 1349 4166 sociare
1369 4102 1541 4179 connubia,
1558 4121 1731 4183 earumque
1753 4103 1972 4184 proprietates,

423 4221 535 4285 puram
551 4211 728 4264 creaturam
745 4201 1038 4284 incomparabiliter
1055 4200 1213 4264 incom-Il
1230 4220 1344 4278 mores,
1376 4200 1595 4262 strenuitatem
1624 4219 1661 4261 ac
1689 4218 1786 4282 opera
1814 4201 1930 4262 imitari
1963 4224 1971 4262 ε

422 4299 745 4383 prehensibiliterque
781 4300 976 4363 transcendit
1012 4324 1018 4363 :
1052 4299 1173 4382 quippe

421 4418 491 4479 quae
528 4398 735 4480 Unigenitum
770 4398 868 4461 Patris
901 4399 1023 4477 aeterni,
1060 4418 1172 4461 vemm

422 4495 532 4575 Deum,
553 4496 710 4576 concepit,
733 4496 867 4578 peperit,
888 4496 1108 4576 contrectavit,
1129 4497 1173 4558 la-

422 4594 531 4674 etavit,
549 4594 701 4672 nutrivit;
717 4614 787 4677 quae
810 4594 847 4655 ad
870 4594 966 4657 totius
991 4595 1102 4657 mundi
1125 4614 1173 4657 re-

421 4693 648 4775 demptionem,
674 4701 746 4776 post
774 4692 905 4755 unicum
934 4691 1048 4753 Filium
1079 4712 1171 4754 suum

421 4790 690 4854 excellentissime
705 4800 754 4853 est
768 4798 956 4871 cooperata;
972 4808 1043 4870 quae
1058 4791 1089 4853 in
1106 4809 1172 4853 om-

420 4888 454 4950 ni
470 4888 589 4950 virtute
603 4898 635 4951 et
649 4890 732 4951 douo
754 4888 892 4970 Spiritus
914 4887 1020 4949 Sancti
1044 4889 1173 4969 praecla-

422 4986 547 5049 rissime
571 4986 634 5048 luit
657 4986 787 5049 heroica
811 5005 848 5048 ac
873 4985 994 5063 divina,
1019 4986 1171 5048 virtutum

420 5103 546 5166 quoque
566 5093 597 5148 et
616 5085 773 5147 donorum
795 5091 885 5146 actus
907 5083 940 5144 in
964 5083 1099 5146 termino
1120 5104 1173 5145 ex-

422 5183 580 5245 cellentiae
601 5190 649 5245 est
670 5180 922 5244 laudabilissimo
944 5189 1103 5244 exsecuta.

461 5280 569 5362 Itaque
584 5281 624 5343 ab
639 5280 726 5344 omni
742 5278 874 5362 indigua
893 5279 1044 5343 servitute
1059 5286 1092 5341 et
1107 5297 1172 5341 ser-

1229 4300 1338 4380 sicque
1360 4306 1472 4359 natura
1491 4298 1593 4379 primo
1612 4298 1761 4378 ignobilis
1780 4317 1816 4361 ac
1836 4298 1972 4377 servilis,

1229 4417 1287 4479 per
1300 4396 1561 4459 consuetudinem
1583 4395 1665 4459 bene
1688 4396 1781 4474 victa,
1797 4396 1831 4457 in
1851 4405 1975 4459 coutra-

1228 4495 1310 4557 rium
1328 4494 1776 4574 transmutatur.lmo,quanto
1793 4494 1854 4556 boc
1869 4493 1975 4576 ipsum

1228 4613 1246 4656 a
1261 4593 1421 4656 remotiori
1436 4612 1473 4655 ac
1488 4592 1678 4655 diuturniori
1695 4592 1801 4655 radice
1816 4594 1855 4655 ad
1871 4612 1975 4655 ramos

1228 4691 1463 4769 transmittitur,
1481 4699 1567 4754 tauto
1587 4691 1658 4772 plus
1674 4690 1840 4753 inclinatio
1855 4699 1976 4753 naturae

1227 4790 1386 4868 lirmatur,
1417 4787 1723 4870 inseparabiliorque
1752 4787 1906 4867 eflicitur,
1932 4788 1975 4850 ita

1228 4898 1263 4950 ut
1278 4887 1311 4949 in
1327 4888 1446 4966 sobole,
1456 4894 1609 4968 quantum
1625 4896 1725 4950 estex
1740 4894 1828 4969 parte
1843 4896 1973 4966 naturae,

1228 4986 1410 5048 inveniatur
1437 4984 1601 5048 inclinatio
1630 4984 1783 5048 naturalis
1807 4987 1846 5048 ad
1871 4984 1976 5048 cousi-

1227 5083 1316 5145 milia
1340 5082 1407 5145 suis
1431 5083 1626 5165 parentibus.
1648 5082 1686 5143 Et
1708 5083 1775 5145 baec
1799 5082 1976 5163 appellatur

1228 5181 1378 5244 nobilitas
1400 5180 1516 5257 caruis,
1534 5199 1604 5262 quaa
1627 5189 1781 5261 quantum
1796 5188 1844 5243 est
1863 5181 1903 5243 de
1924 5180 1973 5242 sui

1227 5288 1351 5360 natura,
1368 5298 1494 5362 semper
1508 5280 1546 5341 ad
1561 5279 1695 5342 bouesta
1715 5286 1811 5360 atque
1829 5278 1975 5342 decentia
