4309 6250
242 516 282 564 ult
303 517 510 564 demontrant
531 515 625 564 sum
645 513 811 562 romrtcls
832 515 869 559 ll'l¹
889 512 1060 560 amonius
1080 513 1220 570 CONGlLll,
1242 513 1330 560 traua
1350 512 1396 559 lll.
1417 532 1459 543 -
1478 513 1548 560 aar.
1571 513 1615 559 vn
1653 493 1714 558 023

159 687 257 764 bono,
274 688 451 750 secundum
466 686 552 769 leges
574 705 647 750 suas
668 685 767 748 bonas
790 702 847 767 pro
863 703 910 747 ra·
925 683 950 745 Α
966 703 1004 746 ex
1029 683 1234 766 praeinductis
1259 684 1329 766 ejus
1352 683 1459 747 verbis
1483 683 1607 746 claruit.
1635 681 1716 745 Sunt

157 785 301 866 publica.
327 784 451 848 Dicitur
477 792 583 847 autom
613 803 695 846 unus
725 782 778 844 ille
808 782 911 844 bonus
965 791 1071 846 autem
1097 793 1129 845 et
1155 781 1218 845 aliu
1245 783 1389 864 quasdam
1417 781 1514 844 verba
1538 780 1651 863 ipsius,
1677 800 1715 843 ex

158 881 211 946 vel
228 902 294 959 rex,
312 882 361 944 vel
384 883 567 964 imperator,
583 891 638 944 aut
656 880 839 960 monarcha,
855 879 909 960 qui
966 881 1083 964 quibus
1097 881 1181 943 istud
1197 879 1281 944 inira
1295 880 1462 944 eliicacius
1476 880 1671 943 ostendetur.

157 999 225 1044 nun
255 981 420 1062 proprium
449 981 568 1043 bonum
597 979 827 1062 principaliter,
855 977 910 1041 sed

157 1097 333 1142 commune
348 1079 468 1142 bonum
483 1079 516 1140 in
536 1078 717 1160 principatu
737 1095 794 1140 suo
809 1077 912 1138 intan-

156 1177 218 1238 dit.
242 1176 320 1238 lluic
347 1175 465 1257 politiae
488 1176 521 1238 in
547 1175 765 1239 ecclesiastica
792 1173 911 1236 hierar·
1165 1162 1411 1227 ARTIGULUS
1434 1162 1510 1226 VII·

157 1275 234 1338 Chia
263 1275 488 1356 ⁰⁰ll⁰⁸ll⁰¹¹d⁰l
517 1274 629 1357 ΡΟῙῘῑῘἃ
652 1273 784 1355 papalis·
809 1273 911 1383 0¹¹¹Jffl
968 1301 1110 1379 objectio
1125 1311 1239 1361 contra
1251 1302 1448 1377 praehabita,
1463 1321 1504 1360 ea·
1518 1303 1618 1362 dictis
1632 1303 1716 1379 ejus·

156 1393 238 1455 ergo
252 1375 334 1455 Papa
348 1373 578 1456 gubernatione
594 1373 691 1454 regali
708 1372 912 1436 monarcbrca
1006 1393 1080 1450 dem
1093 1391 1246 1461 amoris,
1262 1391 1320 1450 ubi
1333 1391 1448 1468 aqimr
1462 1393 1502 1451 sle
1520 1393 1717 1452 auctoritate

157 1472 280 1554 praesit,
297 1472 441 1554 sequitur
454 1473 539 1553 quod
559 1471 750 1534 universitas
766 1469 911 1534 fidelium
1004 1481 1172 1558 yeneralis
1185 1481 1326 1539 concilii.

156 1572 200 1634 sit
229 1591 292 1633 uua
316 1570 531 1634 ecclesiastica
555 1571 675 1652 politia,
699 1589 755 1635 sau
780 1587 912 1650 congre-

156 1670 247 1750 gatio
275 1667 514 1732 communitatis
544 1667 692 1750 perlectae
720 1668 780 1730 sub
808 1685 872 1730 uno
902 1689 909 1729 ε
1014 1667 1068 1731 ΑΜ
1094 1666 1220 1749 scripsi,
1241 1667 1280 1730 dc
1303 1677 1410 1731 mente
1434 1687 1504 1731 esse
1529 1668 1716 1746 cancellarii

156 1768 246 1847 quod
262 1775 389 1830 nonest
410 1767 472 1829 nisi
495 1766 661 1830 universos
682 1766 796 1829 iideles
818 1764 911 1828 simul
1028 1766 1129 1848 ipsam
1155 1765 1346 1828 militantem
1371 1766 1584 1830 universalem
1609 1766 1717 1830 Eccle-

157 1866 329 1942 sumendo,
357 1866 406 1928 vel
436 1863 602 1928 collective
630 1873 685 1928 aut
712 1864 910 1945 conjunctim
930 1863 1047 1932 Bsiam
1074 1863 1175 1926 instar
1198 1863 1423 1945 triumphantis
1446 1883 1516 1928 esse
1544 1867 1716 1947 regendam

158 1963 404 2027 considerando.
431 1964 511 2046 Ergo
540 1971 572 2027 et
595 1963 673 2045 ipsis
703 1964 748 2026 sic
778 1963 912 2043 sumptis
968 1964 1125 2046 regimine
1152 1964 1357 2028 monarchico
1385 1984 1422 2028 ac
1451 1963 1561 2046 regali.
1589 1965 1625 2046 (l)
1655 1965 1716 2027 Sed

159 2062 313 2142 praesidet
333 2061 427 2143 Papa.
967 2063 1097 2126 obviare
1112 2062 1237 2126 videtur
1257 2064 1342 2145 quod
1363 2063 1395 2125 ia
1416 2081 1563 2126 sermone
1578 2065 1716 2144 quodam

204 2161 336 2238 Rursus,
351 2160 385 2222 in
408 2159 490 2224 libro
511 2161 550 2224 de
572 2159 804 2224 Ecclesiasticis
826 2159 913 2222 stati·
968 2162 1081 2224 scribit
1094 2161 1146 2224 hic
1161 2161 1282 2240 doctor,
1300 2161 1436 2224 dicendo
1453 2185 1461 2222 ι
1477 2161 1630 2225 Generale
1645 2181 1718 2225 con·

158 2259 223 2322 bus
249 2259 461 2322 Cancellarius
487 2259 531 2322 ait
552 2258 660 2322 :Eniti
685 2259 802 2321 debent
827 2258 912 2320 Chri-
968 2260 1076 2323 cilium
1106 2268 1155 2322 est
1182 2259 1391 2322 saluberrima
1418 2279 1455 2322 ac
1490 2259 1718 2323 efficacissima

159 2356 258 2419 stiani
280 2356 338 2418 sub
358 2356 539 2419 schismatis
564 2375 668 2438 poena,
686 2357 769 2438 quod
794 2356 826 2417 in
851 2356 910 2418 boc
971 2359 1077 2440 regula
1107 2359 1145 2420 ad
1171 2358 1313 2438 regimen
1338 2357 1435 2421 totius
1458 2357 1607 2421 Ecclesiae
1633 2367 1718 2421 tran-

159 2464 259 2533 statu,
288 2463 363 2535 puta
391 2454 508 2536 papali,
536 2456 746 2533 constituatur
775 2463 807 2517 et
834 2473 912 2536 prae·
968 2457 1105 2539 quillum
1121 2455 1170 2520 vel
1186 2457 1453 2537 conservandum,
1470 2457 1521 2520 vel
1543 2455 1718 2520 reforman-

159 2555 265 2617 sideat
289 2554 413 2617 assidue
438 2553 551 2618 unicus
580 2563 611 2616 et
635 2563 739 2618 certus
769 2573 912 2616 summus
968 2556 1056 2632 dum,
1068 2556 1117 2618 vcl
1133 2554 1374 2634 inveniendum,
1384 2563 1534 2638 tanquam
1550 2575 1717 2638 supremus

160 2653 319 2731 Pontifex,
336 2661 489 2734 quantum
512 2653 584 2715 lieri
608 2661 722 2734 potest,
739 2652 771 2714 in
788 2671 851 2734 quo
873 2652 914 2714 sit
969 2663 1000 2718 et
1024 2653 1193 2717 sufficiens
1215 2654 1378 2735 legislator
1401 2653 1589 2717 universalis
1610 2663 1643 2717 et
1663 2673 1728 2736 po-.

160 2751 389 2814 ecclesiastice
404 2751 568 2832 potestatis
583 2751 767 2832 plenitudo;
784 2752 912 2833 etquod
969 2761 1050 2831 tens,
1079 2757 1215 2834 ἐπιεικής,
1241 2760 1394 2834 praeterea
1418 2752 1581 2834 legitimus
1610 2760 1642 2815 et
1670 2772 1719 2816 se·

161 2869 229 2914 non
258 2849 323 2912 sint
351 2850 471 2931 plures,
501 2869 539 2912 ex
568 2869 631 2931 quo
660 2849 912 2912 ecclesiasticum
969 2871 1076 2928 curus,
1093 2857 1334 2932 necsuspectus
1356 2850 1585 2913 rationabiliter
1605 2850 1719 2913 abali-

161 2947 308 3030 regimen
332 2948 479 3011 desinere
507 2958 613 3030 posset
638 2967 707 3012 esse
736 2948 915 3012 monarchi·
969 2967 1032 3030 quo
1059 2947 1250 3027 Christiano,
1276 2967 1375 3029 quum
1398 2949 1550 3030 procedat
1573 2948 1717 3011 omnium

161 3065 252 3124 curn,
268 3055 300 3108 ct
323 3045 356 3108 in
382 3045 478 3108 aliern
503 3045 621 3129 politiae
646 3045 797 3129 speciem,
821 3055 855 3108 ut
879 3045 913 3107 in
931 3055 952 3119 c
969 3047 1019 3111 vel
1035 3046 1126 3129 quasi
1141 3046 1284 3109 omnium
1307 3046 1470 3109 communi
1492 3065 1651 3109 consensu
1666 3048 1717 3110 vel

162 3145 415 3208 aristocraticam
429 3152 484 3207 aut
504 3145 762 3223 democraticum,
777 3152 915 3208 vertere-
969 3165 1114 3210 assensu.

163 3253 228 3323 tur,
245 3243 392 3325 quamvis
414 3252 547 3325 papatus
568 3244 625 3307 bas
642 3243 822 3325 politierum
845 3262 915 3325 spe-
1011 3244 1046 3325 (t)
1059 3244 1187 3327 lnsuper
1202 3243 1284 3307 libro
1297 3244 1337 3306 de
1351 3244 1572 3307 Ecclesiastico
1586 3252 1720 3326 poteste-

163 3343 231 3407 cies
254 3361 317 3407 non
339 3343 496 3423 excludat,
513 3344 568 3406 sad
590 3350 741 3421 assumat,
764 3344 915 3424 quemad·
970 3352 1000 3407 te
1015 3342 1343 3407 disseruitzl'eneatur
1357 3341 1484 3405 concilii
1500 3344 1658 3425 generalis
1671 3344 1721 3425 ju·

162 3428 296 3505 modum
311 3442 350 3504 de
371 3459 462 3504 sacro
483 3440 686 3505 dominorum
705 3441 913 3505 cardinalium
970 3442 1102 3522 dicium,
1119 3450 1150 3504 et
1164 3448 1292 3504 maneat
1305 3441 1523 3505 ecclesiastica
1537 3442 1719 3505 hierarchia

163 3540 301 3621 collegio
316 3548 347 3601 et
360 3540 503 3621 generali
523 3540 659 3603 coneilio
674 3547 722 3603 est
736 3540 857 3603 videre.
874 3574 915 3586 -
971 3541 1091 3624 optimo
1119 3541 1285 3622 regimine,
1316 3540 1402 3622 quali
1434 3539 1497 3601 luit
1527 3542 1588 3603 sub
1615 3541 1719 3623 lloyse

162 3638 337 3717 Postremo,
353 3636 387 3699 in
409 3637 490 3701 libro
510 3638 550 3701 de
572 3636 805 3701 Auieribilitatc
824 3638 914 3719 Papa
970 3640 1156 3723 gubernata,
1173 3638 1324 3721 quoniam
1344 3638 1442 3701 mixta
1461 3638 1523 3701 luit
1541 3658 1579 3701 ex
1599 3639 1719 3721 triplici

163 3738 204 3800 ab
224 3736 368 3799 Ecclesia
386 3737 498 3800 doctor
521 3736 580 3799 iste
600 3744 755 3799 testatur:
772 3736 915 3799 Ecclesia
972 3739 1093 3821 politia,
1110 3746 1186 3820 puta
1201 3737 1298 3819 regali
1322 3736 1355 3798 in
1370 3736 1485 3818 lloyse,
1501 3738 1720 3802 aristocratica

162 3836 197 3897 in
212 3853 278 3898 uno
293 3834 466 3899 monarcha
487 3852 637 3916 supremo
658 3853 715 3916 per
730 3834 914 3899 universum
973 3838 1004 3899 in
1020 3836 1221 3919 septuaginta
1238 3835 1428 3915 senioribus,
1444 3845 1475 3898 et
1493 3836 1717 3916 democratica,

162 3934 298 3997 lundata
325 3942 373 3997 est
400 3954 419 3996 a
447 3933 581 4012 Christo,
608 3932 793 4015 nullamque
818 3932 914 3995 aliam
971 3936 1047 3999 dum
1071 3935 1111 3998 de
1135 3942 1201 3999 toto
1226 3934 1344 4016 populo
1362 3953 1399 3997 ac
1419 3934 1554 4015 siugulis
1574 3935 1720 3998 tribubus

163 4032 309 4115 politiam
340 4032 477 4095 instituit
503 4032 644 4095 Christus
674 4032 916 4094 immutabiliter
972 4034 1031 4097 sub
1046 4034 1150 4116 Moyse
1165 4040 1303 4096 ractores
1318 4033 1572 4096 assumebantur.

164 4150 235 4195 esse
263 4130 501 4194 monarchicam
530 4138 561 4193 et
590 4130 740 4211 regalem,
769 4130 830 4192 nisi
859 4130 916 4195 Eo·
1012 4134 1048 4215 (ii
1063 4133 1179 4195 lterum
1204 4132 1249 4194 ait
1265 4156 1271 4192 :
1289 4130 1356 4194 Non
1381 4131 1472 4194 licuit
1496 4131 1602 4195 iacere
1624 4142 1671 4196 tot
1688 4142 1720 4197 et

165 4230 311 4293 alesiam.
931 4232 1049 4303 Dtales
1065 4250 1128 4295 non
1144 4230 1318 4296 obstantias
1332 4248 1443 4293 eorum
1464 4249 1534 4311 quae
1549 4232 1720 4295 constituta
1741 4246 1745 4253 ’

208 4328 252 4391 Ex
267 4328 473 4411 preinductis
488 4326 674 4391 Cancellarii
691 4327 796 4390 verbis
812 4327 916 4391 claris·
971 4330 1094 4393 suntin
1109 4328 1311 4411 generalibus
1333 4328 1491 4406 conciliis,
1507 4336 1585 4411 quot
1599 4337 1631 4393 ct
1645 4349 1721 4411 qua-

166 4428 249 4491 sime
264 4426 509 4492 corroborantur
523 4446 593 4508 quae
608 4426 721 4507 scripsi
733 4426 772 4488 de
785 4436 918 4509 potesta·
972 4429 1055 4492 libus
1072 4448 1136 4491 non
1151 4427 1318 4491 obstantiis
1338 4426 1384 4489 uti
1404 4428 1483 4490 solet
1501 4427 1584 4509 Papa
1603 4427 1637 4489 in
1653 4429 1722 4491 bul-

167 4536 199 4591 te
214 4546 251 4591 ac
267 4526 469 4608 presidentia
483 4526 572 4607 Papae
587 4544 683 4607 super
703 4526 916 4588 universalem
972 4528 1012 4590 lis
1037 4527 1113 4589 suis.
1130 4528 1170 4589 At
1193 4545 1267 4589 vero
1292 4526 1422 4607 quidam
1446 4526 1641 4609 respondent
1665 4546 1722 4609 per

167 4625 357 4706 Ecclesiam,
374 4624 468 4689 etiam
484 4624 649 4687 collective
664 4624 915 4687 consideratam:
972 4628 1105 4690 unicum
1129 4626 1274 4705 verbum,
1299 4624 1442 4687 dicentes
1466 4626 1550 4707 quod
1573 4626 1722 4708 generale

166 4724 346 4809 praesertim
360 4742 459 4805 quum
474 4723 585 4786 doctor
599 4721 659 4785 iste
674 4720 858 4803 frequenter
871 4723 918 4786 ai·
974 4726 1148 4791 concilium
1173 4744 1299 4807 semper
1322 4724 1477 4787 intellexit
1500 4725 1721 4789 auctoritatem

167 4824 290 4902 firmet,
321 4842 444 4885 summe
472 4840 543 4885 esse
571 4822 748 4885 cavendum
778 4842 818 4885 ne
846 4823 918 4903 quis
974 4824 1090 4889 summi
1106 4822 1358 4887 Pontificisessc
1377 4821 1512 4886 inomni
1534 4824 1723 4887 sueconsti·

168 4923 257 4987 dicat
284 4922 427 5003 regimen
452 4920 600 4984 Ecclesia
623 4940 688 4985 non
712 4920 828 4984 debere
849 4940 918 4983 esse
974 4924 1096 4987 tutione
1120 4930 1284 5003 exceptam
1302 4920 1478 4983 :nimirum
1497 4922 1648 5002 quoniam
1667 4942 1723 5004 po-

169 5022 411 5087 monarcbicum
443 5028 475 5083 et
505 5020 740 5101 quodammodo
772 5039 916 5101 regnum.
974 5027 1108 5085 suerunt
1135 5020 1197 5102 ipsi
1228 5020 1374 5102 papalem
1403 5019 1622 5083 auctoritatem
1651 5040 1721 5084 esse

169 5122 362 5201 Certumque
376 5119 522 5201 estquod
542 5136 607 5181 non
629 5118 769 5200 loquitur
782 5120 822 5181 de
844 5138 921 5201 qua·
974 5140 1070 5203 super
1085 5119 1270 5197 concilium,
1281 5117 1330 5181 vel
1347 5118 1459 5181 saltem
1474 5137 1538 5181 non
1553 5119 1718 5201 imparem.

171 5239 310 5301 cumque
338 5219 462 5303 partiali
491 5226 546 5280 aut
573 5218 766 5299 particulari,
796 5220 851 5281 sed
879 5221 919 5282 de
974 5218 1162 5282 Benedictus
1177 5226 1281 5280 autem
1297 5217 1457 5297 licus,qui
1471 5217 1603 5299 perboc
1617 5236 1723 5282 sacro-

171 5324 262 5389 totali
285 5342 322 5385 ac
347 5320 517 5385 universali
542 5318 682 5383 Ecclesia
707 5318 869 5400 militanti,
886 5328 920 5381 ut
975 5326 1121 5380 sanctum
1136 5315 1307 5379 concilium
1322 5316 1562 5379 Constantiense
1582 5315 1722 5383 illustra·
1766 5376 1771 5383 .
