4309 6250
228 527 268 572 DS
289 512 499 574 subremansit
520 525 615 574 Sllssl
635 525 803 573 PONTlFlClS
825 527 862 572 ΕΤ
882 524 1051 574 CENSRALlS
1073 525 1214 585 conuicti,
1237 528 1325 576 unsa
1345 531 1391 576 lll.
1413 546 1454 559 ¹-
1474 531 1544 576 ΛΒΤ.
1567 529 1641 576 xxtv
1661 511 1720 576 657

164 713 313 758 asserens
332 695 423 758 illum
448 695 547 758 multa
566 694 731 778 scripsisse
750 695 915 776 opuscula,
932 696 957 757 A
972 695 1114 777 Apostoli
1140 715 1205 778 prae
1233 696 1347 759 ceteris
1376 697 1524 760 dicantur
1551 699 1719 780 columnas,

164 793 214 854 sic
234 793 369 856 habetur
386 817 392 854 :
410 794 518 856 Petrus
543 794 710 856 admonuit
727 793 858 856 Paulum
883 801 918 855 ut
971 793 1223 874 quiaquantum
1247 793 1286 854 ad
1311 794 1417 875 aliqua
1442 797 1630 877 eminentes,
1656 816 1721 860 non

164 883 235 972 ipse
261 900 440 973 praeoraret.
457 891 514 966 Qui
540 891 702 974 respondit
719 915 726 952 ι
743 891 843 953 Tuum
869 899 916 954 est
971 897 1076 953 tamen
1099 890 1229 954 luerunt
1252 891 1335 954 inter
1359 912 1392 954 se
1417 912 1547 973 prorsus
1570 895 1720 976 aequaleS,

164 989 245 1051 illud
261 988 409 1052 officium
423 989 585 1066 inchoare,
603 989 739 1052 maxime
753 1008 851 1070 quum
872 989 915 1058 sis
971 989 1025 1050 sed
1051 990 1101 1068 (ut
1128 988 1373 1051 decentissimus
1396 990 1496 1072 exigit
1518 992 1609 1072 ordo)
1637 1012 1721 1055 unus

164 1087 317 1150 columna
345 1087 489 1164 luminis,
516 1088 637 1150 electus
665 1106 683 1148 a
711 1086 854 1165 Domino,
885 1095 916 1149 et
971 1105 1093 1165 eorum,
1110 1086 1235 1149 scilicet
1248 1087 1368 1166 Petrus,
1385 1090 1498 1151 ceteris
1514 1090 1641 1171 praefuit
1655 1091 1722 1154 uni-

164 1186 327 1266 praecedas
353 1205 410 1248 nos
440 1203 551 1248 omues
576 1185 608 1247 in
635 1185 822 1267 apostolatu.
849 1185 915 1260 Quo
971 1183 1083 1246 versis.
1099 1183 1229 1266 Propter
1243 1184 1327 1265 quod
1341 1183 1467 1249 Graecus
1488 1187 1649 1268 expositor
1669 1208 1721 1251 su·

163 1285 263 1365 dicto,
279 1303 390 1348 omnes
414 1284 469 1366 qui
489 1285 620 1348 aderant
640 1284 844 1348 vehementer
862 1304 916 1366 ga·
972 1301 1029 1364 per
1047 1281 1127 1345 illud
1146 1283 1250 1360 Lucae,
1271 1283 1364 1346 Facta
1384 1293 1432 1347 est
1450 1285 1613 1349 contentio
1637 1285 1721 1350 inter
1747 1306 1862 1360 ruens.

163 1383 227 1446 visi
252 1384 412 1465 leguntur.
435 1381 471 1445 lu
495 1383 606 1445 eadem
631 1401 756 1464 quoque
781 1383 915 1464 epistola
970 1398 1037 1459 eos,
1054 1387 1186 1443 testatur
1203 1404 1210 1441 ι
1227 1380 1350 1444 Christo
1365 1400 1422 1463 per
1441 1383 1622 1465 passionem
1638 1386 1720 1466 Apo-
1734 1372 1767 1415 ²⁴¹

163 1482 303 1546 Joanucs
324 1483 369 1544 ait
387 1482 426 1544 ad
445 1482 571 1544 Petrum
588 1505 595 1542 :
612 1481 751 1544 lleruisti
771 1500 829 1544 nos
849 1501 916 1544 cm·
971 1479 1061 1542 stolis
1084 1479 1200 1558 ablato,
1227 1479 1337 1542 debuit
1362 1501 1444 1544 unus
1469 1501 1579 1545 eorum
1606 1483 1719 1546 ceteris

163 1601 223 1644 nes
238 1581 354 1644 merito
369 1580 444 1643 lidei
462 1581 494 1642 in
510 1580 687 1662 apostolatu
704 1581 892 1662 precedere.
971 1577 1042 1641 loco
1065 1577 1177 1640 Christi
1202 1597 1348 1660 praeesse.
1369 1580 1531 1660 Praeterea,
1552 1581 1719 1644 Ubertiuus

205 1679 267 1742 Sed
293 1686 326 1741 et
345 1679 376 1740 S.
397 1679 564 1759 Dionysius
584 1686 695 1759 quarto
715 1678 855 1760 capitulo
875 1680 915 1741 de
971 1676 1052 1740 libro
1081 1677 1174 1740 tertio
1201 1676 1240 1740 de
1269 1678 1340 1740 Vita
1367 1679 1549 1757 Salvatoris,
1580 1680 1719 1762 probans

162 1777 287 1839 Divinis
309 1777 493 1840 nominibus
518 1777 652 1840 scribit:
669 1777 785 1840 Aderat
809 1785 914 1840 autem
970 1777 1053 1856 quod
1070 1785 1141 1856 post
1159 1775 1274 1838 Christi
1293 1778 1513 1842 ascensionem
1532 1788 1564 1841 et
1583 1778 1719 1860 Spiritus

163 1885 196 1938 et
211 1876 322 1938 Petrus
344 1893 467 1938 summa
485 1883 517 1938 et
537 1875 777 1957 provectissima
796 1876 915 1939 theolo-
930 1877 954 1941 ll
971 1874 1075 1936 Sancti
1091 1873 1289 1953 missionem,
1306 1895 1365 1958 pro
1380 1896 1414 1939 se
1429 1877 1508 1958 ipsis
1523 1877 1604 1939 nihil
1619 1877 1719 1940 habu-

163 1993 279 2055 gorum
296 1974 470 2036 summitas.
487 2009 528 2020 -
541 1973 704 2052 Preterea,
721 1973 771 2035 vir
794 1993 914 2056 magnas
970 1981 1063 2034 erunt
1076 1972 1218 2054 Apostoli
1234 1973 1266 2034 in
1283 1976 1457 2057 communi,
1470 1976 1517 2038 sic
1532 1977 1577 2039 ait
1593 2002 1600 2038 ε
1617 1977 1719 2050 Quan-
1779 2016 1783 2023 ·

163 2071 408 2136 illuminationis
429 2072 566 2136 loannes
588 2071 801 2153 Ruysbroeck,
819 2071 851 2134 in
878 2073 915 2134 li·
970 2070 1010 2134 do
1025 2069 1131 2151 aliqua
1146 2072 1256 2153 regula
1269 2072 1391 2153 aliquid
1410 2074 1505 2138 habet
1525 2075 1558 2136 in
1577 2093 1720 2137 commu-

162 2170 223 2233 bm
248 2190 307 2234 suo
330 2171 370 2234 de
394 2170 611 2233 Tabernaculo
636 2170 750 2252 bloysis
776 2178 914 2234 tractans
971 2167 1016 2249 ni,
1047 2169 1123 2231 licet
1156 2189 1219 2233 nou
1248 2172 1372 2251 possint
1399 2172 1518 2236 subditi
1546 2173 1609 2236 diei
1639 2173 1719 2236 illud
1778 2209 1784 2224 ·

106 2299 128 2328 a.
162 2269 244 2332 illud
269 2269 385 2332 Christi
409 2270 449 2332 ed
472 2270 609 2347 Petrum,
631 2267 743 2349 Diligis
766 2288 818 2332 me
843 2271 914 2352 plus
970 2267 1087 2330 habere
1103 2275 1138 2329 ut
1151 2268 1327 2349 singulares
1349 2289 1502 2352 persone,
1518 2279 1625 2334 tamen
1641 2291 1720 2353 pras

96 2380 102 2390 '
163 2368 239 2430 hist
254 2368 298 2430 ait
314 2392 320 2428 :
338 2368 426 2430 Tunc
442 2367 546 2430 lactus
560 2376 610 2430 est
627 2367 778 2448 princeps
799 2377 830 2430 et
851 2368 916 2450 pri·
970 2366 1024 2428 lati
1040 2385 1106 2430 non
1121 2375 1254 2448 possunt
1272 2376 1357 2432 recte
1376 2387 1493 2450 negare
1512 2389 1547 2432 se
1566 2369 1645 2432 illud
1664 2370 1720 2432 ha-

163 2486 234 2529 mas
254 2485 350 2548 super
370 2474 492 2530 ceteros
513 2466 680 2548 Apostolos
701 2473 733 2528 et
752 2485 849 2548 super
869 2475 915 2530 to
971 2464 1044 2528 bere
1060 2465 1092 2526 in
1107 2473 1261 2548 quantum
1276 2475 1348 2530 sunt
1361 2485 1504 2548 personae
1519 2487 1716 2532 communes.

163 2573 233 2626 tum
255 2564 421 2627 mundum.
969 2563 1077 2626 Petrus
1096 2575 1203 2628 autem
1222 2565 1444 2646 Apostolorum
1463 2566 1609 2629 omnium
1633 2567 1721 2650 prin·
1926 2648 1930 2654 Ι

205 2663 266 2726 Sed
288 2661 385 2742 objici
407 2669 521 2744 potest,
542 2661 627 2743 quod
649 2680 713 2724 non
735 2661 838 2724 solum
861 2663 915 2726 Pe-
969 2679 1044 2744 ceps
1059 2671 1167 2744 aperte
1181 2663 1331 2726 disseruit
1348 2687 1355 2725 :
1371 2664 1545 2745 Argentum
1559 2675 1592 2728 et
1606 2683 1720 2729 aurum
1733 2683 1825 2732 ausu,
1837 2685 1859 2725 a.

163 2769 233 2823 trus
263 2759 475 2842 singulariter,
504 2759 568 2822 imo
597 2760 706 2822 Petrus
741 2768 773 2822 et
801 2760 914 2824 Paulus
969 2779 1033 2822 non
1049 2769 1098 2823 est
1111 2763 1201 2825 mihi.
1218 2762 1283 2836 Quo
1299 2771 1385 2842 patet
1404 2763 1488 2843 quod
1508 2763 1578 2844 ipse
1599 2772 1720 2828 cetero-

163 2858 331 2942 pluraliter
364 2858 534 2938 aliquando
562 2857 723 2940 principes
751 2858 915 2940 Apostolo
969 2878 1040 2920 rum
1051 2860 1273 2942 Apostolorum
1289 2869 1320 2922 et
1334 2861 1431 2923 totius
1446 2860 1533 2923 illius
1548 2862 1719 2944 primitivae

164 2977 236 3020 rum
251 2965 422 3036 vocantur3
439 2975 477 3018 ex
491 2975 554 3037 quo
569 2965 675 3018 tamen
691 2975 754 3018 non
771 2957 915 3038 sequitur
969 2956 1120 3020 Ecclesia
1148 2958 1429 3040 lerosolymitanae,
1456 2959 1521 3021 imo
1549 2967 1582 3020 et
1609 2958 1717 3022 iacobi

162 3057 249 3139 quod
271 3054 386 3118 Paulus
405 3055 478 3117 aliis
497 3055 656 3136 Apostolis
676 3054 719 3116 sit
739 3055 886 3137 praelatus
904 3079 911 3118 ε
929 3061 950 3126 C
970 3063 1044 3118 tuuc
1078 3055 1198 3119 ibidem
1233 3056 1388 3140 episcopi,
1419 3058 1565 3138 prelatus
1599 3056 1662 3119 luit
1689 3065 1720 3120 et

162 3174 241 3237 ergo
262 3176 321 3219 nec
341 3155 461 3218 Petrus.
478 3189 519 3199 —
537 3154 667 3233 llursus,
685 3153 718 3215 in
741 3152 913 3217 Passiouali
969 3156 1129 3238 princeps.
1146 3158 1193 3219 Ad
1208 3156 1268 3220 hoc
1283 3157 1496 3239 probandum,
1514 3165 1650 3239 possunt
1663 3176 1719 3239 pe·

163 3256 352 3319 Sanctorum
366 3254 502 3317 habetur
515 3253 599 3335 quod
614 3253 722 3315 Petrus
743 3254 913 3335 aliquando
969 3273 1009 3317 ne
1031 3254 1278 3317 innumerabilia
1297 3254 1439 3337 allegari.
1456 3254 1534 3318 Nam
1556 3263 1589 3317 et
1608 3255 1718 3318 Petrus

161 3354 280 3436 legitur
298 3352 403 3415 minor
423 3352 529 3415 Paulo.
546 3387 586 3399 -
606 3351 666 3414 Sed
685 3359 718 3415 et
735 3351 849 3414 Paulus
869 3361 914 3415 te·
968 3352 1007 3415 de
1036 3354 1219 3416 darantasia
1245 3372 1341 3435 super
1365 3362 1513 3436 quartum
1542 3354 1720 3416 Sententia-

30 3466 144 3518 ωαψς.
161 3461 274 3529 statur,
300 3454 385 3533 quod
408 3451 528 3531 Petrus,
555 3450 689 3514 lacobus
717 3458 750 3512 et
776 3450 912 3513 loannes
969 3470 1039 3513 rum
1055 3460 1198 3532 testatur,
1214 3453 1299 3534 quod
1313 3452 1455 3516 Christus
1471 3451 1542 3534 plus
1557 3451 1718 3515 commisit

162 3550 355 3613 videbantur
373 3548 529 3613 columnae
548 3568 618 3611 esse
641 3572 647 3610 :
671 3567 746 3629 ergo
769 3554 832 3610 tres
864 3548 911 3610 illi
969 3557 1000 3612 et
1022 3549 1111 3612 dedit
1135 3552 1225 3614 Petro
1249 3570 1346 3633 quam
1371 3551 1495 3629 loanni,
1522 3550 1599 3632 quia
1621 3551 1717 3614 totius

161 3650 296 3712 luerunt
316 3647 465 3729 aequales.
968 3647 1118 3713 Ecclesiae
1139 3668 1248 3712 curam
1272 3649 1362 3712 Petro
1387 3648 1558 3713 commisit.
1575 3649 1635 3711 Sed
1660 3649 1718 3711 ite-

201 3746 241 3809 Et
256 3745 613 3827 respondendum,quod
628 3744 737 3807 Petrus
752 3753 783 3807 et
798 3745 912 3807 Paulus
968 3767 1038 3810 rum
1053 3748 1115 3809 ista
1128 3747 1304 3828 sulliciant,
1317 3749 1492 3831 praesertim
1506 3768 1605 3829 quum
1620 3766 1716 3830 supra

160 3864 228 3909 non
252 3862 343 3925 aeque
367 3860 471 3924 neque
489 3843 531 3905 ob
551 3844 677 3905 easdem
703 3843 841 3906 rationes
864 3843 912 3907 di·
968 3846 1144 3909 rationibus
1170 3856 1203 3910 et
1230 3846 1471 3910 auctoritatibus
1494 3846 1715 3928 copiosissime

160 3952 279 4007 cuntur
298 3941 462 4026 principes
481 3941 703 4023 Apostolorum
725 3965 732 4003 :
753 3941 816 4005 imo
836 3962 911 4005 nus·
968 3944 1032 4006 siut
1052 3945 1195 4027 probata.

159 4060 259 4125 quam
284 4040 400 4122 legitur
426 4039 511 4121 quod
535 4038 648 4103 Paulus
673 4038 735 4102 luit
759 4040 910 4123 princeps

158 4140 397 4223 Apostolorum.
419 4138 480 4201 Sed
499 4138 608 4200 Petrus
629 4146 661 4200 et
681 4138 795 4201 Paulus
815 4138 910 4201 simul
1139 4156 1383 4220 ARTICULUS
1412 4155 1537 4220 mv,

158 4248 316 4303 vocantur
326 4236 490 4319 principes
500 4236 813 4318 Apostolorum,quia
827 4238 911 4319 prin·
926 4244 950 4306 l)

159 4337 282 4421 cipales
307 4335 389 4399 inter
414 4354 468 4399 eos
493 4343 648 4417 quantum
672 4335 711 4397 ad
738 4336 837 4397 multa
861 4335 911 4399 lu-

158 4443 265 4515 erunt,
286 4433 432 4516 quamVis
457 4440 590 4513 utem
613 4451 677 4497 ”⁰¹¹
701 4432 797 4496 fuerit
821 4454 909 4516 aeq¹¹⁰
1000 4477 1119 4550 pulum
1134 4475 1199 4533 stoi
1212 4475 1380 4533 subditum
1390 4483 1421 4533 et
1430 4475 1635 4535 commissum
1644 4494 1714 4535 con·

157 4532 359 4618 principalis.
380 4533 509 4615 Propter
528 4531 612 4641 quod
634 4532 749 4594 Paulus
769 4533 849 4595 dixit
869 4535 908 4597 ad
996 4566 1158 4641 ,·„„„„·„„
1172 4583 1270 4643 quam
1290 4565 1335 4622 ad
1349 4583 1423 4623 „m
1442 4564 1590 4635 divisim,
1605 4566 1656 4623 „22
1670 4564 1715 4623 ad

157 4632 411 4697 Petrmnzl'uum
427 4638 476 4693 est
488 4649 672 4719 precipere,
684 4650 790 4694 meum
805 4652 906 4697 orare.
1002 4656 1152 4733 aliquam
1166 4655 1238 4731 ejus
1248 4662 1388 4729 parram,

157 4766 199 4779 -
213 4731 360 4794 Secunda
378 4728 516 4811 objectio
536 4729 569 4790 in
588 4728 761 4793 Passiouali
781 4731 827 4793 sio
847 4732 910 4795 sol-

158 4830 246 4894 vitur
263 4851 270 4892 ε
286 4829 447 4892 Interdum
462 4827 576 4890 Paulus
596 4827 712 4910 legitur
730 4830 835 4893 minor
856 4830 909 4893 Pe·
1035 4832 1113 4895 UUll
1140 4830 1390 4895 innumerabiles
1419 4828 1484 4893 sint
1511 4827 1714 4895 auctoritates

966 4294 1057 4362 Quod
1071 4294 1176 4353 omnis
1185 4296 1352 4370 princeps,
1359 4285 1521 4370 praelatus
1534 4314 1572 4355 ac
1586 4294 1713 4373 legisla-

1005 4392 1057 4443 tor
1066 4386 1238 4460 perprius
1256 4393 1465 4459 comparetur
1482 4387 1527 4445 od
1546 4394 1648 4445 totum
1659 4402 1714 4461 po·

157 4936 220 5007 tro,
235 4927 426 5009 quandoque
440 4926 582 5008 equalis,
599 4926 769 5007 aliquando
785 4929 905 5009 maior:
1049 4932 1083 4993 in
1097 4930 1214 5011 quibus
1228 4931 1376 4995 dominus
1390 4930 1474 5013 Papa
1491 4930 1643 4993 asseritur
1656 4929 1714 4993 toti

157 5026 312 5108 quoniam
328 5025 430 5106 major
444 5023 506 5087 luit
520 5025 553 5086 in
568 5034 641 5087 actu
660 5026 906 5107 predicationis,
963 5050 999 5094 ac
1022 5030 1196 5093 universali
1214 5029 1364 5093 Ecclesiae
1384 5029 1564 5111 presidere,
1579 5029 1710 5111 quidam

158 5124 291 5207 aequalis
313 5124 346 5185 in
366 5123 504 5206 puritate
524 5124 786 5212 conversationis,
804 5126 908 5190 minor
964 5130 994 5192 id
1010 5130 1115 5210 ipsum
1131 5136 1293 5210 negantes,
1311 5137 1346 5190 ut
1359 5128 1598 5191 auctoritatibus
1619 5128 1710 5191 satis·

157 5225 192 5287 in
217 5220 371 5303 dignitate
395 5230 489 5302 atque
514 5220 625 5285 cilicio
648 5222 851 5303 praelationis.
868 5260 908 5271 -
963 5228 1068 5291 lacere
1083 5229 1261 5307 videantur,
1278 5228 1462 5291 evasionem
1475 5228 1559 5291 hanc
1580 5228 1711 5291 invene-

158 5322 207 5386 Ad
237 5320 363 5385 tertium
387 5321 607 5405 respondetur,
634 5323 719 5403 quod
744 5324 818 5387 licet
843 5333 907 5388 tres
963 5336 1048 5408 runt,
1063 5329 1149 5411 quod
1168 5327 1275 5411 praesit
1294 5327 1467 5391 universali
1486 5336 1517 5397 et
1531 5328 1589 5391 toti
1604 5326 1712 5390 llccle·

284 5454 318 5508 T.
336 5456 375 5509 ³6.
959 5472 965 5485 ·
1554 5464 1586 5516 42
