4309 6250
409 482 467 549 166
640 504 681 550 na
702 504 866 551 nicurrarn
887 505 924 551 nr
944 504 1093 551 nanninus
1113 504 1140 551 a.
1165 506 1193 549 v.
1217 504 1333 561 naara,
1357 504 1443 551 crana
1465 507 1505 552 rr.
1528 524 1569 536 -
1588 507 1658 554 aar.
1680 507 1726 553 ιιι

409 674 524 739 ctionis
538 684 699 758 perpetua
720 677 985 760 complectuntur.
1002 676 1156 741 Consimi·
1171 677 1196 739 A
1212 678 1293 758 lans,
1319 680 1444 742 viscera
1471 679 1705 760 misericordia,
1728 676 1974 761 plenitudinem

408 774 483 837 liter
502 775 614 838 anima
638 776 830 859 virginitatis
855 778 1024 859 splendore
1048 777 1157 839 candi·
1211 777 1330 858 gratiae,
1362 779 1602 861 prerogativam
1631 779 1741 865 gloriae
1768 768 1973 858 singularis'l

408 874 499 953 datae,
520 882 613 956 atque
633 874 665 938 in
686 875 770 939 valle
788 876 977 939 humilitatis
997 875 1155 953 enutritae,
1211 876 1394 939 Ascendens
1410 896 1485 959 ergo
1507 878 1662 960 speciosa,
1680 878 1765 941 lacta
1785 884 1834 939 θεῖ
1854 875 1973 937 suavis

408 989 478 1034 eam
519 970 765 1051 circumdantes,
806 972 911 1035 eidem
951 971 1156 1035 devotissime
1213 975 1308 1037 etiam
1322 976 1445 1058 angelis
1466 977 1594 1039 sanctis.
1610 977 1682 1040 llac
1701 974 1893 1039 Beroaldus.

407 1070 637 1151 obsequuntur,
652 1089 723 1151 quaa
742 1070 896 1153 singulari
916 1070 1157 1133 commendatur
1251 1072 1394 1156 Insuper,
1411 1076 1628 1138 beatissimam
1643 1075 1810 1138 Dominam
1824 1092 1895 1135 esse
1912 1092 1975 1135 su-

406 1168 625 1251 privilegi0,et
639 1170 795 1233 immenso
810 1169 926 1232 ditatur
936 1160 1155 1233 mercimonio.
1212 1192 1270 1255 per
1297 1173 1441 1236 omnium
1471 1174 1690 1256 angelicorum
1715 1173 1863 1236 ordinum
1892 1172 1974 1234 alt-i-

407 1266 678 1343 Qnemadmodum
714 1268 800 1331 enim
836 1266 1072 1349 comparatione
1101 1267 1156 1329 Dei
1212 1271 1338 1334 tudines
1360 1272 1527 1352 elevatam,
1544 1280 1576 1335 et
1597 1272 1783 1335 collocatam
1802 1273 1892 1353 juxta
1914 1289 1972 1333 so-

407 1384 502 1429 nemo
521 1365 636 1444 bonus,
654 1365 701 1429 sic
723 1366 959 1448 comparatione
980 1366 1086 1429 llatris
1101 1364 1156 1428 llei
1213 1369 1290 1432 lium
1310 1371 1381 1433 Filii
1403 1371 1465 1449 sui,
1482 1370 1704 1454 multipliciter
1724 1370 1968 1451 comprobatur.

407 1464 496 1527 nulla
519 1464 673 1546 perlecta,
699 1464 846 1546 quamvis
871 1464 987 1527 eximia
1012 1482 1158 1546 compro·
1212 1469 1328 1547 Primo,
1350 1468 1500 1549 quoniam
1523 1488 1579 1532 rex
1603 1476 1635 1532 et
1657 1467 1767 1551 regina
1790 1468 1970 1531 abeodem

407 1564 508 1626 betur.
526 1562 662 1641 Etenim,
678 1562 760 1625 sicut
779 1563 875 1645 Virgo
897 1562 1158 1645 incomparabilis
1213 1566 1406 1649 principatu,
1423 1585 1521 1648 regno
1536 1585 1573 1629 ac
1585 1565 1740 1647 dignitate
1755 1565 1972 1627 denominan-

407 1670 439 1725 et
454 1660 746 1744 incomparabiliter
761 1662 887 1744 dignior
901 1681 938 1724 ac
954 1661 1096 1725 sanctior
1110 1669 1158 1724 est
1213 1672 1288 1728 tur:
1306 1665 1389 1727 sicut
1408 1685 1463 1727 ren
1483 1664 1622 1727 Francia
1642 1672 1673 1727 et
1692 1664 1802 1745 regina
1822 1664 1971 1726 Franciae

407 1760 584 1842 virginibus
600 1760 725 1838 ceteris,
734 1760 779 1823 sic
795 1760 1071 1842 ctAssumptionis
1087 1760 1158 1841 ejus
1213 1763 1253 1826 ab
1273 1764 1386 1827 eodem
1407 1783 1505 1845 regno
1520 1764 1649 1827 nomina
1669 1783 1733 1827 suae
1755 1762 1970 1845 praesidentiae

408 1858 581 1922 solennitas
596 1858 859 1941 incomparabilis
879 1868 926 1921 est
947 1858 1062 1921 ceteris
1082 1856 1196 1919 San-B
1214 1862 1400 1943 sortiuntur.
1419 1862 1479 1923 Sed
1500 1862 1582 1924 sieut
1596 1861 1739 1924 Christus
1762 1869 1891 1923 vocatur
1910 1880 1970 1922 rex

407 1966 530 2021 ctorum
546 1957 802 2035 solennitatibus,
819 1966 851 2021 et
870 1956 1057 2020 admiranda
1078 1956 1158 2038 ipsis
1214 1959 1380 2040 emiorum,
1391 1960 1438 2023 sic
1454 1958 1622 2023 benedicta
1637 1960 1728 2041 virgo
1742 1958 1838 2021 llaria
1853 1959 1970 2040 regina

407 2077 533 2139 quoquc
558 2056 713 2139 angelicis
743 2058 918 2139 spiritibus.
945 2055 1016 2138 Ipso
1040 2056 1157 2119 etenim
1192 2059 1368 2145 ⁸coelorum
1384 2060 1545 2122 asseritur.
1554 2057 1697 2139 Dignitas
1712 2066 1818 2120 autem
1832 2057 1968 2136 Christi,

408 2157 459 2219 dic
482 2155 666 2219 beatissima
688 2156 797 2238 Virgo,
814 2155 1045 2218 alternantibus
1070 2156 1160 2236 hym·
1215 2166 1247 2219 et
1278 2177 1411 2239 regnum
1444 2157 1704 2239 principatusque
1734 2156 1815 2237 ejus,
1843 2156 1971 2219 incom-

407 2256 521 2319 nidicis
536 2257 721 2337 angelorum
737 2256 855 2335 choris,
873 2254 1160 2338 intravitleliciter
1215 2256 1398 2338 parabiliter
1423 2263 1472 2318 est
1502 2274 1599 2335 super
1624 2254 1795 2337 dignitates
1822 2254 1968 2318 omnium

408 2374 526 2437 pascua
541 2362 667 2417 aeterna
683 2353 862 2431 viriditatis,
880 2361 911 2416 et
926 2373 1026 2435 usque
1041 2355 1080 2416 ad
1096 2354 1160 2416 cel·
1214 2354 1431 2437 angelicorum
1465 2354 1635 2436 spirituum
1663 2378 1669 2413 :
1697 2372 1773 2434 ergo
1803 2361 1835 2415 et
1861 2352 1970 2434 digni-

408 2453 580 2516 situdinem
610 2452 714 2517 throni
745 2452 899 2534 pervenit,
929 2461 1023 2533 atque
1055 2450 1159 2534 prima
1214 2460 1273 2533 tas,
1290 2472 1422 2534 regnum
1439 2472 1475 2516 ac
1496 2459 1634 2533 potestas
1655 2451 1878 2514 sacratissimae
1895 2451 1969 2513 Vir-

409 2560 481 2634 post
494 2551 653 2614 Christum
675 2552 813 2633 gloriosa
835 2550 962 2613 resedit.
979 2550 1067 2613 Unde
1084 2570 1159 2613 con·
1214 2550 1309 2633 ginis.

407 2650 547 2713 lidenter
569 2650 609 2713 de
631 2650 700 2731 ipsa
722 2657 828 2713 cantat
848 2648 991 2711 Ecclesia
1012 2650 1097 2729 quod
1119 2648 1158 2711 de
1254 2648 1409 2731 Amplius,
1438 2649 1510 2730 plus
1540 2647 1736 2711 transcendit
1763 2648 1967 2711 divinissima

408 2750 497 2811 nullo
512 2749 645 2812 aliorum
662 2748 712 2810 las
725 2756 773 2810 est
794 2747 911 2824 dicere,
928 2749 1012 2828 quod
1036 2746 1159 2809 scilicet
1214 2746 1304 2828 virgo
1333 2747 1427 2809 llaria
1460 2747 1637 2829 Seraphim,
1668 2766 1763 2827 quam
1797 2748 1965 2829 Seraphim

388 2834 491 2909 'ultra
515 2846 701 2929 angelorum
725 2846 837 2908 merita
859 2846 1051 2927 ordinesque
1075 2853 1160 2906 tran·
1213 2845 1395 2908 Cherubim.
1422 2846 1482 2908 Sed
1506 2854 1592 2908 tanta
1617 2854 1666 2909 cst
1692 2845 1881 2909 excellentia
1910 2846 1967 2909 Se·

409 2946 543 3025 scendit,
551 2965 648 3028 quum
664 2945 787 3007 elevata
801 2952 849 3007 θεῖ
864 2945 903 3006 ad
915 2944 986 3007 coeli
1004 2942 1157 3025 palatium
1215 2944 1339 3026 raphim
1355 2963 1451 3025 super
1464 2943 1647 3024 Cherubim,
1663 2946 1749 3025 quod
1763 2944 1803 3007 ad
1818 2945 1966 3007 diversos

409 3045 443 3107 in
463 3044 622 3107 dexteram
644 3042 754 3105 Patris.
1177 3042 1375 3124 Cpcrtinent
1396 3042 1522 3105 choros.
1539 3042 1620 3124 Ergo
1642 3042 1883 3126 praeclarissima
1904 3044 1967 3106 Do

449 3143 527 3205 Hinc
543 3145 672 3205 demum
688 3143 732 3204 ait
745 3142 937 3219 Bernardus,
953 3140 1007 3222 qui
1027 3142 1066 3202 de
1086 3141 1160 3203 bea-
1215 3143 1302 3204 mina
1331 3162 1427 3224 super
1460 3142 1625 3222 Seraphim
1659 3151 1708 3205 est
1740 3151 1900 3224 provecta,
1934 3153 1967 3206 θῖ

409 3241 532 3303 tissima
560 3241 689 3322 Virgine
724 3239 839 3302 ceteris
866 3239 1037 3321 gratiosius
1066 3248 1160 3320 atque
1215 3241 1384 3321 seraphico
1412 3240 1522 3302 ordine
1550 3240 1643 3304 altior
1671 3250 1719 3304 est
1748 3240 1876 3304 ellecta.
1906 3243 1967 3304 De

410 3339 555 3402 devotius
571 3339 696 3402 videtur
717 3358 786 3401 esse
801 3338 926 3402 locutus
944 3361 950 3398 :
968 3338 1081 3400 Fateor
1099 3337 1161 3416 (in-
1215 3339 1323 3419 nique,
1344 3357 1455 3401 omnes
1475 3338 1611 3420 angelici
1633 3338 1762 3420 spiritus
1785 3348 1858 3401 sunt
1878 3339 1964 3402 servi

410 3439 493 3520 quil)
514 3436 708 3520 imperitiam
732 3445 895 3517 meamet
917 3436 1161 3519 pusillanimita-
1214 3436 1380 3515 Creatoris,
1411 3444 1443 3498 et
1471 3445 1696 3518 comparantur
1730 3437 1769 3498 ad
1799 3437 1964 3518 Virginem

410 3546 474 3600 tem
490 3537 651 3619 propriam
667 3554 731 3599 non
747 3534 997 3598 abscondo.Non
1013 3536 1160 3614 estquod
1215 3554 1371 3596 summam
1387 3542 1422 3596 ut
1436 3535 1519 3596 servi
1543 3536 1581 3596 ad
1598 3535 1759 3598 dominam
1776 3559 1783 3596 :
1801 3535 1872 3599 ideo
1893 3536 1965 3618 ipsa

410 3637 549 3718 amplius
578 3655 629 3698 me
658 3635 806 3712 delectet,
834 3633 888 3696 sed
915 3653 973 3695 nec
1003 3632 1160 3713 estquod
1215 3653 1311 3715 super
1325 3633 1492 3695 universos
1508 3633 1634 3696 illorum
1657 3633 1785 3696 ordines
1805 3643 1852 3696 est
1867 3635 1965 3697 subli-

410 3736 513 3818 magis
528 3754 578 3796 me
594 3742 720 3813 terreat,
736 3752 831 3814 quam
854 3750 1033 3794 sermonem
1055 3730 1161 3793 lacere
1216 3739 1311 3810 mata,
1328 3739 1415 3794 tanto
1432 3730 1601 3792 sublimius
1623 3739 1741 3812 quanto
1756 3731 1883 3795 Alatrem
1905 3733 1966 3796 lle·

411 3844 442 3899 et
474 3835 592 3897 habere
621 3833 660 3895 de
688 3831 789 3914 gloria
819 3830 958 3912 Virginis
989 3829 1105 3892 llatris.
1136 3831 1161 3891 A
1214 3830 1263 3911 gis
1284 3828 1503 3910 Creatorisque
1530 3829 1674 3892 omnium
1697 3829 1964 3893 virtuosissimam

411 3933 558 3996 laudibus
574 3930 732 4012 siquidem
747 3929 887 3991 humana
907 3927 1082 3990 mortalitas
1097 3947 1161 3989 non
1216 3927 1336 4010 pratici
1364 3928 1470 3990 decuit
1493 3935 1525 3989 et
1549 3926 1722 4009 superferri
1747 3928 1966 3992 mansionibus

412 4030 506 4092 debet
525 4046 661 4106 cessare,
681 4045 780 4107 quum
800 4025 938 4087 hominis
961 4025 1027 4087 sola
1049 4033 1162 4086 natura
1216 4027 1433 4089 minist-rorum
1449 4033 1481 4088 et
1501 4025 1666 4088 ordinibus
1688 4025 1873 4106 angelorum
1893 4048 1968 4090 san-

412 4146 509 4208 super
523 4125 652 4207 spiritus
670 4122 864 4186 immortales
880 4122 1033 4185 exaltatur
1047 4123 1081 4184 in
1094 4123 1164 4184 Vir·
1217 4133 1352 4203 ctorum,
1363 4125 1401 4187 ad
1416 4124 1577 4186 dexteram
1593 4124 1665 4186 Filii
1680 4124 1967 4189 collocatamllur-

412 4225 486 4307 gine
504 4224 566 4286 :de
586 4223 679 4304 cujus
701 4222 793 4283 laude
816 4229 847 4282 et
866 4221 967 4302 gloria
985 4241 1044 4284 nec
1067 4221 1161 4283 silere
1177 4224 1202 4284 D
1217 4243 1282 4299 sus,
1308 4225 1347 4285 ad
1372 4222 1507 4304 gloriam
1532 4222 1698 4305 Seraphim
1724 4223 1870 4286 homines
1893 4245 1967 4306 pos-

413 4323 531 4405 patitur
546 4320 681 4397 dovotio,
700 4338 759 4382 nec
775 4318 907 4400 dignum
923 4318 1043 4399 aliquid
1060 4328 1162 4400 potest
1217 4329 1291 4383 sunt
1315 4321 1505 4403 pertingere,
1531 4339 1595 4384 non
1620 4331 1725 4384 autem
1750 4323 1789 4384 ad
1818 4325 1964 4404 gradum,

413 4420 582 4502 concipere
598 4418 747 4500 cogitatio
762 4426 815 4480 aut
830 4416 986 4480 inerudita
1006 4417 1162 4498 parturire
1216 4419 1402 4502 dignitatem
1418 4427 1449 4482 et
1463 4419 1596 4502 gloriam
1611 4419 1751 4502 Virginis
1766 4421 1942 4486 benedictae
1955 4447 1964 4488 z

412 4519 543 4582 locutio.
559 4517 637 4580 Nam
652 4517 713 4599 ipsi
730 4516 867 4580 coelestis
883 4516 979 4579 curiae
1001 4515 1162 4598 principes
1216 4538 1286 4599 quae
1314 4538 1412 4599 quum
1440 4519 1481 4580 sit
1508 4536 1583 4580 vera
1614 4518 1756 4581 Cenitrix
1783 4519 1851 4598 Dei,
1879 4520 1964 4601 jure,

411 4618 444 4680 in
461 4624 554 4680 tantae
575 4615 726 4680 novitatis
748 4615 1002 4678 consideratione
1023 4615 1162 4677 clamant
1217 4618 1309 4681 titulo
1344 4637 1381 4680 ac
1416 4616 1585 4699 privilegio
1623 4619 1833 4681 maternitatis
1872 4619 1965 4682 istius

293 4747 322 4775 an
336 4747 396 4786 ‚vlt
412 4736 476 4781 non
503 4717 571 4779 sine
595 4715 804 4778 admiratione
822 4739 828 4776 :
846 4713 919 4789 Quae
944 4721 991 4777 est
1012 4713 1072 4775 ista
1091 4732 1161 4794 quae
1217 4717 1345 4798 praelata
1367 4724 1415 4789 θεῖ
1439 4716 1526 4778 omni
1552 4735 1696 4796 personat
1715 4727 1838 4797 creatae,
1855 4719 1965 4800 regina

410 4816 555 4880 ascendit
578 4816 618 4878 de
642 4815 779 4895 deserte,
805 4814 837 4876 id
862 4822 911 4876 est
934 4814 973 4876 de
1000 4812 1058 4874 sub
1081 4813 1159 4890 sole,
1217 4825 1249 4878 et
1270 4815 1454 4897 imperatrix
1474 4834 1511 4877 ac
1533 4815 1664 4878 domina
1685 4817 1881 4898 angelorum.

410 4916 464 4979 nbi
479 4935 542 4978 non
557 4923 606 4978 est
621 4913 684 4977 nisi
700 4913 789 4977 labor
803 4921 834 4977 ot
854 4912 990 4976 alllictio
1006 4910 1159 4994 spiritust
1257 4915 1428 4991 Postremo,
1445 4913 1707 4977 decentissimum
1730 4915 1791 4978 luit
1804 4914 1965 4979 Christum
1981 4939 2117 4988 remae

407 5014 569 5092 Ascendit,
600 5012 743 5094 inquam,
772 5011 896 5075 deliciis
926 5010 1065 5074 allluens
1096 5011 1159 5091 spi·
1217 5013 1272 5075 llei
1287 5013 1435 5075 virtutem
1456 5031 1493 5074 ac
1508 5011 1562 5074 llei
1585 5013 1786 5093 sapientiam,
1804 5014 1966 5097 propriam

406 5114 583 5177 ritualibus.
600 5112 680 5186 Quid
704 5111 766 5172 nisi
789 5109 921 5173 delicias
943 5109 1088 5187 dixerim,
1104 5109 1157 5171 de·
1215 5112 1344 5173 Matrem
1359 5111 1392 5172 in
1406 5110 1498 5174 donis
1517 5111 1627 5193 gratiae
1646 5131 1683 5174 ac
1702 5112 1823 5174 divitiis
1841 5113 1966 5193 gloriae,

406 5233 462 5277 cus
477 5211 666 5294 virginitatis
688 5228 760 5272 cum
784 5229 916 5272 munere
937 5208 1153 5285 fecunditatis,
1216 5218 1325 5272 ettam
1347 5208 1380 5270 in
1400 5209 1490 5272 donis
1512 5209 1622 5290 gratias
1643 5208 1854 5290 gratificantis
1869 5229 1967 5290 quam

404 5311 593 5378 humilitatis
609 5308 736 5391 insigne
757 5307 865 5372 savum
888 5307 1029 5370 caritatis
1050 5307 1152 5370 distil-
1210 5309 1244 5371 in
1259 5308 1352 5373 donis
1371 5308 1479 5390 gratiae
1500 5308 1598 5390 gratis
1618 5309 1709 5385 datae,
1726 5308 1875 5372 omnihus
1891 5310 1967 5374 suis
