4309 6250
795 502 911 551 CONTRA
934 505 1102 551 PERFIDIA!
1122 506 1293 564 Hdfloml,
1315 508 1404 555 lellll
1424 510 1465 555 lif.
1487 526 1528 539 -
1548 509 1619 555 ΑΜ.
1642 510 1696 555 xlv

657 704 902 772 ARTICULUS
926 708 1018 771 XIV·
1229 677 1254 738 Α
1311 678 1342 740 S.
1351 677 1501 741 Silvester
1514 678 1596 760 Papa
1611 698 1629 741 a
1644 678 1795 762 prefecto
1809 679 2001 761 captus,dixit

1269 775 1373 839 eidem
1391 800 1398 838 :
1417 778 1528 854 Stulte,
1552 778 1611 840 bac
1637 787 1730 841 nocte
1753 778 1896 841 morieris
1918 787 2001 860 atqm

1269 882 1386 937 aeterua
1406 883 1565 939 tormenta
1588 876 1736 959 recipies,
1753 895 1920 957 veramque
1942 896 2001 939 esse

1201 1036 1205 1045 ,
1269 970 1368 1035 fidem
1383 972 1632 1036 Christianorum
1652 993 1710 1055 per
1723 982 1879 1037 tormenta
1899 992 2003 1055 cogno

534 1069 558 1131 Ε
586 1069 651 1131 vita
683 1070 894 1152 sanctissima,
925 1071 1214 1135 innumerabilibus
1270 1089 1350 1133 sees.
1366 1071 1404 1133 lit
1423 1070 1544 1134 factum
1563 1080 1613 1134 est
1631 1072 1685 1135 ita.
1703 1073 1840 1135 Taurum
1860 1070 2002 1135 ferocissi-

548 1168 863 1251 pracclarissimisque
896 1169 1057 1233 miraculis
1091 1179 1216 1233 sancto-
1271 1187 1359 1231 mum
1381 1178 1553 1250 mortuum,
1570 1170 1688 1233 virtute
1711 1170 1826 1233 Christi
1852 1170 2002 1233 resuscita·

466 1285 536 1329 rum
552 1275 737 1350 martyrum,
750 1265 969 1331 confessorum
985 1288 1022 1332 ac
1038 1269 1211 1351 virginum,
1271 1267 1327 1331 vit.
1354 1268 1528 1331 Draconem
1555 1268 1845 1332 venenosissimum
1867 1268 1898 1330 in
1921 1267 2001 1333 fovea

466 1364 556 1427 multi
577 1374 609 1429 et
627 1365 734 1447 magni
754 1364 828 1428 libri
851 1365 916 1430 fide
938 1367 1118 1449 dignissimi
1140 1374 1216 1429 sunt
1270 1366 1521 1447 profundissima
1534 1367 1694 1448 jacentem
1709 1367 1923 1449 plurimosque
1936 1387 2001 1450 quo

465 1464 648 1548 conscripti.
662 1464 700 1526 Et
715 1464 798 1527 sicut
813 1464 957 1547 superius
973 1475 1021 1528 est
1034 1466 1213 1546 inductum,
1270 1466 1348 1528 tidie
1369 1484 1427 1528 suo
1448 1465 1529 1529 flatu
1548 1476 1727 1544 necantem,
1745 1467 1858 1549 ligarit
1869 1476 1955 1549 atque
1967 1468 2001 1531 ab

466 1564 626 1627 Romanus
642 1562 794 1641 Pontifex,
812 1563 866 1644 qui
882 1572 929 1626 est
944 1564 1093 1647 praelatus
1107 1564 1215 1627 Eccle-
1270 1564 1356 1627 omni
1373 1563 1450 1627 fecit
1463 1564 1638 1629 infectione
1653 1572 1800 1644 'cessare3
1815 1566 1950 1647 duosque
1963 1567 2001 1628 vi-

467 1662 531 1739 siae,
549 1662 711 1725 nemiuem
727 1662 902 1742 conculcat,
919 1662 981 1724 nisi
1004 1662 1097 1744 cujus
1117 1663 1214 1725 vitam
1270 1680 1322 1725 ros
1349 1683 1368 1725 a
1395 1664 1533 1727 dracone
1561 1663 1709 1745 infectos,
1738 1682 1821 1745 pene
1849 1664 2000 1729 exstinctos

466 1762 548 1824 licus
564 1780 621 1843 per
635 1759 790 1823 miracula
804 1761 967 1843 approbat.
982 1760 1045 1824 Nec
1061 1762 1216 1825 miracula
1271 1762 1404 1825 curavit.

466 1879 536 1942 quaa
560 1858 644 1923 facta
669 1868 848 1939 narrantur,
870 1858 1007 1923 faciliter
1033 1861 1146 1944 recipit
1171 1859 1255 1927 fa-ll
1312 1862 1342 1923 S.
1359 1861 1547 1925 Benedictus
1566 1862 1741 1945 prophetiae
1760 1862 1871 1946 spiritu
1889 1861 2000 1945 plenus,

466 1966 557 2021 ctave
573 1958 684 2037 credit,
701 1958 755 2020 sed
770 1957 1012 2039 diligentissime
1027 1958 1170 2039 discutit,
1185 1966 1217 2021 et
1272 1968 1335 2023 tres
1350 1960 1516 2023 suscitavit
1536 1960 1726 2038 defunctos3
1743 1960 1875 2043 ejusque
1895 1961 2002 2023 meritis

466 2054 719 2139 copiosissimam
745 2056 1017 2138 certissimamque
1041 2055 1232 2131 testificati-⁴
1271 2055 1449 2139 discipulus
1468 2076 1544 2119 suus
1564 2057 1689 2120 ldaurus
1708 2077 1805 2140 super
1829 2076 1921 2139 equas
1943 2056 2002 2118 sine

466 2174 561 2219 onem
587 2155 730 2237 requirit,
756 2156 852 2218 etiam
877 2154 1045 2238 plusquam
1070 2156 1216 2219 incredu-
1272 2156 1491 2219 submersione
1506 2157 1658 2236 cucurrit,
1666 2174 1863 2239 puemmque
1876 2155 2003 2218 submer

468 2255 571 2318 lorum
599 2253 759 2337 quispiam
785 2255 913 2317 credere
942 2262 1054 2336 potest.
1081 2255 1214 2335 Idcirco,
1273 2274 1343 2317 sum
1371 2254 1480 2317 eduxit
1507 2254 1654 2317 illaesum.
1675 2255 1846 2318 lnnumera
1871 2264 1902 2317 et
1923 2256 2002 2317 raldo

468 2353 615 2436 quamvis
637 2373 707 2435 quae
732 2353 830 2417 recito
854 2372 918 2416 non
943 2353 1005 2416 nisi
1027 2354 1216 2417 brevissime
1272 2352 1423 2435 praeclara
1439 2361 1513 2415 sunt
1527 2352 1598 2434 ejus
1613 2353 1768 2416 miracula
1785 2376 1792 2415 :
1809 2371 1881 2416 nam
1895 2354 2003 2415 etduo

469 2460 608 2534 tangam,
625 2452 801 2515 certissime
817 2461 923 2515 umen
943 2453 1102 2515 credenda
1116 2460 1190 2515 sunt
1206 2474 1214 2515 ε
1271 2451 1375 2514 decim
1390 2450 1495 2514 fontes
1510 2449 1588 2513 feeit
1602 2451 1884 2532 supernaturaliter
1900 2451 2001 2514 deleo
2108 2455 2109 2466 ¹

336 2574 373 2617 rra.
386 2573 401 2624 1.
413 2578 454 2617 ιιι.
469 2550 646 2634 presertim
666 2570 765 2633 quum
786 2549 966 2614 efficaciter
986 2550 1026 2612 sit
1049 2551 1216 2633 probatum
1271 2568 1307 2612 ra
1327 2568 1504 2631 erumpere.

321 2650 335 2679 l'
337 2650 419 2688 ¹¹¹¹¹¹¹¹
469 2648 675 2712 christianam
700 2648 798 2711 fidem
823 2668 887 2712 non
916 2648 977 2711 nisi
1002 2668 1059 2731 per
1087 2648 1217 2731 copiosa
1311 2649 1342 2712 S.
1357 2648 1532 2711 Germanus
1547 2647 1717 2731 episcopus
1731 2648 1839 2713 filium
1854 2648 2000 2712 Volusiani

468 2748 622 2811 miracula
641 2766 710 2812 esse
730 2756 902 2830 receptam,
918 2746 1070 2810 diffusam
1092 2756 1124 2811 et
1141 2768 1218 2811 con·
1272 2746 1427 2829 principis
1455 2746 1621 2809 suscitavit
1648 2766 1666 2810 a
1695 2748 1839 2810 mortuis.
1865 2746 2002 2809 Similiter

469 2856 637 2910 servatam.
651 2846 740 2910 Nunc
751 2865 827 2928 ergo
838 2848 877 2909 de
892 2846 943 2908 his
957 2846 1065 2927 aliqua
1080 2846 1218 2909 breviter
1271 2846 1436 2928 proprium
1468 2845 1596 2909 asinum
1628 2864 1692 2927 quo
1714 2846 1905 2924 vehebatur,
1932 2865 2002 2908 mor·

468 2953 543 3009 sunt
564 2946 732 3027 tangenda.
1271 2953 1361 3007 tuum
1390 2944 1610 3022 resuscitavit3
1640 2944 1732 3007 vituli
1764 2964 1891 3027 quoque
1916 2942 2001 3008 occisi

507 3045 539 3107 S.
567 3044 682 3107 Thecla
707 3062 766 3106 nec
790 3043 831 3106 ab
859 3042 932 3126 igne
959 3062 1062 3126 neque
1091 3063 1109 3106 a
1138 3042 1215 3107 feris
1236 3044 1365 3127 fletque
1390 3044 1521 3106 comesti
1544 3062 1617 3107 ossa
1636 3044 1839 3127 recolligens,
1854 3043 2002 3107 resuscita

468 3144 574 3228 potuit
597 3143 678 3206 ledi.
706 3144 737 3207 S.
764 3145 869 3225 Agnes
893 3143 1034 3225 praefecti
1061 3144 1218 3207 Romano—
1271 3143 1319 3206 vit
1338 3144 1498 3222 eumdem,
1514 3152 1546 3206 et
1566 3142 1629 3206 alia
1650 3142 1730 3206 fecit
1751 3143 1843 3225 signa
1864 3142 1979 3206 eximia.

468 3264 538 3306 rum
560 3242 666 3305 filium
687 3239 852 3304 suscitavit
871 3261 889 3303 a
909 3242 1051 3322 mortuis,
1067 3250 1163 3324 atque
1183 3242 1216 3304 in
1311 3241 1342 3304 S.
1359 3241 1544 3305 Dominicus
1563 3242 1646 3304 inter
1665 3249 1772 3304 cetera
1791 3261 1848 3304 sua
1862 3239 2000 3324 pmdigia,

469 3341 574 3404 medio
596 3340 679 3423 ignis
701 3340 787 3402 stetit
807 3340 915 3404 illaesa.
1272 3341 1374 3404 adbuc
1398 3340 1510 3404 vivens
1535 3341 1615 3404 duos
1639 3341 1765 3404 reduxit
1787 3339 1950 3405 defunctos
1970 3337 2001 3400 ad
2109 3320 2110 3347 ¹

509 3441 642 3503 Sanetus
678 3438 822 3522 pontifex
854 3438 1001 3502 Nicolaus
1033 3458 1132 3520 quum
1169 3438 1217 3500 in·
1272 3439 1380 3502 vitam.
1403 3439 1434 3502 S.
1455 3439 1643 3502 franciscus
1666 3439 1836 3503 innumera
1859 3438 1934 3503 fecit
1953 3437 2002 3499 mi-

468 3539 539 3602 fans
554 3538 778 3620 baptizaretur,
795 3537 880 3600 stetit
900 3545 1043 3616 erectus;
1059 3547 1170 3619 quarta
1185 3546 1217 3602 et
1274 3538 1391 3618 recula,
1407 3538 1582 3621 prophetias
1597 3537 1749 3620 preditus
1763 3538 1874 3621 gratia.
1891 3538 1965 3601 Oves
1976 3543 2002 3596 et

467 3645 555 3701 sexta
579 3636 660 3700 feria
685 3637 783 3699 semel
809 3637 1027 3699 tantummodo
1047 3637 1146 3700 ubera
1164 3657 1216 3700 su·
1272 3635 1381 3699 bestia
1409 3637 1438 3698 ei
1471 3635 1679 3714 obedierunt;
1705 3635 1936 3700 ferocissimum
1963 3633 2002 3695 lu·

466 3737 521 3799 xit.
548 3734 662 3798 Divina
690 3735 884 3798 revelatione
912 3733 1083 3815 episcopus
1111 3735 1215 3797 factus
1272 3754 1348 3818 pum
1371 3734 1447 3798 lecit
1470 3733 1688 3798 mitissimum.
1705 3733 1850 3817 Quinque
1875 3743 2000 3798 mortuos

465 3843 524 3898 est.
541 3834 710 3896 Innumero
729 3834 832 3896 adhuc
854 3833 967 3919 vivens
992 3833 1146 3896 miracula
1170 3832 1216 3896 fe-
1272 3842 1415 3896 mortuus
1434 3832 1611 3896 suscitavit.
1628 3833 1659 3895 S.
1676 3832 1814 3896 Hilarius
1831 3832 1943 3916 praesul
1959 3849 2001 3892 su-

466 3934 530 4012 cit3
558 3932 697 3996 moriens
722 3951 860 4014 quoque,
887 3931 965 3994 vidit
989 3931 1121 4013 angelos
1145 3952 1216 3994 san·
1272 3931 1399 3994 scitavit
1422 3941 1583 3994 mortuum
1608 3951 1729 4008 unum;
1746 3932 1778 3995 S.
1796 3932 1925 3995 Samson
1947 3928 2002 4010 epi-

467 4041 535 4096 ctos
561 4030 725 4094 venientes
751 4049 807 4112 pro
828 4029 936 4093 anima
956 4030 1085 4093 analio
1110 4039 1215 4093 autem
1272 4048 1399 4112 scopus,
1415 4039 1557 4094 mortuos
1578 4038 1725 4112 quatuor.

466 4131 602 4215 sepulto,
620 4128 803 4193 fonsoleia
823 4128 927 4211 capite
947 4137 979 4192 et
997 4127 1069 4192 fons
1090 4149 1216 4211 aquaea
1311 4130 1343 4193 S.
1373 4129 1551 4192 bernardus
1584 4127 1712 4191 infinita
1744 4128 1822 4193 fecit
1851 4125 2000 4204 miracula,

467 4229 601 4313 pedibus
616 4227 687 4308 ejus
701 4227 733 4289 iu
749 4228 922 4290 multorum
942 4227 1099 4290 medelam
1119 4247 1217 4309 aegro-
1232 4229 1256 4291 D
1272 4229 1367 4291 etiam
1382 4227 1475 4290 valde
1490 4246 1605 4310 magna
1622 4250 1628 4288 :
1646 4227 1807 4309 siquidem
1821 4246 1930 4306 cecos,
1944 4243 2002 4286 sur·

466 4348 536 4392 rum
556 4333 740 4410 eruperunt.
757 4326 829 4389 Post
847 4333 981 4389 mortem
999 4326 1095 4388 etiam
1115 4327 1217 4406 excel·
1272 4330 1340 4406 dos,
1357 4334 1461 4390 mutos
1486 4335 1518 4389 et
1540 4326 1671 4390 claudos
1692 4346 1711 4389 a
1733 4327 1906 4391 nativitatis
1928 4342 2002 4388 exor-

467 4427 644 4490 lentissima
665 4422 743 4487 fecit
760 4423 925 4504 miracula,
942 4423 1113 4506 pluresque
1135 4443 1217 4488 mor·
1272 4427 1337 4504 dio,
1353 4425 1491 4507 gloriose
1516 4424 1650 4504 curavit,
1673 4434 1705 4488 et
1728 4445 1829 4489 unum
1853 4421 2002 4489 suscitarit

465 4534 537 4588 tuos
559 4523 734 4587 suscitavit.
1272 4524 1470 4588 defunctum.
1486 4524 1573 4587 idem
1591 4523 1654 4586 fuit
1672 4525 1701 4587 ei
1722 4532 1854 4607 tangere
1873 4532 1905 4588 et
1925 4541 2002 4586 cura·

506 4625 536 4686 S.
555 4622 704 4686 Martinus
725 4622 837 4684 vivens
859 4621 892 4684 in
915 4640 1059 4705 corpore,
1076 4631 1140 4685 tres
1165 4643 1216 4685 su·
1273 4643 1306 4686 re
1323 4647 1330 4685 :
1348 4622 1504 4704 siquidem
1530 4631 1576 4686 tot
1599 4631 1630 4684 et
1654 4631 1740 4685 tanta
1763 4625 1828 4706 egit
1852 4621 2000 4696 miracula,

466 4721 592 4786 scitavit
615 4720 794 4784 defunctos.
821 4720 1017 4783 irrationalia
1042 4721 1114 4801 ejus
1143 4721 1216 4784 obe
1272 4724 1355 4804 quod
1370 4721 1508 4784 describi
1528 4740 1591 4785 non
1614 4729 1770 4804 poterant.
1787 4722 1865 4786 Nam
1884 4741 1942 4786 uno
1958 4719 2000 4782 die

466 4822 595 4885 dierunt
608 4819 765 4902 imperi03
782 4826 813 4881 et
827 4819 954 4881 Arionis
972 4819 1072 4881 Deum
1092 4838 1162 4882 esse
1181 4819 1215 4880 in
1271 4820 1443 4901 aliquando
1463 4819 1593 4901 triginta
1612 4838 1728 4882 novem
1747 4818 1825 4885 fecit
1842 4818 1998 4887 miraculat

465 4919 610 5004 personis
626 4919 744 4982 trinum
760 4917 962 4998 negantibus,
978 4916 1154 4980 fortissime
1169 4937 1217 4980 re·
1271 4927 1365 4999 atque
1381 4917 1566 4999 pmphetica
1580 4918 1694 4999 plenus
1713 4919 1832 4982 exstitit
1845 4919 1949 5002 gratia.
1964 4915 1999 4977 lie

465 5019 556 5082 stitit.
584 5017 757 5100 Prophetiae
782 5015 897 5098 spiritu
922 5014 1023 5077 fulsit.
1050 5015 1216 5097 Quumque
1271 5018 1364 5097 quus
1379 5016 1556 5093 sanctitate,
1573 5017 1670 5097 gestis
1685 5026 1717 5080 et
1730 5017 1833 5098 siguis
1847 5018 1925 5081 edita
1938 5021 2000 5077 sunt

464 5118 634 5200 migrasset
656 5117 696 5178 ad
720 5115 902 5194 Dominum,
921 5113 1027 5176 vultus
1053 5114 1124 5194 ejus
1148 5123 1216 5178 tan-
1270 5115 1412 5197 quinque
1434 5115 1585 5196 praeclara
1606 5114 1781 5178 volumina.

464 5236 560 5300 quam
582 5214 682 5278 facies
708 5213 852 5295 corporis
877 5211 1049 5295 glorificati
1076 5213 1216 5295 resplen-
1311 5213 1342 5275 S.
1358 5212 1502 5274 Julianus
1517 5220 1635 5294 martyr
1648 5213 1679 5275 S.
1695 5214 1897 5278 Anastasium
1915 5208 2000 5275 susci-

465 5316 545 5381 duit.
1270 5311 1349 5376 tavit
1362 5309 1560 5375 defunctum.
1578 5311 1609 5376 S.
1625 5311 1803 5377 Alexander
1815 5313 1896 5398 Papa
1908 5311 1998 5375 filium

464 828 512 886 De
526 829 640 886 multis
653 829 774 887 sanctis
784 829 983 889 Christianis
996 831 1056 909 qui
1064 831 1215 906 fecerunt

751 918 925 979 miracula.
