4309 6250
419 525 460 572 nr
480 523 645 574 orovrrnm
665 523 704 570 ιτ
724 523 873 571 nunninus
895 522 922 569 a.
945 523 975 568 v.
998 523 1117 582 narra,
1139 524 1229 572 nara
1250 525 1271 571 1.
1293 543 1335 555 -
1354 527 1425 574 aar.
1447 528 1468 574 x
1675 512 1718 577 29

168 695 242 759 hinc
264 695 457 759 credendum
479 695 530 778 pie
549 695 686 774 videtur,
702 695 787 776 quod
807 692 840 756 in
860 713 916 756 na·
930 694 955 756 A
970 713 1007 756 ac
1027 695 1122 758 rebus
1138 718 1146 757 ι
1162 694 1244 759 Ecce
1262 697 1385 760 adsum.
1406 698 1495 761 'lunc
1515 698 1634 782 quippe
1653 717 1717 764 cce-
1730 717 1849 774 rama,

167 793 288 856 tivitatc
310 793 545 876 gloriosissimae
566 794 700 876 virginis
723 791 825 856 llariaa
847 791 917 854 dul-
970 791 1018 872 pit
1046 801 1209 874 patescere
1238 803 1324 858 recto
1354 797 1487 859 orientis
1515 797 1641 860 tramite
1669 783 1751 862 lu·⁸·

168 892 303 955 cissima
318 893 511 976 precipuum
535 891 652 956 exstitit
673 891 833 974 gaudium,
851 908 915 952 non
970 889 1095 953 minosa
1117 891 1257 954 coelestis
1277 893 1386 975 gratiae
1408 892 1558 976 fenestra,
1573 915 1644 977 quaa
1666 895 1715 958 sui

168 991 270 1054 solum
286 990 356 1071 ejus
370 989 630 1072 pareatibus,sed
646 997 677 1052 et
693 988 806 1052 vicinis
821 996 915 1068 atquc
970 986 1102 1050 luminis
1116 988 1323 1070 abundantia,
1339 992 1482 1056 coeleatia
1496 993 1590 1056 simul
1610 1001 1641 1057 et
1655 1001 1717 1056 ter·

167 1088 320 1170 cognatis‚
330 1107 368 1150 ex
381 1087 588 1168 inspiratione
603 1084 915 1168 Omnipotentis,imo
970 1085 1083 1148 restria
1117 1087 1302 1167 perfuderat
1335 1089 1497 1168 universa,
1529 1109 1588 1171 por
1620 1108 1716 1172 quam

165 1185 317 1267 angelicis
330 1203 458 1265 quoque
473 1184 649 1266 spiritibus,
666 1203 703 1248 ac
725 1183 833 1246 multis
852 1182 916 1245 ele-
969 1181 1052 1244 Deus
1071 1202 1130 1247 nos
1149 1203 1214 1265 prta
1235 1185 1329 1249 solito
1348 1187 1446 1268 coepit
1469 1187 1718 1251 misericorditer

165 1283 225 1346 ctis
239 1281 424 1345 hominibus
438 1289 514 1345 tunc
530 1282 563 1343 in
584 1283 702 1346 mundo
721 1280 912 1360 viventibus,
969 1278 1098 1343 intueri.
1114 1280 1172 1344 Per
1185 1290 1228 1362 te,
1244 1301 1263 1346 o
1278 1282 1584 1364 praeamabilissima,
1596 1287 1718 1349 suavis·

165 1381 219 1464 qui
245 1389 320 1443 tunc
344 1399 383 1442 ex
407 1379 616 1463 inspiratione
640 1387 762 1442 secreta
788 1379 914 1442 insolito
969 1377 1049 1441 sima
1072 1379 1162 1462 virgo
1185 1381 1292 1462 fdaria,
1308 1383 1375 1444 veri
1403 1383 1485 1446 Solis
1509 1403 1622 1447 aurora
1647 1403 1718 1466 pro

165 1479 302 1562 quodam
337 1479 453 1561 gaudio
480 1477 762 1561 perfundebantur,
793 1477 848 1540 sed
883 1485 915 1540 et
967 1477 1120 1559 graditur,
1144 1478 1337 1542 iudeficiens
1366 1481 1418 1544 Sol
1445 1481 1579 1562 justitia
1602 1484 1714 1562 oritur,

166 1577 284 1640 sanctis
306 1577 340 1639 in
362 1576 460 1640 limbo
480 1576 628 1639 detentis.
968 1575 1080 1638 mortis
1104 1577 1242 1640 tenebrae
1265 1577 1460 1660 effugantur,
1483 1579 1543 1642 filii
1566 1580 1647 1643 lucis
1669 1582 1717 1644 in-

205 1675 284 1738 llinc
304 1674 336 1736 in
355 1674 611 1737 Revelationibus
630 1673 661 1736 S.
677 1672 815 1755 brigittae
835 1671 914 1734 reci·
968 1680 1160 1755 staurantur,
1181 1675 1232 1737 via
1253 1677 1364 1739 salutis
1385 1678 1573 1758 ostenditur,
1598 1679 1715 1742 veritas

166 1781 249 1838 tatur
264 1774 463 1856 praemanda
482 1793 519 1836 ac
539 1771 814 1837 honorandissimo
832 1789 914 1835 sem·
968 1771 1178 1852 illuminatur,
1204 1773 1271 1836 vita
1298 1773 1469 1853 invenitur,
1497 1777 1580 1840 Deus
1606 1777 1714 1860 gratia

166 1892 223 1956 per
244 1871 333 1954 virgo
351 1871 446 1934 Maria
470 1871 509 1934 ad
533 1870 634 1952 ipsam
658 1867 820 1952 brigittam
843 1887 912 1932 esse
930 1871 953 1932 B
968 1867 1050 1931 facie
1081 1870 1120 1933 ad
1145 1868 1261 1933 faciem
1286 1873 1481 1954 agnoscitur,
1505 1881 1538 1936 et
1558 1874 1623 1938 liex
1648 1875 1716 1958 glo-
1742 1897 1775 1943 n.
1788 1914 1861 1954 nnn.

165 1971 270 2034 locuta
287 1969 445 2050 :Tempus
460 1968 492 2030 in
508 1986 571 2051 quo
587 1967 633 2030 fui
648 1974 814 2048 concepta,
830 1967 913 2030 hene
967 1966 1022 2030 riae
1041 1967 1074 2029 in
1097 1967 1213 2030 decore
1236 1987 1294 2032 suo
1316 1969 1410 2033 oculo
1433 1971 1473 2033 ad
1497 1971 1625 2035 oculum
1648 1973 1716 2055 glo-
1731 1963 1764 2004 ¹⁷·

165 2075 270 2151 potest
282 2067 389 2131 vocari
404 2066 541 2148 pretiosa
556 2073 588 2128 ot
609 2085 704 2130 aurea
718 2064 807 2128 hora.
824 2065 912 2128 ‘lunc
967 2064 1050 2127 riose
1074 2064 1389 2148 desiderabiliterquo
1409 2067 1544 2132 videtur.
1560 2069 1632 2133 Rrec
1656 2070 1716 2134 llo-

166 2185 303 2248 namque
326 2163 446 2245 incepit
463 2163 655 2246 principium
679 2162 911 2242 universorum,
968 2161 1089 2225 nodus.

167 2273 198 2328 at
218 2263 356 2327 tenebrae
381 2261 470 2343 quasi
498 2260 689 2324 festinabant
713 2260 854 2325 converti
880 2259 913 2323 in
1007 2260 1115 2342 ltaque
1139 2279 1178 2324 ex
1200 2261 1341 2325 inductis
1364 2262 1502 2342 elicitur,
1525 2266 1610 2346 quod
1635 2264 1716 2330 sicut

168 2364 282 2426 lucem.
308 2361 390 2424 lleua
418 2359 536 2424 etenim
565 2359 726 2442 singulare
755 2360 913 2441 quoddam
967 2357 1051 2420 inter
1074 2357 1232 2421 Christum
1261 2367 1293 2422 et
1315 2361 1385 2442 ejus
1413 2380 1640 2442 precursorem
1668 2383 1716 2427 se-

167 2471 237 2526 eta
259 2460 375 2524 sacculo
393 2457 612 2522 absconditum
634 2457 739 2520 facere
758 2457 860 2520 voluit
880 2457 914 2520 in
968 2457 1137 2520 renissima
1161 2457 1252 2540 virgo
1275 2457 1369 2521 llario
1393 2459 1498 2523 media
1520 2468 1580 2541 est,
1605 2469 1715 2544 utpote

168 2579 219 2624 me
246 2577 341 2641 opere
371 2575 440 2635 suo,
470 2556 738 2637 quemadmodum
772 2554 848 2618 fecit
880 2555 914 2618 in
970 2554 1110 2618 sanctior
1137 2573 1175 2616 ac
1208 2555 1265 2618 toti
1298 2557 1419 2620 mundo
1453 2555 1611 2622 salubrior
1645 2560 1716 2642 ipso

22 2687 93 2731 rrum.
106 2697 152 2736 „a
167 2659 256 2723 arida
270 2657 359 2738 virga
378 2654 526 2718 florente.
543 2653 649 2734 Porro,
665 2655 741 2716 dum
761 2661 834 2716 nota
852 2653 913 2734 fui,
969 2653 1101 2732 loanne,
1117 2653 1173 2714 sed
1188 2653 1296 2716 minus
1310 2662 1421 2718 sancta
1440 2674 1537 2738 quam
1551 2656 1715 2738 Christus3

19 2753 41 2794 ⁸·
167 2755 260 2820 amici
283 2754 338 2817 Dei
362 2753 416 2836 qui
441 2753 536 2835 longa
564 2750 796 2833 exspectatione
825 2760 915 2815 erant
970 2749 1016 2812 sic
1039 2749 1190 2832 gaudium
1212 2752 1297 2833 quod
1315 2750 1378 2814 fuit
1396 2752 1430 2814 in
1448 2752 1519 2834 ejus
1537 2755 1715 2837 nativitate,

165 2853 298 2932 detenti,
314 2853 377 2916 Deo
393 2851 440 2914 eis
462 2849 649 2932 inspirante,
665 2849 813 2914 dicebaut
829 2874 836 2912 :
854 2849 915 2914 Cur
969 2846 1081 2910 habuit
1094 2865 1129 2909 se
1143 2847 1248 2912 modio
1262 2850 1357 2913 modo
1370 2849 1454 2914 inter
1466 2851 1616 2932 gaudium
1631 2855 1716 2934 quod

165 2953 303 3034 amplius
316 2951 382 3032 jam
402 2948 569 3012 dolemusl
584 2947 790 3011 Gaudendum
812 2949 913 3029 magis
970 2942 1031 3006 fuit
1045 2943 1080 3005 in
1098 2945 1263 3008 nativitate
1283 2947 1385 3010 sancti
1400 2955 1433 3010 et
1453 2949 1559 3030 magni
1573 2949 1714 3028 loannis,

165 3059 212 3114 est
233 3048 336 3127 nobis,
353 3046 505 3130 quoniam
526 3053 599 3109 nata
620 3054 667 3108 est
689 3047 742 3108 lux
762 3065 825 3128 qua
843 3045 914 3108 illu·
930 3043 952 3108 C
969 3050 1000 3104 et
1013 3041 1166 3124 gaudium
1180 3045 1264 3126 quod
1286 3044 1319 3106 in
1334 3045 1499 3109 nativitate
1520 3048 1637 3110 exstitit
1651 3048 1717 3111 Sal-

164 3149 371 3213 minabuntur
388 3146 527 3209 tenebrae
545 3151 660 3208 nostra
675 3152 708 3207 et
721 3144 913 3207 desiderium
968 3141 1086 3204 vetaris
1116 3164 1123 3201 ε
1154 3142 1199 3205 ita
1226 3144 1311 3224 qnod
1340 3145 1443 3226 major
1474 3146 1716 3229 generaliorque

164 3256 307 3312 nostrum
332 3243 528 3328 perficietur.
553 3242 665 3325 angeli
695 3261 770 3305 vero
798 3244 915 3324 gaude-
966 3238 1151 3320 jucunditas
1170 3239 1232 3302 fuit
1250 3241 1283 3303 in
1303 3242 1527 3305 sincerissimae
1550 3245 1716 3309 nativitate

165 3345 251 3425 bant,
268 3344 410 3407 dicentes
428 3364 435 3403 ε
453 3340 565 3403 Natum
588 3338 691 3403 estin
712 3348 794 3403 terra
817 3340 915 3421 quod·
967 3336 1069 3399 blariae
1090 3356 1186 3418 quam
1207 3338 1239 3401 S.
1255 3339 1384 3403 loannis
1404 3340 1561 3422 Baptistae.

164 3443 238 3505 dam
252 3438 461 3505 desiderabile
476 3438 607 3515 bonum,
624 3455 661 3499 ac
676 3436 825 3519 specialis
840 3438 916 3500 ami·

166 3560 203 3605 aa
226 3538 295 3617 hai,
317 3556 375 3621 per
398 3554 493 3617 quam
519 3533 742 3598 reformabitur
766 3535 799 3596 in
824 3534 915 3598 coelis

166 3648 197 3703 et
225 3639 259 3701 in
287 3636 378 3701 terris
407 3654 468 3717 pax
496 3652 581 3712 vera,
613 3641 645 3696 ct
672 3632 772 3695 ruinae
800 3642 916 3697 nostra
1183 3644 1428 3711 ARTIGULUS
1455 3647 1499 3711 x,

167 3735 436 3800 instaurabuntur.
453 3731 546 3811 Vere,
563 3730 632 3794 filia
653 3750 735 3811 mea,
752 3732 825 3795 dico
844 3731 914 3813 tibi,

168 3835 252 3917 quod
274 3832 422 3896 nativitas
443 3848 515 3892 mea
534 3828 598 3891 fuit
618 3848 765 3893 veromm
788 3828 915 3893 initium
982 3818 1030 3877 De
1051 3819 1293 3893 ⁶⁰²²²P⁰⁷aii0⁷¹e
1326 3821 1472 3896 Viryim't
1500 3842 1635 3885 summ&
1658 3827 1703 3885 ad

168 3931 367 4014 gaudiorum,
392 3928 468 4011 qna
493 3936 568 3990 tune
593 3926 712 4009 praem
731 3926 856 4010 virgula
877 3928 916 3989 aa
1069 3914 1224 3981 carente
1238 3909 1606 3986 &lacrumantum-

21 4056 74 4099 tac.
83 4069 105 4107 ι,
118 4056 153 4099 n.
168 4050 231 4113 qua
244 4027 400 4111 processit
414 4024 476 4089 flos
498 4025 552 4087 illa
566 4043 661 4106 quem
686 4042 776 4106 reges
799 4032 831 4087 et
845 4025 917 4089 Pro

167 4129 271 4212 phetae
285 4123 509 4188 desiderabant
523 4121 640 4185 videre.
657 4122 821 4185 Daemones
840 4140 918 4204 quo·
1036 4120 1199 4180 ΕΑΤΑΜ
1216 4139 1268 4179 me
1293 4122 1403 4181 dicent
1428 4125 1591 4187 mulieres.
1616 4125 1717 4201 Quum
1746 4160 1793 4204 0„
1795 4173 1863 4213 „„„

168 4246 230 4310 que
245 4244 309 4288 uon
324 4222 416 4286 latuit
430 4240 501 4284 mea
516 4220 674 4298 nativitas,
682 4221 736 4283 sed
748 4220 913 4283 dicebant:
930 4214 954 4277 D
1048 4214 1104 4277 Lia
1120 4234 1200 4279 uxor
1217 4216 1314 4280 iacob
1333 4219 1520 4299 patriarcha
1543 4224 1718 4305 peperisset
1732 4225 1766 4267 ¹⁸·

166 4326 249 4388 Ecce
277 4329 350 4386 nata
379 4328 428 4384 est
455 4320 546 4402 virgo
579 4318 735 4401 quedam,
766 4319 842 4400 quid
871 4318 916 4382 fa·
969 4311 1055 4377 filios
1069 4322 1215 4395 quatuor,
1232 4324 1265 4377 et
1277 4334 1336 4398 per
1349 4316 1498 4381 ancillam
1513 4339 1717 4405 suam,quam

167 4423 312 4485 ciamusl
337 4418 415 4483 liam
441 4416 587 4481 mirabile
615 4416 691 4499 quid
716 4416 857 4479 cernitur
881 4418 914 4479 in
970 4411 1084 4474 manto
1100 4430 1158 4475 suo
1178 4412 1308 4476 dederat
1329 4414 1512 4497 conjugem,
1528 4420 1719 4501 acquisisset

167 4540 204 4585 ea
237 4518 389 4583 futurum.
421 4516 453 4579 Si
483 4514 723 4578 adhibuerimus
751 4514 780 4577 ei
808 4516 915 4578 omnia
970 4509 1072 4571 adhuc
1087 4508 1174 4572 filios
1189 4510 1280 4590 duos,
1297 4511 1401 4575 laetata
1422 4521 1470 4576 est
1483 4514 1715 4582 vehementer:

167 4619 247 4683 retia
280 4615 409 4680 malitia
437 4622 564 4693 nostrae,
596 4612 776 4695 confringet
809 4634 847 4676 ea
881 4623 917 4677 ut
969 4607 1096 4669 Beatam
1129 4626 1180 4671 1110
1208 4609 1385 4692 (inquiens)
1413 4611 1521 4675 dicent
1554 4616 1716 4681 mulieres.

167 4726 311 4799 stuppas.
970 4704 1091 4779 Quanto
1113 4706 1214 4787 magis
1236 4709 1465 4790 sanctajduna,
1486 4711 1593 4775 sciens
1611 4732 1646 4777 se
1665 4735 1719 4798 ge-

207 4814 359 4877 Praeterea
385 4812 425 4874 de
454 4808 504 4873 his
528 4808 670 4891 loquitur
694 4808 744 4871 vir
767 4808 913 4889 illustris,
969 4803 1078 4866 fluisse
1102 4803 1204 4867 filium
1230 4804 1369 4869 futuram
1394 4808 1479 4889 regis
1506 4810 1626 4874 idessiae
1652 4833 1720 4877 ma-

166 4912 324 4977 Honorius
343 4908 534 4973 anachoreta
551 4931 558 4969 :
575 4906 729 4971 Nascente
749 4906 842 4970 beata
856 4908 916 4971 lda-
970 4910 1062 4983 trem,
1093 4903 1196 4983 potuit
1222 4904 1340 4985 dicere,
1370 4906 1498 4971 Beatam
1527 4928 1578 4972 me
1611 4911 1718 4976 dicant

166 5012 224 5087 ria,
247 5008 426 5071 illuminata
448 5014 522 5069 sunt
542 5004 661 5069 omnia.
684 5003 815 5087 Nempe,
838 5006 914 5068 dum
971 4999 1143 5063 mulierest

168 5116 241 5171 nata
265 5112 314 5169 est
333 5105 429 5186 Virgo
454 5102 679 5180 sacratissima,
697 5102 863 5185 praeclecta
884 5110 916 5165 et
1010 5097 1160 5161 Videmus
1181 5100 1266 5181 quod
1291 5100 1351 5163 filii
1375 5120 1412 5164 ac
1432 5100 1510 5166 filiae
1529 5104 1621 5168 valde
1647 5127 1717 5190 spe-

169 5208 202 5270 in
217 5214 370 5269 aetemum
385 5201 553 5265 benedicta
573 5200 664 5282 virgo
683 5208 792 5263 sancta
806 5200 913 5279 Maria,
971 5195 1094 5259 cialiter
1115 5215 1152 5260 ac
1175 5197 1361 5261 naturaliter
1382 5198 1521 5281 diligunt
1542 5221 1618 5266 avos
1642 5225 1717 5271 suos

168 5312 245 5367 tunc
264 5299 439 5365 ineffabilia
458 5298 559 5380 gratia
577 5298 687 5361 divina
707 5296 787 5360 dixit
808 5298 914 5361 verbis
970 5300 1002 5357 et
1029 5292 1129 5373 avias,
1158 5302 1191 5357 et
1222 5312 1407 5360 econverso.
1437 5296 1635 5365 Credendum
1668 5313 1717 5369 cst
