4309 6250
186 566 190 574 Ι
239 509 280 554 ns
301 507 511 556 auoromraru
532 509 627 556 suuru
658 507 827 554 romuleis
849 507 1076 554 proruamus
1098 507 1239 565 couurau,
1262 508 1351 555 aranu
1371 510 1404 554 ιι.
1427 527 1468 537 —-
1488 509 1557 554 aar.
1581 509 1615 555 ru
1648 489 1731 555 593.

195 677 242 740 Ex
269 678 385 758 quibus
412 679 562 742 omuibus
591 678 793 742 convincitur
821 679 903 760 Papa
919 678 944 739 h
961 697 1047 740 nunc
1063 679 1190 742 sentire.
1207 679 1272 760 Ego
1286 699 1413 761 quoque
1429 680 1461 741 in
1478 681 1565 743 nullo
1579 681 1708 744 doctore

155 776 213 839 toti
229 776 323 838 simul
339 785 477 858 acceptae
498 796 633 858 praeesse
647 777 807 840 Ecclesia.
826 777 905 838 Utri·
960 777 1143 841 authentico
1157 777 1244 859 potui
1265 778 1362 858 hujus
1382 779 1562 860 oppositum
1582 796 1709 858 compe-

155 891 258 953 usque
273 873 429 953 siquidem
452 875 616 954 potcstatis
638 873 820 937 monarchia
839 892 903 936 non
961 876 1033 936 rire.
1052 875 1128 954 lmo,
1152 875 1234 937 sicut
1258 876 1290 937 iu
1319 875 1418 956 priori
1443 877 1558 958 scripsi
1585 877 1705 953 libello,

155 971 309 1053 competit
332 971 433 1053 Papae,
454 972 515 1034 nisi
540 973 751 1053 inquantum
778 972 904 1034 univer·
960 973 1051 1034 multi
1078 973 1182 1035 Patres
1207 973 1401 1035 sanctissimi
1425 981 1458 1036 et
1484 974 1628 1036 doctores
1657 993 1708 1036 ca-

153 1089 209 1132 sus
230 1068 366 1150 populus
388 1068 619 1148 christifidelis,
637 1089 692 1131 seu
707 1069 804 1132 etiam
818 1077 902 1132 totus
960 1070 1082 1150 tholici,
1099 1071 1274 1151 praesertim
1290 1091 1424 1153 maguus
1445 1072 1499 1134 ille
1517 1072 1652 1154 Cyrillus
1673 1072 1706 1134 in
1721 1091 1762 1130 aa.
1776 1100 1819 1130 m

153 1167 293 1229 mundus
315 1166 482 1229 collective
504 1175 665 1247 acceptuS,
683 1165 852 1248 subjicitur
872 1167 902 1229 ei
960 1168 1041 1232 libro
1064 1168 1310 1248 thesaurorum,
1331 1178 1362 1231 et
1380 1170 1509 1233 divinus
1530 1170 1708 1234 Bernardus
1732 1189 1774 1228 aa
1788 1199 1818 1238 m,
1832 1199 1855 1238 v,

152 1267 288 1348 dejure
313 1285 369 1328 seu
392 1265 488 1342 lacto,
506 1275 655 1348 tanquam
680 1286 742 1328 una
762 1285 902 1330 commu·
960 1267 993 1328 in
1013 1266 1094 1329 libro
1116 1267 1155 1329 de
1181 1266 1451 1348 consideratione,
1468 1275 1500 1331 et
1523 1267 1554 1331 S.
1571 1269 1707 1333 Thomas
1722 1261 1793 1290 ‘¹¹¹¹'

152 1365 237 1427 nitas
261 1383 406 1444 unusque
432 1365 627 1446 principatus
653 1384 709 1427 seu
730 1385 794 1427 uua
813 1365 902 1446 plebs
960 1364 992 1426 iu
1013 1364 1143 1426 Summa
1164 1372 1274 1426 contra
1295 1363 1430 1444 Grecos,
1447 1374 1594 1448 etsuper
1616 1386 1709 1448 quar-
1722 1386 1831 1427 ιιιιω,

152 1463 209 1526 uui
225 1463 364 1545 principi
380 1482 437 1526 seu
459 1464 639 1526 monarchae
656 1487 662 1524 :
680 1463 752 1545 quia
769 1483 827 1526 nec
847 1464 903 1526 ali·
960 1471 1027 1525 tum
1052 1462 1298 1543 Sententiarum,
1324 1463 1530 1527 distinctione
1555 1465 1709 1528 vicesima

153 1569 202 1624 ter
229 1561 381 1644 competit
406 1560 513 1623 multis
540 1580 575 1624 ac
600 1561 695 1624 variis
721 1561 902 1625 nationibus
959 1568 1082 1641 quarta,
1098 1561 1178 1622 etin
1193 1560 1321 1622 Summa
1336 1569 1446 1624 contra
1464 1553 1610 1643 gentiles,
1627 1562 1708 1625 libro
1722 1583 1828 1631 uram.

152 1659 271 1741 subjici
288 1659 354 1738 uni,
372 1667 404 1722 et
425 1659 570 1722 eamdem
586 1678 643 1722 seu
657 1679 754 1725 unam
769 1657 902 1724 efficere
960 1669 1083 1740 quarto,
1100 1679 1165 1723 nou
1184 1660 1288 1723 solum
1306 1659 1482 1740 allirmaut,
1500 1661 1555 1745 sed
1576 1669 1608 1723 et
1629 1661 1710 1722 mul-

153 1757 416 1820 communitatem
437 1764 492 1820 aut
513 1757 651 1840 plebem,
668 1767 702 1820 ut
717 1758 811 1840 paulo
833 1767 905 1840 post
961 1757 1112 1839 tipliciter
1125 1778 1162 1821 ιο
1177 1755 1356 1822 ellicaciter
1369 1759 1515 1840 probant,
1529 1760 1612 1840 quod
1628 1779 1710 1822 sum·

153 1856 271 1919 clarius
286 1857 479 1919 ostendetur.
492 1855 629 1918 -Patet
642 1874 769 1937 quoque
783 1877 822 1919 ex
835 1877 905 1920 ver·
923 1858 946 1920 B
962 1875 1032 1918 mus
1056 1855 1201 1920 Pontifex
1227 1856 1335 1939 praesit
1357 1857 1414 1918 toti
1439 1856 1590 1920 Ecclesiae
1614 1857 1709 1920 simul

153 1955 201 2017 bis
230 1954 358 2032 Leonis,
384 1955 468 2034 quod
498 1961 582 2018 totus
611 1956 749 2016 mundus
779 1974 906 2036 compa·
962 1963 1106 2035 sumptae,
1137 1963 1249 2037 utputa
1277 1954 1335 2032 sic,
1360 1955 1446 2036 quod
1474 1955 1544 2038 ipsa
1570 1965 1620 2018 est
1647 1975 1711 2018 una
1811 2001 1813 2005 -

153 2061 243 2116 ratur
270 2054 310 2116 ad
337 2052 453 2134 Papam
482 2052 563 2115 sicut
592 2072 691 2115 unum
721 2072 837 2136 corpus
865 2055 904 2117 ad
956 2071 1107 2133 unusque
1131 2053 1281 2135 populus,
1297 2061 1330 2115 et
1350 2053 1383 2114 in
1405 2073 1470 2115 una
1491 2053 1557 2116 lide
1577 2073 1614 2116 ac
1640 2053 1710 2135 lege

152 2170 255 2212 unum
279 2158 385 2232 caput.
401 2149 490 2223 Quod
514 2150 697 2213 nullatenus
720 2170 832 2214 verum
857 2159 905 2214 est
961 2151 1212 2214 communicans.
1229 2151 1268 2214 Et
1288 2160 1351 2213 tam
1373 2152 1537 2215 evidenter
1557 2153 1617 2215 hoc
1640 2171 1711 2233 pro-

152 2249 217 2312 nisi
241 2249 275 2312 in
300 2258 455 2330 quantum
484 2248 677 2312 habitatores
707 2250 817 2312 muudi
841 2251 906 2313 col·
961 2249 1014 2311 bat
1028 2248 1176 2329 Thomas,
1194 2259 1348 2328 utnemo,
1365 2250 1391 2312 si
1407 2251 1466 2312 rite
1485 2270 1522 2313 ac
1541 2249 1712 2331 diligenter

153 2349 262 2412 lectim
277 2347 601 2410 sumunturtdivisim
617 2367 754 2429 namque
769 2349 904 2431 accepti,
960 2355 1148 2426 argumenta
1173 2345 1243 2428 ejus
1269 2346 1459 2424 consideret,
1477 2355 1571 2428 queat
1595 2366 1711 2428 negare

154 2465 220 2510 uon
257 2453 332 2509 suut
360 2464 460 2507 uuum
488 2445 657 2526 mysticum
692 2465 819 2528 corpus,
849 2446 905 2509 sed
960 2445 1039 2525 quin
1055 2445 1116 2508 hoc
1133 2444 1174 2506 sit
1191 2446 1232 2508 de
1253 2455 1360 2508 mente
1383 2445 1494 2528 ipsius,
1511 2453 1544 2508 et
1566 2445 1644 2527 quin
1666 2443 1714 2508 el·

155 2545 260 2627 plura,
277 2553 310 2608 et
333 2544 436 2626 capita
461 2543 580 2607 habent
603 2545 731 2607 diversa
747 2568 754 2606 ε
772 2546 855 2626 quod
875 2551 908 2608 et
961 2542 1106 2606 licaciter
1127 2562 1220 2606 suum
1242 2544 1355 2624 probet
1376 2545 1544 2607 intentum.

156 2643 355 2726 experientia
377 2644 480 2706 docet.
1002 2642 1120 2704 Verum
1135 2649 1210 2704 sunt
1228 2642 1328 2723 aliqui
1348 2643 1392 2704 ita
1410 2641 1444 2703 iu
1464 2641 1532 2704 suis
1552 2642 1713 2723 opinioni-

962 2739 1021 2801 bus
1037 2740 1184 2820 quamvis
1203 2740 1346 2804 erroneis
1365 2739 1558 2818 immansivi,
1575 2749 1611 2802 ut
1620 2741 1713 2822 quid-

962 2837 1038 2919 quid
1067 2857 1179 2901 eorum
1203 2838 1299 2900 dictis
1328 2839 1521 2912 contrarium
1548 2838 1628 2920 ipsis
1656 2839 1713 2902 ob

367 2933 612 2998 ARTICULUS
635 2933 695 2996 Ill.
961 2935 1101 3015 jiciatur,
1128 2944 1422 3018 quantumcumque
1454 2937 1496 2998 sit
1523 2936 1645 2998 clarum
1672 2956 1711 3000 ac

153 3075 397 3137 Demonstratio
412 3075 499 3153 quod
512 3073 826 3149 summusPontifaa
836 3071 908 3133 urai·
926 3039 947 3102 C
963 3034 1107 3145 P¹⁰¹J¹¹¹¹¹r
1133 3043 1188 3097 Νι
1212 3043 1340 3116 Πθὲθῦῖι
1367 3043 1426 3145 ant·
1449 3035 1488 3097 ad
1517 3055 1610 3145 {¹¹⁰¹ss
1639 3053 1712 3145 Pf‘0·

194 3184 297 3225 uersae
320 3164 484 3224 militanti
501 3164 654 3225 Ecclesiae
676 3164 833 3222 collectim
857 3182 908 3221 ac·
962 3133 1481 3215 P⁰⁸¹P¹¹¹¹1ssl⁰⁵⁸0¹¹tralltPalhata
1501 3133 1711 3214 aquuaadrn·

193 3262 294 3329 oeptoe
318 3254 509 3329 proesideat,
534 3271 575 3310 ρο,
598 3252 697 3311 dictis
721 3254 909 3313 [meeum
962 3230 1112 3293 ventione
1128 3231 1264 3293 evadant
1280 3255 1289 3291 ι
1305 3232 1415 3312 sicque
1430 3249 1465 3293 se
1479 3230 1566 3313 ipsos
1579 3249 1617 3293 ac
1632 3231 1711 3294 alios

193 3344 300 3419 Papoe
313 3350 344 3401 aa
358 3343 512 3401 aliorum.
962 3328 1089 3393 lallunt.
1106 3329 1221 3393 Contra
1243 3348 1323 3411 quos
1348 3329 1489 3392 secundo
1512 3330 1553 3392 de
1577 3328 1710 3392 Civitate

962 3428 1017 3491 llei
1042 3428 1184 3510 loquitur
1206 3427 1401 3509 Augustinus
1428 3450 1435 3489 ε
1461 3425 1517 3490 llle
1538 3434 1587 3490 est
1607 3427 1713 3509 maior

152 3526 431 3691 INNOOENTIUS
451 3524 490 3589 lv
506 3525 539 3587 in
555 3526 715 3606 Apparetu
735 3545 792 3590 suo
812 3545 907 3608 super
962 3534 994 3589 et
1009 3527 1124 3590 caecior
1138 3526 1359 3608 insipientium
1374 3525 1505 3588 morbus
1519 3525 1710 3605 animorum,

208 3623 426 3688 Decretalibus
453 3624 497 3686 ait
526 3647 534 3685 ι
565 3624 598 3685 Si
627 3624 732 3687 Sancti
762 3624 906 3688 diversas
961 3643 1025 3706 quo
1050 3624 1284 3687 irrationabiles
1308 3633 1413 3687 motus
1437 3642 1511 3687 suos
1536 3624 1604 3686 sive
1628 3641 1714 3687 erro-

151 3723 325 3805 opiniones
340 3723 424 3785 iuter
437 3741 471 3785 se
493 3722 642 3802 habeant,
659 3730 694 3784 ut
714 3723 753 3785 de
774 3742 907 3805 corpore
963 3742 1024 3800 rea,
1040 3722 1137 3786 etiam
1156 3730 1229 3804 post
1247 3722 1404 3785 rationem
1424 3720 1517 3803 plene
1543 3722 1710 3803 redditam,

151 3823 186 3884 B.
206 3822 310 3885 llariae
329 3828 505 3902 assumpto,
521 3819 572 3883 vel
588 3820 755 3885 Salomone
777 3822 908 3885 damna·
962 3821 1013 3884 vel
1028 3819 1128 3882 nimia
1142 3820 1284 3883 cecitate
1297 3837 1361 3899 qua
1378 3838 1439 3882 uec
1453 3828 1562 3902 aperta
1575 3839 1713 3883 cernun-

150 3928 198 3999 to,
216 3920 343 3983 licitum
368 3927 417 3983 est
441 3917 557 4000 cuique
578 3919 663 3998 quod
688 3920 757 3981 vult
775 3920 904 3999 dicere3
962 3927 1022 3997 tur,
1040 3918 1091 3981 vel
1114 3917 1364 3982 obstinatissima
1388 3918 1570 3999 pervicacia
1593 3938 1657 4000 qua
1681 3927 1714 3982 et

151 4018 275 4083 sivero
296 4017 384 4080 nulla
409 4016 577 4080 diversitas
600 4016 684 4079 inter
706 4017 838 4081 Sanctus
859 4019 908 4081 iu·
961 4037 998 4081 ea
1026 4036 1097 4098 quae
1125 4024 1298 4079 cernuntur
1325 4034 1389 4079 nou
1417 4016 1627 4098 recipiuntur,
1644 4026 1714 4081 tun-

149 4116 313 4194 veniatur,
330 4115 546 4179 necessarium
566 4124 615 4178 est
628 4134 727 4197 usque
748 4117 787 4179 ad
807 4136 906 4179 unum
962 4134 1057 4198 quam
1087 4116 1189 4197 ipsam
1218 4114 1373 4178 rationem
1402 4102 1630 4197 veritatemque
1658 4116 1714 4180 de·

149 4216 217 4281 iota
234 4234 362 4279 servare
376 4215 462 4296 quod
477 4212 599 4292 dicunt,
613 4222 781 4296 postquam
796 4233 906 4278 eorum
922 4218 946 4280 h
962 4213 1110 4277 tendunt.

149 4312 311 4397 opuscula
329 4333 348 4375 a
368 4322 476 4376 sancta
494 4310 636 4375 Ecclesia
656 4322 729 4375 sunt
750 4314 908 4377 authenti·
1001 4312 1038 4375 lli
1053 4312 1205 4395 quoniam
1220 4331 1296 4375 vera
1310 4320 1420 4375 carent
1433 4311 1608 4392 docilitate,
1616 4310 1713 4376 etiam

150 4433 202 4476 ea.
220 4411 304 4476 Olim
325 4420 431 4474 autem
450 4418 620 4492 autequam
639 4418 728 4473 erant
750 4412 907 4475 authenti·
962 4430 1038 4475 vera
1061 4411 1177 4493 privati
1198 4411 1349 4474 videntur
1371 4410 1552 4493 prudentia.
1570 4410 1657 4475 Unde
1681 4418 1712 4474 et

150 4531 204 4591 ca,
222 4511 348 4574 licitum
367 4518 435 4572 erat
453 4528 490 4572 ea
508 4517 616 4573 tenere
636 4510 687 4573 vel
712 4528 786 4573 non.
804 4512 905 4585 Quum
963 4510 1093 4592 quidam
1108 4508 1312 4593 praelatorum
1328 4517 1515 4591 argumenta
1526 4508 1713 4573 Sanctorum

150 4629 232 4693 ergo
258 4610 292 4671 in
317 4608 378 4671 isto
404 4626 488 4670 nunc
508 4608 601 4686 libro,
623 4618 654 4670 et
678 4609 779 4672 multo
809 4610 907 4673 dillu-
963 4618 1057 4690 atque
1071 4610 1238 4672 doctorum
1253 4608 1345 4670 aliter
1363 4608 1498 4672 evadere
1520 4626 1585 4671 non
1603 4608 1713 4672 valen·

38 4736 49 4775 ι.
68 4746 133 4783 aar,
151 4711 224 4773 sius
250 4708 283 4769 iu
305 4706 415 4788 priori,
433 4726 491 4789 per
511 4714 555 4769 tot
579 4714 760 4770 sanctorum
781 4708 906 4773 Patrum
963 4717 1021 4787 tes,
1038 4708 1151 4770 dicunt
1164 4707 1247 4788 quod
1262 4707 1408 4769 doctores
1423 4706 1619 4787 hujusmodi,
1635 4724 1713 4788 quo·

38 4809 133 4909 :2³:22
150 4829 190 4872 ac
209 4824 409 4870 summorum
424 4805 628 4883 Pontificum,
646 4806 906 4871 scholasticorum
963 4808 1049 4869 uiam
1066 4814 1176 4869 contra
1190 4824 1312 4867 errores
1323 4804 1503 4867 Graecomm
1518 4812 1550 4867 et
1563 4822 1713 4886 quorum·

149 4926 286 4990 quoque
300 4906 467 4968 doctorum
482 4904 664 4967 testimonia
678 4904 720 4967 sit
739 4907 906 4986 probatum
963 4907 1035 4969 dam
1064 4904 1284 4968 haereticomm
1312 4903 1460 4985 papalem
1492 4902 1712 4966 auctoritatem

149 5006 243 5087 quod
273 5004 355 5086 Papa
383 5003 440 5066 toti
465 5010 497 5065 et
521 5002 692 5066 universali
717 5005 824 5086 praesit
851 5006 908 5069 Ec·
963 5014 1017 5069 aut
1032 5023 1162 5087 prorsus
1183 5002 1379 5083 negantium,
1396 5010 1450 5064 aut
1469 5003 1508 5064 ad
1527 5022 1713 5083 quamcum-

149 5104 274 5182 clesiae,
291 5120 350 5165 nec
370 5100 485 5183 aliquis
505 5100 638 5164 Sanctus
660 5111 715 5164 aut
728 5104 838 5167 doctor
853 5124 908 5168 au·
963 5124 1025 5188 que
1050 5103 1275 5185 particularem
1296 5100 1472 5163 Ecclesiam
1496 5098 1623 5163 extendi
1647 5118 1712 5163 non

148 5200 319 5266 thentieus
345 5198 526 5263 inveniatur
545 5202 593 5279 (ut
616 5202 760 5282 apparet)
784 5212 908 5266 coutra-
964 5201 1515 5282 adruittentium,disputaut‚extense
1525 5207 1558 5262 et
1570 5199 1713 5280 quodam·

148 5302 241 5365 rium
270 5297 453 5375 asseruisse,
483 5296 609 5361 videtur
641 5298 787 5361 illicitum
815 5301 908 5366 aliter
964 5305 1058 5368 modo
1074 5310 1212 5366 extreme
1227 5298 1324 5363 locuti
1339 5307 1424 5380 sunt,
1440 5298 1612 5363 asserendo
1626 5298 1711 5380 quod

282 5432 315 5485 r.
334 5434 373 5485 aa.
1554 5434 1586 5487 ee
1643 5505 1648 5512 ι
