4309 6250
417 483 478 549 268
737 502 858 550 CONTRA
878 501 1048 549 enarrem
1066 499 1238 557 tranem,
1261 499 1350 546 trena
1371 500 1390 546 l.
1414 518 1455 530 ··-
1475 500 1546 547 ΔΜ.
1569 500 1647 547 xvltl

415 672 451 736 in
465 674 621 737 mundum
635 675 831 754 universum,
840 675 951 738 docete
965 691 1076 737 omnes
1092 689 1164 752 gen·
1178 671 1205 734 A
1220 671 1395 734 secundnm
1422 671 1600 735 doctrinam
1624 671 1780 755 Apostoli,
1803 671 1839 734 in
1863 671 1977 753 ligura

417 780 477 850 tes,
498 772 694 855 baptizantes
716 791 771 837 cos
797 774 830 835 in
855 772 986 836 nomine
1010 769 1111 832 Patris
1132 777 1165 832 et
1219 769 1447 851 contingebant
1460 769 1576 832 ludaris
1598 769 1656 832 sub
1671 769 1771 833 veteri
1788 770 1978 832 Testamen-

417 871 490 932 Filii
504 879 537 934 et
550 870 685 952 Spiritus
700 871 818 934 Sancti.
830 869 1011 954 Baptismus
1026 871 1164 948 namque
1219 875 1262 930 to.
1278 867 1351 931 ldeo
1365 867 1488 930 Christo
1502 867 1569 948 jam
1588 867 1686 931 misso
1701 875 1733 931 et
1748 867 1901 949 figuralia
1916 866 1977 928 illa

416 976 466 1031 est
485 970 683 1050 regeneratio
702 969 887 1051 spiritualis,
903 987 966 1050 qua
984 968 1080 1030 bomo
1098 983 1165 1028 mo·
1219 965 1383 1046 implente,
1404 983 1529 1028 cessare
1552 965 1710 1029 debebant
1736 965 1792 1028 illa
1815 963 1936 1046 legalia
1965 987 1973 1027 :
2015 1002 2021 1010 ·

417 1067 498 1128 ritur
518 1068 620 1149 culpae
644 1075 676 1131 et
698 1067 812 1150 incipit
829 1067 938 1130 vivere
955 1066 1019 1128 lieo
1038 1083 1076 1127 ac
1095 1083 1165 1146 gra-
1220 1063 1304 1127 sicut
1317 1070 1420 1126 cessat
1434 1063 1616 1146 promissio,
1633 1063 1718 1126 iacta
1733 1063 1905 1140 solutione,
1922 1081 1977 1125 re-

417 1165 469 1228 tiea
495 1189 503 1228 ι
531 1165 601 1230 ideo
629 1166 745 1229 virtute
772 1173 805 1229 et
831 1164 946 1228 merito
974 1161 1102 1242 Christi,
1131 1161 1164 1223 in
1221 1162 1366 1243 ceditque
1394 1161 1518 1241 umbra,
1548 1161 1620 1224 luce
1654 1161 1856 1225 adveniente.
1886 1160 1975 1223 Hinc

417 1262 578 1345 Baptismo
601 1263 773 1326 dimittitur
790 1282 885 1326 omne
904 1269 1083 1344 peccatum,
1100 1267 1163 1322 tam
1220 1260 1356 1322 loannes
1380 1259 1576 1341 evangelista
1599 1260 1644 1322 ait
1660 1281 1668 1320 ε
1684 1259 1747 1322 Lex
1766 1278 1824 1340 per
1842 1258 1976 1341 Moysen
1991 1279 2122 1324 rmum.

417 1360 542 1423 actuale
555 1368 588 1423 et
601 1360 778 1443 personale,
795 1379 891 1442 quarn
905 1358 1070 1440 originale,
1088 1374 1165 1438 quo·
1220 1357 1294 1419 data
1307 1365 1366 1436 cst,
1381 1356 1481 1439 gratia
1495 1364 1527 1420 et
1542 1357 1659 1420 veritas
1677 1375 1736 1440 per
1755 1357 1863 1420 lesum
1884 1355 1979 1419 chri-

418 1458 457 1520 ad
483 1459 610 1539 culpam
634 1465 666 1521 et
689 1477 828 1540 poenam.
854 1457 963 1532 Gratia,
983 1473 1109 1538 quoque
1133 1462 1165 1517 et
1221 1463 1305 1517 stum
1320 1453 1404 1517 iacta
1418 1463 1476 1518 est.
1494 1455 1718 1518 Verumtamen
1733 1462 1893 1537 praeapte
1909 1471 1980 1517 mo

417 1554 551 1617 virtutes
562 1556 718 1638 baptizato
729 1557 848 1638 pariter
858 1553 1164 1632 infunduntur‚dum
1221 1553 1299 1615 ralia
1332 1553 1448 1616 veteris
1477 1554 1681 1633 Testamenti,
1711 1572 1810 1635 quum
1839 1553 1905 1614 sint
1934 1553 1977 1615 de

418 1651 448 1714 ei
463 1671 558 1715 omne
572 1662 738 1735 peccatum
753 1652 786 1715 in
799 1652 952 1735 baptismi
963 1651 1166 1732 susceptione
1221 1651 1374 1713 naturalis
1402 1651 1575 1714 dictamine
1603 1651 1747 1731 rationis,
1777 1659 1911 1714 manent
1939 1650 1979 1712 in

417 1749 597 1813 dimittitur.
627 1750 662 1813 ln
694 1751 787 1832 cujus
819 1751 865 1814 rei
898 1750 1037 1830 signum,
1067 1767 1165 1829 quum
1222 1749 1407 1831 evangelica
1431 1749 1511 1831 lege,
1529 1758 1561 1812 et
1585 1749 1799 1831 perficiuntur
1820 1769 1840 1811 a
1864 1748 1979 1811 Salva-

418 1847 553 1930 ipsemel
567 1849 710 1912 Christus
730 1869 749 1912 a
770 1848 954 1912 beatissimo
968 1849 1088 1911 Ioanne
1109 1846 1204 1913 Bet-B
1223 1855 1300 1923 tore,
1317 1847 1371 1929 qui
1386 1856 1418 1910 et
1431 1847 1599 1911 duodecim
1616 1847 1751 1911 consilia
1771 1847 1818 1910 eis
1839 1845 1975 1926 adjecit,

418 1947 515 2028 ptista
529 1946 722 2028 baptismum
744 1967 782 2010 ex
801 1946 961 2010 ineflabili
982 1953 1014 2008 et
1035 1944 1166 2026 profun-
1221 1965 1278 2027 per
1296 1964 1430 2027 quorum
1450 1945 1684 2009 observantiam
1706 1945 1893 2027 perducitur
1916 1945 1978 2008 ho-

417 2044 551 2106 dissima
568 2045 749 2108 humilitate
767 2045 919 2127 suscepit,
936 2062 1000 2107 non
1019 2043 1095 2125 quia
1119 2042 1167 2104 in·
1222 2062 1273 2107 mo
1302 2044 1341 2106 ad
1369 2043 1512 2107 omnium
1540 2043 1695 2134 virtutum
1724 2042 1974 2126 perfectionem,

418 2140 531 2223 dignit,
555 2143 611 2206 sed
634 2150 671 2205 ut
693 2142 842 2224 perfecta
864 2140 1054 2204 humilitatis
1078 2141 1167 2202 daret
1221 2150 1316 2223 atque
1336 2142 1376 2204 ad
1397 2142 1495 2204 vitam
1517 2141 1640 2224 angelis
1662 2141 1852 2222 proximam.

418 2239 612 2321 exemplum,
627 2249 722 2322 atque
741 2260 805 2303 suaa
828 2239 1036 2303 sanctissimae
1060 2238 1166 2300 carnis
1261 2240 1423 2320 Praeterea,
1440 2259 1478 2302 ex
1492 2239 1613 2303 eisdem
1635 2239 1812 2303 rationibus
1833 2239 1978 2302 circum·

418 2345 505 2400 tactu
526 2337 591 2400 vim
610 2339 861 2420 regenerativam
882 2337 973 2418 aquis
991 2343 1164 2419 prestaret,
1222 2337 1301 2401 cisio
1326 2337 1359 2398 in
1384 2337 1568 2419 evangelica
1596 2337 1667 2419 lege
1695 2337 1841 2400 cessavit.
1867 2337 1976 2399 Adve-
2000 2364 2116 2408 mm

276 2455 406 2509 trenam,
420 2435 565 2518 protinus
597 2436 698 2517 aperti
726 2444 800 2498 sunl
828 2435 913 2513 coeli,
942 2443 975 2498 et
1001 2434 1167 2497 descendit
1222 2435 1329 2498 niente
1343 2435 1428 2498 enim
1443 2437 1527 2516 quod
1543 2434 1722 2516 perlectum
1744 2442 1804 2515 est,
1820 2436 1974 2499 evacuari
1993 2429 2030 2471 ¹⁰·

272 2518 406 2633 ξξῇωξξ·
421 2531 557 2615 Spiritus
571 2533 704 2595 Sanctus
719 2533 876 2615 corporali
892 2532 999 2614 specie
1013 2532 1096 2594 sicut
1115 2550 1167 2594 co-
1215 2531 1317 2596 -dabet
1337 2533 1421 2613 quod
1436 2551 1474 2594 ex
1487 2539 1577 2613 parte
1599 2539 1657 2610 est,
1674 2532 1801 2614 quando
1821 2531 1862 2594 ad
1884 2532 1974 2596 idem
2129 2537 2130 2588 l

272 2640 407 2695 nmmo,
421 2629 531 2692 lumba
544 2630 578 2692 in
593 2631 710 2711 ipsum.
727 2631 794 2694 Vox
807 2649 934 2712 quoque
954 2630 994 2692 de
1016 2630 1097 2692 coelo
1119 2629 1167 2692 in·
1221 2629 1408 2693 ordinatur:
1425 2629 1510 2691 unde
1528 2647 1588 2692 nec
1609 2629 1711 2710 gratia
1731 2629 1809 2691 lacit
1828 2649 1886 2711 per
1907 2631 1976 2694 duo

273 2703 406 2817 ζ’ξζω·
422 2727 530 2790 sonuit
549 2751 557 2788 ε
578 2728 635 2790 llic
658 2736 706 2790 est
729 2728 825 2790 Filius
850 2747 939 2790 meus
963 2727 1110 2806 dilectus,
1133 2727 1167 2788 in
1222 2728 1306 2809 quod
1340 2747 1398 2810 per
1431 2746 1532 2789 unum
1566 2727 1679 2791 idonee
1715 2726 1821 2790 iacere
1854 2737 1973 2809 potest,

421 2845 485 2907 quo
499 2826 579 2888 mihi
597 2826 680 2890 bene
698 2826 876 2908 complacui
895 2849 902 2888 ε
919 2833 1013 2908 prout
1031 2827 1167 2888 loannes
1222 2826 1489 2908 quemadmodum
1523 2845 1582 2888 nec
1610 2833 1733 2888 natura.
1763 2825 1976 2889 Circumcisio

420 2925 617 3005 evangelista
644 2925 805 3007 ceterique
831 2924 1041 3006 Evangelistaa
1069 2924 1168 2986 veris·
1223 2931 1328 2986 autem
1350 2922 1538 3005 imperfecta
1560 2920 1623 2985 luit
1646 2931 1794 3004 respectu
1817 2923 1976 3004 baptismi

420 3023 499 3085 sime
518 3023 787 3104 conscripserunt.
802 3023 837 3084 ln
858 3022 1020 3105 primitiva
1041 3018 1205 3102 quoqueG
1224 3019 1400 3102 tripliciter.
1421 3019 1536 3100 Primo,
1561 3027 1716 3100 quantum
1740 3021 1778 3082 ad
1807 3019 1978 3102 signitica-

419 3120 562 3184 Ecclesia
590 3121 725 3203 Spiritus
750 3122 883 3185 Sanctus
908 3140 1004 3202 super
1030 3139 1085 3184 eos
1112 3119 1167 3201 qui
1222 3118 1343 3182 tionem
1360 3141 1367 3179 ε
1384 3117 1537 3199 quianon
1553 3117 1758 3200 itaexpresse
1777 3116 1979 3200 significavit

421 3220 671 3303 baptizabantur,
688 3220 721 3281 in
735 3220 827 3301 signo
843 3219 1008 3283 consuevit
1022 3218 1167 3281 sensibili
1224 3216 1480 3280 emundationem
1495 3215 1590 3280 totius
1612 3216 1752 3279 hominis
1772 3217 1814 3279 ab
1834 3217 1979 3279 immun-

273 3336 405 3387 aalma.
420 3337 584 3401 apparere,
601 3326 696 3401 prout
721 3318 754 3379 in
779 3317 861 3381 libro
880 3319 1017 3380 Actuum
1036 3318 1169 3398 Aposto-
1223 3315 1301 3377 ditia
1315 3314 1417 3396 culpae
1438 3314 1603 3396 originalis
1625 3314 1709 3377 sicut
1728 3314 1849 3377 ablutio
1871 3316 1980 3396 bapti-

420 3417 524 3479 lorum
545 3416 645 3479 Lucas
666 3417 759 3479 docet
779 3415 985 3497 evangelista.
1225 3412 1344 3475 smalis.
1362 3412 1518 3490 Secundo,
1534 3418 1689 3492 quantum
1707 3411 1748 3474 ad
1762 3410 1947 3475 efficaciam
1966 3436 1975 3475 :

460 3515 622 3594 Praeterea,
639 3514 786 3595 quamvis
805 3514 855 3576 lex
873 3513 969 3595 Moysi
990 3513 1049 3575 tuit
1068 3532 1087 3575 a
1105 3513 1167 3575 Deo
1224 3510 1298 3593 quia
1332 3529 1397 3574 non
1425 3510 1470 3573 ita
1496 3510 1662 3573 abundans
1696 3509 1797 3592 gratia
1823 3510 1863 3573 ad
1891 3512 1977 3575 bene

421 3614 656 3695 collata,nihilo
670 3614 778 3675 minus
793 3613 982 3675 adveniente
997 3612 1066 3693 lege
1081 3610 1169 3674 Chri·
1224 3610 1381 3690 agendum
1403 3616 1497 3689 atque
1512 3609 1550 3670 ad
1567 3607 1807 3691 reprimendum
1827 3607 1976 3672 fomitem

420 3713 473 3790 sti,
489 3721 522 3776 et
541 3731 579 3775 ea
599 3712 727 3795 publice
748 3711 918 3793 praedicata
937 3730 975 3773 ac
993 3710 1166 3791 divulgata,
1224 3707 1357 3770 dabatur
1381 3707 1414 3768 in
1439 3705 1682 3769 circumcisione
1704 3706 1975 3788 quemadmodum

419 3810 556 3874 debebat
579 3828 703 3873 cessare
724 3834 732 3873 z
753 3829 817 3872 non
839 3809 930 3890 quasi
955 3808 1038 3870 mala
1061 3808 1096 3869 in
1121 3826 1166 3884 se,
1224 3806 1259 3867 in
1283 3805 1452 3886 Baptismo.
1476 3804 1592 3883 Tertio,
1614 3812 1769 3887 quantum
1793 3806 1833 3867 ad
1856 3805 1977 3867 utilita-

420 3909 476 3972 sed
490 3918 526 3970 ut
539 3908 601 3990 legi
616 3907 740 3971 meliori
760 3906 1007 3989 perfectiorique
1028 3906 1165 3969 cederet.
1223 3911 1287 3965 tem
1305 3902 1482 3984 :quianon
1503 3910 1571 3965 erat
1591 3902 1662 3983 ejus
1682 3902 1800 3965 utilitas
1821 3903 1866 3966 ita
1886 3922 1977 3967 corn-

420 4006 691 4081 Quemadmodurn
706 4006 792 4069 enim
812 4005 954 4069 Christus
973 4003 1169 4087 praeponitur
1223 4002 1330 4064 munis
1352 4001 1436 4063 sicut
1452 4000 1616 4082 Baptismi.
1633 3999 1711 4063 Nam
1735 4000 1848 4063 babuit
1870 4001 1976 4064 deter-

323 4111 329 4122 ‘
420 4107 516 4189 Moysi
532 4114 683 4187 tanquam
698 4105 787 4167 iilius
802 4123 905 4182 servo,
921 4103 967 4166 ite
985 4104 1035 4165 lex
1054 4101 1168 4165 Christi
1223 4102 1377 4162 minatum
1403 4098 1568 4182 populum,
1589 4099 1899 4180 determinatumque
1926 4119 1977 4163 se-

422 4205 590 4291 praeiulget
603 4224 640 4267 ac
655 4204 831 4267 antefertur
850 4203 964 4284 Moysis
986 4201 1060 4282 legi.
1077 4202 1166 4280 ltem,
1184 4202 1208 4263 D
1224 4216 1309 4274 xum,
1325 4196 1569 4258 determinatum
1584 4213 1712 4276 quoque
1733 4203 1859 4277 tempus
1877 4218 1884 4257 :
1901 4195 1976 4259 ideo

422 4295 505 4368 sicut
520 4302 743 4385 imperfectum
757 4302 809 4364 via
823 4309 872 4363 est
885 4320 922 4363 ac
941 4300 1107 4383 dispositio
1129 4299 1168 4361 ad
1226 4314 1349 4357 cessare
1381 4294 1490 4358 debuit
1518 4293 1688 4356 substituto
1715 4292 1888 4375 Baptismo,
1918 4295 1976 4374 qui

422 4403 612 4485 perlectum,
628 4409 663 4464 ut
678 4400 813 4463 infantia
827 4400 867 4462 ad
885 4400 1087 4481 juventutem
1102 4421 1109 4473 ;
1126 4398 1171 4460 ita
1224 4393 1382 4456 universis
1397 4392 1545 4473 gentibus
1561 4391 1726 4472 utriusque
1749 4410 1841 4453 sexus
1864 4391 1978 4473 prasci-

423 4504 474 4566 lex
486 4501 600 4583 Moysis
616 4498 783 4582 dispositio
797 4498 859 4560 luit
873 4499 912 4560 ad
928 4498 1031 4578 legem
1041 4495 1169 4575 Christi,
1225 4494 1320 4575 pitur.
1342 4492 1515 4567 Postremo,
1536 4490 1805 4572 quemadmodum
1830 4488 1978 4553 Christus

422 4598 691 4683 quemadmodum
706 4605 738 4660 et
751 4615 865 4660 aurora
878 4597 917 4658 ad
933 4595 1050 4658 claram
1071 4594 1168 4657 diem.
1226 4610 1341 4654 novam
1361 4608 1399 4652 ac
1423 4588 1598 4671 perlectam
1623 4588 1725 4670 legem
1751 4587 1900 4663 instituit,
1929 4589 1978 4651 sic

305 4725 320 4753 a
423 4700 496 4762 ldae
510 4697 589 4760 dicit
602 4697 764 4779 apostolus
786 4694 910 4771 Paulus,
927 4694 1011 4775 quod
1026 4695 1076 4757 lex
1090 4694 1173 4775 Moy·
1226 4708 1309 4752 nova
1323 4696 1355 4751 et
1369 4687 1510 4770 perlecta
1525 4694 1723 4749 sacramenta
1741 4686 1908 4748 instituere
1923 4686 1980 4749 de-

424 4798 468 4861 sis
490 4797 680 4879 pedagogus
703 4803 811 4857 noster
835 4792 899 4855 tuit
922 4793 955 4854 in
979 4792 1114 4869 Christo,
1141 4799 1173 4852 at
1227 4787 1307 4851 buit.
1338 4787 1411 4849 ldeo
1438 4785 1525 4848 aliud
1553 4783 1713 4847 ordinavit
1742 4790 1979 4846 sacramentum

424 4896 479 4959 ubi
499 4894 588 4957 venit
607 4893 691 4955 fides
710 4890 877 4969 catholica,
893 4909 950 4953 seu
969 4890 1019 4952 lex
1037 4908 1174 4971 evange·
1228 4893 1338 4949 contra
1371 4883 1524 4965 originale
1553 4889 1731 4963 peccatum,
1762 4889 1838 4962 puta
1872 4881 1981 4964 Rapti-

424 4996 498 5071 lica,
514 4994 580 5074 jam
595 5009 660 5054 non
676 5007 786 5050 sumus
805 4988 865 5050 sub
886 4988 1068 5069 paedagogo.
1085 4986 1174 5048 lnsu-
1228 5002 1344 5060 smum,
1362 4999 1457 5064 quam
1473 4980 1533 5043 iuit
1547 4978 1761 5056 circumcisio,
1778 4998 1850 5060 quae
1869 4978 1904 5041 in
1926 5000 1981 5043 va-

425 5112 493 5176 per,
516 5092 567 5154 lex
591 5087 705 5170 Moysis
730 5085 834 5148 luerat
856 5085 1002 5147 instituta
1025 5085 1065 5147 ad
1091 5084 1175 5147 desi·
1229 5082 1287 5145 teri
1313 5082 1525 5156 Testamenta,
1551 5079 1615 5142 imo
1639 5085 1766 5141 etanta
1789 5096 1808 5139 a
1833 5084 1981 5161 tempore

425 5190 589 5273 gnandum
623 5206 660 5249 ac
694 5183 962 5269 praefigurandum
991 5190 1108 5245 statum
1136 5201 1173 5245 ac
1228 5179 1488 5256 Abrahae‚contra
1502 5176 1658 5258 originale
1673 5176 1734 5238 luit
1748 5175 1894 5239 instituta
1909 5196 1984 5258 pec·

275 5296 411 5349 romara
426 5289 561 5374 gratiam
589 5284 665 5349 novi
699 5282 903 5346 Testamenti.
933 5282 1046 5345 Omnia
1074 5282 1172 5362 enim,
1231 5276 1441 5343 catumllinc
1457 5284 1599 5359 tempore
1614 5274 1807 5357 evangelice
1821 5274 1906 5358 legis
1920 5278 1986 5341 cir-
