4309 6250
528 526 647 574 coum
668 527 836 574 rnmrnnrr
857 528 1028 587 amoueri,
1050 529 1139 576 aman
1159 531 1203 577 ru.
1227 549 1266 560 -
1287 532 1357 578 aur.
1381 533 1400 578 v
1678 515 1735 578 371

183 703 278 775 rogat
291 694 388 757 etiam
404 695 585 760 liberalitati
605 697 731 777 divinae,
747 717 818 778 quse
832 716 937 780 prom·
951 699 977 760 A
991 717 1010 762 a
1023 699 1099 780 Deo,
1116 719 1285 782 possumus
1300 721 1337 764 ex
1352 701 1524 784 Evangelio
1539 709 1648 765 contra
1663 722 1737 766 eum

73 823 79 834 ·
184 791 330 872 plisslma
347 803 396 855 est
410 793 493 857 bona
512 814 570 856 sua
588 794 756 858 infundere
775 795 830 859 ubi
850 797 938 858 inve
991 816 1134 878 arguere.
1165 799 1306 862 Christus
1339 808 1445 864 autem
1479 807 1622 880 testetur,
1653 802 1738 882 quod

183 890 679 974 neritsubjectumdispositum.
695 892 937 975 Denique,quo
991 895 1074 958 sicut
1101 896 1209 978 lulgur
1236 898 1300 960 exit
1327 899 1368 961 ab
1400 897 1521 962 oriente
1549 906 1581 960 et
1608 907 1738 980 apparet
1767 921 1857 965 narra.

185 987 264 1050 tidie
285 988 535 1052 innumerabiles
560 990 717 1068 homines,
734 999 798 1052 tam
823 990 937 1054 lideles
991 1013 1092 1074 usque
1120 995 1152 1056 in
1180 995 1390 1075 occidentem,
1422 997 1464 1058 ita
1493 996 1553 1058 erit
1581 997 1738 1059 adventus
1752 999 1809 1036 ¹¹¹¹¹
1822 987 1856 1028 ²⁷·

182 1103 283 1166 quam
312 1085 472 1167 infideles,
495 1087 686 1164 moriuntur,
711 1097 807 1170 etque
830 1109 848 1151 a
873 1089 937 1152 Deo
990 1092 1062 1154 Filii
1079 1093 1227 1156 bominis.
1245 1092 1312 1170 Ubi,
1328 1094 1411 1156 sicut
1426 1102 1457 1156 et
1471 1094 1546 1157 alibi
1561 1095 1740 1158 communi·

182 1183 421 1266 particulariter
438 1185 638 1266 judicantur3
658 1206 717 1250 nec
739 1195 870 1269 possent
890 1187 935 1250 sic
990 1197 1115 1272 ter,per
1127 1189 1241 1256 Filium
1258 1191 1394 1256 bominis
1408 1191 1554 1274 designat
1570 1211 1604 1254 se
1619 1191 1737 1274 ipsum,

181 1281 329 1363 quotidie
359 1281 507 1364 judicari,
538 1283 601 1346 nisi
634 1284 675 1347 de
705 1303 815 1348 eorum
853 1284 937 1366 judi·
990 1295 1022 1350 et
1043 1288 1184 1370 loquitur
1204 1290 1243 1352 de
1269 1309 1326 1354 suo
1348 1290 1487 1353 adventu
1513 1291 1553 1353 ad
1579 1289 1738 1371 judicium

182 1380 235 1444 cio
263 1379 347 1442 [leus
380 1399 414 1443 se
446 1380 601 1445 facillime
636 1382 776 1465 itemque
808 1382 935 1446 celerri-
990 1385 1150 1467 generale.

180 1497 237 1541 me
266 1497 304 1542 ac
333 1478 533 1543 instantanee
560 1480 734 1564 expediret,
759 1481 934 1563 praesertim
1029 1487 1213 1562 Seoeapinto
1227 1495 1303 1548 sunt
1318 1506 1407 1546 verroe
1421 1495 1519 1548 terror
1532 1489 1739 1564 eloquiorum

179 1595 285 1658 quum
300 1577 460 1641 interdum
476 1577 510 1640 in
526 1579 635 1661 praelio
649 1598 713 1643 uno
724 1587 854 1642 centum
868 1579 935 1642 mil·
989 1585 1144 1642 coelorum
1154 1603 1167 1642 .·
1177 1604 1249 1662 quae
1270 1585 1413 1644 varietas
1432 1587 1462 1644 εἰ
1476 1605 1540 1646 non
1560 1594 1651 1656 esset,
1666 1589 1739 1646 uul-

180 1675 230 1737 lia
252 1675 450 1738 occidantur.
467 1675 549 1759 Ergo
571 1686 603 1740 et
621 1676 654 1738 in
678 1677 731 1740 die
749 1677 863 1758 judieii
887 1678 935 1741 sic
991 1683 1025 1739 la
1038 1681 1128 1740 inter
1148 1683 1293 1742 homines
1310 1687 1403 1760 fieret
1424 1684 1578 1744 discretio
1599 1685 1737 1744 notitioe.

182 1773 303 1854 poterit
329 1772 447 1855 lacere,
471 1775 582 1858 sicque
609 1775 753 1839 lecturus
782 1775 840 1839 rite
868 1797 936 1839 cre-
990 1777 1076 1842 lstud
1096 1777 1227 1842 omnino
1252 1780 1437 1862 pravissime
1455 1780 1576 1844 dictum
1596 1789 1654 1844 est.
1671 1779 1740 1844 Non

180 1873 310 1935 dendus
330 1881 390 1937 est.
953 1876 1078 1941 Benim
1107 1876 1147 1939 ab
1172 1879 1276 1956 astris,
1303 1897 1407 1958 neque
1432 1898 1450 1941 a
1480 1879 1552 1941 coeli
1581 1888 1737 1963 respectu,

224 1972 399 2050 Postremo,
414 1971 536 2036 dictum
560 1974 620 2037 boc
644 1973 800 2037 ldabomet
818 1993 856 2036 ex
877 1973 938 2038 lal-
992 1983 1046 2037 aut
1068 1974 1176 2055 aliqua
1200 1975 1408 2059 dispositione
1435 1977 1646 2040 secundarum
1668 1997 1741 2041 cau-

180 2089 220 2133 so
244 2070 364 2152 prodiit
389 2070 609 2136 fundamento.
635 2073 761 2135 Putavit
785 2092 934 2154 namque,
992 2091 1099 2134 sarum
1123 2091 1292 2154 remmque
1314 2083 1504 2154 creatarum,
1521 2074 1629 2137 anima
1648 2075 1742 2139 ratio
1804 2069 1807 2073 ’

179 2176 281 2250 atque
302 2169 335 2230 in
354 2170 511 2233 Alcorano
533 2170 717 2252 frequenter
735 2171 796 2234 boc
811 2173 935 2252 asserit,
993 2171 1077 2232 nalis
1092 2171 1267 2253 dependet3
1281 2173 1334 2235 sed
1351 2173 1533 2236 immediate
1549 2192 1567 2235 a
1581 2173 1644 2237 Dee
1659 2193 1741 2236 crea-

179 2268 270 2349 quod
286 2267 319 2328 in
334 2267 385 2330 die
399 2268 511 2349 judicii
526 2269 654 2332 dabitur
665 2269 840 2350 unicuique
856 2270 938 2332 liber
991 2275 1044 2329 tur
1057 2277 1151 2350 atque
1165 2268 1393 2348 infunditur,et
1407 2270 1447 2332 ab
1462 2270 1532 2352 ipso
1546 2271 1742 2336 intellectum

181 2369 218 2430 in
245 2387 354 2444 manu,
381 2368 493 2430 electis
516 2368 548 2430 in
573 2369 712 2448 dextera,
735 2370 878 2452 reprobis
903 2369 936 2431 in
992 2367 1133 2445 sortitur,
1142 2367 1293 2452 deinceps
1307 2369 1348 2432 ab
1361 2387 1400 2432 eo
1415 2388 1451 2432 ec
1466 2370 1589 2451 augelis
1605 2370 1742 2435 illustra·

181 2467 329 2544 sinistre,
352 2475 384 2528 et
407 2467 493 2548 quod
517 2467 551 2528 in
575 2467 830 2550 uniuscujusque
855 2468 937 2531 libro
993 2473 1053 2528 tur.
1070 2465 1299 2529 Nihilominus
1315 2465 1398 2530 bona
1416 2467 1584 2551 dispositio
1600 2470 1742 2551 corporis

180 2565 350 2648 descripte
367 2573 460 2627 erunt
482 2566 590 2628 omnia
608 2566 679 2648 ejus
697 2565 782 2629 lecta
803 2575 834 2630 et
852 2575 934 2644 acta,
992 2565 1118 2627 confert
1141 2564 1250 2647 aliquo
1274 2567 1368 2630 modo
1393 2567 1432 2629 ad
1457 2565 1632 2631 bonitatem
1655 2569 1743 2649 inge-

181 2664 335 2745 legetque
353 2663 471 2726 librum
490 2683 584 2726 suum
604 2665 752 2727 totaliter.
771 2664 831 2728 Sed
852 2665 936 2727 istud
991 2661 1050 2740 nii,
1068 2682 1224 2746 usumque
1245 2664 1377 2728 rationis
1397 2683 1434 2728 ac
1450 2665 1656 2729 scientiarum
1671 2684 1742 2749 pro-

179 2772 234 2825 est
257 2780 377 2824 vanum
401 2770 434 2823 et
457 2762 579 2843 puerile
601 2771 724 2844 putare.
742 2763 829 2826 Unde
854 2763 936 2825 Scri·
992 2760 1123 2824 lectum.
1140 2762 1247 2841 Porro,
1259 2763 1285 2824 si
1301 2781 1359 2845 per
1373 2763 1470 2826 verba
1483 2763 1614 2826 inducta
1628 2764 1741 2828 blabon

180 2869 287 2942 pturae
309 2869 426 2922 sancte
444 2879 515 2941 quae
534 2860 567 2922 ln
587 2860 715 2924 Daniele
739 2869 770 2924 et
784 2860 938 2943 Apocaly·
991 2859 1060 2922 vult
1084 2860 1202 2937 dicere,
1226 2861 1311 2943 quod
1337 2861 1398 2922 nisi
1425 2859 1556 2943 prelata
1581 2869 1666 2924 esset
1689 2881 1742 2926 va·

94 3012 101 3020 .
118 2993 163 3028 e„
180 2960 233 3041 psi
248 2959 290 3020 de
306 2958 395 3020 libris
410 2967 442 3020 et
461 2977 571 3021 rorum
590 2960 755 3041 apertione
770 2960 803 3021 in
823 2960 936 3042 judicii
993 2959 1100 3036 rietes,
1117 2958 1204 3020 nulla
1220 2965 1305 3021 esset
1319 2958 1403 3020 inter
1421 2959 1568 3022 homines
1590 2960 1742 3024 discretio

94 3057 164 3092 ·'‘¹'
179 3058 236 3119 die
264 3056 451 3139 loquuntur,
481 3057 691 3141 spiritualiter
722 3067 934 3141 exponuntur,
955 3063 1024 3129 cet
1047 3056 1232 3119 differentia
1252 3055 1385 3135 notitiae,
1402 3057 1445 3119 ita
1466 3059 1550 3139 quod
1573 3077 1656 3120 unus
1677 3077 1741 3120 non

180 3166 262 3238 puta
282 3157 323 3219 de
341 3156 433 3219 libris
453 3158 732 3221 conscientiarum.
748 3158 833 3221 Libri
849 3159 935 3221 enim
992 3165 1076 3219 esset
1091 3156 1321 3237 intelligentior
1334 3164 1390 3217 aut
1405 3157 1578 3239 sapientior
1592 3156 1667 3235 alio,
1685 3158 1742 3221 ite-

179 3254 457 3317 conscientiamm
477 3262 552 3317 sunt
565 3254 642 3337 ipsae
656 3255 871 3337 conscientiae,
888 3276 938 3319 se·
992 3273 1063 3316 rum
1087 3253 1204 3316 lalsum
1229 3262 1277 3316 est
1298 3276 1305 3315 ε
1328 3254 1444 3334 primo,
1465 3255 1618 3336 quoniam
1642 3275 1741 3336 quum

178 3353 329 3415 cundum
347 3353 432 3432 quod
453 3352 486 3414 ln
508 3352 588 3435 ipsis
607 3354 721 3415 merita
739 3354 807 3416 sive
830 3354 938 3416 deme-
992 3352 1088 3416 homo
1116 3352 1209 3415 liberi
1242 3360 1344 3415 exstet
1376 3352 1510 3431 arbitrii,
1542 3362 1665 3416 certum
1693 3363 1743 3417 est

179 3452 246 3514 rita
279 3450 485 3513 continentur
513 3470 552 3513 ac
584 3460 821 3533 cognoscuntur
848 3475 856 3514 :
880 3452 936 3533 qui
992 3452 1077 3532 quod
1103 3470 1185 3513 unus
1210 3458 1315 3533 potest
1338 3468 1372 3513 se
1401 3451 1503 3533 magis
1531 3450 1677 3516 conlerre
1701 3454 1740 3515 ad

178 3549 287 3612 indie
306 3548 418 3631 judicii
438 3548 632 3629 aperientur,
647 3550 723 3630 quia
743 3557 817 3613 tunc
839 3570 937 3612 unus·
993 3551 1133 3613 studium
1154 3550 1295 3613 scientiae
1309 3568 1346 3613 ac
1362 3550 1515 3613 virtutum
1534 3570 1629 3633 quam
1646 3551 1739 3631 alius,

178 3648 323 3729 quisque
350 3666 440 3709 suam
469 3666 506 3709 ac
533 3647 670 3710 aliorum
705 3650 935 3711 conscientiam
992 3650 1168 3731 praesertim
1189 3667 1287 3730 quum
1308 3668 1390 3710 unus
1411 3649 1512 3730 magis
1532 3648 1683 3712 incitetur
1702 3652 1740 3712 ad

178 3747 276 3811 sciet.
295 3746 408 3808 Divina
421 3765 560 3828 namque
574 3746 784 3828 omnipotenti
801 3748 860 3809 liet
875 3748 936 3809 vir·
992 3748 1072 3810 illud
1093 3765 1188 3827 quam
1208 3746 1307 3825 alter3
1324 3755 1356 3807 et
1374 3747 1523 3827 quoniam
1539 3746 1620 3809 Deus
1639 3748 1741 3829 magis

177 3854 251 3907 tute
278 3852 315 3907 ut
337 3845 388 3907 vel
413 3844 446 3905 in
470 3852 643 3924 momento,
661 3844 710 3908 vel
734 3845 768 3906 in
794 3854 935 3927 tempore
992 3845 1088 3926 elegit
1103 3864 1200 3907 unum
1216 3862 1311 3925 quam
1326 3843 1555 3926 alium,sicque
1571 3844 1741 3927 benignius

177 3942 390 4021 brevissimo,
405 3942 581 4024 unicuique
597 3952 660 4021 tam
676 3962 734 4005 sua
747 3962 844 4025 quam
858 3944 936 4007 alio-
991 3945 1146 4027 praevenit
1160 3951 1192 4005 et
1205 3941 1373 4024 gratiosius
1385 3942 1516 4024 adjuvat
1530 3963 1629 4006 unum
1643 3962 1740 4026 quam

178 4064 256 4106 rum
272 4042 477 4105 innotescant
489 4049 631 4123 peccata,
648 4040 713 4104 imo
728 4042 811 4105 bona
824 4051 858 4105 et
870 4062 937 4105 me·
991 4042 1102 4105 alium.

177 4142 223 4221 la,
252 4148 412 4224 quatenus
435 4139 595 4221 judicium
620 4140 675 4202 Dei
699 4160 770 4203 esse
797 4140 936 4222 justissi-
1031 4142 1249 4218 Septuapinta
1266 4142 1353 4201 viros
1372 4142 1546 4217 assumpsit
1566 4142 1631 4201 sibi
1648 4144 1740 4221 Moy·

176 4260 274 4305 mum
290 4238 450 4302 universis
466 4246 617 4320 patescat.
625 4238 682 4302 Per
696 4238 794 4303 libros
807 4258 935 4323 quoque
950 4246 976 4311 1)
990 4260 1097 4300 ses.—
1107 4239 1275 4315 Octopirrta
1293 4238 1376 4298 ictam
1390 4239 1550 4299 debentur
1565 4240 1737 4304 inebriato.

176 4350 263 4405 tunc
277 4337 479 4422 aperiendos,
497 4337 632 4419 intelligi
647 4346 780 4420 possunt
795 4340 936 4421 Scriptu—
989 4337 1075 4400 lstud
1094 4354 1159 4399 non
1179 4343 1228 4398 est
1247 4335 1280 4397 in
1299 4334 1406 4417 aliqua
1426 4335 1495 4417 lege
1515 4336 1624 4399 divina
1637 4335 1740 4401 deter-

176 4460 223 4504 rae
240 4456 342 4502 sacrae
356 4434 431 4500 novi
446 4456 483 4500 ac
498 4435 616 4499 veteris
631 4436 823 4500 Testamenti
840 4461 847 4499 :
865 4458 935 4519 quae
990 4436 1157 4513 minatum,
1171 4434 1225 4496 sed
1241 4435 1280 4497 ad
1294 4432 1346 4515 jus
1363 4433 1500 4515 pertinet
1511 4434 1681 4518 positivum
1692 4459 1698 4497 :
1708 4445 1740 4500 et

175 4538 307 4602 idcirco
320 4544 397 4598 tunc
411 4535 591 4617 aperiendae
609 4534 767 4616 leruntur,
782 4537 933 4618 quoniam
990 4543 1096 4597 tamen
1116 4540 1220 4615 potest
1239 4531 1423 4614 contingere
1442 4540 1477 4594 ut
1490 4533 1606 4615 aliquis
1622 4534 1740 4619 impro-

175 4638 271 4701 sicut
284 4634 317 4697 in
331 4635 380 4697 eis
394 4634 548 4717 scripturn
564 4642 612 4696 est
625 4633 819 4715 judicabitur
833 4655 934 4716 genus
990 4633 1058 4695 vise
1083 4641 1176 4713 atque
1201 4650 1239 4693 ex
1263 4630 1493 4712 inexperientiae
1518 4631 1644 4695 virtutis
1668 4652 1739 4715 quae

175 4738 372 4800 humanum.
989 4739 1091 4794 exstat
1109 4732 1141 4793 in
1165 4738 1253 4812 potu,
1274 4730 1448 4791 inebrietur
1466 4730 1563 4811 (sicut
1586 4730 1619 4793 in
1638 4730 1738 4795 Gene-

217 4832 378 4895 Praeterea
399 4830 595 4911 probabilius
614 4831 765 4910 creditur,
780 4832 867 4914 quod
888 4843 934 4897 to-
989 4830 1017 4892 si
1040 4829 1156 4911 legitur
1179 4828 1245 4892 Noc
1269 4836 1341 4910 post
1365 4827 1521 4891 diluvium
1548 4828 1733 4909 inebriatae,
1766 4855 1821 4901 cen.
1854 4867 1882 4908 n,

173 4936 248 4991 tum
278 4926 356 4987 illud
380 4924 480 4989 linale
503 4926 673 5007 judicium,
689 4936 721 4989 et
744 4928 848 5009 quoad
874 4928 935 4991 dis
988 4948 1087 5009 quum
1120 4926 1216 4990 vitem
1253 4926 1449 5009 plantasset),
1483 4945 1543 4990 nec
1579 4923 1786 4991 merearurw·
1803 4922 1838 4963 ²¹·

173 5024 368 5089 cussionem
391 5025 588 5103 meritorum,
605 5033 638 5087 et
656 5026 760 5108 quoad
780 5028 934 5089 accusati·
988 5026 1150 5108 octoginta
1172 5026 1265 5104 ictus,
1282 5026 1347 5087 ime
1369 5044 1429 5087 nec
1451 5032 1534 5089 octo.

172 5141 282 5189 onem
295 5124 502 5201 malorum,et
515 5132 668 5206 quantum
681 5125 721 5186 ad
736 5127 933 5188 commenda·
1029 5126 1232 5203 Nonapinta,
1244 5126 1323 5203 quia
1339 5128 1474 5201 capetus
1485 5127 1602 5185 missus
1615 5128 1660 5185 ad
1673 5129 1738 5189 Da-

171 5224 307 5287 tionem
322 5220 488 5300 bonorum,
496 5222 676 5285 mentaliter
689 5222 886 5305 perlicietur.
896 5224 933 5287 Et
989 5227 1059 5295 vid,
1072 5226 1121 5284 ait
1137 5244 1148 5283 .·
1164 5224 1355 5300 Nonapirrto
1373 5242 1445 5282 oves
1464 5222 1598 5283 babebat
1618 5225 1672 5283 bic
1694 5244 1737 5284 so·

172 5318 339 5407 quoniam
361 5319 471 5385 baben
495 5319 613 5385 latetur
631 5321 840 5405 Evangelium
863 5342 933 5388 esse
988 5326 1060 5385 cius
1082 5343 1183 5395 meuc,
1207 5332 1237 5382 et
1261 5342 1316 5399 epo
1342 5340 1454 5393 onom,
1480 5340 1578 5403 quam
1601 5323 1736 5386 abstulit
