4309 6250
453 473 515 538 tib
800 485 919 534 conrnu
938 483 1107 530 ermion!
1128 481 1301 544 uiuorum,
1324 481 1413 530 crasa
1433 482 1454 529 r.
1477 501 1519 514 -
1538 485 1608 532 aar.
1632 485 1665 532 ιι
1724 499 1728 506 -

455 677 520 742 quo
542 667 616 723 ante
639 656 746 723 omnia
769 654 884 719 saecula
903 675 921 713 a
940 673 980 717 ex
1003 660 1095 716 utero
1116 673 1144 730 n,
1168 649 1200 714 id
1215 649 1241 714 Α
1256 653 1361 713 Pater
1375 653 1412 713 in
1426 655 1558 714 nomine
1571 673 1652 724 uteo,
1669 655 1725 714 iile
1740 674 1795 715 aea
1808 657 1918 718 derebt
1929 679 1982 719 nn·

456 765 506 820 est
524 776 563 820 ex
582 757 678 820 corde
697 773 754 818 seu
773 751 938 816 intellectu
957 751 1013 814 Dei
1028 749 1138 827 Patris,
1156 749 1203 810 in·
1256 747 1372 810 niani
1388 749 1502 811 iterum
1516 751 1561 813 ait
1573 774 1580 812 ε
1593 754 1700 820 Quum
1715 753 1841 812 venerit
1855 756 2087 820 Perculsum.

456 855 681 919 tellectualiter
704 872 741 916 ac
765 848 997 914 invariabiliter
1020 857 1115 930 atque
1136 865 1204 910 orn·
1258 850 1730 924 tas,quernepornittamcobis
1743 839 2020 926 aPatrenptrt’*

456 954 533 1017 nino
557 949 810 1016 immaterialiter
831 955 924 1010 natus
949 954 998 1009 est
1018 944 1203 1026 unigenitus
1259 951 1328 1003 tum
1337 945 1705 1024 ueritatis,quiaPatre
1712 948 1868 1022 procedit.
1876 946 1943 1010 Ecce
1953 947 1982 1011 in

456 1051 556 1114 Filius
572 1050 654 1131 ejus.
1258 1039 1364 1102 verbis
1379 1040 1441 1118 his,
1457 1041 1548 1104 Pater
1561 1047 1593 1104 'et
1607 1041 1706 1105 Filius
1728 1050 1760 1105 et
1779 1043 1908 1123 Spiritus
1919 1045 1984 1107 San-

495 1147 576 1209 Hinc
592 1145 741 1209 Salomon
762 1143 796 1205 in
811 1160 947 1226 persona
966 1147 1092 1203 aeteruae
1107 1147 1138 1200 et
1155 1137 1203 1199 iu·
1259 1144 1329 1198 ctus
1344 1137 1520 1218 signantur.
1537 1139 1580 1201 De
1595 1139 1711 1220 quihus
1732 1139 1830 1202 etiam
1850 1139 1881 1202 iu
1898 1143 1984 1224 prims

456 1253 570 1309 creatas
593 1263 631 1307 ac
649 1243 766 1324 genita
785 1239 955 1322 Sapientia
975 1238 1029 1300 Dei
1048 1240 1134 1318 (quae
1155 1242 1204 1298 est
1260 1254 1316 1297 sua
1331 1234 1465 1316 epistola
1479 1235 1621 1317 loquitur
1635 1237 1772 1300 Joannes
1787 1239 1982 1320 evangeliste:

313 1364 382 1408 rm.
397 1376 441 1414 vn.
456 1343 595 1406 Verbum
615 1349 647 1404 et
661 1340 762 1403 Filius
776 1338 860 1419 eius)
876 1343 1009 1398 testatur
1021 1359 1028 1397 ε
1040 1336 1203 1396 Dominus
1261 1337 1340 1395 Tres
1353 1342 1430 1392 sunt
1445 1335 1504 1412 qui
1523 1337 1744 1396 testimonium
1765 1339 1846 1397 dant
1862 1341 1895 1398 in
1911 1341 1986 1410 caio,
2004 1359 2091 1404 itam.

308 1429 384 1470 Μ·
451 1443 594 1519 possedit
609 1459 659 1499 me
674 1439 709 1498 in
726 1437 823 1496 initio
839 1437 971 1495 viarum
985 1452 1135 1501 suarum,
1146 1449 1204 1490 an·
1259 1433 1375 1500 Pater,
1400 1433 1548 1502 Verbum,
1572 1443 1603 1492 et
1626 1434 1779 1510 Spiritus
1798 1425 2015 1506 Sanctus,·et⁷·

456 1548 586 1618 tequam
613 1538 795 1617 quidquam
821 1533 945 1608 faceret
973 1551 994 1590 a
1022 1530 1201 1606 principio.
1259 1529 1296 1588 bi
1320 1537 1386 1588 tres
1412 1548 1514 1590 unum
1539 1540 1627 1592 sunt.
1656 1531 1744 1594 Unde
1771 1539 1805 1595 et
1827 1534 1908 1616 apud
1929 1534 1988 1597 llat-

453 1638 506 1699 Ab
519 1645 641 1697 aterna
659 1634 816 1694 ordinata
831 1650 927 1698 citra,¹
943 1631 1089 1688 nondum
1107 1634 1203 1687 erant
1258 1625 1376 1688 thaeum
1402 1626 1544 1707 loquitur
1567 1627 1710 1691 Christus
1728 1652 1735 1691 :
1752 1634 1879 1692 Euntes
1899 1636 1989 1694 baete
2009 1657 2072 1700 unu,

455 1736 576 1812 abyssi,
596 1743 627 1793 et
650 1751 705 1809 epo
721 1732 796 1808 jam
818 1737 968 1803 sanaem
993 1745 1110 1795 eram;
1128 1733 1205 1784 ante
1258 1744 1366 1784 omnes
1383 1735 1507 1802 pentes,
1527 1728 1732 1803 baptizantes
1751 1748 1803 1789 eos
1822 1731 1859 1788 in
1877 1715 2054 1791 nontu¹¹r¹¹·
2067 1725 2087 1762 ¹⁹·

318 1845 378 1891 nst.
407 1848 441 1896 ar,
455 1836 550 1892 colles
563 1851 620 1909 epo
635 1829 862 1907 parturiebar.
881 1827 1018 1894 Quando
1031 1823 1240 1899 prepara-B
1259 1823 1376 1883 Patris
1398 1832 1428 1882 et
1453 1826 1539 1884 Filii
1563 1833 1593 1884 et
1617 1827 1770 1901 Spiritus
1796 1830 1920 1890 Sancti.
1940 1828 1988 1891 Ubi

309 1913 344 1961 ‘⁹¹
361 1912 394 1953 ³⁰¹
456 1932 509 1991 bat
528 1933 633 1999 coelos,
649 1930 808 1995 aderam
822 1925 952 2004 quando
974 1932 1064 1982 certa
1087 1924 1203 1998 tepeat
1259 1918 1461 2000 singulariter
1485 1921 1633 2001 dicendo,
1654 1945 1671 1982 a
1696 1923 1728 1985 in
1754 1925 1884 1988 nomine
1902 1948 1927 2004 r,
1948 1926 1990 1988 in·

452 2048 537 2106 pyro
552 2028 694 2087 vallabat
709 2025 850 2101 abyssos,
859 2023 991 2100 quando
1004 2019 1205 2095 appendebat
1259 2015 1330 2078 nuit
1345 2017 1498 2081 unitatem
1513 2019 1658 2084 essentia
1674 2020 1709 2083 in
1729 2021 1830 2085 trihus
1847 2025 1987 2106 personis,

453 2128 675 2203 fundamenta
698 2131 809 2190 terrie,
828 2139 903 2180 cum
922 2139 957 2178 eo
976 2138 1067 2178 eram
1087 2125 1205 2176 cunata
1258 2123 1290 2178 et
1316 2117 1500 2180 earumdem
1534 2120 1735 2198 personalem
1769 2120 1989 2186 distinctionem
2107 2153 2108 2160 κ

455 2241 657 2300 componens.
668 2219 779 2282 Adhuc
795 2225 901 2279 autam
917 2215 950 2276 iu
966 2213 1143 2277 Proverbiis
1155 2212 1205 2274 Sa·
1258 2212 1413 2294 designat,
1425 2232 1479 2277 eas
1493 2214 1682 2280 nominatim
1697 2235 1734 2280 ac
1750 2219 1914 2302 copulatim
1927 2239 1989 2283 mor

315 2321 565 2400 rurm,lomon
584 2318 750 2402 loquitur:
768 2315 1010 2385 Quisaseendit
1031 2314 1068 2372 in
1089 2315 1204 2371 coetum
1259 2311 1475 2392 exprimendo.
1499 2314 1545 2376 hd
1572 2313 1657 2377 idem
1682 2315 1880 2397 probandum
1903 2318 1990 2381 multo

311 2412 332 2455 ⁸·
456 2430 554 2500 atque
568 2416 760 2479 deseendit?
775 2415 856 2483 Quis
869 2413 1033 2473 continuit
1047 2411 1205 2486 spiritum
1258 2409 1350 2490 plura
1373 2429 1411 2472 ex
1431 2411 1596 2492 utriusque
1621 2413 1815 2478 Testamenti
1840 2416 1990 2498 scripturis

457 2521 495 2579 in
517 2519 670 2579 manibus
693 2515 788 2576 suis?
809 2514 890 2582 Quis
911 2511 1079 2588 cottipauit
1103 2528 1206 2588 aquas
1259 2526 1384 2589 possem
1417 2508 1578 2591 inducere,
1609 2511 1665 2574 sed
1698 2511 1847 2576 brevitati
1879 2513 1991 2576 studere

456 2618 554 2697 quasi
567 2617 604 2677 in
622 2612 838 2675 vestimento?
852 2611 933 2680 Quis
950 2609 1121 2670 suscitavit
1139 2627 1204 2666 om·
1258 2623 1315 2685 par
1329 2613 1388 2668 est.

455 2735 512 2775 nes
527 2715 683 2774 terminos
697 2711 919 2778 terrteiQuad
932 2727 1049 2768 nornen
1061 2715 1109 2766 est
1123 2707 1204 2784 ejus,
1297 2703 1425 2783 eccae
1446 2705 1624 2786 Sarraceni,
1647 2707 1737 2788 J'uxte
1757 2707 1905 2773 Alcorani
1923 2727 1993 2792 pre·

455 2821 485 2872 et
504 2814 591 2891 quod
610 2829 725 2871 nomen
743 2811 813 2886 filii
836 2809 921 2885 ejus,
936 2807 966 2866 si
990 2806 1103 2865 nosti?
1122 2803 1204 2867 Ecce
1257 2801 1539 2884 cepta,scripturis
1554 2804 1666 2886 Moysis
1681 2813 1713 2868 et
1727 2805 1946 2888 Prophetarum
1961 2826 1992 2869 ac

455 2909 489 2971 io
505 2908 611 2971 verbis
630 2908 681 2971 his
703 2907 853 2969 Salomon
867 2904 967 2966 Deum
981 2902 1105 2965 Patrem
1119 2902 1205 2984 ejus·
1257 2897 1421 2980 Evangelii
1437 2899 1574 2964 tirmiter
1594 2903 1725 2966 credite.
1741 2903 1831 2977 Quod
1847 2905 1873 2967 si
1892 2903 1994 2967 laceri·

455 3026 518 3089 que
532 3006 663 3072 unicum
677 3005 914 3086 Piliumaperte
928 3000 1204 3084 declaratlpsum·
1220 3000 1243 3063 G
1259 2996 1311 3077 tis,
1340 2993 1582 3063 auctoritatibus
1610 3001 1822 3084 praeallegatis
1850 3003 1993 3080 credetis;

454 3123 517 3187 que
536 3103 652 3167 Piliam
671 3103 775 3166 innuit
793 3119 864 3164 esse
884 3098 1086 3164 ineffabilem
1101 3118 1138 3162 ac
1153 3099 1202 3161 in·
1258 3094 1440 3178 erimusque
1456 3098 1641 3177 concordes,
1649 3107 1682 3162 et
1692 3099 1790 3171 simul
1805 3099 1994 3165 salvabimm.

455 3201 791 3285 comprehensibilem,
813 3200 897 3263 sieut
926 3206 958 3261 et
982 3198 1106 3260 Patrem
1123 3222 1130 3259 ι
1147 3217 1205 3280 per

455 3302 541 3383 quod
555 3301 702 3383 designat
714 3318 789 3362 eum
802 3298 885 3361 Patri
900 3296 1067 3379 malem.

495 3398 652 3481 Amplius,
682 3396 818 3460 Trinitas
846 3396 906 3457 ista
939 3394 1205 3476 superbenedicta
1467 3382 1712 3449 ARTIGULUS
1736 3384 1797 3449 XI.

455 3517 492 3561 ac
507 3496 725 3577 adoranda‚ex
738 3493 905 3575 scripturis
920 3493 996 3555 novi
1011 3491 1204 3555 Testamenti
1260 3529 1411 3595 Qualiter
1425 3530 1643 3606 intem-9372&
1660 3534 1702 3591 sit
1720 3534 1890 3608 weram
1912 3534 1998 3595 perp·

455 3594 636 3659 evidentius
661 3593 887 3703 copiosiusque
902 3598 1016 3702 'pote-st
1039 3591 1167 3673 probari
1194 3614 1202 3654 :
1299 3618 1532 3696 oepempfflque
1541 3622 1704 3694 proemio
1717 3622 1996 3697 Spiricmsamp,

456 3691 616 3773 siquidem
631 3692 671 3753 de
685 3690 785 3753 Patris
798 3709 836 3752 ac
851 3689 922 3752 Frln
943 3688 1071 3767 deitate,
1088 3707 1205 3772 praece-
1299 3724 1338 3764 ας
1354 3707 1525 3766 distinctio
1539 3724 1760 3782 personarum
1780 3711 1816 3769 r„
1841 3712 1918 3781 Deo,
1933 3710 1998 3770 „ma

455 3790 543 3853 denti
558 3789 692 3853 articulo
706 3788 808 3851 multa
821 3795 896 3849 sunt
909 3787 1044 3870 allegata
1058 3806 1096 3850 ex
1111 3806 1204 3849 evan·
1227 3808 1228 3813 ¹
1300 3802 1414 3873 tasque
1428 3796 1657 3856 substantiatis
1671 3816 1785 3859 aarum
1802 3801 1837 3858 in
1854 3801 1930 3875 ipso.

454 3888 538 3971 pelio
566 3889 598 3951 S.
624 3887 765 3951 ioannis.
790 3885 829 3948 Et
856 3905 967 3949 rursus
993 3885 1028 3947 in
1057 3884 1204 3965 ejusdem

320 3986 615 4069 amnevangelii
630 3986 712 4049 lihro
727 3984 945 4066 scriptumest
960 4007 968 4045 ι
984 3986 1042 4046 Sic
1055 3987 1143 4046 Deus
1157 3986 1206 4043 eti-
1320 3978 1472 4042 ALOhtON
1494 3979 1528 4042 in
1547 3980 1726 4045 Proverbiis
1745 3990 1901 4047 testatur:
1918 3985 2096 4052 Sicutmr.

309 4068 342 4110 ¹⁸·
455 4087 538 4147 lenit
564 4087 792 4153 manascunt
817 4084 943 4144 Filium
969 4102 1065 4142 suum
1093 4083 1205 4159 unigm-
1334 4077 1389 4157 qui
1408 4077 1472 4141 mel
1492 4078 1632 4142 eomedit
1650 4080 1799 4163 multum,
1816 4101 1881 4146 non
1902 4092 1951 4145 est
1971 4076 2034 4145 eii·

454 4186 565 4244 uitam
590 4185 695 4243 daret.
723 4180 783 4243 Sed
808 4188 841 4242 et
864 4180 904 4242 de
929 4179 1048 4261 Spiritu
1077 4179 1203 4258 Sancto,
1221 4174 1401 4255 bbonum3
1418 4176 1465 4239 sic
1484 4176 1538 4257 qui
1557 4186 1774 4259 perscrutator
1792 4188 1841 4243 est
1859 4181 1998 4263 majesta·

347 4296 403 4341 nn.
420 4299 441 4342 s.
456 4281 569 4345 codem
593 4278 733 4361 capitulo
757 4277 901 4359 loquitur
924 4276 1067 4339 Christus
1094 4300 1101 4338 :
1129 4280 1206 4340 Nisi
1261 4274 1312 4351 tis,
1329 4274 1528 4355 opprimetur
1546 4294 1564 4337 a
1582 4274 1695 4355 gloria.
1710 4276 1778 4350 Quo
1797 4279 1896 4342 verbo
1913 4279 1999 4343 doce

456 4382 532 4460 quis
556 4386 693 4439 renatus
715 4379 823 4454 fuerit
846 4396 888 4435 aa
912 4396 998 4455 aqua
1017 4386 1047 4435 et
1070 4378 1206 4451 Spiritu
1260 4391 1334 4436 mur
1347 4390 1387 4433 ne
1408 4371 1766 4455 incomprehensibilem
1786 4386 1818 4438 et
1837 4376 2001 4440 incircum-

456 4480 590 4545 Sancto,
610 4494 677 4536 non
698 4484 803 4551 potest
831 4475 974 4533 introire
1001 4474 1038 4532 in
1067 4492 1205 4550 repnum
1261 4469 1471 4551 scriptibilem
1486 4470 1597 4551 Deum,
1613 4491 1650 4534 ac
1666 4474 1859 4555 pertinentia
1874 4476 1913 4537 ad
1934 4494 2000 4539 eum

457 4576 530 4638 Dei.
546 4574 585 4635 At
599 4591 675 4636 vero
695 4572 780 4653 apud
802 4572 956 4634 Joannem
978 4589 1105 4632 rursum
1129 4569 1208 4633 scri·
1261 4577 1294 4631 et
1316 4568 1528 4631 essentialiter
1552 4569 1636 4632 idem
1663 4589 1736 4633 cum
1761 4572 1843 4654 ipso,
1859 4573 2001 4637 videlicet

320 4691 381 4736 rua.
405 4704 442 4745 vu,
456 4680 548 4755 ptum
572 4680 622 4735 est
642 4695 650 4733 ε
672 4673 839 4733 Clamabat
863 4673 968 4740 lesus,
987 4671 1099 4729 dicens
1115 4690 1126 4729 .·
1143 4673 1208 4739 Qui
1262 4667 1451 4730 intrinsecas
1483 4668 1705 4750 proprietates,
1726 4671 1878 4736 ‘actiones
1913 4683 2000 4755 atque

308 4759 343 4808 ⁸⁷·
358 4758 393 4799 ⁸⁸·
455 4773 562 4832 credit
577 4773 614 4830 in
627 4790 690 4840 me,
705 4772 790 4830 sicut
800 4770 884 4829 dicit
894 4770 1207 4845 scripturalium·
1260 4765 1381 4848 judicia
1404 4766 1486 4848 ejuS,
1506 4776 1757 4850 praesumptuose
1783 4772 1929 4852 scrutari,
1954 4780 2002 4835 aut

455 4890 499 4931 na
523 4873 563 4929 de
587 4878 700 4929 ventre
724 4869 796 4944 ejus
816 4869 922 4944 fluent
940 4887 1035 4945 aqua
1058 4868 1152 4927 viva.
1169 4866 1207 4928 Et
1262 4864 1479 4942 immoderate,
1510 4865 1689 4929 intimorate
1717 4869 1768 4931 vel
1796 4868 2002 4933 irreverenter

331 4984 391 5031 rau.
406 4986 440 5029 u.
455 4969 601 5031 subditur
618 4968 662 5029 ihi
674 4989 682 5029 ε
695 4970 765 5028 Hac
778 4976 885 5028 autem
899 4966 990 5025 airu
1005 4968 1046 5024 ate
1058 4966 1205 5041 Spiritu,
1260 4962 1429 5041 discutere,
1446 4971 1501 5025 aut
1519 4964 1789 5044 comprehendere
1807 4966 1891 5030 velle
1915 4988 2003 5033 cone·

455 5088 550 5148 quem
571 5067 740 5143 accepturi
759 5074 856 5126 erant
876 5066 1043 5123 credentes
1062 5066 1099 5123 in
1119 5084 1204 5125 eum.
1260 5080 1343 5141 mur,
1361 5060 1416 5123 sed
1431 5079 1504 5123 cum
1524 5061 1612 5124 omui
1633 5064 1811 5126 reverentia
1829 5072 1862 5127 et
1881 5064 2001 5148 timore,

320 5206 382 5253 M
396 5221 440 5262 nv,
453 5166 572 5229 lterum
592 5165 626 5226 in
646 5164 769 5227 toanue
788 5162 834 5224 ait
852 5160 995 5224 Salvator
1008 5161 1178 5243 discipulis
1196 5185 1203 5225 :
1261 5158 1436 5223 cumomni
1452 5158 1656 5223 modestiaet
1673 5160 1852 5225 humilitate
1868 5163 2003 5246 inquira-

307 5274 342 5317 u.
452 5268 649 5331 Paracletus
657 5263 809 5341 Spiritus
823 5265 1083 5341 Sanctus‚quem
1100 5264 1205 5323 mittet
1261 5278 1332 5323 mus
1351 5267 1446 5340 atque
1466 5256 1633 5340 loquamur
1651 5259 1691 5323 de
1706 5259 1787 5342 ipso,
1803 5261 1860 5342 qui
1879 5280 2003 5327 omnem
