4309 6250
452 499 512 565 596
552 516 593 564 na
613 513 822 564 numentanus
843 513 936 562 suurn
957 511 1125 561 romrrrcrs
1146 512 1184 558 ar
1203 511 1373 558 caumata
1386 508 1528 575 coacuu,
1550 511 1640 559 aman
1660 513 1693 558 u.
1715 529 1757 541 -
1777 513 1849 558 aar.
1871 513 1901 558 rr

455 697 487 752 et
507 697 620 772 prater
639 687 698 750 hoc
724 686 807 766 quod
827 683 969 746 Christus
994 703 1050 746 seu
1069 680 1199 744 llichael
1215 682 1241 743 h
1255 681 1435 763 generalem
1456 679 1655 743 hierarcham
1676 681 1710 743 in
1729 689 1825 758 terra,
1840 681 1892 762 qui
1913 682 1982 762 ejus

454 787 570 850 dicitur
594 785 754 867 princeps,
779 790 896 864 pastor,
922 789 1018 863 caput
1041 788 1072 842 et
1099 788 1202 843 rector
1255 779 1327 841 dem
1343 787 1442 840 status
1456 797 1531 841 com
1548 778 1604 841 illa
1621 778 1786 856 consistat,
1801 787 1834 841 et
1852 779 1918 860 ejus
1936 781 1981 859 qui

455 885 552 949 totius
575 882 762 946 universalis
788 881 936 944 Ecclesia
961 879 1138 957 militantis,
1154 897 1203 940 re-
1256 877 1399 940 absolute
1427 895 1571 940 summos
1598 877 1765 940 hierarcha
1791 885 1851 957 est,
1878 877 1982 940 scilicet

454 983 552 1065 quirit
571 982 660 1060 ordo,
677 987 789 1043 natura
810 985 842 1040 et
862 977 1003 1041 conditio
1024 977 1121 1058 hujus
1145 976 1203 1039 Ec·
1256 974 1329 1038 lesu
1349 974 1474 1055 Christi,
1491 974 1605 1056 plenus
1627 976 1660 1037 in
1679 984 1763 1038 terra
1787 975 1918 1038 vicarius
1938 977 1979 1052 sil,

456 1080 559 1144 clasiae
587 1079 653 1142 sive
682 1077 850 1154 exercitae,
878 1076 963 1157 quod
991 1094 1091 1138 unum
1117 1091 1203 1136 sum·
1256 1073 1313 1137 toti
1335 1072 1559 1136 ecclesiastica
1576 1073 1766 1137 hierarchia
1786 1075 1982 1156 paritersan-

455 1198 555 1258 mum,
571 1176 755 1241 vicarialcm
770 1194 807 1238 ac
822 1174 1002 1258 generalem
1022 1173 1202 1255 principem
1258 1180 1318 1253 pta
1339 1170 1530 1234 vicarialiter
1543 1189 1580 1234 ac
1595 1171 1818 1234 universaliter
1835 1173 1982 1254 presiden-

454 1286 486 1340 et
499 1285 657 1360 pastorem
678 1274 826 1337 sortiatur
848 1273 881 1334 in
903 1279 985 1334 terra
1002 1295 1009 1334 :
1027 1271 1132 1335 etiste
1153 1277 1202 1332 est
1257 1271 1308 1332 do.
1341 1268 1399 1331 llic
1430 1277 1537 1332 autem
1569 1277 1618 1333 est
1648 1270 1743 1351 Papa,
1773 1288 1868 1351 quem
1897 1271 1982 1334 Bona-

454 1376 547 1457 Papa.
1258 1379 1392 1431 ventura
1418 1369 1514 1431 totius
1540 1368 1692 1432 Ecclesia
1722 1388 1881 1432 summum
1907 1378 1983 1432 vocat

1257 1465 1466 1529 hierarcham.

1296 1564 1438 1645 lienique
1456 1564 1507 1626 his
1521 1565 1716 1629 concordant
1734 1584 1806 1647 qua
1820 1566 1943 1628 Thomas
1954 1567 1981 1627 in

657 1651 903 1718 ARTICULUS
930 1650 989 1714 Vl·
1256 1663 1360 1746 prima
1373 1670 1473 1744 parte,
1490 1662 1665 1744 quastione
1683 1664 1858 1726 centesima
1875 1671 1980 1741 ochra,

455 1798 547 1866 Quod
560 1796 639 1856 crdo
653 1813 691 1852 ac
704 1793 817 1852 unitae
835 1790 1054 1850 ecclesiastica
1073 1789 1202 1847 hierar·
1257 1759 1738 1840 ⁸⁰sibi¹2di⁰⁰¹¹d⁰³ffi0fflf⁰ffi⁸
1751 1763 2042 1843 θθῑὸῧθθΓΡΓῙΜι
2106 1756 2107 1839 i

494 1886 576 1944 cbioe
589 1884 727 1959 accipent
741 1899 903 1940 summum
912 1879 1107 1955 Pontificem
1117 1895 1202 1953 prce·
1219 1856 1242 1918 B
1257 1855 1392 1937 ‘'illsttlls·
1409 1857 1444 1919 1¹¹
1462 1857 1642 1940 principatu
1661 1867 1769 1922 autem
1792 1867 1909 1941 oporiet
1924 1877 1983 1922 casa

495 1976 602 2034 sidere
616 1972 677 2032 toti
690 1970 842 2032 Ecclesiae
856 1969 956 2028 simul
969 1977 1115 2042 accepte.
1256 1954 1436 2037 principem
1459 1964 1493 2020 et
1516 1956 1754 2021 multitudinem
1773 1957 1804 2021 ei
1826 1957 1982 2039 subjectam

1256 2061 1351 2133 atque
1376 2053 1434 2116 sub
1458 2073 1497 2118 eo
1520 2055 1708 2118 ordinatam.
1734 2057 1835 2131 Quum
1857 2075 1927 2138 ergo
1950 2057 1983 2117 sit

315 2189 439 2235 mmm,
524 2157 620 2220 BBAS
633 2153 845 2219 vercellensis
859 2172 898 2215 ex
914 2151 1021 2215 verbis
1035 2150 1136 2214 divini
1149 2150 1202 2212 bi·
1256 2171 1339 2213 unus
1362 2152 1506 2216 omnium
1530 2153 1691 2236 princeps,
1708 2155 1832 2218 scilicet
1853 2155 1939 2232 Deus,
1952 2173 1983 2217 cx

307 2255 393 2299 ΝΜ·
409 2269 439 2298 ¹¹¹·
538 2255 642 2338 anysii
673 2251 885 2316 hierarchiam
918 2249 1091 2328 deliniens,
1120 2249 1199 2310 ait:
1255 2250 1315 2311 hac
1332 2259 1419 2331 parte
1433 2258 1482 2312 est
1495 2251 1639 2315 omnium
1658 2252 1915 2315 intellectualium
1927 2271 1984 2314 cre·

452 2354 634 2420 hierarchia
657 2361 706 2416 est
730 2359 839 2414 sancta
862 2348 1064 2412 rationalium
1093 2365 1201 2429 persa
1256 2355 1418 2410 aturarum
1434 2369 1498 2412 una
1512 2349 1690 2414 hierarchia
1705 2351 1766 2413 sub
1779 2369 1842 2413 uno
1856 2350 1983 2432 principe

453 2473 566 2518 narum
594 2450 809 2533 congregatio,
839 2447 989 2529 gradibus
1023 2453 1054 2508 et
1081 2444 1201 2508 ciliciis
1256 2446 1331 2510 Deo.
1348 2446 1478 2529 Pmpter
1494 2450 1579 2529 quod
1598 2449 1794 2531 Augustinus
1813 2449 1984 2513 duodecimo

452 2553 596 2617 ordinate
618 2550 780 2626 distincta,
806 2565 881 2608 cum
910 2544 1044 2608 scientia
1072 2553 1105 2607 et
1127 2562 1202 2626 ope-
1256 2544 1337 2608 libro
1358 2547 1397 2609 de
1419 2546 1553 2610 Ciuitate
1572 2547 1627 2610 [tei
1648 2547 1728 2610 duas
1750 2548 1871 2611 inducit
1888 2548 1984 2610 civita·

453 2651 574 2714 ratione
599 2649 660 2712 sibi
684 2643 952 2728 competentibus,
978 2643 1016 2705 ad
1042 2641 1097 2705 Dei
1127 2661 1203 2705 con·
1256 2650 1303 2705 tes
1328 2663 1385 2707 seu
1410 2645 1601 2709 societates:
1623 2665 1720 2709 unam
1744 2646 1908 2725 honomm,
1930 2653 1984 2708 tam

454 2750 648 2813 formitatem
670 2752 763 2828 prout
784 2743 813 2806 ei
836 2742 989 2824 possibile
1011 2748 1060 2804 est
1079 2741 1203 2804 assimi·
1256 2741 1441 2823 angelorum
1462 2760 1557 2824 quam
1576 2743 1754 2825 hominum,
1770 2763 1863 2825 mam
1881 2744 1985 2807 consti-

453 2848 527 2926 lata,
544 2865 602 2930 per
625 2841 877 2908 illuminationes
901 2859 1029 2922 quoque
1051 2838 1201 2903 divinitus
1256 2839 1318 2902 tuit
1330 2859 1420 2904 amor
1438 2840 1493 2903 Dei
1514 2859 1662 2904 crescens
1683 2861 1785 2924 usque
1804 2843 1842 2905 ad
1860 2851 1985 2906 contem·

452 2946 541 3029 juxta
570 2943 730 3027 propriam
764 2939 1016 3021 uniuscujusque
1045 2938 1201 3020 capacita-
1255 2946 1345 3020 ptum
1360 2937 1535 3015 sui3aliam
1550 2957 1625 3004 vero
1639 2938 1986 3020 malorum,qoamlacit

455 3054 518 3109 tem
548 3041 681 3120 infusas,
705 3040 745 3103 ad
773 3037 962 3102 deiformem
992 3036 1200 3100 imitationem
1220 3045 1347 3109 camur
1365 3036 1415 3098 sui
1434 3055 1581 3100 crescens
1603 3037 1762 3119 usquead
1786 3046 1985 3118 contemplum

454 3150 663 3207 sursumacta.
689 3140 769 3202 ilinc
798 3156 894 3219 super
922 3136 1099 3199 secuudum
1126 3136 1202 3199 Sen—
1257 3134 1322 3198 bei.
1339 3135 1445 3215 Porro,
1461 3136 1488 3199 si
1513 3136 1732 3201 consideretur
1759 3135 1932 3199 hierarchia
1953 3155 1986 3198 ex

454 3242 636 3318 tentiarum,
649 3237 855 3303 distinctione
870 3234 1021 3315 nona,ait
1035 3234 1202 3297 Durandus
1256 3240 1344 3315 parte
1378 3233 1591 3297 multitudiuis
1624 3234 1769 3314 subdita,
1805 3236 1852 3299 sic
1881 3236 1987 3298 hierar·

454 3340 494 3403 de
523 3340 554 3402 S.
575 3338 721 3402 Portiano
738 3335 844 3399 :Ordo
872 3332 1046 3415 recipiendi
1074 3333 1201 3395 divinas
1256 3332 1327 3396 chia
1350 3332 1468 3396 dicitur
1490 3352 1564 3412 una,
1587 3335 1763 3397 secondum
1787 3336 1871 3417 quod
1893 3333 1987 3396 multi-

455 3437 717 3515 illuminationes,
733 3433 809 3516 quia
831 3432 873 3495 ab
893 3450 968 3510 uno,
986 3430 1107 3493 scilicet
1125 3431 1200 3512 Deo,
1256 3431 1333 3495 tudo
1355 3449 1419 3493 ooo
1438 3438 1470 3493 et
1489 3432 1601 3494 eodem
1621 3432 1715 3495 modo
1736 3434 1877 3515 recipere
1896 3439 1987 3515 potest

456 3534 655 3617 originaliter
676 3530 842 3596 descendit
866 3538 960 3611 atquo
983 3529 1153 3611 dependet,
1170 3537 1202 3591 et
1257 3528 1411 3611 principis
1429 3528 1648 3608 directionem,
1664 3530 1923 3612 gubernationem
1939 3548 1987 3593 sen
2105 3521 2106 3524 ’

456 3634 496 3696 ad
517 3650 617 3695 unum
640 3630 779 3693 finaliter
799 3628 912 3705 tendit,
928 3626 1079 3689 videlicet
1099 3634 1134 3687 ut
1154 3644 1203 3688 re·
1256 3626 1697 3701 illuminationemtluoniam
1711 3648 1788 3711 ergo
1801 3628 1989 3693 homiuesdi·

456 3734 611 3795 ducamur
624 3730 658 3791 in
672 3728 784 3805 ileum,
798 3735 927 3789 vocatur
941 3723 1202 3803 hierarchia,hoc
1258 3726 1349 3788 vinas
1369 3724 1621 3789 illuminationes
1645 3726 1826 3808 suscipiunt
1848 3728 1906 3790 sub
1928 3744 1989 3789 sen·
2105 3797 2106 3800 Ἴ

456 3838 505 3895 est
528 3848 618 3893 sacer
639 3825 848 3910 principatuS,
873 3823 913 3885 ab
938 3830 1019 3909 ἱερός,
1047 3823 1131 3905 quod
1155 3830 1205 3885 est
1258 3823 1404 3886 sibilibus
1435 3822 1558 3901 lormis,
1588 3833 1624 3886 ut
1652 3832 1739 3906 patet
1767 3826 1801 3887 in
1827 3844 1989 3888 sacramen·
2105 3809 2106 3878 i

457 3946 557 4006 sacer,
587 3934 620 3989 et
650 3924 746 4010 ἀρχάς,
772 3923 856 4004 quod
885 3930 933 3985 est
960 3920 1120 4003 princeps.
1149 3920 1205 3983 Est
1259 3923 1299 3984 tis
1317 3922 1468 3985 Ecclesia
1488 3930 1520 3984 ct
1540 3920 1654 4004 liguris
1675 3922 1845 4005 Scriptura
1862 3928 1990 4006 (propter

457 4027 543 4090 enim
559 4023 756 4106 principatus
775 4020 944 4083 multitudo
963 4019 1023 4081 suh
1041 4036 1105 4082 uno
1119 4019 1205 4101 prin·
1257 4022 1343 4102 quod
1367 4021 1471 4103 primo
1493 4020 1635 4083 Coelestis
1657 4020 1842 4086 hierarchia
1865 4022 1990 4105 capitrdn

457 4125 529 4206 cipe
553 4122 698 4186 ordinata
719 4126 850 4202 propter
872 4117 972 4180 sunem
1000 4136 1096 4198 quem
1120 4118 1206 4199 prin·
1260 4138 1394 4201 magnus
1408 4118 1576 4200 Dionysius
1591 4119 1704 4182 scribit
1719 4144 1726 4181 :
1742 4119 1935 4203 Impossibile
1950 4128 1992 4182 est

458 4242 533 4305 ceps
562 4218 698 4284 intendit
724 4241 731 4279 ε
754 4218 793 4280 ad
821 4235 917 4298 quem
945 4218 1204 4298 consequendum
1220 4221 1245 4283 l)
1260 4218 1352 4281 nobis
1374 4216 1466 4280 aliter
1488 4218 1596 4281 lucere
1619 4217 1765 4280 divirmm
1790 4219 1920 4297 radium,
1938 4215 1989 4279 nisi

458 4320 627 4402 requiritur
649 4316 815 4380 diversitas
840 4312 1033 4393 ciliciorum,
1049 4323 1082 4379 et
1102 4314 1206 4377 scieu—
1260 4316 1501 4380 circumtectum
1520 4301 1618 4379 variis
1641 4316 1852 4379 velaminibus
1872 4316 1993 4380 sensibi-

458 4420 503 4483 tia
525 4418 666 4499 dirigens
691 4414 861 4494 actionem,
876 4413 960 4476 actio
984 4431 1111 4495 quoque
1135 4433 1206 4495 per·
1261 4416 1339 4478 lium
1363 4413 1572 4495 formamm);
1589 4413 1696 4497 angeli
1719 4434 1796 4479 vero
1820 4416 1940 4478 divinas
1960 4414 1993 4474 il·

458 4520 579 4581 duoens
603 4517 643 4579 ad
667 4514 768 4576 linem
793 4513 961 4575 intentum.
1261 4513 1487 4577 luminationes
1521 4513 1701 4596 suscipiunt
1733 4514 1769 4576 in
1799 4511 1992 4577 intellectuali

498 4616 606 4697 ltaque
631 4619 765 4689 constat,
781 4610 865 4691 quod
887 4610 927 4673 de
950 4608 1070 4672 ratione
1091 4610 1208 4673 hierar·
1261 4612 1398 4693 puritate
1424 4635 1432 4673 :
1457 4612 1535 4676 hinc
1560 4610 1655 4674 aliam
1683 4621 1809 4695 oportet
1830 4632 1897 4676 esse
1919 4612 1994 4673 hier-

459 4716 540 4780 chia
560 4715 601 4777 sit
620 4714 680 4777 sub
699 4730 763 4774 uno
782 4709 927 4793 principe
945 4708 1097 4788 ordinari,
1112 4710 1207 4790 eique
1261 4710 1403 4773 archiam
1428 4710 1607 4790 angelicam
1626 4718 1659 4773 et
1677 4711 1923 4774 ecclesiasticam
1945 4728 1994 4772 sen

461 4814 589 4895 subjici,
612 4820 644 4877 et
671 4810 742 4892 ejus
769 4808 943 4871 directione
971 4826 1008 4870 ac
1037 4806 1207 4871 inlluentia
1261 4811 1444 4872 humanam.
1462 4810 1523 4872 Sed
1546 4809 1580 4872 in
1605 4818 1739 4891 utraque
1762 4816 1812 4873 est
1834 4830 1913 4872 unus
1935 4827 1994 4873 om-

459 4910 640 4997 gmhernari.
665 4908 767 4982 Quum
795 4924 871 4987 ergo
895 4913 960 4969 tota
983 4906 1123 4968 militans
1150 4906 1208 4970 Ec·
1261 4908 1356 4971 nibus
1376 4907 1560 4989 prasidens,
1578 4908 1754 4971 secondum
1768 4909 1995 4972 bernardumet

459 5010 557 5075 clesia
581 5028 637 5073 seu
661 5006 829 5069 universus
854 5003 990 5086 populus
1015 5004 1208 5067 christianus
1262 5008 1439 5070 Thomam:
1466 5007 1616 5088 quoniam
1644 5005 1860 5071 ecclesiastica
1886 5006 1995 5088 anali-

459 5108 555 5173 simul
582 5114 743 5187 acceptus,
763 5103 889 5167 dicatur
909 5110 940 5165 et
961 5102 1002 5165 sit
1023 5121 1087 5164 una
1106 5104 1208 5167 eccle·
1262 5125 1332 5170 cam
1362 5105 1514 5186 imitatur,
1540 5105 1623 5168 sicut
1650 5106 1754 5188 prium
1777 5106 1995 5170 Ecclesiastiea

459 5207 587 5271 siastica
610 5202 801 5281 hierarchia,
828 5210 952 5286 oportet
975 5202 1014 5264 ad
1036 5202 1109 5282 ejus
1136 5222 1208 5284 per·
1262 5204 1450 5267 hierarchia
1478 5204 1618 5288 capitulo
1645 5204 1677 5266 S.
1707 5204 1874 5288 Dionysius
1899 5213 1995 5269 conte·

458 5306 630 5373 lectionem
650 5320 839 5367 concurrere
861 5318 960 5362 unum
986 5319 1146 5363 summum
1168 5320 1205 5364 ac
1264 5312 1373 5368 statur.
