4309 6250
306 4293 338 4332 ll.

449 464 509 529 {62
701 482 741 533 ns
761 484 924 533 ursumrra
944 484 982 531 nr
1002 484 1151 531 crunnus
1170 482 1199 529 a.
1222 484 1253 528 v.
1275 482 1392 540 usare,
1415 480 1503 531 ansa
1523 484 1565 531 rv.
1588 502 1628 513 -
1648 485 1718 531 aar.
1742 485 1763 530 x

450 652 576 718 deliciis
608 654 792 719 divinorum
825 655 1028 737 amplexuum
1063 652 1426 736 affluen-Aquispiam,
1444 662 1532 717 tanto
1557 652 1674 717 clarius
1698 654 1798 718 Mum
1820 653 1989 732 videbit,et

451 760 528 833 tem,
545 753 687 817 innixam
702 774 798 837 super
816 755 968 818 dilectum
988 773 1093 816 suum.
1110 753 1201 816 Certe

452 851 514 933 ipsi
530 852 590 915 soli
605 871 642 915 ac
657 852 737 917 Filio
751 854 821 935 ejus
844 854 876 915 in
900 852 1099 935 plenitudine
1118 860 1199 914 nata

452 958 525 1012 sunt
544 950 667 1014 deliciae
691 960 874 1015 mutuorum
899 951 1114 1033 amplexuum,
1130 970 1199 1030 qnae

451 1049 599 1112 eumdem
614 1049 710 1113 habet
724 1069 878 1133 sponsum
893 1070 929 1113 ac
944 1050 1062 1112 lilium.

488 1146 622 1229 Insuper
646 1156 722 1211 tunc
748 1148 972 1211 sacratissimae
997 1146 1121 1230 Virgini
1146 1165 1200 1210 oc·

449 1245 550 1307 currit
565 1246 702 1327 Spiritus
717 1247 862 1325 SanctuS,
881 1265 1113 1328 recognoscens
1127 1264 1199 1307 earn

448 1364 518 1407 esse
543 1344 592 1407 sui
616 1346 734 1409 amoris
759 1347 933 1423 fornacem,
959 1365 996 1408 ac
1021 1364 1087 1407 suae
1111 1345 1199 1407 mirae

447 1443 641 1524 operationis
660 1444 810 1507 eximiam
832 1444 1011 1521 officinam,
1029 1444 1062 1505 in
1085 1463 1147 1526 qua
1168 1451 1200 1505 et

449 1539 489 1603 de
518 1560 580 1623 qna
608 1542 779 1605 formatum
808 1552 856 1605 est
884 1561 999 1623 corpus
1029 1541 1200 1603 mundissi-

448 1658 536 1702 mum
552 1638 632 1703 Filio
646 1640 711 1718 Dei,
726 1649 756 1702 et
772 1659 895 1702 summa
910 1648 1016 1703 creata
1031 1649 1079 1702 est
1093 1640 1200 1701 anima

448 1736 573 1800 Christi.
591 1738 798 1821 Ostenditque
817 1738 953 1822 Spiritus
973 1739 1108 1801 Sanctus
1130 1738 1201 1801 uni·

1255 752 1437 815 deliciosius
1457 772 1495 816 eo
1514 752 1648 815 fruetur.
1665 752 1767 827 Quum
1792 754 1892 836 igitur,
1906 754 1987 834 juxta

1254 851 1439 931 praehabita,
1467 851 1560 932 Virgo
1585 852 1773 933 dignissima
1796 852 1827 913 in
1848 852 1906 915 bac
1931 852 1987 913 vita
2004 853 2100 924 uiua?

1255 947 1399 1012 fueritin
1415 950 1547 1012 caritate
1561 949 1616 1011 Dei
1632 969 1757 1013 summe
1773 950 2022 1031 incoeperunt-¹¹¹·
2032 955 2052 980 l
2099 963 2100 978 ¹

1256 1046 1390 1128 literque
1405 1046 1557 1128 perfecta,
1575 1047 1636 1110 boc
1650 1055 1699 1109 est
1717 1048 1751 1110 in
1772 1048 1905 1110 caritatis
1924 1048 1990 1110 sub
2099 1061 2100 1080 ³

1256 1145 1458 1207 stantialitate
1482 1153 1515 1207 et
1539 1145 1661 1226 babitu,
1687 1154 1719 1208 et
1746 1145 1840 1209 etiam
1868 1146 1902 1208 in
1925 1153 1990 1207 actu

1256 1243 1394 1306 caritatis
1409 1262 1473 1325 praa
1487 1244 1575 1306 omni
1592 1262 1671 1325 puro
1686 1244 1817 1325 viatore,
1829 1244 1892 1307 imo
1905 1244 1989 1305 etiam

1257 1341 1289 1402 in
1309 1350 1382 1403 actu
1401 1341 1542 1404 caritatis
1566 1350 1631 1404 tam
1655 1343 1817 1406 meritorio
1839 1343 1923 1424 quod
1943 1361 1992 1422 per

1256 1458 1328 1501 eum
1344 1439 1556 1522 promeruerit
1570 1441 1669 1503 Mum
1690 1440 1861 1503 clarissime
1884 1440 1990 1502 intueri

1256 1537 1289 1598 in
1304 1538 1385 1601 coelo
1404 1558 1468 1619 prae
1487 1537 1574 1602 omni
1593 1538 1757 1601 intellectu
1777 1538 1918 1621 angelico
1935 1538 1992 1618 spi·

1255 1636 1381 1716 rituque
1401 1636 1523 1699 coelesti
1542 1637 1751 1717 (credendum
1773 1646 1822 1699 est
1841 1637 1989 1719 equidem,

1255 1736 1339 1815 quod
1364 1735 1576 1797 sacratissima
1602 1735 1689 1817 virgo
1712 1736 1808 1798 ldaria
1830 1735 1991 1818 sepissime

448 1836 551 1899 versis
565 1836 680 1914 Raetis,
697 1838 782 1918 quod
804 1838 836 1898 in
856 1837 916 1899 hac
936 1836 1071 1899 officina
1091 1844 1122 1899 et
1143 1856 1200 1919 per
1217 1832 1288 1894 Biu
1303 1834 1362 1896 hac
1379 1833 1443 1899 vita
1462 1833 1574 1896 babuit
1592 1834 1812 1915 perfectioreS,
1834 1833 1992 1896 ferventio

448 1953 518 1997 eam
539 1934 708 1998 fabrefecit
726 1934 883 2017 quidquid
906 1935 939 1997 in
963 1935 1063 2016 gratia
1088 1934 1201 1997 mirifi-

449 2053 523 2096 cum
537 2042 737 2115 operatur‚et
752 2036 837 2115 quod
852 2034 885 2096 in
902 2035 961 2096 hac
978 2042 1077 2097 totum
1094 2034 1200 2115 ignem

448 2130 642 2213 operationis
659 2132 807 2195 virtuosae
830 2132 961 2194 inclusit
985 2140 1016 2193 et
1036 2131 1122 2212 quod
1144 2151 1201 2192 un-

449 2247 545 2310 quam
566 2230 641 2292 dare
663 2229 822 2311 disposuit
843 2238 1007 2293 creatura.

489 2327 540 2389 Sic
554 2327 652 2411 igitur
666 2335 731 2391 tota
745 2328 884 2391 Trinitas
899 2326 1202 2406 adoranda,unifor-

448 2426 492 2488 mi
516 2434 548 2488 et
567 2427 717 2490 concordi
743 2426 906 2490 voluntate
931 2446 968 2490 ac
993 2427 1135 2504 caritate,
1153 2426 1201 2487 in-

437 2524 669 2587 ·aestimabilem
685 2524 849 2607 Virginem
865 2526 1004 2589 ostendit
1024 2545 1095 2588 esse
1110 2545 1200 2587 suam

448 2637 598 2702 sponsam
613 2620 926 2685 incommunicabilis
949 2622 1101 2700 caritatiS,
1120 2622 1201 2704 regi-

448 2737 521 2780 nam
545 2718 617 2782 coeli
643 2719 868 2802 inattingibilis
892 2722 1066 2804 dignitatis,
1088 2720 1199 2784 mundi

447 2816 608 2879 dominam
625 2818 903 2900 imparticipabilis
932 2820 1110 2902 potestatis,
1137 2820 1200 2882 ele·

449 2924 572 2978 ctorum
588 2916 729 2979 omnium
746 2918 934 2999 genitricem
956 2917 1199 2981 inexhauribilis

1256 1950 1306 1993 res
1317 1950 1354 1994 ac
1369 1931 1512 2013 puriores
1528 1931 1715 1996 affectiones
1731 1941 1764 1994 et
1777 1932 1991 1996 conversiones

1255 2030 1370 2092 mentis
1391 2031 1430 2092 ad
1456 2030 1566 2109 deum,
1583 2050 1678 2113 quam
1697 2031 1889 2113 quicumque
1907 2049 1992 2112 ange

1256 2128 1310 2191 lici
1327 2128 1456 2210 spiritus
1475 2137 1548 2191 ante
1568 2148 1658 2191 suam
1673 2128 1945 2193 confirmationem
1964 2138 1992 2191 et

1255 2226 1440 2288 beatificam
1455 2228 1610 2291 visionem
1628 2251 1635 2289 :
1652 2248 1747 2309 quam
1763 2238 1943 2291 meruerunt
1961 2246 1991 2289 se

1256 2323 1355 2386 libere
1370 2325 1584 2387 convertendo
1599 2325 1638 2387 ad
1653 2325 1832 2389 Creatorem
1846 2342 1992 2407 paramo

1256 2421 1299 2483 ris
1325 2422 1605 2502 conjunctionem3
1631 2442 1744 2487 omnes
1768 2432 1873 2486 autem
1894 2422 1992 2504 angeli

1255 2519 1351 2600 beati,
1377 2521 1416 2583 de
1439 2540 1642 2602 quocumque
1666 2522 1732 2583 sint
1758 2520 1880 2602 ordine,
1909 2539 1991 2582 suam

1255 2617 1533 2682 confirmationem
1548 2627 1580 2681 et
1595 2619 1822 2683 beatitudinem
1844 2640 1905 2681 una
1924 2638 1992 2682 con

1254 2718 1401 2780 versione
1426 2718 1466 2780 ad
1485 2718 1584 2781 ileum
1605 2722 1862 2799 promeruerunt)
1878 2742 1885 2780 ε
1900 2736 1991 2800 quum

1254 2816 1360 2897 itaque
1376 2817 1471 2879 llaria
1485 2818 1672 2880 dulcissima
1686 2818 1719 2879 in
1741 2818 1829 2881 omni
1851 2837 1906 2880 sna
1926 2836 1993 2880 con·

1255 2916 1433 2978 versatione
1449 2916 1482 2977 in
1499 2916 1614 2980 saeculo
1629 2916 1690 2979 isto
1704 2916 1802 2979 fuerit
1817 2925 1910 2998 atque
1929 2934 1993 2997 pm

450 3013 668 3095 benignitatis,
699 3016 842 3078 omnium
872 3018 1011 3080 bostium
1041 3017 1096 3079 Dei
1125 3018 1236 3082 con-C
1254 3012 1376 3093 fecerit,
1408 3015 1472 3077 imo
1500 3023 1531 3077 ct
1559 3015 1795 3097 perfectissima
1822 3035 1887 3097 pra
1912 3014 1990 3078 omni

449 3113 653 3177 culcatricem
689 3115 1006 3197 triumphalissimam
1036 3117 1201 3199 insupera-

448 3212 523 3275 bilis
559 3215 767 3294 strenuitatis,
802 3216 945 3278 omnium
977 3216 1199 3280 thesaurorum

448 3311 627 3374 coelestium
649 3313 913 3393 dispensatricem
933 3314 1116 3397 largifluam
1141 3333 1199 3398 pro

448 3428 513 3472 sua
528 3410 759 3492 complacentia
773 3413 1004 3475 voluntatis—
1017 3413 1090 3477 llaec
1105 3414 1199 3477 Uber-

447 3507 545 3570 tinus.

667 3773 911 3842 ARTICULUS
932 3778 975 3840 X.

446 3925 494 3986 De
509 3943 636 3984 summ
650 3934 680 3984 et
696 3926 860 4003 imeffabili
871 3927 1031 4003 felicitate
1046 3936 1074 3987 ct
1087 3927 1199 4004 gloria

594 4016 832 4079 amantissime
846 4019 908 4078 Dei
921 4019 1051 4078 Marica.

531 4317 584 4374 ge,
615 4317 770 4374 propera,
803 4301 909 4359 amica
941 4319 1024 4370 meo,
1053 4303 1199 4363 columba

449 4417 533 4466 mea,
551 4397 696 4472 formosa
720 4417 803 4466 mea,
828 4406 859 4456 et
882 4399 959 4458 veni
982 4418 993 4457 .·
1010 4399 1087 4476 jam
1111 4403 1198 4460 enim

449 4497 552 4558 biems
588 4497 737 4566 transiit,
768 4497 871 4556 imber
898 4498 992 4559 adiit.
1022 4497 1199 4561 Essentiaie

449 4593 616 4675 preamium
627 4591 794 4654 Beatorum
809 4599 857 4656 est
871 4593 1021 4656 beatifica
1036 4595 1118 4659 visio
1134 4597 1199 4659 Dei·

450 4690 534 4768 tatis,
552 4690 613 4753 hoc
627 4698 676 4753 est
689 4689 826 4769 fecialia,
844 4691 939 4766 clara,
956 4692 1141 4757 immediata
1161 4715 1198 4759 ac

348 4833 353 4841 -
450 4785 582 4852 fruitiva
606 4789 834 4871 contemplatio
858 4789 924 4852 veri
949 4792 1015 4871 Dei,
1041 4793 1137 4856 unius
1162 4815 1198 4858 ac

437 4887 524 4950 ‘trini
542 4911 548 4949 :
565 4887 620 4970 qui
643 4889 726 4952 sicut
740 4897 789 4952 est
809 4908 883 4952 vere
907 4910 988 4952 unus
1010 4899 1041 4953 et
1062 4893 1198 4975 simplex

448 4986 481 5050 in
497 4987 645 5064 essentia,
663 4987 706 5050 ita
721 4997 770 5050 est
784 5007 858 5051 vere
874 4989 975 5051 trinus
989 4990 1021 5051 in
1037 4993 1195 5072 personis.

448 5085 542 5150 Porro
557 5085 624 5148 hec
639 5085 722 5149 visio
736 5086 875 5167 gloriosa
889 5091 1117 5171 correspondet
1131 5111 1198 5172 per·

447 5183 576 5248 fectioni
597 5184 750 5264 caritatis,
767 5184 810 5247 ita
829 5187 914 5266 quod
938 5197 1054 5269 quanto
1081 5190 1113 5252 in
1140 5193 1195 5255 Dei

446 5301 553 5346 amore
581 5283 757 5348 ferventior
779 5285 1014 5369 perfectiorque
1038 5291 1200 5356 exstiterit.

1254 3131 1333 3194 pura
1358 3122 1501 3176 creatura
1526 3113 1681 3178 exstiterit
1705 3114 1739 3176 in
1764 3114 1924 3177 continuis
1946 3119 1992 3176 aut

1255 3220 1339 3275 certe
1360 3213 1496 3274 assiduis
1516 3213 1658 3276 caritatis
1678 3221 1795 3276 sancta
1818 3213 1990 3288 affectibus,

1253 3310 1431 3390 ardoribus,
1461 3311 1741 3393 adspirationibus,
1767 3312 1943 3392 desideriis,
1965 3317 1993 3372 et

1254 3410 1408 3473 amorosis
1437 3409 1681 3492 purissimisque
1716 3409 1899 3474 excessibus
1925 3427 1993 3473 con-

1253 3508 1456 3591 templativis,
1486 3509 1708 3591 flammigeris,
1739 3509 1909 3588 ecstaticis,
1933 3507 1993 3570 dei·

1253 3605 1408 3670 formibus
1436 3627 1473 3670 ac
1501 3607 1641 3687 divinis3
1672 3616 1796 3672 constat
1822 3608 1909 3689 quod
1934 3624 1992 3688 pra

1254 3705 1378 3768 cunctis
1406 3705 1560 3788 angelicis
1587 3706 1761 3787 mentibus,
1790 3706 1886 3770 etiam
1918 3723 1993 3768 sera-

1254 3805 1368 3887 phicis,
1397 3806 1514 3868 meruit
1538 3806 1830 3887 incomparabiliter
1857 3806 1921 3869 Deo
1945 3823 1994 3886 ap

1253 3904 1443 3986 proximare,
1460 3904 1555 3982 uniri,
1572 3904 1732 3986 immergi,
1749 3923 1807 3986 per
1821 3903 1993 3986 profundis·

1254 4003 1367 4066 simam
1383 4011 1477 4084 atque
1498 4002 1708 4066 clarissimam
1730 4004 1993 4085 superbenedicta

1254 4102 1416 4167 Trinitatis
1450 4101 1616 4180 visionem,
1652 4101 1849 4179 fruitionem,
1884 4101 1994 4184 ample

310 4225 435 4281 ampo,
516 4201 702 4262 Ndilectus
721 4220 810 4260 meus
829 4203 1339 4279 loquitarmt'lri:Sur·1)xum.
1360 4200 1433 4264 Ideo
1456 4201 1543 4265 omui
1567 4201 1777 4282 jucunditate,
1798 4200 1995 4264 felicifatcct

1254 4300 1354 4382 gloria
1381 4299 1589 4364 ineffabiliter
1616 4309 1665 4363 est
1692 4300 1823 4382 repleta.
1850 4300 1890 4362 Et
1916 4317 1992 4361 nunc

1253 4398 1476 4482 limpidissime
1491 4399 1602 4462 videns
1617 4399 1701 4462 facie
1714 4400 1754 4462 ad
1771 4398 1992 4481 faciem,quam

1254 4497 1563 4576 misericordissime,
1580 4497 1818 4579 gratiosissime,
1834 4497 1994 4562 amorosis·

1254 4595 1346 4676 sime,
1371 4604 1404 4658 et
1427 4596 1717 4678 incomparabiliter
1741 4595 1994 4659 munificentissi-

1253 4713 1316 4772 me,
1338 4693 1588 4757 familiarissime
1602 4713 1640 4756 ac
1655 4694 1829 4776 magnifice
1850 4702 1915 4758 tota
1934 4693 1994 4756 'fri-

1253 4793 1335 4856 nitas
1356 4792 1515 4856 adoranda
1539 4793 1606 4875 egit
1628 4812 1701 4855 curn
1725 4813 1774 4872 ea,
1798 4795 1842 4857 ita
1862 4802 1897 4857 ut
1920 4795 1993 4858 Deus

1252 4892 1343 4955 Pater
1366 4891 1487 4955 faceret
1499 4911 1569 4954 eam
1593 4892 1653 4956 sibi
1672 4894 1951 4975 comparentalem,
1966 4901 1993 4956 et

1251 4991 1350 5053 Filius
1370 4991 1423 5054 Dei
1443 4991 1627 5055 efficeretur
1644 4991 1732 5054 filius
1751 4993 1833 5074 ejus,
1845 5001 1879 5056 et
1903 4993 1993 5076 Spiri-

1252 5100 1302 5154 tus
1321 5092 1454 5154 Sanctus
1473 5109 1544 5153 earn
1562 5091 1595 5153 in
1620 5110 1781 5154 summum
1804 5111 1842 5156 ac
1866 5093 1992 5156 unicum

1252 5192 1417 5274 templum,
1434 5193 1595 5272 thronum,
1613 5193 1800 5273 triclinium,
1824 5192 1890 5259 imo
1911 5207 1943 5261 et
1962 5195 1990 5256 in

1252 5312 1411 5368 summam
1420 5312 1569 5374 sponsam
1580 5295 1838 5378 carissimamque
1848 5297 1997 5375 amicam,
