4309 6250
446 497 509 568 stt
741 521 860 572 corma
880 520 1049 570 rnnrtnmn
1069 519 1240 580 annonari,
1263 519 1352 568 nmen
1373 521 1406 568 u.
1429 539 1471 552 -
1490 521 1562 568 aar.
1584 521 1705 569 xxxvm

2106 771 2107 826 l

447 690 714 775 resplenduerunt
728 712 839 757 comm
853 692 952 757 facies
967 692 1050 757 sicut
1064 691 1123 757 sol.
1139 692 1237 756 Lod
1292 693 1465 771 Postremo,
1492 691 1552 756 ista
1576 693 1717 758 narratio
1745 712 1810 758 non
1835 692 1937 757 obviat
1960 691 1985 756 ei

445 809 548 874 quens
563 798 670 854 autem
685 792 858 875 imperator
871 792 928 855 diu
942 811 1016 856 cum
1031 791 1109 870 illis,
1126 809 1197 873 pro·
1250 793 1336 874 qnod
1361 811 1457 875 supra
1481 792 1607 876 scripsi,
1623 794 1770 858 homines
1790 794 1937 875 quosdam
1957 794 1986 856 in
1997 819 2031 857 m
2042 828 2083 858 m
2106 827 2107 858 r

331 955 342 974 ⁸
446 889 526 952 cidit
552 897 626 952 ante
651 909 718 969 eos,
744 900 776 954 et
800 910 895 972 snper
923 891 1066 972 singulos
1092 889 1195 969 flevit,
1247 889 1300 953 die
1317 889 1425 954 finalis
1446 891 1689 956 resurrectionis
1710 893 1872 974 agnituros
1892 891 1987 954 sedin
2106 877 2107 972 l

446 988 558 1051 dicens
589 1011 596 1050 :
627 987 679 1052 Sic
713 989 807 1054 video
841 1008 898 1053 vos
933 1008 971 1052 ac
1006 989 1034 1051 si
1068 989 1196 1074 videam
1250 987 1350 1052 fnisse
1378 988 1546 1053 defunctos
1578 1014 1584 1052 :
1616 991 1770 1072 quoniam
1799 990 1849 1053 isti
1875 999 1986 1072 septem
2106 1005 2107 1082 j

445 1085 603 1150 Christum
619 1087 825 1151 suscitantem
836 1089 986 1152 anamm
1001 1107 1020 1150 e
1034 1087 1193 1168 sepulcro.
1251 1087 1356 1151 Sancti
1369 1097 1509 1170 tempore
1524 1107 1587 1152 sue
1602 1088 1804 1153 dormitionis
1816 1108 1853 1152 ex
1866 1086 1985 1170 speciali

445 1183 534 1248 Tunc
546 1185 790 1249 S.Maximianns
804 1187 885 1249 dixit
898 1188 938 1250 ad
954 1188 1194 1268 imperatorem:
1250 1186 1305 1250 Dei
1334 1187 1572 1269 dispensatione
1599 1206 1659 1251 nec
1685 1187 1719 1250 in
1748 1207 1844 1271 poena
1868 1187 1987 1250 fnemnt

445 1280 514 1345 lam
533 1290 641 1346 manet
660 1285 693 1346 in
713 1304 792 1367 pace
807 1285 977 1367 imperinm
993 1293 1095 1365 tuum,
1112 1293 1144 1347 et
1162 1285 1195 1346 in
1251 1302 1354 1366 nequo
1369 1284 1401 1346 in
1416 1285 1576 1366 gloria-
1591 1284 1634 1348 De
1649 1285 1720 1348 istis
1735 1305 1859 1368 quoque
1873 1285 1987 1348 Sanctis
2106 1303 2107 1342 3

439 1378 633 1445 fortitudine
653 1382 731 1445 fidei
751 1391 824 1461 tuce,
841 1383 994 1446 Dominus
1013 1391 1133 1462 noster,
1148 1382 1197 1446 Je
1250 1382 1427 1447 certissimo
1456 1385 1576 1448 scimus
1604 1387 1689 1466 quod
1714 1386 1814 1448 Deum
1840 1405 1933 1448 unum
1954 1403 1987 1447 ac
2106 1421 2107 1424 =

446 1498 501 1542 sus
516 1479 670 1558 Christus,
686 1481 786 1543 Filius
800 1482 855 1544 Dei
870 1482 1021 1559 viventis,
1039 1482 1197 1544 custodiet
1251 1480 1369 1544 trinum
1382 1482 1539 1559 colebant,
1547 1482 1769 1566 Christumque
1781 1503 1888 1548 vorum
1899 1483 1986 1546 Deum

445 1584 476 1640 te
491 1584 587 1659 atque
601 1577 773 1661 imperium
795 1586 897 1642 tunm.
913 1579 953 1643 Et
974 1581 1068 1643 crede
1090 1579 1194 1658 nobis,
1251 1599 1321 1642 esse
1345 1580 1592 1660 confitebantur,
1611 1581 1693 1645 sicut
1713 1590 1745 1646 et
1766 1583 1931 1665 imperator
1949 1590 1988 1643 at·
2106 1637 2107 1654 ς

444 1676 521 1757 quia
541 1685 672 1759 propter
692 1685 723 1740 te
747 1678 914 1740 suscitavit
937 1697 995 1742 nos
1018 1679 1101 1741 Deus
1123 1687 1196 1740 ante
1250 1697 1312 1759 qne
1341 1679 1523 1761 episcopus,
1551 1699 1587 1742 ac
1617 1681 1713 1744 ceteri
1743 1681 1856 1762 quibus
1881 1681 1987 1745 ostensi

444 1775 530 1838 diem
546 1794 666 1856 magnae
681 1777 933 1856 resurrectionis,
942 1786 978 1840 ut
991 1777 1122 1840 credant
1132 1796 1197 1840 om·
1251 1784 1336 1854 sunt,
1353 1777 1454 1858 etqui
1470 1796 1580 1840 eornm
1596 1777 1694 1840 fidem
1710 1778 1934 1862 approbabant.
2106 1793 2107 1862 l

445 1892 503 1936 nes
517 1875 602 1955 quod
618 1893 692 1938 vere
704 1883 901 1939 mortuorum
917 1875 1107 1939 resurrectio
1122 1875 1193 1938 erit.
1214 1872 1237 1933 B
1292 1875 1369 1936 Aliae
1383 1876 1525 1956 quadam
1541 1876 1754 1940 stolidissima
1769 1877 1894 1955 fabulae,
1910 1877 1986 1940 omni

445 1971 483 2034 Et
496 1973 765 2053 quomadmodum
787 1973 894 2035 infans
909 1973 1005 2036 estin
1020 1981 1109 2036 utero
1131 1992 1195 2036 non
1253 1973 1438 2036 recitatione
1461 1992 1591 2055 prorsus
1617 1973 1766 2056 indignae,
1784 1976 1816 2038 in
1840 1976 1901 2039 isto
1921 1975 1988 2037 sori·
2106 1953 2107 2036 l

445 2071 587 2133 sentiens
612 2069 787 2151 lesionem,
803 2079 835 2134 ot
860 2072 982 2148 vivens,
1004 2072 1051 2135 sio
1076 2071 1196 2134 fuimus
1251 2070 1371 2133 buntur
1385 2071 1546 2153 capitulo;
1564 2074 1618 2136 sed
1640 2081 1673 2136 et
1692 2074 1825 2136 diverse
1842 2073 1987 2156 perfidie,

445 2167 592 2231 viventes
611 2169 817 2248 dormientes,
838 2189 898 2233 nee
919 2170 1105 2232 sentientes.
1126 2169 1197 2245 Qni—
1252 2169 1334 2232 sicut
1349 2170 1381 2230 in
1397 2170 1531 2250 singulis
1554 2189 1636 2253 pene
1655 2171 1815 2252 capitulis,
1831 2173 1863 2234 in
1883 2172 1988 2254 quibus
2106 2233 2107 2236 ,

444 2267 505 2330 bus
524 2267 630 2347 dictis,
648 2267 806 2331 universis
826 2269 879 2351 qui
900 2269 1067 2332 adstabant
1087 2269 1197 2332 viden·
1252 2268 1362 2331 eadem
1378 2267 1676 2332 immoderatissimis
1691 2278 1722 2332 et
1735 2270 1936 2334 inutilissime
1950 2290 1989 2332 re

444 2365 541 2444 tibus,
569 2365 762 2430 inclinantes
791 2368 896 2450 capita
922 2387 979 2430 sna
1002 2368 1035 2429 in
1066 2377 1194 2447 terram,
1251 2375 1402 2449 petuntur
1429 2391 1435 2428 :
1464 2374 1573 2430 contra
1598 2386 1678 2449 quas
1707 2367 1805 2432 semel
1834 2370 1988 2452 scripsisse

444 2463 685 2528 obdormierunt
704 2473 736 2527 et
754 2465 952 2528 tradiderunt
969 2465 1101 2548 spiritns
1122 2485 1196 2529 suos
1252 2465 1403 2527 sufficiat.
1434 2465 1472 2527 Et
1500 2483 1564 2528 non
1594 2467 1675 2529 bene
1704 2466 1881 2548 intelligere
1908 2468 1989 2531 valeo

445 2563 623 2625 secundum
646 2563 816 2644 imperium
840 2563 905 2626 Dei.
933 2565 1073 2645 Surgens
1099 2565 1197 2646 igitur
1251 2563 1327 2645 qnid
1343 2562 1420 2625 velit
1434 2563 1487 2626 bic
1502 2564 1607 2628 dicere
1624 2565 1663 2626 de
1674 2564 1812 2647 quodam
1827 2565 1894 2628 viro
1907 2566 1991 2628 lsrae-

444 2661 671 2723 devotissimus
686 2661 870 2742 imperator,
887 2662 1003 2725 cecidit
1017 2682 1114 2744 super
1128 2681 1195 2740 eos,
1252 2661 1332 2722 litici
1357 2659 1480 2743 populi,
1498 2661 1550 2724 cui
1576 2669 1719 2744 tempore
1743 2662 1857 2745 Moysis
1880 2663 1989 2726 dederit

445 2756 529 2821 flens
553 2766 585 2821 et
608 2759 695 2841 ipsos
719 2759 920 2822 deosculans.
937 2760 1103 2842 Quumque
1123 2759 1195 2824 fieri
1251 2759 1333 2821 Deus
1363 2758 1552 2840 sapientiam
1581 2760 1737 2841 majorem
1766 2778 1863 2841 quam
1891 2760 1987 2842 Moysi,

444 2855 647 2940 precepisset
667 2856 790 2920 loculos
811 2877 924 2922 aureos
946 2858 1117 2940 inquibus
1141 2877 1197 2940 po
1252 2856 1295 2918 ita
1317 2856 1400 2938 qnod
1422 2856 1542 2938 Moyses
1564 2858 1605 2921 ab
1627 2876 1665 2921 eo
1688 2857 1779 2940 petiit
1804 2859 1988 2922 informari:

330 3011 333 3016 .
445 2963 609 3033 nerentur,
627 2956 660 3017 in
675 2955 745 3036 ipsa
759 2965 852 3018 nocte
867 2965 1083 3039 apparuerunt
1097 2956 1197 3038 impe
1251 2954 1335 3036 quod
1348 2953 1474 3035 penitus
1490 2955 1606 3017 falsum
1622 2957 1844 3037 estlompore
1855 2957 1989 3037 equidem

446 3054 554 3134 ratori,
585 3053 728 3116 dieentes
757 3054 842 3135 qnod
871 3054 954 3117 sicut
981 3055 1133 3117 hactenus
1162 3055 1194 3116 in
1214 3052 1307 3117 Gillo
1331 3052 1451 3135 Moyses
1477 3053 1602 3116 cunctis
1626 3054 1809 3118 hominibus
1833 3055 1987 3137 sapientia,

444 3160 528 3215 terra
551 3152 721 3233 jacuerunt
748 3161 842 3236 atque
867 3173 906 3216 ex
929 3173 967 3216 ea
990 3172 1196 3217 consurrexe
1252 3151 1418 3215 sanctitate
1443 3152 1669 3235 miraculisque
1699 3152 1866 3235 praefulsit,
1891 3174 1990 3237 quom-

445 3259 531 3331 runt,
557 3250 605 3314 sic
632 3269 687 3314 eos
710 3250 885 3315 dimitteret
908 3253 1011 3316 donec
1035 3272 1090 3315 eos
1113 3254 1195 3315 Deus
1252 3250 1421 3313 admodum
1446 3249 1528 3311 Deus
1554 3248 1622 3332 ipse
1647 3250 1687 3313 de
1712 3269 1750 3315 eo
1774 3252 1814 3313 ad
1839 3254 1937 3315 Aaron
1963 3260 1989 3313 et

444 3349 562 3411 iterum
576 3349 755 3413 suscitaret.
772 3350 868 3414 Porro
888 3350 1003 3413 Decius
1022 3351 1197 3433 imperator
1252 3366 1392 3410 sororem
1409 3347 1479 3428 ejus
1501 3348 1629 3410 Mariam
1652 3349 1778 3411 locutus
1793 3358 1842 3413 est
1859 3374 1865 3413 :
1883 3350 1989 3431 Siquis
2008 3367 2088 3411 sisu

446 3467 531 3511 anno
546 3447 672 3512 Domini
691 3448 911 3512 ducentesimo
930 3448 1196 3531 quinquagesimo
1251 3444 1348 3507 fuerit
1372 3445 1455 3507 inter
1480 3465 1536 3508 vos
1560 3448 1725 3529 propbeta,
1743 3448 1776 3509 in
1800 3448 1921 3512 visione
1943 3434 2034 3529 epm·

446 3546 587 3610 secundo
612 3547 775 3626 regnavit3
802 3548 997 3611 Theodosius
1023 3566 1098 3610 vero
1122 3547 1193 3625 iste,
1251 3544 1369 3626 parebo
1397 3544 1439 3623 ei,
1471 3553 1525 3606 aut
1553 3564 1610 3627 per
1635 3545 1794 3608 somnium
1824 3546 1932 3629 loquar
1956 3546 1988 3609 ad

445 3663 530 3708 anno
546 3642 670 3707 Domini
689 3644 1002 3725 quadringentesimo
1022 3645 1196 3727 quadrage·
1252 3662 1324 3705 cnm
1339 3666 1346 3721 ;
1364 3650 1396 3704 at
1409 3661 1473 3705 non
1494 3642 1539 3705 sic
1562 3662 1673 3705 servus
1694 3662 1786 3707 mens
1800 3645 1928 3727 Moyses,
1942 3644 1989 3725 qui

447 3743 529 3806 simo
552 3750 676 3805 octavo.
703 3742 820 3823 Sicquc
848 3744 939 3805 annis
968 3744 1114 3807 ducentis
1142 3752 1198 3806 aut
1252 3740 1392 3803 inomni
1415 3742 1509 3805 domo
1531 3760 1602 3803 mea
1625 3740 1833 3805 fidelissimus
1854 3752 1988 3807 estsere

448 3839 577 3905 circiter
596 3840 753 3903 dormisse
775 3839 933 3903 videntur.
1252 3839 1338 3903 enim
1358 3839 1397 3900 ad
1417 3857 1453 3901 os
1478 3840 1591 3921 loquor
1614 3840 1657 3918 ei,
1673 3848 1705 3903 ot
1723 3842 1841 3922 palam,
1856 3860 1919 3905 non
1941 3860 1989 3923 per

487 3938 640 4000 Praeterea
654 3946 776 4002 constat
790 3957 829 4001 es
844 3938 905 4018 his,
922 3938 955 4000 in
977 3938 1091 4019 quibus
1106 3939 1197 4002 Alco
1252 3938 1420 4019 enigmata
1435 3946 1467 3999 et
1487 3938 1621 4020 figuras,
1638 3939 1723 4001 videt
1745 3938 1856 4003 Deum.
1873 3941 1906 4004 ln
1920 3941 1989 4003 Deu-

448 4037 516 4099 rani
546 4035 683 4100 narratio
712 4036 755 4098 sit
782 4039 946 4102 mendosa.
976 4037 1081 4100 Primo
1109 4038 1196 4100 enim
1252 4035 1430 4100 teronomio
1450 4054 1576 4117 quoque
1591 4037 1747 4118 scriptum
1762 4046 1812 4101 est
1827 4062 1834 4100 :
1851 4038 1917 4102 Non
1931 4058 1989 4099 sur·
2008 4054 2057 4094 nec.

447 4134 623 4198 verisimile
638 4153 701 4197 non
716 4135 859 4216 estquod
875 4136 981 4198 Sancti
997 4135 1045 4198 illi
1060 4136 1094 4197 in
1109 4143 1196 4198 tanta
1254 4134 1333 4197 rexit
1346 4132 1501 4213 Propheta
1515 4134 1598 4195 nltra
1613 4133 1646 4196 in
1661 4134 1757 4199 lsrael
1773 4136 1855 4199 sicut
1867 4136 1985 4219 Moyses,
1999 4112 2095 4163 ΝΜ

447 4232 653 4296 tribulatione
664 4251 776 4295 canem
793 4252 885 4295 suum
901 4252 1010 4296 secum
1021 4235 1195 4313 duxerunt3
1212 4244 1236 4306 Ι)
1252 4251 1346 4315 quem
1375 4240 1483 4294 nosset
1511 4232 1663 4295 Dominus
1690 4233 1774 4327 facie
1803 4236 1842 4298 ad
1872 4234 1985 4311 faciem,

447 4340 479 4396 et
501 4331 650 4413 quamvis
679 4350 752 4393 enm
776 4332 823 4394 eis
848 4331 969 4412 ivisset,
996 4351 1059 4396 non
1091 4341 1196 4397 tamen
1252 4332 1286 4393 in
1306 4329 1455 4395 omnibus
1480 4329 1579 4411 signis
1604 4340 1636 4394 et
1659 4332 1813 4415 prodigiis
1833 4353 1902 4416 quae
1922 4333 1987 4397 fecit

448 4429 671 4514 permisissent
692 4449 765 4493 eum
791 4437 865 4493 ante
891 4431 1009 4494 ostium
1036 4431 1196 4513 spelunoae
1251 4428 1791 4512 Douspereum.Deniqne‚Moyses
1805 4431 1987 4513 quotidiead

446 4529 566 4611 jacere,
592 4548 633 4591 ne
658 4528 805 4610 proderet
828 4548 894 4592 eos.
921 4528 960 4590 Et
983 4529 1135 4611 quoniam
1160 4550 1195 4593 os
1252 4527 1376 4589 libitum
1392 4545 1486 4587 suum
1509 4525 1698 4607 loquebatur
1717 4547 1790 4592 cum
1813 4532 1935 4613 angelo,
1949 4538 1988 4593 at-

448 4629 609 4710 spelnncae
634 4626 695 4688 fnit
719 4626 763 4688 ita
785 4628 996 4707 obstructum,
1019 4627 1066 4690 sol
1090 4627 1195 4691 oriens
1249 4645 1312 4708 que
1327 4626 1360 4688 in
1375 4624 1462 4687 omni
1485 4624 1681 4689 dubitatione
1702 4628 1926 4693 docebatnrnb
1943 4648 1985 4691 oo.

447 4735 479 4791 et
493 4725 644 4789 occidens
664 4741 719 4787 eos
740 4743 803 4787 non
825 4725 929 4806 tetigit
950 4744 1006 4788 seu
1026 4727 1193 4807 percussit.
1251 4723 1329 4799 Quid
1365 4742 1440 4804 orgo
1474 4722 1640 4803 quesisset
1669 4723 1924 4793 informationem
1953 4726 1986 4791 ab
2068 4752 2070 4757 ·

447 4824 560 4889 Nullus
588 4840 714 4904 quoque
741 4821 869 4884 interim
897 4823 1033 4886 accessit
1059 4824 1098 4885 ad
1128 4843 1193 4902 eos,
1251 4822 1379 4886 bomine
1400 4820 1487 4884 ullof
1502 4820 1634 4901 Rursus,
1650 4822 1800 4904 qnoniam
1823 4826 1904 4889 Dens
1923 4844 1989 4889 oon-

445 4946 506 4991 neo
531 4922 627 4986 scivit
649 4922 689 4983 de
713 4920 759 4982 eis
775 4944 783 4982 ε
801 4921 873 4984 ideo
897 4922 1014 4984 falsum
1038 4929 1087 4984 est
1110 4924 1195 5002 quod
1251 4920 1353 4983 stituit
1371 4919 1497 5001 Moysen
1517 4918 1613 4981 totius
1632 4919 1814 4984 lsraeliticae
1833 4924 1932 5005 plebis
1951 4923 1989 4985 le·

445 5024 582 5088 Alcoran
611 5019 700 5095 dicit,
729 5019 815 5099 qnod
844 5017 980 5099 quilibet
1008 5037 1062 5082 eos
1091 5020 1196 5101 adspi-
1250 5019 1444 5101 gislatorem,
1462 5024 1617 5080 rectorem
1632 5026 1727 5099 atque
1742 5020 1916 5101 doctorem,
1931 5040 1989 5084 cer-

446 5124 547 5199 oians,
563 5117 677 5201 vigiles
691 5136 747 5181 eos
761 5117 903 5199 putavit3
920 5117 1008 5197 item,
1025 5118 1111 5199 qnod
1124 5118 1196 5200 qni·
1251 5126 1317 5179 tum
1329 5116 1471 5196 estquod
1482 5114 1590 5177 nullus
1601 5115 1686 5178 illius
1698 5117 1806 5199 populi
1817 5120 1846 5181 ci
1859 5128 1988 5203 tempore

446 5220 526 5284 libet
553 5236 650 5300 super
677 5234 732 5279 eos
764 5216 952 5294 ascendens,
981 5234 1045 5297 pre
1081 5215 1194 5280 timore
1250 5236 1306 5279 sno
1332 5217 1366 5278 in
1391 5215 1546 5297 sapientia
1571 5216 1809 5296 praeeminebat,
1836 5218 1899 5283 imo
1930 5236 1988 5282 om-

448 5317 532 5400 fngit
552 5316 593 5379 ab
615 5314 671 5379 ais.
1250 5314 1344 5378 nibus
1364 5314 1429 5377 illis
1451 5312 1519 5395 ipsa
1540 5312 1714 5396 sapientior
1734 5314 1803 5379 fuit.
