4309 6250
395 520 435 567 DE
455 519 619 569 ctcdtrm
639 520 677 567 Π
696 520 845 567 tscotatts
866 520 894 567 Β.
917 522 945 566 V.
969 522 1086 577 HARlAE,
1107 522 1196 569 traca
1216 523 1249 569 ll.
1272 542 1312 553 -
1332 524 1404 569 ARV.
1426 522 1516 587 mil,
1537 524 1612 571 XXIV
1735 506 1776 570 99

989 691 1015 753 Α
1031 691 1237 755 eminentiam
1256 692 1489 757 virtuositatem
1503 702 1536 757 et
1549 695 1697 757 meritum
1712 713 1776 758 suta

404 748 651 815 ARTICULUS
673 749 801 813 xxm·
1030 740 1349 873 compassionisque
1371 792 1503 874 patienti
1526 792 1606 856 ritio
1628 792 1778 855 lidelissi·

221 894 377 961 Qualiter
396 896 629 971 benignissima
648 897 740 972 sirpo
757 895 870 955 illaria
889 894 976 952 dica·
1030 906 1081 949 mc
1095 906 1132 949 ac
1147 887 1352 951 acerbissime
1367 890 1778 967 condoleud0,cxcellenter

265 990 323 1042 tur
343 985 464 1043 mundi
485 986 661 1053 salvatrtv,
677 1004 715 1042 ac
738 984 826 1045 Filio
847 1002 902 1041 suo
926 1002 976 1040 co·
1030 986 1206 1067 promeruit
1219 994 1254 1048 ut
1269 1005 1325 1067 per
1339 987 1453 1069 ipsam,
1461 988 1521 1050 hoc
1537 995 1585 1050 est
1596 1007 1652 1069 per
1666 1008 1777 1069 preces

264 1081 399 1147 operata
416 1075 452 1131 in
469 1074 587 1133 edundi
601 1073 832 1149 redemptione·
1029 1084 1101 1165 ejus
1127 1102 1163 1146 ac
1192 1080 1316 1161 merita,
1342 1083 1444 1147 virtus
1472 1104 1509 1148 ac
1535 1085 1682 1148 meritum
1708 1105 1778 1168 pas·

1029 1180 1129 1244 sionis
1156 1180 1269 1243 Christi
1298 1182 1553 1244 communicetur
1580 1181 1775 1246 horninibus.

68 1300 88 1327 a
143 1319 153 1331 .
183 1304 206 1343 ι,
296 1280 453 1341 OCABIS
482 1297 597 1338 nomen
630 1279 702 1355 ejus
727 1279 839 1338 lesum
867 1294 878 1335 .·
909 1277 975 1351 ipse
1027 1278 1099 1359 lpsa
1118 1297 1246 1361 quoque
1266 1278 1314 1341 eis
1335 1279 1391 1359 qui
1413 1298 1432 1341 a
1451 1278 1554 1360 gratia
1572 1278 1687 1342 Christi
1707 1299 1779 1362 pro-

308 1378 393 1435 enim
424 1378 548 1435 salvum
571 1376 671 1451 saciet
691 1377 849 1451 populrtm
878 1392 974 1433 suum
1028 1374 1109 1457 lapsi
1137 1385 1221 1455 sunt,
1251 1396 1360 1439 rursus
1388 1385 1537 1460 procurat
1564 1378 1720 1457 eamdem,
1746 1385 1778 1441 et

223 1493 245 1531 a
268 1475 408 1549 pecatis
434 1492 557 1533 eorum.
583 1471 675 1535 Solus
703 1470 890 1552 Unigenitus
919 1470 972 1531 Dei
1029 1493 1162 1555 regnum
1183 1473 1408 1538 misericordie
1432 1476 1461 1537 ei
1485 1476 1691 1538 commissum
1716 1483 1774 1539 est.

225 1578 358 1633 vocattu
372 1579 404 1633 et
418 1578 467 1633 est
480 1570 591 1632 mundi
607 1570 760 1650 Salvator,
778 1568 838 1631 hoc
853 1576 901 1631 est
916 1568 973 1630 hu·
1028 1571 1116 1635 Unde
1131 1572 1200 1654 ipsa
1220 1582 1270 1635 est
1283 1573 1444 1654 singulare
1466 1593 1503 1636 ac
1518 1574 1775 1655 potentissimum

223 1669 312 1731 mani
327 1670 454 1750 generis
469 1669 651 1751 redemptor
670 1688 707 1730 ac
728 1667 889 1747 liberator,
907 1676 973 1729 tan·
1028 1668 1187 1751 relugium
1203 1672 1409 1753 perditorum,
1423 1691 1495 1754 spes
1510 1672 1711 1750 miserorum,
1723 1673 1777 1735 ad-

222 1786 322 1849 quam
342 1767 397 1847 qui
420 1767 556 1849 pretium
579 1767 675 1831 solvit
696 1785 752 1848 pro
774 1765 972 1847 captivorum
1028 1777 1139 1831 vocata
1162 1777 1194 1831 ct
1219 1770 1452 1832 reconciliatrix
1477 1770 1622 1833 omnium
1651 1771 1777 1853 iniquo-

223 1863 455 1946 redemptione,
475 1884 508 1927 se
531 1864 634 1947 ipsum
655 1883 712 1947 pro
732 1863 796 1925 illis
818 1863 971 1926 tradendo
986 1865 1009 1928 B
1027 1886 1097 1929 rum
1113 1868 1152 1930 ad
1166 1887 1236 1931 eam
1252 1868 1520 1950 conlugientium.
1531 1870 1673 1951 Denique
1690 1878 1775 1932 mum

223 1962 259 2023 in
288 1972 433 2041 mortem,
463 1981 620 2043 suumque
649 1962 837 2043 sanguinem
865 1961 972 2023 ellan·
1026 1974 1075 2027 est
1103 1965 1267 2047 plenitudo
1296 1976 1328 2029 et
1356 1967 1563 2029 exuberantia
1591 1968 1775 2031 meritorum

221 2061 329 2123 dendo
350 2086 357 2123 ε
375 2062 418 2123 ita
437 2062 523 2141 quod
546 2061 645 2123 virtus
666 2069 697 2123 ot
720 2060 874 2123 idoneitas
897 2078 972 2123 con·
1026 2063 1179 2146 piissima
1199 2064 1348 2144 Virginis,
1371 2066 1455 2145 quod
1479 2074 1511 2127 et
1534 2066 1652 2127 virtute
1674 2066 1776 2146 ipsius

220 2158 372 2221 veniebat
386 2158 457 2239 ejus
472 2158 658 2221 humanitati
674 2177 712 2219 ex
727 2156 843 2219 deitate
859 2157 969 2235 unita,
1026 2163 1108 2225 Deus
1122 2162 1324 2244 omnipotens
1335 2162 1485 2225 omnibus
1500 2164 1592 2227 nobis
1607 2164 1776 2227 miseretur

221 2256 293 2337 ipsa
313 2274 388 2320 vero
413 2256 599 2335 satisfactio,
616 2256 765 2319 meritum
785 2274 821 2317 ac
842 2254 969 2335 solutio,
1026 2278 1062 2323 ac
1085 2260 1245 2337 subvenit,
1266 2269 1299 2322 et
1320 2261 1389 2342 ipsa
1410 2260 1490 2323 illud
1511 2262 1651 2342 Apostoli
1672 2262 1775 2325 excel-

220 2362 393 2436 assumptaa
407 2353 608 2415 humanitati.
626 2353 740 2433 Sicque
762 2352 869 2434 passio
884 2352 972 2414 Chri·
1026 2358 1203 2421 lentissime
1219 2359 1320 2438 potuit
1341 2359 1509 2441 protestari
1527 2382 1534 2420 ε
1550 2358 1717 2441 Adimpleo
1736 2372 1928 2425 caecaverat

220 2452 265 2513 sti
289 2470 347 2533 per
369 2451 498 2514 modum
524 2469 626 2513 causan
654 2450 906 2513 instrumentalis
933 2468 970 2512 ac
1025 2474 1095 2537 quac
1124 2457 1240 2518 desunt
1267 2457 1452 2537 passionum
1479 2456 1594 2519 Christi
1620 2456 1653 2519 in
1679 2475 1774 2520 carne

219 2548 394 2611 meritoria
415 2556 464 2610 est
485 2566 580 2611 causa
601 2556 716 2611 nostre
743 2546 970 2629 redemptionis
1026 2574 1107 2631 mea,
1125 2573 1181 2635 pro
1197 2572 1329 2637 corpore
1344 2555 1426 2635 ejus,
1443 2555 1526 2636 quod
1542 2563 1591 2617 est
1608 2554 1773 2633 Ecclesia,

220 2656 319 2727 atque
353 2646 476 2708 salutis·
507 2646 742 2726 Verumtamen,
773 2646 855 2708 sicut
888 2644 971 2706 facie
1027 2653 1167 2733 itemque
1185 2676 1191 2713 :
1208 2652 1336 2715 Gaudeo
1351 2652 1384 2713 in
1406 2652 1606 2733 passionibus
1622 2651 1702 2714 meis
1717 2670 1774 2733 pro
1789 2675 1881 2719 ranem.

110 2778 165 2814 m,
194 2754 273 2807 .est
307 2753 414 2808 nostra
448 2744 583 2827 perditio
612 2744 748 2807 muliere
783 2751 970 2825 suggerente
1026 2751 1129 2813 vohis.
1145 2751 1300 2833 Amplius,
1325 2750 1350 2811 si
1372 2750 1468 2812 Paulo
1489 2749 1604 2811 Christi
1628 2750 1775 2813 ministro

220 2852 254 2905 et
277 2851 565 2924 coopertumque
587 2842 691 2904 virum
715 2842 838 2905 induxit
859 2844 896 2904 ad
919 2860 971 2903 ve-
1026 2848 1117 2910 licuit
1137 2849 1244 2911 dicere
1266 2849 1305 2910 de
1327 2848 1454 2923 ludaeis,
1475 2848 1512 2909 [t
1530 2847 1635 2910 salvos
1659 2846 1775 2909 luciam
1789 2873 1921 2919 hamatis.

219 2940 273 3001 titi
301 2958 390 3003 esum
418 2940 562 3019 lructus;
586 2940 631 3003 sic
660 2949 767 3003 nostra
796 2940 972 3020 redemptio
1026 2946 1149 3028 aliquos
1165 2966 1203 3009 as
1217 2947 1264 3008 eis
1278 2954 1416 3027 :quanto
1431 2946 1533 3026 magis
1547 2946 1776 3027 potentissima

219 3057 282 3121 per
308 3037 461 3101 laminam
488 3046 536 3101 est
563 3037 691 3101 allecta.
721 3037 847 3101 Etenim
875 3038 971 3119 Virgo
987 3042 1010 3106 C
1026 3044 1114 3106 llatri
1134 3044 1248 3107 Christi
1274 3043 1467 3106 adscribitur
1491 3044 1575 3123 quod
1600 3044 1642 3105 sit
1665 3062 1776 3106 eorum

219 3137 394 3219 purissima
414 3137 656 3220 Redemptorom
678 3137 770 3200 uobis
791 3135 968 3219 produxit:
1026 3144 1176 3206 salvatrix
1203 3143 1320 3225 quihus
1348 3141 1566 3205 indesinenter
1593 3142 1773 3221 auxiliatur,

219 3235 289 3297 imo
311 3243 343 3296 at
363 3253 427 3298 sue
450 3237 562 3298 merito
585 3236 761 3300 sanctitatis
775 3237 815 3299 de
830 3254 971 3318 congruo
1026 3259 1084 3325 pro
1112 3260 1248 3323 quorum
1277 3240 1469 3304 sollicitatur
1496 3240 1608 3319 salute,
1639 3259 1775 3322 quorum

220 3331 315 3394 nobis
342 3333 518 3413 promeruit
542 3333 761 3417 Redemptoris
785 3334 968 3396 adventum.
1026 3347 1075 3402 est
1099 3338 1289 3401 fidelissima
1316 3337 1480 3417 advocata,
1507 3336 1775 3400 affectuosissima

218 3429 311 3504 Quod
325 3438 432 3492 autem
445 3439 494 3492 est
515 3450 609 3494 causa
631 3451 746 3512 musas,
761 3431 880 3494 dicitur
900 3451 970 3496 esse
1025 3445 1138 3517 mater,
1154 3435 1390 3500 reconciliatrix
1409 3435 1566 3519 piissima,
1582 3435 1720 3516 adjutrix
1743 3443 1776 3498 et

220 3546 319 3590 cattsa
340 3529 472 3590 causati.
1025 3533 1196 3618 protectrix
1218 3534 1368 3597 assiduat

260 3623 300 3685 Et
313 3624 458 3706 quamvis
472 3624 570 3687 Filius
585 3625 724 3708 Virginis
747 3627 788 3690 sit
807 3636 838 3690 et
857 3627 968 3690 mundi

218 3731 356 3801 creator,
376 3739 440 3786 non
466 3730 572 3785 umen
596 3723 639 3787 ob
662 3724 722 3788 hoe
746 3725 814 3808 ipsa
838 3734 971 3788 vocatur

216 3821 332 3883 mundi
348 3819 483 3883 creatrix
499 3843 506 3882 :
523 3821 598 3902 quia
609 3821 724 3904 {creare
747 3842 784 3885 ex
802 3823 968 3886 divinitate
1196 3805 1442 3871 ARTICULUS
1472 3804 1596 3869 XXIV·

216 3917 372 3999 ⁰⁰mV⁰tV
392 3917 527 3995 (ΜΨ
550 3938 645 4030 Vnam
667 3938 730 3982 ⁰⁰¹¹
753 3921 888 4002 δωρεὴ
909 3940 968 3984 ¹¹⁰⁰
1024 3954 1128 4020 Quam
1163 3955 1394 4013 conuenienter
1426 3955 1540 4014 Maria
1576 3953 1773 4029 dignissima

215 4017 316 4078 hahet
329 4034 347 4077 a
361 4016 477 4092 hlatre;
495 4018 650 4081 redimere
672 4027 776 4082 autem
792 4027 824 4082 et
845 4019 967 4082 salvare
1063 4051 1274 4117 nuncupem,
1302 4045 1422 4101 mundi
1454 4043 1685 4102 mammam&
1702 4061 1715 4110 ,·
1742 4051 1773 4102 ει

216 4115 315 4178 modo
333 4121 494 4195 protecto,
510 4133 548 4177 ex
563 4115 758 4179 bumanitate
773 4136 831 4180 sua
845 4116 967 4180 Christo
1062 4132 1103 4190 de
1122 4132 1285 4208 beneficiis
1301 4132 1393 4190 nodis
1408 4149 1470 4207 per
1490 4132 1593 4207 ipsam
1612 4132 1749 4191 collatis.

216 4211 422 4275 adscribitur.
439 4211 662 4276 Verumtamen
685 4212 808 4276 salvare
823 4233 880 4296 per
901 4217 1008 4280 mo-l)

214 4311 296 4374 dum
321 4329 423 4373 causas
448 4310 634 4392 principalis
658 4319 691 4374 ot
713 4311 898 4392 efficientis,
919 4322 968 4377 ut·
1090 4319 1231 4380 GOsum
1245 4318 1347 4375 radix
1370 4325 1400 4375 et
1416 4334 1520 4393 genus
1539 4315 1661 4384 David,
1676 4317 1770 4374 stella
1784 4335 1914 4392 epm,

214 4417 297 4493 puta
308 4417 438 4490 peccata
448 4408 789 4492 dimittendo,gratiam
801 4412 968 4478 iufundeu·
1102 4415 1274 4491 splendida
1285 4424 1315 4472 et
1326 4412 1592 4474 matutina.lnter
1602 4410 1771 4493 privilegia
1784 4399 1817 4442 ¹⁶·

216 4509 260 4572 do
275 4527 313 4570 ac
328 4508 462 4571 salutem
484 4527 590 4571 veram
610 4511 799 4592 prestando,
816 4514 968 4595 competit
1022 4513 1175 4596 virginea
1195 4510 1283 4572 ldatri
1305 4527 1467 4590 concessa,
1483 4509 1665 4573 continetur
1684 4511 1769 4593 quod

216 4605 343 4670 Christo
357 4625 396 4669 ax
416 4605 592 4670 divinitatis
614 4617 736 4689 natura,
753 4609 836 4673 sicut
856 4621 888 4674 et
910 4613 966 4674 toti
1021 4612 1092 4694 ipsa
1112 4618 1160 4674 est
1178 4609 1269 4671 stella
1293 4608 1401 4685 maris,
1418 4607 1450 4670 id
1474 4616 1523 4671 est
1546 4608 1715 4691 procellosi
1739 4617 1772 4671 et

215 4704 508 4787 superbeatissimte
542 4705 697 4786 Trinitati,
726 4716 758 4770 et
793 4709 966 4792 unicuique
1021 4708 1154 4791 inquieti
1182 4706 1294 4770 mundi
1328 4706 1432 4785 istius,
1462 4704 1612 4769 videlicet
1639 4706 1770 4769 humani

39 4835 83 4878 ιι.
95 4831 199 4880 ηιμ.
215 4803 336 4866 divinas
356 4803 512 4882 Persona,
531 4803 620 4884 juxta
644 4804 722 4868 illud
746 4805 834 4870 lsaiae
855 4831 862 4872 ε
883 4809 965 4872 Deus
1020 4806 1147 4890 generis
1162 4806 1195 4867 in
1210 4805 1271 4869 hoe
1290 4805 1407 4867 seculo
1426 4804 1670 4885 peregrinantis,
1686 4805 1771 4887 peri-

212 4903 322 4984 justus
337 4909 367 4964 et
384 4901 512 4964 salvans
527 4920 591 4964 uon
613 4911 662 4964 est
675 4912 788 4985 preter
809 4924 859 4970 me
872 4927 881 4983 ς
895 4907 965 4988 jux·
1021 4905 1161 4968 clitantis
1175 4922 1212 4965 ac
1223 4902 1670 4975 deviantis.0uemadmodum
1682 4901 1769 4965 enim

26 5032 102 5076 om
109 5027 194 5078 ms,
213 5007 310 5079 taque
326 4997 405 5059 illud
421 4995 500 5060 Osee
517 4997 602 5078 :Ego
617 4999 768 5062 Dominus
782 5001 864 5063 Deus
880 5010 963 5079 tuus,
1020 5003 1053 5064 in
1069 5001 1271 5064 liunamento
1286 4998 1377 5062 stella
1390 4999 1446 5062 illa
1458 5018 1530 5081 qua
1543 4999 1660 5062 dicitur
1678 4999 1770 5062 stella

212 5103 247 5160 et
268 5096 409 5160 salvator
430 5113 496 5158 non
517 5103 565 5158 est
586 5105 700 5178 preter
720 5117 783 5160 me.
1021 5099 1183 5176 maris,est
1197 5098 1260 5160 sita
1274 5096 1421 5160 sublimis
1436 5105 1467 5160 et
1481 5097 1569 5160 velut
1580 5096 1766 5175 immobilis,

252 5196 398 5276 Insuper,
429 5193 647 5256 amantissima
674 5193 730 5257 Dei
758 5195 853 5277 Virgo
880 5196 967 5260 Chri·
1020 5204 1195 5278 nautasque
1222 5196 1364 5277 dirigens
1389 5204 1421 5258 et
1444 5195 1605 5258 attrahens
1633 5193 1766 5273 sermm,

211 5293 323 5357 stilera
337 5291 405 5356 dici
420 5297 526 5374 potest
540 5291 650 5354 mundi
672 5292 822 5354 salvatrix
836 5303 967 5377 propter
1020 5303 1052 5358 et
1067 5295 1151 5358 circa
1170 5294 1272 5375 ipsam
1293 5292 1379 5357 orbis
1401 5303 1564 5372 versatur,
1581 5293 1626 5355 sie
1648 5292 1768 5375 optima
