4309 6250
277 5100 408 5156 Contrua.

419 477 479 545 ¹3ss
646 499 686 546 DE
706 499 870 547 bramtune
891 498 929 545 ll'l'
949 498 1098 545 LAUDlBUS
1118 498 1145 542 Β.
1168 498 1198 541 V.
1221 496 1337 553 ΕΔΜ,
1359 495 1448 542 LIBER
1466 496 1514 543 111.
1535 515 1577 526 ·-
1597 496 1666 543 ΑΜ.
1689 496 1745 543 111

419 676 451 731 ta
473 668 638 751 dignitate,
650 692 746 755 quam
767 670 875 753 utique
895 676 1016 733 certum
1035 677 1085 733 est
1105 686 1170 731 non
1185 667 1211 731 Α
1225 667 1409 750 parabiliter
1435 676 1466 731 et
1501 668 1780 732 interminabiliter
1809 664 1931 745 dulcis,
1972 684 1997 728 a

420 766 538 830 minori
552 769 716 849 preditam
732 788 801 832 esse
816 775 970 849 potestate
985 786 1021 830 ac
1038 766 1168 848 pietate!
1225 785 1289 847 quo
1310 765 1459 829 universa
1482 766 1617 832 dulcedo
1642 775 1748 831 creata
1766 766 1910 828 manavit
1936 764 1999 826 in·

460 864 540 927 ilinc
565 864 704 949 loquitur
722 866 915 949 Augustinus
933 888 940 927 ε
957 865 1052 928 ltlaria
1071 863 1172 926 homi-
1225 864 1380 945 finitaque
1403 866 1499 928 distat
1522 885 1559 928 ac
1582 864 1704 945 delicit,
1726 864 1996 928 immensitatem

420 980 495 1024 nem
515 964 647 1044 adjuvat
666 965 699 1027 in
718 965 784 1027 vita
803 972 836 1027 et
854 963 888 1025 in
909 970 1019 1025 morte.
1037 961 1173 1036 Quomo-
1226 983 1290 1026 sua
1305 963 1485 1025 dulcedinis
1506 963 1707 1027 electissima
1728 982 1792 1026 sum
1812 962 1901 1025 llatri
1928 980 1998 1025 co-

419 1060 477 1123 dol
488 1061 581 1141 Audi,
598 1081 616 1125 o
631 1062 818 1126 Christiane.
836 1061 950 1124 Anima
964 1060 997 1122 in
1011 1058 1171 1142 baptismo
1226 1060 1404 1141 piosissime
1419 1062 1677 1142 communicavit,
1691 1060 1863 1142 impressit,
1881 1068 1996 1141 atque

418 1157 541 1223 Christo
552 1179 628 1224 vero
644 1179 761 1244 sponso
773 1180 829 1243 per
840 1158 937 1223 tidem
948 1160 1170 1241 desponsatur,
1226 1167 1289 1222 tam
1315 1160 1441 1222 dulcem
1466 1179 1537 1223 eam
1561 1160 1595 1222 in
1620 1178 1655 1222 se
1679 1158 1748 1241 ipsa
1769 1178 1807 1221 ac
1827 1158 1995 1221 omnibus

418 1263 449 1318 et
464 1275 521 1338 per
535 1258 689 1340 Spiritum
704 1260 855 1322 Sanctum
870 1259 1006 1335 dotatur,
1026 1275 1062 1319 ec
1078 1256 1170 1318 heres
1225 1257 1318 1320 nobis
1342 1256 1462 1337 ellecit,
1489 1265 1524 1319 ut
1547 1276 1608 1319 nec
1637 1256 1707 1318 sine
1735 1255 1878 1318 sensibili
1900 1274 1995 1336 qua-

416 1354 471 1417 Dei
488 1373 562 1417 cum
581 1357 703 1438 angelis
722 1358 901 1439 deputatur.
918 1356 978 1417 Sed
1000 1354 1076 1417 dum
1100 1372 1173 1435 pec·
1226 1355 1298 1417 dam
1321 1355 1474 1417 suavitate
1498 1354 1662 1417 valeamus
1683 1353 1786 1436 ipsam
1812 1354 1992 1432 recolere3

416 1453 496 1515 catis
532 1453 687 1533 inlicitur,
722 1454 879 1517 Christum
913 1472 1065 1535 sponsum
1098 1470 1171 1515 mox
1226 1471 1285 1515 nec
1305 1452 1375 1535 ipsa
1395 1460 1517 1533 portam
1539 1453 1600 1534 pias
1619 1453 1781 1515 memoriae
1802 1459 1909 1533 potest
1932 1452 1994 1513 in-

416 1550 540 1633 abjicit,
556 1560 589 1616 et
602 1552 729 1616 diabolo
745 1572 778 1615 se
793 1551 961 1634 conjungit
975 1558 1069 1631 atque
1084 1550 1172 1612 adul·
1226 1559 1309 1613 trare
1320 1550 1396 1631 quin
1409 1549 1511 1612 insitae
1526 1549 1585 1612 sibi
1597 1549 1890 1613 exuberantissimae
1906 1568 1995 1612 sua-

418 1658 487 1712 tera
511 1650 581 1731 ejus
604 1650 776 1714 allicitur:
798 1650 907 1731 sicque
929 1650 993 1713 Deo
1017 1658 1048 1711 et
1073 1666 1171 1729 regno
1227 1648 1334 1710 vitatis
1356 1648 1485 1710 odorem
1509 1655 1682 1730 respergat.

418 1748 541 1811 coelesti
561 1748 645 1830 juste
667 1750 820 1831 privetur.
837 1747 860 1811 0
876 1747 964 1811 triste
987 1755 1019 1809 et
1037 1747 1169 1809 stultum
1266 1745 1289 1809 0
1314 1744 1428 1822 dulcis,
1454 1745 1652 1808 delectabilis
1676 1754 1709 1808 et
1734 1764 1869 1823 amoena,
1890 1764 1911 1809 o
1932 1764 1996 1807 re-

419 1846 652 1925 concambium,
669 1847 827 1911 Christum
852 1865 1004 1927 sponsum
1031 1863 1088 1927 pro
1112 1844 1171 1907 vili
1189 1844 1212 1905 B
1227 1844 1446 1907 dolentissima
1460 1843 1816 1925 praeamabilissimaque
1829 1843 1939 1923 illaria,
1951 1844 1994 1905 in

418 1945 581 2027 voluptate
610 1965 646 2007 ac
672 1945 767 2027 culpa
790 1944 943 2027 abjicere,
971 1951 1003 2005 et
1030 1942 1170 2025 pessimo
1226 1952 1257 2005 te
1280 1944 1349 2025 ipsa
1369 1941 1455 2004 omni
1479 1941 1718 2022 tranquillitate,
1735 1941 1888 2020 bonitate,
1913 1943 1995 2024 pie-

417 2042 501 2106 hosti
517 2060 551 2105 se
567 2042 723 2105 subderet
741 2042 802 2105 Sed
817 2042 911 2104 ldaria
926 2048 1026 2103 mater
1046 2041 1168 2122 gratias,
1225 2049 1300 2119 tate,
1311 2038 1453 2116 caritate,
1460 2038 1660 2119 jucunditate
1675 2038 1875 2119 plenissima!
1889 2040 1996 2102 hieri-

418 2159 517 2221 qnum
532 2140 603 2222 ipsa
622 2140 663 2201 sit
682 2141 737 2203 Dei
756 2138 898 2203 Genitrix
916 2146 948 2201 et
968 2146 1169 2220 peccatorum
1226 2146 1258 2201 to
1273 2137 1376 2199 dulcis
1387 2136 1601 2216 vocatisque
1617 2136 1692 2199 inte
1707 2136 1777 2218 ipsa
1791 2145 1854 2199 tam
1870 2138 1995 2200 suavis

419 2236 567 2318 adjutrix,
584 2238 722 2300 ostendit
746 2236 826 2300 Filio
852 2244 963 2319 pectus
989 2244 1020 2298 et
1045 2235 1167 2297 ubera:
1226 2244 1258 2298 et
1272 2234 1421 2316 gaudiosa
1436 2235 1594 2313 consistis,
1611 2235 1763 2315 omnique
1779 2235 1877 2298 menti
1893 2236 1991 2299 bene

419 2335 530 2416 sicque
552 2335 677 2397 veniam
703 2353 756 2396 reo
781 2332 949 2415 elllagitat.
967 2333 1085 2395 Videns
1110 2333 1170 2395 hoc
1226 2333 1387 2415 dispositae
1402 2341 1466 2394 tam
1488 2332 1625 2395 dulciter
1645 2352 1682 2395 ac
1701 2332 1915 2397 consolatorie
1929 2354 1994 2396 sa·

419 2432 530 2513 Filius,
544 2432 683 2496 ostendit
696 2432 778 2495 Patri
793 2432 874 2495 latus
890 2440 922 2494 et
936 2431 1068 2494 vulnera
1087 2454 1094 2491 :
1112 2431 1172 2492 sic·
1226 2431 1287 2513 pis,
1300 2450 1370 2512 quae
1385 2430 1543 2494 desolatos
1558 2431 1713 2508 laetificas,
1723 2432 1857 2495 miseros
1872 2431 1990 2511 toves,

422 2549 486 2613 que
513 2530 553 2592 ab
581 2549 619 2593 eo
648 2530 899 2592 misericordiam
928 2528 1087 2609 impetrat.
1118 2529 1170 2591 Sic
1226 2529 1349 2591 animas
1369 2528 1474 2609 ungis,
1491 2528 1555 2590 imo
1576 2528 1759 2591 universam
1778 2529 1994 2610 triumphan-

421 2646 496 2710 ergo
511 2626 605 2690 Maria
622 2636 821 2709 peccatorem
836 2628 869 2688 in
884 2628 950 2689 vita
968 2626 1069 2707 juvat,
1085 2627 1169 2707 quod
1226 2636 1291 2689 tem
1318 2645 1356 2689 ac
1383 2626 1572 2689 militantem
1599 2626 1774 2690 Ecclesiam
1804 2628 1990 2691 dulcedine

420 2744 478 2809 per
492 2725 562 2806 ejus
583 2744 676 2807 opem
697 2732 729 2787 et
746 2724 880 2806 gratiam
901 2724 1007 2787 anima
1026 2733 1172 2805 peccato-
1226 2733 1279 2787 tua
1301 2725 1382 2786 mira
1400 2744 1437 2787 ac
1457 2744 1572 2806 magna
1590 2725 1762 2806 magnifice
1782 2746 1819 2789 ac
1837 2727 1994 2789 clemen-

421 2825 465 2886 ris
495 2844 603 2886 rursus
632 2823 672 2885 fit
698 2824 854 2905 templum
883 2822 1017 2904 Spiritus
1050 2822 1168 2900 Sancti,
1226 2832 1274 2886 ter
1293 2821 1412 2902 reliciS,
1433 2823 1590 2885 exhilaras
1611 2831 1642 2886 et
1660 2823 1839 2906 perfundis.

422 2940 540 3004 sponsa
563 2921 691 3000 Christi,
717 2920 786 2983 lilia
810 2921 904 3001 Regis
932 2920 1052 2997 aterni,
1077 2920 1170 2983 heres
1267 2921 1374 2983 Dulcis
1398 2920 1561 2998 Dominus,
1586 2920 1690 2983 dulcis
1715 2921 1877 2985 Domina:
1899 2942 1991 3004 quo-

422 3019 513 3101 regni
538 3019 605 3082 Dei.
623 3019 741 3081 Deinde
765 3018 860 3080 llaria
884 3018 976 3099 juvat
999 3018 1032 3079 in
1057 3026 1168 3081 morte.
1191 3016 1313 3080 Cuiam
1348 3018 1403 3080 ille
1435 3018 1588 3080 Dominus
1621 3038 1722 3095 meuS,
1757 3019 2071 3147 misericordiarffi
2071 3044 2147 3149 [¹⁶⁸²

421 3118 585 3193 Quomodo
599 3126 630 3181 et
644 3116 863 3199 quareldudr,
875 3115 1062 3179 Christiane
1076 3116 1171 3179 Maria
1228 3137 1319 3194 moa;
1335 3117 1403 3179 haec
1419 3116 1551 3179 Domine
1566 3136 1648 3197 mea,
1665 3116 1890 3181 misericordiae
1905 3118 2038 3200 por-⁶¹

422 3224 553 3299 propter
566 3216 787 3278 necessitatem
803 3223 1005 3296 peccatorum
1021 3212 1105 3277 lacta
1124 3224 1172 3277 est
1228 3224 1268 3277 ta
1289 3215 1345 3276 llle
1366 3214 1446 3276 nihil
1469 3215 1577 3296 gratias
1599 3222 1630 3275 et
1653 3216 1791 3293 virtutis,
1812 3216 1890 3278 nihil
1914 3220 1992 3299 spi-

423 3322 524 3377 mater
538 3314 632 3396 llcgrs
647 3312 946 3394 coelorum3atque
938 3331 970 3374 rn
987 3320 1110 3375 tantum
1124 3320 1172 3374 est
1226 3313 1350 3375 ritualis
1382 3312 1498 3374 laetitiae
1526 3320 1558 3374 et
1584 3313 1812 3377 consolationis
1845 3315 1991 3381 internae

422 3413 567 3492 exaltata,
594 3413 678 3494 quod
708 3431 726 3474 e
749 3411 867 3474 dextris
894 3410 965 3473 Filii
995 3419 1042 3472 est
1071 3411 1172 3473 locata
1225 3411 1343 3473 habere
1364 3429 1422 3472 nos
1442 3410 1545 3473 voluit
1567 3430 1627 3473 nec
1650 3411 1724 3474 dare
1748 3413 1890 3475 decrevit
1914 3415 1989 3477 nisi

424 3529 521 3592 super
544 3511 658 3574 choros
682 3511 868 3592 angelorum
895 3532 902 3570 ε
930 3516 961 3570 et
983 3508 1051 3570 haec
1075 3508 1171 3589 Virgo
1227 3528 1283 3589 per
1307 3527 1420 3570 manus
1441 3509 1553 3587 llariae,
1580 3509 1613 3569 in
1637 3529 1699 3590 qua
1727 3509 1805 3573 nihil
1836 3531 1987 3593 unquam

422 3608 538 3686 faceta,
555 3608 651 3690 Virgo
666 3609 800 3671 honesta
821 3615 852 3669 et
872 3605 1018 3683 discreta,
1036 3605 1172 3668 advertit
1227 3605 1288 3668 fuit
1312 3605 1491 3685 distortum,
1513 3606 1558 3666 nil
1584 3606 1872 3688 indignabundum,
1896 3610 1987 3673 nihil

422 3727 459 3770 ac
474 3705 684 3788 recognoscit.
701 3704 739 3767 Et
760 3704 910 3786 quoniam
931 3712 1052 3766 tantum
1074 3704 1172 3766 hono·
1228 3702 1471 3785 reprehensibili
1494 3703 1696 3766 amaritudini
1719 3705 1864 3770 mixtum.

422 3825 489 3868 rem
504 3813 634 3887 propter
649 3810 830 3885 peccatores
846 3803 996 3884 suscepit,
1013 3820 1067 3864 eos
1082 3801 1173 3882 juva·
1268 3803 1326 3881 Tu,
1349 3800 1538 3862 suavissima
1565 3801 1668 3883 Virgo,
1695 3812 1797 3867 mater
1824 3824 1860 3866 es
1887 3806 1988 3870 floris

423 3921 457 3965 re
477 3910 509 3964 et
528 3920 584 3984 pro
609 3900 687 3983 ipsis
712 3919 818 3964 coram
843 3901 906 3963 Deo
930 3901 1086 3963 advocare
1108 3917 1172 3960 non
1228 3898 1465 3974 misericordiae,
1490 3906 1591 3961 mater
1612 3899 1692 3963 Solis
1713 3901 1856 3982 justitiae,
1876 3910 1989 3964 mater

424 4000 552 4064 desinit.
569 3999 633 4063 Nec
658 4018 713 4063 eos
733 3997 924 4082 poenitentes
946 3998 979 4059 in
1003 4005 1105 4060 morte
1126 4017 1174 4058 re·
1229 3996 1336 4058 Fontis
1357 3995 1530 4077 sapientia,
1551 4003 1653 4060 mater
1672 3997 1765 4080 Regis
1788 3999 1908 4080 gloria,
1924 4019 1990 4082 ge-

423 4098 551 4178 linquit,
575 4099 629 4161 sed
657 4118 675 4161 a
707 4096 834 4160 diabolo
860 4095 1008 4177 protegit,
1036 4115 1054 4157 a
1079 4095 1173 4176 culpa
1230 4094 1325 4156 nitrix
1360 4094 1538 4156 dulcedinis
1578 4114 1711 4158 summae
1751 4097 1987 4180 suavitatisque

423 4195 526 4276 erigit,
553 4213 572 4256 a
600 4213 694 4275 poena
722 4193 826 4275 eripit,
854 4201 946 4274 atque
977 4191 1010 4252 in
1038 4191 1172 4273 gloriam
1191 4191 1396 4258 Duniverssa.
1413 4192 1492 4254 Hinc
1507 4192 1593 4254 omni
1609 4194 1737 4275 pietate,
1754 4195 1911 4277 aequitate,
1930 4217 1988 4260 sa-

422 4292 607 4356 introducit.
634 4291 763 4372 Propter
790 4290 898 4355 omnia
926 4289 1087 4352 beneficia
1113 4289 1174 4352 ista
1230 4291 1360 4372 pientia,
1376 4289 1540 4370 felicitate,
1562 4291 1719 4355 suavitate
1740 4302 1772 4355 et
1792 4294 1904 4375 gloria,
1926 4316 1988 4358 us-

423 4400 488 4454 tam
502 4397 602 4472 grata,
619 4388 715 4450 illaria
729 4389 819 4470 virgo
839 4390 941 4468 beata,
957 4388 1042 4469 juste
1061 4396 1094 4450 et
1109 4389 1175 4469 pul·
1229 4408 1291 4469 que
1312 4389 1352 4450 ad
1371 4407 1531 4450 summum
1556 4397 1587 4451 et
1610 4399 1765 4469 quantum
1787 4411 1901 4473 capere
1923 4413 1988 4475 po-

424 4491 499 4552 chre
524 4486 702 4565 mediatrix,
725 4485 916 4564 auxiliatrix,
943 4486 1170 4566 recuperatrix,
1229 4486 1327 4566 tuisti,
1338 4505 1372 4548 es
1387 4486 1507 4568 repleta
1523 4506 1560 4549 ac
1575 4506 1705 4568 prorsus
1719 4489 1918 4570 plenissima.
1932 4493 1985 4556 Ad

424 4585 633 4652 illuminatrix
648 4593 742 4666 atque
757 4583 896 4666 adjutrix
910 4593 958 4646 est
977 4592 1170 4665 nuncupata.
1228 4603 1324 4666 quam
1352 4584 1485 4646 devotus
1510 4604 1590 4667 puer
1613 4593 1687 4648 tuus
1711 4586 1889 4652 Bernardns
1912 4591 1987 4652 sin-

1229 4682 1343 4745 ceriter
1358 4690 1405 4744 est
1420 4682 1546 4744 locutus
1563 4706 1570 4744 ε
1587 4682 1702 4746 Hortus
1721 4685 1907 4750 deliciarum
1922 4707 1987 4751 no·

614 4794 859 4860 ARTIGULUS
882 4793 976 4857 XXI,
1228 4780 1279 4842 bis
1293 4788 1342 4842 est
1355 4789 1428 4842 tuus
1448 4779 1679 4844 sacratissimus
1701 4791 1821 4861 uterus,
1837 4785 1983 4868 ollaria,

1228 4878 1301 4959 quia
1326 4897 1364 4940 ex
1388 4897 1425 4940 eo
1446 4877 1635 4958 multiplicis
1658 4880 1768 4960 gaudii
1793 4880 1891 4945 flores
1912 4884 1986 4948 col-

1228 4976 1367 5057 ligimus,
1394 4975 1519 5056 quoties
1546 4984 1654 5038 mente
1681 4977 1853 5041 recolimus
1880 4998 1984 5060 quam

491 5079 664 5142 ULCHRA
690 5097 734 5146 es,
760 5077 865 5136 amica
890 5095 972 5146 mec,
997 5075 1120 5143 suavis,
1143 5084 1172 5133 et
1228 5093 1343 5156 magna
1358 5072 1524 5135 multitudo
1546 5073 1726 5137 dulcedinis
1740 5076 1892 5141 universo
1905 5079 1982 5143 orbi

498 5180 616 5237 decora
629 5177 713 5234 sicut
726 5177 919 5235 Jerusalem.
936 5172 1018 5235 Fons
1032 5171 1173 5254 pulchri·
1228 5170 1302 5231 inde
1324 5168 1485 5248 profluxit.
1507 5168 1530 5230 0
1549 5168 1622 5231 lons
1644 5170 1815 5252 voluptatis
1839 5173 1982 5258 deifica,

421 5275 541 5339 tudinis
555 5272 701 5350 infinita,
718 5271 800 5335 Deus
815 5270 1038 5351 essentialiter,
1054 5269 1173 5333 incom-
1227 5277 1317 5331 utere
1340 5266 1494 5348 virginee,
1515 5286 1554 5330 ex
1576 5284 1639 5349 quo
1663 5277 1757 5332 natus
1780 5279 1829 5334 est
1853 5271 1985 5340 fructus

509 4930 556 4988 De
570 4926 743 4986 dulcedine
767 4925 913 5001 Virginis
925 4925 1087 5001 gloriosos.
