4309 6250
390 509 431 557 n!
450 510 612 559 olearum
633 510 671 555 ΕΤ
690 510 838 557 muninus
858 509 886 555 B·
910 510 939 555 V.
962 508 1079 567 ΙΑΜΕ,
1101 510 1190 557 matt
1211 510 1255 556 ΙΙΙ.
1277 528 1319 539 -
1339 509 1408 557 aar.
1431 509 1473 555 XX
1649 488 1708 555 {33

165 681 320 765 refugium
352 700 540 763 pauperum,
575 678 686 763 regina
717 679 946 757 clementianrl
1002 682 1098 744 Recte
1112 680 1191 744 dixit
1204 681 1245 744 de
1258 688 1289 743 te
1303 680 1529 746 devotissimus
1543 702 1624 765 puer
1636 690 1710 745 tuus

165 790 261 845 mater
282 800 319 843 ac
339 780 519 843 miseratrix
537 788 725 844 cunctorum
750 779 907 857 fidelium,
961 780 1140 843 Bernartius
1165 802 1173 842 :
1199 778 1223 843 0
1246 780 1338 843 dives
1363 779 1398 842 in
1420 798 1532 843 omnes
1556 790 1589 843 ct
1614 797 1712 861 super

165 879 269 943 decuit
288 898 359 943 eam
380 886 466 941 tanta
490 879 701 962 spiritualium
726 878 908 941 divitiarum
962 896 1072 957 omnes
1106 877 1211 957 Mada,
1242 878 1336 959 cujus
1368 878 1552 941 substantiae
1585 876 1711 941 modica

166 978 360 1063 plenitudine
384 977 562 1059 adimpleri,
588 987 624 1040 ut
645 978 685 1040 de
709 976 909 1059 plenitudine
962 994 1035 1059 pars
1050 985 1223 1057 assumpta,
1231 975 1362 1039 suffecit
1376 976 1500 1040 solvere
1514 977 1610 1039 totius
1625 994 1712 1038 muu-

166 1096 219 1139 sua
233 1076 390 1139 universis
404 1084 500 1157 queat
513 1074 909 1153 communicaro,cuuctis-
962 1073 994 1135 di
1020 1081 1162 1155 peccata,
1178 1073 1244 1136 imo
1268 1082 1300 1136 et
1323 1074 1496 1155 gratiarnm
1522 1091 1712 1155 recuperare

165 1193 224 1256 que
256 1174 381 1237 miseris
414 1173 594 1253 subvenire,
624 1182 725 1237 totum
753 1174 908 1235 mundum
963 1171 1165 1248 charismata,
1201 1171 1436 1253 promererique
1468 1170 1561 1235 nobis
1596 1169 1712 1253 gaudia

165 1272 354 1349 illuminare,
377 1290 414 1335 ac
438 1270 581 1335 omnium
605 1270 799 1353 indigentias
823 1270 909 1335 locu·
964 1268 1178 1350 sempiterna!
1195 1268 1218 1332 0
1241 1276 1274 1331 tu
1288 1268 1397 1333 fidelis
1415 1268 1523 1348 llaria,
1539 1289 1611 1352 que
1629 1268 1714 1331 salu-

166 1370 294 1451 pletare.
964 1366 1005 1429 tis
1027 1367 1205 1431 antidotum
1229 1367 1308 1429 viris
1332 1387 1369 1431 ac
1393 1366 1581 1431 mulieribus
1606 1365 1714 1449 propi·

202 1468 282 1530 llinc
297 1466 505 1548 spiritualiter
519 1484 648 1549 prorsus
662 1465 820 1529 ditissima
835 1464 908 1544 fuit,
965 1465 1066 1528 nastit
1088 1467 1132 1527 lle
1151 1463 1349 1547 plenitudine
1368 1474 1423 1529 tua
1442 1464 1618 1547 accipimus
1641 1464 1861 1538 uni-lemnus.

166 1564 446 1629 exuberantissima
461 1564 597 1627 inomni
617 1563 783 1646 sapientia,
800 1562 912 1625 cana-
965 1564 1061 1627 versi.
1078 1564 1117 1627 Et
1133 1582 1229 1628 omne
1252 1565 1337 1647 quod
1355 1564 1409 1627 dat
1427 1563 1485 1626 tibi
1504 1564 1603 1626 l'ilius
1626 1570 1712 1641 tuus,
1725 1584 1860 1637 reamur.

165 1672 204 1743 te,
226 1664 341 1745 gratia,
361 1662 512 1744 omnique
535 1662 729 1726 abundantia
751 1660 909 1725 deiformi.
966 1662 1056 1725 venit
1075 1662 1115 1725 ad
1135 1670 1166 1724 te
1179 1684 1188 1739 3
1203 1669 1236 1725 et
1257 1680 1332 1725 eum
1350 1661 1406 1744 qui
1425 1661 1514 1724 venit
1531 1662 1570 1724 ad
1590 1668 1632 1739 te,
1649 1679 1715 1724 uon

166 1762 242 1836 Ouid
264 1780 403 1842 namque
421 1760 628 1843 Omnipotens
648 1780 712 1823 suae
737 1778 801 1823 non
822 1759 912 1821 daret
967 1760 1058 1843 ejicis
1080 1760 1188 1839 foras;
1213 1778 1273 1823 nec
1298 1760 1399 1822 ullum
1423 1778 1532 1823 eorum
1557 1758 1716 1842 permittis

167 1858 366 1922 electissime
380 1858 556 1922 Genitricil
571 1857 649 1921 Nam
669 1865 701 1921 et
719 1858 801 1921 Deus
822 1856 949 1919 diveslt
967 1859 1085 1942 perire,
1101 1876 1181 1941 quos
1199 1858 1289 1921 dedit
1306 1857 1364 1920 tibi
1382 1856 1545 1935 Excelsus,
1560 1876 1640 1939 quos
1659 1876 1717 1940 per

52 1982 153 2031 urrann.
167 1956 361 2040 perhibetur,
378 1975 443 2020 non
468 1956 616 2039 pecunia,
633 1956 687 2019 sed
712 1954 913 2036 omnipoteu-
968 1966 999 2021 te
1013 1957 1145 2038 speciali
1160 1956 1277 2038 pietate
1292 1976 1330 2019 ae
1344 1975 1477 2019 munere
1496 1954 1638 2019 decrevit
1656 1956 1718 2018 sal·

44 2046 153 2152 {stit
166 2054 217 2117 tia.
252 2055 353 2135 Unde,
384 2054 650 2137 quemadmodum
687 2052 914 2117 liberalissima
968 2074 1054 2119 vare.

167 2152 226 2215 fuit
247 2152 511 2216 benedictissima
535 2152 626 2234 virgo
653 2151 748 2215 ldaria
773 2152 811 2214 ad
837 2151 914 2214 dan·

167 2250 304 2331 dum‚ita
318 2260 350 2314 et
360 2250 580 2333 potentissima
595 2250 656 2313 fuit
669 2250 709 2314 ad
724 2268 915 2333 prosequen-

167 2348 240 2410 dum
261 2356 294 2410 et
319 2348 581 2411 succurrendum.
607 2346 645 2409 Et
668 2346 753 2409 sicut
780 2363 913 2427 reguum
1165 2334 1411 2399 ARTICULUS
1440 2336 1518 2399 XX·

168 2445 389 2509 misericordie
407 2444 437 2507 ei
456 2445 661 2509 commissum
680 2452 740 2522 est,
757 2443 799 2506 ita
819 2450 850 2505 et
869 2442 915 2505 di·
969 2486 1073 2553 Quam
1088 2484 1231 2543 amanda
1241 2502 1280 2543 ac
1295 2485 1482 2543 meranda
1497 2485 1540 2543 Sit
1554 2485 1646 2543 nobis
1657 2486 1722 2544 vir·

169 2543 250 2606 viria
274 2543 448 2625 gratiarum
473 2542 502 2604 ei
526 2542 816 2605 redundantissime
841 2548 915 2603 sunt
1005 2574 1106 2650 qim
1129 2574 1240 2633 Mam
1263 2572 1406 2640 saluti„
1430 2591 1529 2649 quam
1553 2576 1658 2632 multa
1682 2592 1721 2631 ac

48 2666 153 2717 rents.
169 2642 289 2705 collatae
304 2640 345 2703 ab
360 2658 399 2705 eo
414 2641 468 2721 qui
483 2642 537 2703 dat
557 2641 707 2705 omnibus
728 2638 912 2702 affluenter.
1009 2680 1130 2737 mayn,
1142 2663 1210 2720 ,ing
1229 2661 1321 2720 ηοω
1331 2678 1393 2737 90,
1407 2680 1478 2720 eam
1496 2664 1615 2723 conata
1630 2662 1721 2721 gene.

205 2739 370 2817 Praeterea,
392 2738 472 2801 adeo
496 2738 586 2801 dives
610 2736 683 2817 fuit,
699 2738 784 2820 quod
809 2736 914 2819 ipsum
1007 2751 1086 2827 ficia
1108 2751 1257 2826 desuper,

168 2838 389 2900 universarum
408 2836 591 2899 divitiarum
612 2836 756 2914 Fontem,
772 2854 912 2913 causam,

168 2944 341 3014 auctorem,
357 2934 492 2997 infinitis
513 2934 546 2995 in
566 2953 600 2996 se
619 2934 690 3015 ipso
709 2932 830 2995 divitiis
849 2932 916 3015 ple-
1042 2938 1302 3000 ULNERASTI
1315 2956 1372 2996 cor
1390 2956 1510 3007 meum,
1524 2957 1617 2998 soror
1636 2958 1718 3007 mea,
1735 2948 1866 3001 aarum.

169 3054 254 3113 num,
270 3032 394 3115 genuit,
416 3030 542 3109 effudit,
565 3030 708 3095 exhibuit
728 3030 832 3094 nebia.
850 3028 956 3093 Sic-c
1051 3053 1179 3111 sponsa,
1195 3036 1380 3094 vulnerasti
1399 3054 1455 3094 cor
1469 3054 1585 3095 meum.
1602 3034 1720 3097 Unum·

168 3153 227 3214 qne
243 3131 318 3195 fons
333 3130 487 3213 processit
501 3132 541 3194 de
556 3130 637 3209 rivo,
654 3139 686 3193 et
705 3130 801 3192 Mater
820 3129 918 3211 virgi·
968 3134 1117 3215 quodque
1127 3139 1251 3194 tautum
1261 3132 1358 3194 babet
1369 3132 1408 3194 de
1418 3131 1612 3196 amabilitate
1623 3153 1721 3214 quau·

53 3251 155 3300 aare.
170 3251 227 3293 nea
251 3232 338 3293 facta
361 3239 409 3292 est
435 3228 506 3293 fons
531 3228 677 3290 fluminis
701 3227 843 3310 gloriosi,
860 3227 915 3309 qui
970 3241 1036 3294 tum
1058 3232 1098 3293 de
1116 3230 1267 3309 bonitate,
1284 3249 1383 3310 quum
1409 3231 1529 3293 bonum
1554 3231 1595 3293 sit
1618 3232 1719 3313 ipsius

169 3348 295 3392 ornnem
322 3336 450 3404 terram,
478 3327 592 3404 idest,
620 3334 716 3389 totam
742 3325 851 3408 irrigat
879 3345 915 3388 sc
969 3330 1129 3413 appetitus
1148 3329 1322 3410 obiectum.
1339 3328 1394 3391 Est
1411 3347 1538 3411 quoque
1558 3349 1609 3392 res
1628 3330 1719 3393 uobis

171 3427 332 3508 perfundit
352 3425 539 3489 Ecclesiam.
970 3427 1128 3504 amabilis,
1146 3445 1210 3490 uon
1231 3426 1333 3490 solum
1358 3426 1511 3507 quoniam
1535 3426 1568 3488 in
1593 3447 1627 3490 se
1651 3427 1721 3509 ipsa

208 3524 231 3588 0
256 3524 439 3588 beatissima
459 3531 491 3586 et
512 3521 803 3603 praeamabilissima
826 3521 916 3603 virgo
971 3534 1019 3589 est
1040 3526 1135 3604 bona,
1152 3526 1207 3587 sed
1227 3523 1321 3587 etiarn
1345 3524 1496 3606 quoniam
1520 3525 1613 3587 nobis
1637 3526 1720 3589 bona

69 3655 156 3693 anun
171 3625 275 3702 Maria,
292 3642 389 3706 quam
404 3621 543 3703 gloriosa
556 3621 706 3684 dicuntur
719 3621 758 3683 de
774 3629 819 3683 tel
838 3621 917 3682 Vere
971 3633 1029 3700 est,
1047 3624 1079 3684 id
1094 3631 1143 3685 est
1158 3622 1245 3684 utilis
1260 3641 1297 3684 ac
1312 3623 1504 3700 necessaria,
1521 3623 1720 3686 delectabilis

57 3737 150 3812 'Hm
172 3723 203 3784 in
237 3721 436 3804 plenitudine
469 3720 656 3782 Sanctorum
684 3718 824 3782 detentio
852 3728 916 3797 tua,
971 3730 1065 3804 atque
1089 3720 1248 3783 benefica.
1265 3720 1408 3802 Insuper,
1425 3723 1569 3784 naturale
1595 3731 1643 3784 est
1664 3723 1722 3785 bo

68 3859 72 3868 ·
152 3803 238 3902 ’quae
253 3820 420 3882 universos
435 3817 630 3880 Patriarchas
645 3815 710 3879 fide
727 3816 920 3894 vicisti,Pro
973 3820 1049 3882 mini
1066 3818 1155 3882 affici
1169 3819 1209 3882 ad
1223 3837 1274 3882 res
1289 3818 1450 3900 pulchras,
1463 3839 1577 3882 suaves
1591 3828 1624 3883 et
1639 3819 1718 3903 pias.

173 3918 281 3998 phetas
304 3915 426 3980 lumine
446 3913 683 3997 prophetiaeque
702 3914 816 3996 spiritu
836 3924 920 3978 tran-
972 3917 1036 3980 Nec
1054 3917 1175 3999 aliquid
1195 3917 1370 3980 naturalius
1394 3935 1490 3998 quam
1514 3937 1621 3981 amare
1645 3937 1721 3981 con·

172 4015 337 4092 seendisti,
362 4014 429 4078 zelo
450 4031 576 4095 quoque
601 4013 701 4076 divini
727 4013 857 4077 honoris
881 4035 917 4077 ac
973 4025 1091 4079 sortem
1120 4024 1251 4078 nature.
1275 4015 1319 4078 fla
1348 4015 1397 4078 his
1424 4034 1595 4098 pensemus
1624 4037 1720 4098 quam

171 4114 317 4177 fraterne
343 4112 453 4176 salutis
478 4112 633 4192 superasti
655 4113 832 4194 Apostolos,
855 4113 919 4177 for·
973 4115 1108 4177 amanda
1122 4121 1154 4176 et
1169 4115 1359 4192 venerando,
1377 4114 1442 4177 imo
1456 4133 1551 4195 quam
1565 4115 1722 4178 amandis-

171 4213 304 4274 titudine
330 4219 494 4292 martyres,
515 4210 683 4272 devotione
706 4211 916 4290 confessores,
934 4209 958 4271 [l
974 4212 1054 4274 sima
1077 4232 1115 4274 ac
1134 4212 1404 4274 venerandissima
1424 4213 1465 4274 sit
1483 4212 1576 4275 nobis
1597 4233 1721 4276 summa

171 4309 359 4373 castimonia
381 4309 532 4390 virgines,
549 4308 744 4371 fecunditate
768 4309 919 4392 conjuga·
973 4320 1004 4373 et
1026 4310 1285 4373 benedictissima
1305 4310 1396 4391 virgo
1416 4311 1525 4374 llario.

171 4416 228 4488 tos,
245 4407 382 4490 puritate
397 4406 625 4487 sanctitateque
641 4405 781 4488 angelos.
798 4407 918 4489 Nempe
1014 4407 1118 4471 Primo
1147 4426 1285 4488 namque
1310 4407 1455 4470 amabilis
1484 4408 1575 4471 nobis
1604 4418 1653 4471 est
1679 4410 1722 4473 ob

171 4505 449 4588 opulentissimum
478 4524 515 4568 ac
544 4503 810 4586 pretiosissimum
839 4505 917 4569 illud
974 4506 1217 4569 similitudinem
1233 4525 1322 4568 suam
1336 4505 1502 4569 nobiscum
1517 4507 1550 4568 in
1565 4507 1723 4589 specie,et

172 4605 347 4668 balsamum
371 4603 513 4680 Deitatis,
530 4601 814 4664 exuberantissima
834 4605 919 4666 unda
974 4604 1049 4687 quia
1064 4605 1097 4666 in
1112 4603 1310 4666 naturalibus
1324 4603 1452 4686 optimas
1463 4602 1524 4666 fuit
1543 4605 1724 4687 dispositio-

171 4703 277 4784 gratias
292 4721 329 4764 ac
345 4700 563 4779 virtutis,fons
579 4699 727 4764 bonitatis
742 4701 916 4778 immensas,
974 4703 1036 4780 nis,
1053 4710 1162 4782 utpote
1183 4701 1576 4784 egregiaa'complcxionis
1593 4723 1722 4785 prorsus

171 4809 255 4864 lanta
271 4799 461 4863 liberalitate
476 4819 513 4862 ao
528 4799 727 4880 plenitudine
743 4799 799 4862 tibi
823 4798 919 4862 influ-
974 4799 1191 4882 pulcherrima
1215 4819 1359 4881 corpore,
1375 4808 1407 4862 et
1430 4800 1573 4862 moribus
1597 4821 1722 4864 summe

171 4901 214 4962 xit
228 4907 324 4981 atque
339 4917 374 4960 se
389 4897 494 4978 ipsum
510 4895 639 4973 infudit,
649 4905 684 4960 ut
698 4897 918 4980 copiosissime
975 4906 1120 4974 venusta,
1137 4897 1390 4979 ingeniosissima
1404 4906 1436 4960 et
1448 4897 1574 4980 optime
1588 4899 1723 4962 inclina-

172 4997 284 5061 elfluat
302 4996 561 5078 circumquaque.
577 4993 673 5058 Plane
692 5003 725 5057 tn
745 4995 840 5077 digne
866 5015 920 5060 vo-
974 4995 1083 5059 tiouis.
1106 4995 1237 5075 Deinde,
1260 4996 1412 5076 quoniam
1437 4996 1600 5075 acquisitis
1626 4996 1723 5058 uirtu-

175 5097 254 5159 caris
268 5095 382 5178 gratiis
398 5093 503 5175 plena,
519 5113 589 5175 que
603 5093 671 5156 sola
685 5093 767 5156 hauc
786 5095 919 5176 gratiam
974 5094 1058 5156 tibus
1083 5101 1178 5173 atque
1203 5093 1342 5155 scientiis
1366 5093 1426 5155 fuit
1454 5093 1722 5156 excellentissime

174 5213 266 5276 quam
293 5193 383 5256 nulla
404 5191 466 5254 alia
485 5189 612 5272 meruit,
629 5199 800 5254 consecuta
825 5211 870 5269 es,
887 5201 922 5256 ut
976 5198 1154 5274 perornata,
1180 5199 1275 5273 prout
1297 5191 1358 5253 boc
1381 5190 1521 5253 secundo
1545 5190 1653 5253 libello
1674 5200 1723 5254 est
1748 5221 1868 5268 mum,

176 5291 268 5356 totius
290 5289 402 5375 gratiae
422 5287 590 5372 replereris
611 5297 750 5352 auctore.
977 5290 1183 5352 declaratum.
1562 5347 1565 5351 ,
1735 5293 1779 5323 ¹¹¹·
