4309 6250
439 501 480 568 82
677 524 718 570 nn
739 523 902 571 nrcmrarr
923 524 961 570 nr
980 524 1129 570 nanninus
1150 524 1178 569 a.
1200 523 1231 569 r.
1254 523 1370 582 naara,
1391 524 1480 570 tinea
1500 524 1533 571 u.
1557 542 1597 556 -
1617 525 1688 571 aar.
1711 524 1744 571 tx

442 694 718 776 contemplationis
745 695 882 776 objecta,
913 694 1088 757 secundum
1117 712 1187 775 qua
1201 691 1227 756 A
1242 694 1482 777 superpiissime
1512 703 1543 758 et
1566 695 1745 758 humillime
1773 694 1859 757 circa
1885 693 1986 775 ipsam

442 792 570 874 quidam
595 793 717 875 species
736 794 888 875 quasdam
910 791 1187 874 contemplationis
1242 811 1276 854 se
1303 792 1414 855 habuit
1441 813 1478 855 ac
1506 793 1612 856 taliter
1640 794 1888 858 conversabatur
1915 811 1988 855 cum

443 891 617 972 assignant.
1242 908 1289 950 ea.
1307 889 1449 971 insuper,
1466 908 1530 971 quo
1551 893 1764 954 sacratissima
1783 891 1874 972 virgo
1894 888 1989 951 llaria

482 988 576 1051 Porro
605 988 636 1051 S.
667 989 844 1051 Bernartius
876 988 1016 1069 assignat
1048 995 1190 1050 contem·
1243 987 1276 1047 in
1305 1007 1338 1050 se
1367 987 1436 1068 ipsa
1463 988 1616 1051 humilior
1642 988 1705 1051 luit
1732 1009 1769 1051 ac
1797 988 1915 1071 purior,
1943 1007 1990 1049 sa-

443 1085 591 1166 plationis
614 1086 737 1168 speeies
762 1094 908 1168 quatuor.
924 1086 1061 1160 Quarum
1087 1085 1189 1166 prima
1244 1084 1381 1166 pientior
1404 1093 1435 1147 et
1458 1085 1677 1166 illuminatior,
1699 1095 1794 1167 atque
1819 1086 1991 1148 incircum·

443 1191 491 1245 est
521 1183 687 1247 admiratio
721 1185 907 1265 majestatis,
938 1185 998 1246 hoc
1032 1192 1082 1246 est
1114 1201 1190 1246 con·
1244 1181 1411 1262 scriptibili
1441 1183 1596 1263 majestati
1631 1202 1688 1264 per
1717 1183 1907 1245 charismata
1941 1202 1991 1244 su-

441 1281 534 1344 tuitio
573 1281 907 1364 incomprehensibilis
946 1281 1076 1344 Deitatis
1115 1300 1189 1343 cnm
1244 1279 1390 1342 blimiora
1404 1280 1609 1361 propinquior
1622 1280 1874 1361 familiariusque
1889 1280 1989 1358 unita,

443 1379 564 1460 ingenti
594 1380 802 1443 admiratione
831 1379 966 1442 infinite
994 1378 1189 1442 excellentiae
1243 1394 1281 1438 eo
1310 1377 1437 1439 infinita
1465 1378 1653 1440 excellentia
1680 1379 1734 1440 Dei
1766 1379 1933 1460 limpidius
1961 1378 1991 1440 ei

443 1495 479 1539 ac
513 1477 906 1558 incomprehensibilitatis
938 1478 1048 1559 ipsius,
1079 1477 1124 1539 ita
1155 1485 1190 1538 ut
1244 1474 1450 1556 resplenduit,
1480 1484 1512 1537 et
1539 1494 1577 1538 eo
1610 1475 1682 1557 plus
1716 1475 1890 1557 majestatis
1917 1475 1993 1536 inli-

443 1575 538 1638 homo
556 1575 631 1637 huic
652 1575 929 1655 contemplationis
949 1575 1067 1656 speciei
1087 1575 1191 1636 inten-
1244 1572 1375 1634 nitatem
1409 1592 1445 1634 ac
1484 1573 1593 1653 glorian
1621 1573 1854 1655 plenitudinem
1888 1573 1993 1655 perle-

293 1685 335 1728 ποὺ
351 1698 428 1737 xxxvii.
442 1681 503 1749 tus,
529 1673 636 1735 dicere
661 1683 756 1754 queat
779 1674 857 1734 illud
881 1672 939 1736 Joh
962 1673 1091 1754 :Digne
1115 1692 1188 1736 eum
1244 1669 1422 1750 ctionisque
1450 1671 1666 1734 omnimodam
1693 1671 1908 1733 admirabatur
1933 1672 1992 1733 im-

294 1750 329 1800 ²³'
345 1750 379 1792 ²⁴·
441 1770 586 1833 invenire
611 1789 675 1832 non
699 1789 880 1852 possumus,
904 1780 935 1832 et
958 1771 1100 1833 enarrari
1124 1789 1188 1833 non
1244 1767 1466 1843 mensitatem3
1483 1776 1515 1830 et
1539 1769 1652 1830 sedens
1676 1769 1850 1850 obstupuit,
1867 1776 1899 1832 et
1927 1788 1992 1850 pree

441 1877 564 1950 potest3
581 1870 651 1932 ideo
676 1889 749 1932 eum
774 1888 837 1932 non
862 1870 1024 1932 audebunt
1048 1877 1189 1932 contem·
1205 1866 1229 1929 B
1244 1866 1452 1928 admiratione
1480 1866 1608 1945 deiecit,
1638 1875 1733 1946 atque
1762 1885 1800 1928 ex
1827 1885 1994 1948 compara-

440 1967 522 2048 plari
551 1985 662 2030 omnes
691 1968 744 2049 qui
774 1967 834 2030 sibi
862 1968 1012 2030 videntur
1041 1986 1110 2029 esse
1141 1986 1189 2029 sa·
1243 1963 1329 2025 tione
1351 1963 1562 2025 cohabitantis
1584 1963 1644 2024 sibi
1666 1984 1704 2025 ex
1725 1983 1759 2026 se
1781 1965 1847 2025 nati
1869 1965 1992 2026 incom-

439 2065 574 2146 pientes.
592 2064 737 2127 Secvmda
761 2065 884 2146 species
909 2065 1188 2146 contemplationis
1242 2061 1467 2143 prehensibilis
1504 2062 1570 2139 Dei,
1601 2063 1783 2125 humiliavit
1818 2083 1852 2125 se
1887 2063 1991 2144 ipsam

440 2170 488 2224 est
512 2163 723 2226 consideratio
746 2163 939 2243 judiciorum
966 2163 1132 2243 altissimi,
1155 2163 1187 2224 in
1243 2159 1401 2222 ineffabili
1430 2161 1536 2240 modo,
1566 2181 1602 2223 ac
1632 2170 1725 2223 tantae
1753 2161 1930 2242 majestatis
1959 2168 1990 2224 et

439 2278 574 2340 quorum
589 2261 843 2323 consideratione
858 2269 890 2323 et
904 2261 1101 2324 discussione
1117 2281 1189 2323 con·
1242 2258 1428 2320 humilitatis
1457 2257 1526 2319 llilii
1556 2259 1605 2320 sui
1634 2269 1792 2340 respectu,
1823 2279 1857 2322 se
1886 2260 1990 2341 ipsam

291 2377 424 2429 romara.
439 2359 608 2440 templator
631 2359 799 2437 del'iciens,
821 2359 925 2422 dicere
949 2368 1054 2441 potest
1070 2359 1119 2422 :0
1143 2359 1188 2421 al-
1241 2363 1274 2418 et
1292 2375 1419 2418 omnem
1444 2376 1533 2418 suam
1559 2357 1743 2438 dignitatem
1767 2377 1804 2420 ac
1824 2357 1990 2420 humilita-

438 2457 539 2519 titudo
571 2456 752 2519 divitiarum
787 2456 927 2519 scientiae
960 2466 993 2520 et
1024 2457 1186 2538 sapientiae
1242 2464 1305 2516 tem
1328 2455 1485 2536 reputavit
1505 2474 1564 2536 pro
1585 2454 1697 2518 nihilo.

438 2552 513 2614 Deit
544 2570 639 2633 quam
667 2551 1002 2632 incomprehensibilia
1035 2561 1110 2614 sunt
1136 2553 1186 2633 ju·
1280 2551 1550 2631 Praeterea,quam
1566 2551 1852 2632 imperscrutabilia
1866 2561 1990 2615 secreta

438 2649 522 2712 dicia
551 2649 632 2731 ejus,
664 2657 695 2710 et
729 2649 966 2730 investigabiles
999 2650 1060 2712 viae
1092 2651 1183 2732 ejus!
1240 2656 1272 2711 et
1285 2650 1370 2731 justa
1385 2650 1448 2710 sint
1462 2649 1516 2711 Dei
1535 2649 1667 2730 judicia,
1684 2649 1822 2730 qualiter
1840 2651 1880 2712 ab
1898 2669 1990 2714 exor-

438 2747 542 2809 Tertia
570 2755 618 2810 est
646 2746 820 2828 speculatio
856 2747 1087 2810 beneficiorum
1116 2749 1183 2826 Dei,
1240 2749 1293 2809 dio
1320 2747 1404 2809 inter
1430 2747 1548 2809 electos
1577 2749 1791 2829 reprobosque
1819 2747 1987 2827 discernit,

437 2864 476 2907 ex
503 2863 638 2926 quorum
664 2845 779 2906 intuitu
808 2845 914 2907 dicere
940 2846 1086 2927 congruit
1111 2865 1186 2909 con·
1239 2845 1375 2926 qualiter
1393 2863 1520 2926 semper
1538 2843 1666 2906 luerunt
1680 2845 1773 2926 pauci
1789 2845 1893 2926 electi,
1910 2865 1990 2928 quo-

289 2942 604 3024 1³0.m,rs.templanti
627 2965 634 3004 ε
658 2942 735 3016 Ouid
766 2943 936 3005 retribuam
964 2944 1099 3007 Domino
1127 2963 1184 3026 pro
1240 2944 1333 3005 modo
1348 2943 1505 3005 Abraham
1519 2943 1732 3024 patriarcham
1746 2953 1778 3006 et
1792 2944 1862 3025 ejus
1882 2955 1991 3023 poste-

438 3041 587 3104 omnibus
615 3059 684 3122 quae
714 3040 860 3102 retribuit
888 3041 987 3103 mihil
1011 3043 1150 3122 itemque
1175 3048 1220 3112 :c
1241 3042 1363 3102 ritatem
1387 3060 1425 3102 ex
1445 3041 1531 3102 lsaac
1551 3040 1657 3121 elegit,
1678 3051 1710 3104 et
1729 3042 1865 3122 gentiles
1884 3061 1989 3124 usque

308 3140 586 3217 matassenedic,
616 3139 722 3201 anima
758 3158 839 3217 mea,
870 3140 1015 3220 Domino,
1052 3150 1083 3203 et
1119 3142 1184 3204 noli
1241 3140 1320 3221 legis
1343 3140 1599 3221 pradicationem
1621 3141 1758 3220 reliquit,
1775 3149 1807 3203 et
1827 3144 1989 3222 quomodo

438 3237 583 3302 oblivisci
620 3256 731 3299 omnes
770 3238 993 3300 retributiones
1031 3238 1123 3320 ejus;
1154 3248 1185 3302 et
1240 3237 1355 3300 exinde
1382 3238 1552 3300 relicturus
1580 3236 1642 3299 luit
1673 3238 1796 3300 ludaeos
1825 3249 1857 3302 et
1884 3240 1989 3305 salva-

293 3359 390 3409 rema.
402 3360 424 3400 ⁷.
438 3356 548 3400 rursus
573 3355 645 3399 cum
671 3336 771 3399 lsaia:
795 3336 1031 3399 Miserationum
1059 3338 1184 3401 Domini
1240 3344 1329 3398 turus
1347 3336 1494 3417 gentiles,
1511 3336 1784 3417 contemplabatur
1801 3338 1895 3400 Maria
1913 3359 1990 3401 san-

438 3432 640 3511 recordabor,
663 3432 788 3495 laudem
813 3432 935 3495 Domini
962 3453 1059 3516 super
1084 3436 1186 3498 omni·
1240 3435 1393 3514 ctissime,
1409 3422 1557 3497 timorata
1580 3454 1616 3496 ac
1635 3434 1741 3497 sobria
1762 3444 1879 3499 mente.
1896 3437 1988 3512 Quod

438 3531 498 3594 bus
526 3549 596 3612 quae
622 3530 758 3592 reddidit
781 3531 884 3608 nobis,
901 3539 933 3592 et
957 3549 1027 3613 qua
1052 3532 1184 3615 largitus
1240 3533 1335 3596 etiam
1359 3533 1392 3594 in
1413 3533 1536 3595 cantico
1556 3532 1626 3614 ejus
1646 3534 1846 3596 ostenditur:
1863 3536 1990 3617 Disper-
2012 3568 2111 3616 tra-att

437 3635 486 3690 est
508 3628 600 3691 nobis
625 3629 800 3690 secundum
823 3627 1055 3710 indulgentiam
1081 3649 1181 3693 suam.
1240 3630 1282 3691 sit
1305 3630 1432 3710 (inquit)
1461 3629 1614 3711 superbos
1641 3637 1747 3692 mente
1775 3630 1880 3693 cordis
1909 3632 1984 3711 sui;
2002 3632 2036 3674 ⁵²·

436 3726 551 3801 Quarta
574 3735 623 3790 est
651 3725 830 3789 divinornm
854 3728 986 3790 attentio
1016 3729 1186 3809 promisso·
1240 3728 1387 3809 deposuit
1419 3735 1564 3809 potentes
1598 3728 1638 3790 de
1662 3728 1747 3808 sede,
1773 3736 1804 3790 et
1833 3729 1988 3794 exaltavit

299 3844 421 3895 leonas.
437 3843 519 3905 rum,
555 3844 624 3906 quae
656 3828 748 3905 (teste
781 3826 946 3906 Apostolo)
980 3846 1039 3889 nec
1072 3827 1185 3890 oculus
1240 3826 1387 3888 humiles.

436 3922 527 4001 vidit,
553 3941 612 3984 nec
636 3922 721 3984 auris
745 3923 878 4001 audivit,
905 3925 1021 3987 necin
1050 3944 1105 3988 cor
1130 3927 1186 3988 ho
1279 3923 1435 4004 Amplius,
1461 3932 1497 3985 ut
1521 3931 1607 4005 patet
1630 3942 1668 3985 ex
1692 3922 1909 4006 praeinductis,
1931 3926 1989 3990 be-
2016 3953 2116 4003 rara

438 4020 533 4081 minis
558 4021 789 4097 aseendemnt;
817 4021 883 4083 haec
910 4030 984 4084 sunt
1008 4022 1092 4085 bona
1118 4024 1186 4104 glo·
1240 4020 1357 4083 nelicia
1370 4021 1437 4101 Dei,
1454 4028 1518 4082 tam
1532 4021 1694 4103 generalia
1711 4040 1805 4102 quam
1821 4023 1986 4105 specialia,
2002 4032 2046 4068 ¹¹'·
2075 4029 2116 4119 Ἢ

437 4118 503 4194 riae,
519 4137 589 4199 quae
610 4118 797 4199 preparavit
810 4119 962 4181 Dominus
981 4121 1046 4182 suis
1061 4122 1182 4184 clectis.
1240 4119 1379 4199 itemque
1399 4119 1571 4200 singularia
1590 4118 1652 4181 sibi
1673 4119 1732 4181 soli
1756 4120 1881 4200 collate,
1897 4128 1988 4185 tanto
2004 4095 2116 4193 limaturae

476 4216 511 4276 ln
539 4215 588 4277 his
613 4215 891 4296 contemplationis
920 4218 1090 4299 speciebus
1118 4220 1184 4299 glo·
1201 4225 1225 4286 Ι)
1240 4216 1356 4279 elarius
1380 4216 1546 4296 intellexit,
1570 4234 1633 4298 quo
1658 4218 1858 4299 praestetis
1883 4221 1989 4301 magis

438 4312 612 4375 riosissima
640 4312 734 4375 illaria
770 4311 831 4375 luit
858 4314 1022 4377 altissima.
1052 4314 1184 4398 Nempe,
1240 4323 1328 4396 grata
1352 4315 1471 4377 exstitit
1494 4316 1557 4377 Deo
1585 4316 1728 4377 omnium
1754 4315 1988 4380 beneficiorum

437 4428 499 4491 quo
515 4410 548 4471 in
563 4428 597 4472 se
613 4410 681 4491 ipsa
696 4409 757 4473 luit
771 4410 934 4491 humilior,
946 4429 1009 4492 quo
1024 4414 1185 4493 propriam
1240 4413 1354 4491 datori,
1370 4419 1402 4474 et
1421 4420 1540 4493 quanto
1561 4412 1634 4493 plus
1657 4411 1817 4475 beneficia
1841 4416 1990 4495 quasdam

437 4507 648 4571 nihileitatem
677 4507 867 4589 profundius
896 4509 1062 4589 intellexit,
1089 4520 1121 4572 et
1149 4531 1186 4573 ea
1240 4510 1401 4591 generalia
1428 4528 1465 4572 ac
1494 4510 1645 4591 specialia
1673 4529 1730 4591 per
1756 4510 1858 4592 ipsam
1887 4513 1991 4575 homi-

437 4626 474 4668 ex
499 4624 634 4687 quorum
656 4607 908 4669 consideratione
933 4607 1091 4687 seipsam
1114 4628 1186 4689 pro·
1241 4608 1334 4670 nibus
1362 4617 1437 4670 sunt
1464 4608 1590 4686 donata,
1614 4617 1708 4690 atque
1736 4627 1799 4690 quo
1828 4609 1897 4691 ipsa
1920 4629 1991 4673 om-

438 4704 629 4766 fundissime
663 4704 852 4782 humiliavit,
884 4704 1083 4783 frequentius
1111 4725 1186 4768 acu·
1240 4706 1329 4767 nium
1355 4704 1435 4768 lonti
1460 4706 1615 4768 bonorum
1641 4705 1776 4767 vicinius
1798 4705 1861 4768 luit
1885 4708 1987 4787 unita,

437 4802 564 4883 tiusque
592 4802 750 4884 pensavit,
775 4821 812 4865 eo
842 4802 1062 4864 vehementius
1087 4804 1186 4866 admi·
1240 4812 1272 4863 et
1294 4802 1566 4883 supematuralius
1588 4821 1626 4865 ac
1650 4803 1844 4866 eminentius
1863 4805 1990 4868 assimi-

437 4900 565 4964 rabatur
594 4900 678 4981 quod
707 4900 788 4962 Deus
816 4898 993 4979 majestatis
1022 4899 1185 4965 immensae
1240 4901 1303 4962 lata
1327 4919 1365 4963 ao
1389 4918 1520 4963 consors
1545 4899 1671 4963 effecta.
1687 4900 1807 4982 Nempe
1832 4922 1869 4964 ex
1894 4912 1990 4966 caet

436 5008 501 5060 tam
526 4997 767 5079 gratiosissime,
784 4996 1029 5078 dignantissime
1054 5018 1092 5061 ac
1117 5020 1186 5064 mn·
1239 5017 1298 5080 per
1324 5017 1393 5060 eam
1423 4999 1505 5060 Deus
1538 5007 1647 5061 noster
1674 4998 1778 5060 lactus
1811 5007 1860 5062 est
1887 4998 1989 5064 irater

434 5096 680 5159 nilieentissime
708 5094 772 5175 egit
800 5114 872 5158 cum
898 5114 947 5174 ea,
974 5097 1058 5177 quod
1088 5098 1188 5163 subli—
1240 5105 1359 5176 noster,
1383 5097 1511 5160 Creator
1534 5104 1642 5159 noster
1670 5096 1773 5159 lactus
1801 5106 1850 5161 est
1877 5108 1989 5163 noster

434 5196 528 5257 mitas
573 5194 627 5256 illa
664 5212 793 5275 prorsus
838 5194 995 5257 illimitata
1034 5203 1097 5258 tam
1138 5197 1186 5259 in·
1240 5197 1388 5275 salvator,
1400 5196 1498 5258 ludex
1513 5203 1620 5257 noster
1633 5195 1736 5257 lactus
1750 5204 1798 5259 est
1812 5204 1921 5259 noster
1934 5200 1988 5261 ad-

435 5290 767 5373 comprehensibiliter
792 5310 825 5355 se
848 5292 1034 5371 exinanivit,
1056 5302 1184 5375 tamque
1240 5302 1382 5373 vocatus,
1406 5302 1439 5356 et
1465 5294 1617 5356 Dominam
1646 5293 1851 5356 scientiarum
1881 5294 1986 5359 lactus
