4309 6250
460 471 521 538 250
795 495 914 544 cosma
935 497 1104 546 rsnrrnrau
1123 500 1295 559 sanonum,
1317 502 1407 549 arana
1426 502 1448 549 ι.
1470 521 1511 532 -
1531 503 1601 549 aar.
1624 502 1682 549 viu

460 663 663 742 Testamenti,
684 668 860 730 seeundum
879 668 964 749 quod
984 667 1126 732 Ecclesia
1151 689 1203 733 eas
1218 671 1244 734 A
1260 680 1340 751 ctus,
1370 672 1582 736 essentialiter
1609 694 1704 737 verus
1732 681 1765 737 et
1791 674 1917 755 Veritas,
1943 695 1989 740 ne-

458 761 565 840 habet,
583 782 646 826 non
668 775 868 846 receperunt,
884 768 939 830 sed
955 767 1113 831 inficiatas
1134 789 1204 832 esse
1259 787 1417 852 quaquam
1446 791 1503 852 per
1529 791 1587 834 sua
1615 773 1769 836 miracula
1794 773 1990 836 testimonium

458 858 628 923 finxerunt.
649 861 786 924 lnferius
808 883 935 946 quoque
958 865 1133 929 clarissime
1157 886 1205 928 re-
1259 868 1424 949 perhibeat
1444 868 1584 948 falsitati,
1601 888 1661 933 neo
1677 889 1747 932 eam
1770 889 1828 952 per
1841 870 1924 952 signa
1943 891 1991 933 sua

457 957 643 1039 probabitur
679 979 769 1024 error
806 961 877 1041 iste,
914 962 1048 1046 luceque
1087 964 1204 1028 clarius
1260 973 1410 1046 tanquam
1426 985 1484 1048 per
1497 986 1563 1029 sum
1584 967 1796 1031 attestationis
1817 969 1990 1030 severitatis

457 1056 654 1119 ostendetur.
1260 1063 1363 1144 sigilla
1388 1063 1570 1141 confirmet,
1596 1063 1651 1126 sed
1678 1063 1828 1145 reprobet
1850 1065 1991 1146 magisne

497 1154 604 1234 Porro,
620 1156 647 1217 si
662 1156 826 1221 Sarraceni
843 1160 1021 1222 concedant
1039 1179 1098 1223 nos
1118 1160 1206 1223 Cbri-
1260 1161 1411 1224 destruat.
1423 1197 1464 1207 —
1478 1162 1660 1225 Secundum
1675 1179 1805 1242 quoque
1821 1163 1925 1226 horum
1938 1163 1991 1225 dici

458 1251 577 1316 stianos
605 1272 713 1317 veram
739 1255 857 1319 hahere
887 1256 961 1320 novi
990 1258 1127 1320 litteram
1150 1261 1207 1322 Te·
1261 1277 1324 1321 non
1346 1267 1460 1340 potest,
1476 1259 1552 1340 quia
1577 1259 1636 1322 hoc
1661 1260 1747 1322 omni
1774 1260 1923 1323 miraculo
1944 1261 1993 1322 mi·

458 1350 619 1430 stamenti,
646 1353 701 1414 sed
729 1371 793 1417 non
822 1353 868 1416 sic
895 1373 966 1416 eam
994 1375 1064 1418 esse
1089 1357 1207 1420 intelli·
1261 1356 1392 1419 rabilius
1416 1357 1600 1437 exstitisset,
1617 1358 1701 1438 quod
1726 1357 1767 1419 ad
1792 1365 1854 1420 tam
1876 1359 1992 1421 arduam

458 1448 594 1531 gendam
619 1449 701 1513 sicut
725 1470 783 1514 nos
808 1450 1018 1533 intelligimus
1042 1473 1124 1534 eam,
1151 1456 1206 1517 sed
1260 1454 1362 1536 legem
1384 1454 1510 1532 Christi,
1532 1463 1660 1536 tamque
1683 1455 1947 1536 supernaturalem
1968 1465 1994 1519 et

458 1547 564 1630 potius
593 1548 677 1610 sicut
703 1549 796 1612 Arius
825 1559 919 1631 atque
946 1550 1108 1615 Nestorius
1136 1573 1206 1616 eam
1261 1552 1617 1634 incomprehensibilem
1654 1551 1753 1616 fidem
1788 1553 1894 1634 ipsius,
1922 1563 1993 1617 totus

460 1645 694 1724 intellexerunt,
715 1647 769 1728 qui
792 1648 938 1729 quamvis
957 1668 1029 1712 eam
1050 1669 1156 1713 veram
1176 1659 1207 1713 et
1261 1669 1343 1732 pene
1370 1651 1509 1712 mundus
1537 1649 1653 1712 fuisset
1685 1669 1859 1714 conversus
1889 1652 1993 1732 absque

458 1742 644 1807 inviolatam
672 1745 899 1823 concesserint,
926 1765 990 1810 non
1018 1756 1124 1811 tamen
1154 1749 1207 1811 ad·
1262 1747 1436 1826 miraculis,
1456 1765 1554 1828 quum
1577 1756 1700 1811 certum
1723 1749 1764 1810 sit
1785 1749 1924 1812 homines
1942 1748 1993 1810 dif-

458 1841 584 1904 mittere
603 1843 774 1905 voluerunt
794 1843 893 1905 Deum
913 1864 983 1907 esse
1005 1846 1136 1924 trinum,
1153 1856 1207 1909 aut
1224 1840 1247 1901 B
1262 1845 1390 1908 ficulter
1403 1863 1496 1926 posse
1512 1845 1620 1908 induci
1642 1847 1681 1909 ad
1701 1847 1883 1928 hujusmodi
1902 1847 1992 1928 legem

457 1939 616 2002 Christum
645 1940 797 2003 exsistere
825 1941 924 2004 Deum
955 1966 962 2004 :
993 1942 1033 2022 si,
1062 1944 1204 2025 iuquam,
1262 1938 1433 2023 fidemque.
1452 1943 1675 2006 Verumtamen
1696 1943 1782 2007 istud
1796 1945 1994 2026 jamdiligen-

457 2037 621 2100 Sarraceni
647 2038 709 2100 hoc
737 2047 891 2116 asserant,
919 2039 1073 2103 hahemus
1097 2051 1206 2104 contra
1263 2037 1325 2100 tius
1340 2047 1388 2102 est
1403 2039 1615 2122 probandum.

457 2135 544 2215 ipsos
564 2136 672 2198 omnia
693 2145 881 2218 argumenta
900 2157 971 2218 que
992 2148 1103 2203 contra
1121 2141 1207 2202 Aria-
1300 2135 1382 2200 lloce
1396 2145 1461 2200 tam
1477 2139 1556 2203 ratio
1577 2157 1673 2220 quam
1696 2141 1889 2222 experientia
1903 2142 1993 2218 docet,

457 2251 516 2296 nos
549 2241 582 2295 et
612 2232 817 2297 Nestorianos
851 2236 1016 2317 habemus,
1045 2258 1103 2318 per
1136 2258 1206 2319 quaa
1261 2236 1344 2315 quod
1371 2243 1490 2315 quanto
1517 2236 1663 2299 doctrina
1685 2237 1794 2320 aliqua
1819 2239 1923 2316 rarior,
1946 2237 1995 2300 mi-

458 2330 586 2394 illorum
615 2331 767 2412 perfidias
797 2333 879 2395 Deus
908 2335 948 2396 ab
975 2335 1117 2398 Ecclesia
1150 2356 1207 2399 sua
1263 2332 1390 2395 rabilior
1411 2333 1830 2416 incomprehensibiliorque
1854 2335 1993 2410 consistit,

457 2429 585 2491 evulsit.
603 2430 645 2491 De
664 2430 781 2510 quibus
802 2432 992 2511 praecedenti
1013 2432 1147 2497 articulo
1162 2442 1207 2495 ta-
1261 2449 1299 2492 eo
1321 2430 1467 2492 homines
1488 2432 1527 2493 ad
1549 2431 1635 2494 illius
1657 2451 1824 2496 assensum
1842 2433 1995 2496 difficilius

458 2535 545 2591 ctum
566 2535 625 2590 est.
1262 2526 1466 2606 inducuntur,
1483 2527 1693 2610 pluribusque
1708 2529 1886 2593 rationibus
1899 2551 1932 2593 ac
1945 2531 1995 2593 for-

498 2625 661 2705 Praeterea,
687 2645 784 2707 quum
814 2626 880 2707 jam
908 2634 974 2690 totu
1005 2627 1096 2709 plebs
1124 2630 1207 2692 chri·
1262 2623 1394 2686 tioribus
1408 2626 1604 2705 argumentis
1616 2645 1697 2709 opus
1712 2635 1770 2704 est,
1779 2636 1815 2690 ut
1829 2629 1993 2710 recipiatur,

458 2722 560 2785 stiana
574 2723 608 2784 in
623 2722 745 2786 oriente
759 2731 791 2785 et
804 2723 983 2799 occidente,
998 2724 1032 2785 in
1047 2725 1205 2805 superiori
1262 2722 1436 2802 praesertim
1457 2742 1474 2785 a
1499 2723 1613 2804 doctis,
1630 2725 1805 2806 ingeniosis
1823 2735 1915 2808 atque
1933 2745 1996 2789 con·
2097 2725 2098 2778 f

456 2821 556 2900 ludia,
570 2820 738 2901 AEthiopia,
751 2821 910 2900 Armenia,
927 2820 1057 2900 Graecia,
1071 2822 1206 2903 aliisque
1262 2820 1418 2882 stantibus
1442 2820 1530 2900 viris,
1550 2821 1611 2884 nisi
1637 2821 1720 2886 forte
1746 2843 1803 2904 per
1826 2824 1995 2888 violentiam

456 2917 758 3000 provinciis,credat
772 2918 1208 2999 superessentialem,incom·
1261 2925 1294 2979 et
1312 2916 1456 2980 timorem
1478 2926 1533 2981 aut
1554 2920 1712 3000 magicam
1734 2929 1846 3000 artem,
1868 2922 1933 2985 sive
1950 2941 1997 3003 per

457 3015 707 3098 prehensibilem
723 3025 753 3078 et
769 3017 1091 3098 superfelicissimum
1106 3018 1205 3080 Deum
1224 3015 1245 3078 C
1262 3033 1404 3096 munera,
1421 3016 1613 3079 inducantur
1633 3018 1673 3080 ad
1695 3018 1796 3080 illam.
1813 3018 1913 3093 Quum
1933 3037 1996 3100 ergo

456 3134 526 3177 esse
550 3133 649 3176 unum
674 3133 710 3176 ac
736 3114 867 3193 trinum,
890 3114 1114 3197 Christumque
1137 3135 1206 3179 esse
1260 3114 1349 3197 juxta
1364 3115 1550 3196 praehabita,
1566 3114 1649 3178 fides
1671 3115 1786 3180 Christi
1809 3118 1851 3181 sit
1864 3119 1903 3181 de
1916 3118 1996 3181 rebus

456 3212 555 3274 lleurn
579 3220 611 3275 et
635 3212 809 3290 hominem,
831 3222 925 3294 atque
950 3234 1006 3295 per
1030 3222 1076 3277 tot
1101 3223 1207 3277 cente
1261 3232 1390 3296 prorsus
1406 3214 1701 3296 supernaturalibus
1717 3224 1749 3278 et
1770 3216 1996 3299 incomprehen-

457 3311 547 3372 naria
561 3330 716 3374 annorum
738 3311 782 3374 ita
804 3312 993 3388 crediderit;
1008 3332 1116 3393 quaero
1132 3333 1208 3394 qua·
1262 3311 1419 3391 sibilibus,
1435 3320 1468 3373 et
1480 3331 1551 3394 que
1564 3312 1713 3376 humanas
1735 3314 1850 3378 rationi
1864 3315 1997 3378 videntur

457 3408 532 3470 liter
550 3416 582 3470 et
604 3427 623 3471 a
647 3409 764 3490 quibus
784 3410 824 3471 ad
850 3417 913 3472 tam
937 3410 1157 3473 admirabilem
1177 3419 1208 3473 et
1261 3412 1353 3473 valde
1383 3409 1560 3488 contrarie,
1590 3416 1700 3492 utputa
1736 3411 1996 3493 simplicissimum

459 3506 815 3588 incomprehensibilem
839 3506 937 3569 fidem
954 3507 1084 3571 inducta
1100 3516 1157 3571 est.
1175 3509 1206 3571 Si
1262 3509 1361 3571 Deum
1389 3526 1459 3571 esse
1493 3527 1592 3570 unum
1625 3527 1662 3571 ac
1690 3509 1823 3589 trinum,
1853 3510 1996 3573 Christum

459 3625 517 3687 per
536 3604 759 3686 Apostolorum
783 3606 974 3668 documenta
998 3615 1092 3687 atque
1115 3607 1209 3669 mira·
1262 3624 1332 3669 esse
1347 3606 1446 3667 Deum
1461 3612 1492 3667 et
1506 3604 1681 3683 hominem,
1695 3625 1732 3669 ac
1748 3606 1881 3688 virginis
1896 3608 1996 3683 filium,
2096 3594 2097 3629 ³

460 3703 544 3781 cula,
561 3703 704 3784 sequitur
718 3703 815 3765 fidem
830 3702 913 3765 hanc
929 3723 1036 3766 veram
1052 3704 1208 3766 divinam·
1263 3723 1320 3786 pro
1349 3702 1459 3765 mundi
1488 3702 1589 3765 salute
1617 3703 1821 3781 crucifixum,
1849 3714 1881 3767 et
1908 3723 1996 3768 resur·

458 3819 522 3882 que
536 3820 617 3877 esse,
634 3819 734 3881 quum
748 3810 780 3863 et
794 3802 827 3863 in
842 3801 997 3864 Alcorano
1012 3802 1106 3864 toties
1124 3819 1209 3865 asse·
1264 3802 1380 3865 rexisse
1394 3810 1488 3881 atque
1507 3801 1546 3863 ad
1569 3800 1667 3864 coelos
1682 3802 1874 3881 ascendisse,
1891 3804 1923 3866 in
1942 3803 1998 3865 fine

459 3906 556 3976 ratur,
572 3897 657 3979 quod
677 3901 746 3959 viri
759 3901 899 3959 vestibus
913 3902 997 3959 albis
1010 3902 1136 3970 indoti,
1152 3919 1209 3980 per
1263 3918 1388 3981 quoque
1404 3898 1510 3960 saeculi
1534 3898 1707 3961 rediturum
1723 3918 1794 3964 esse
1808 3902 1952 3979 eumdem
1971 3906 1999 3961 ut

458 4014 539 4077 quos
562 3996 607 4058 ibi
632 3995 840 4077 designantur
862 3996 1015 4077 Apostoli,
1042 4016 1117 4059 vere
1142 4016 1209 4059 cre
1261 3997 1384 4078 judicet
1399 3996 1488 4058 vivos
1509 4014 1546 4057 ac
1569 4004 1710 4059 mortuos
1727 3998 1890 4079 :qualiter
1911 3996 1999 4079 potuit

458 4093 608 4157 diderunt
622 4094 655 4156 in
676 4094 845 4172 Christum,
861 4094 1143 4176 evangelicamque
1158 4095 1209 4157 do
1263 4103 1347 4157 totus
1374 4093 1512 4155 mundus
1542 4111 1681 4173 unquam
1714 4095 1753 4156 ad
1784 4095 1878 4158 istam
1912 4096 1998 4159 fidem

458 4192 595 4255 ctrinam
619 4192 659 4253 ab
683 4192 754 4273 ipso
779 4191 919 4254 fideliter
941 4200 1140 4273 receperunt.
1161 4192 1208 4254 ld·
1224 4193 1247 4254 D
1264 4191 1382 4269 induci,
1409 4190 1472 4252 nisi
1500 4209 1558 4272 per
1581 4190 1820 4272 proportionata
1848 4200 1881 4256 et
1905 4212 1999 4273 super·

459 4289 547 4352 circo
561 4308 672 4351 eorum
687 4289 840 4352 doctrinae
856 4290 1051 4352 credendum
1067 4298 1126 4352 est.
1264 4289 1421 4352 naturalia
1449 4296 1647 4369 argumenta,
1677 4308 1806 4353 omnem
1835 4291 1998 4353 naturalem
2095 4282 2096 4329 ἕ

499 4388 531 4449 Si
555 4396 662 4449 autem
685 4406 749 4449 non
774 4407 832 4469 per
856 4387 1023 4469 Apostolos
1046 4396 1208 4451 eteorum
1265 4406 1371 4449 rerum
1386 4386 1543 4463 ordinem,
1560 4385 1710 4448 virtutem
1733 4406 1770 4449 ao
1785 4388 1890 4470 legem
1906 4406 2000 4470 super-

459 4503 624 4566 sequaces,
656 4485 711 4547 sed
741 4504 798 4566 per
826 4485 905 4548 alios
935 4483 1097 4566 infideleS,
1127 4485 1209 4548 chri·
1264 4484 1461 4567 grediential
1486 4484 1662 4565 praesertim
1687 4502 1785 4565 quum
1812 4487 1930 4567 ubique
1951 4494 2001 4547 ter·

459 4584 562 4646 stiana
589 4583 679 4664 plebs
706 4583 833 4645 dicatur
855 4585 892 4646 ad
919 4582 1019 4645 fidem
1044 4583 1138 4645 istam
1162 4584 1209 4645 in-
1265 4603 1370 4646 rarum
1395 4590 1440 4645 tot
1464 4582 1589 4644 nobiles
1614 4601 1651 4645 ao
1675 4591 1831 4665 potentes,
1854 4593 1902 4648 tot
1925 4600 2001 4664 reges

458 4684 565 4760 ducta,
589 4682 672 4744 sicut
700 4700 739 4743 ex
763 4681 858 4744 dictis
883 4682 1025 4761 sequitur
1048 4682 1207 4759 Alcorani,
1265 4689 1298 4743 et
1325 4680 1499 4763 principes,
1527 4686 1572 4741 tot
1596 4679 1693 4758 docti,
1722 4680 1882 4763 ingeniosi
1910 4692 1939 4745 et
1962 4699 2002 4741 sa·

458 4788 491 4843 et
517 4780 707 4842 Sarracenos
732 4777 826 4843 fateri
850 4787 985 4861 oportet,
1013 4778 1074 4840 uisi
1101 4798 1119 4841 a
1144 4780 1210 4841 suis
1266 4777 1456 4861 pientissimi
1481 4776 1556 4854 viri,
1582 4777 1678 4840 etiam
1703 4777 1736 4839 in
1761 4779 1848 4841 omni
1878 4776 2000 4842 naturali

459 4878 650 4959 resipiscere
678 4878 781 4941 velint
807 4879 976 4954 erroribus,
1000 4896 1107 4958 quatro
1134 4897 1210 4958 qua·
1265 4875 1470 4960 philosophia
1503 4874 1693 4953 acutissimi,
1723 4877 1762 4938 ad
1796 4876 1881 4941 hanc
1917 4877 2000 4941 fidem

458 4977 531 5039 liter
555 4976 588 5040 id
612 4975 735 5039 factum
760 4984 809 5038 est
833 4983 887 5037 aut
915 4974 986 5038 fieri
1013 4974 1126 5055 potuit.
1149 4976 1210 5037 Aut
1265 4974 1452 5038 firmissime
1475 4974 1540 5035 sint
1570 4972 1728 5053 conversi,
1755 4974 1820 5039 imo
1848 4983 1895 5039 tot
1925 4976 2003 5037 innu-

457 5075 546 5139 enim
574 5075 695 5139 factum
720 5081 768 5136 est
792 5074 852 5136 hoc
878 5092 935 5153 per
959 5092 1034 5135 vera
1051 5081 1084 5135 et
1102 5073 1212 5136 divina
1266 5072 1432 5136 merabilia
1455 5071 1557 5134 millia
1583 5070 1748 5153 utriusque
1776 5092 1869 5135 sexus
1895 5093 1950 5157 pm
1972 5090 2002 5134 ea

459 5173 624 5252 miracula,
646 5180 701 5233 aut
721 5170 823 5233 aliter.
844 5171 983 5233 Primum
1007 5171 1120 5232 horum
1145 5170 1209 5233 dici
1266 5170 1503 5255 promptissime
1525 5168 1713 5249 sanguinem
1738 5190 1831 5233 suurn
1851 5170 2000 5245 fuderunt,

460 5288 525 5334 non
550 5278 667 5353 potest,
681 5287 782 5351 quum
802 5268 889 5331 oeus
914 5268 1061 5331 sublimis
1082 5276 1114 5330 et
1138 5287 1209 5331 san·
1267 5280 1299 5333 et
1332 5267 1552 5333 acerbissimas
1587 5274 1705 5330 mortes
1744 5270 1890 5352 perpessi
1931 5276 1999 5334 sunt.
