4309 6250
462 514 500 563 ns
522 514 685 561 craumers
706 516 743 561 er
764 515 912 562 nsunrnus
933 516 959 559 n.
984 514 1013 558 v.
1036 514 1154 577 usam,
1176 515 1265 561 arnan
1285 514 1336 596 ιιι.κ
1349 534 1390 545 -
1409 513 1481 561 sur.
1503 514 1547 563 xu
1729 496 1789 561 ree

227 687 328 751 omlis
354 687 477 751 obtinet
500 686 610 768 glorie
633 684 815 769 singularis.
841 686 928 761 Quod
958 684 1024 747 sid
1043 686 1083 748 ad
1112 686 1262 749 thronum
1290 686 1345 748 llei
1374 686 1474 750 Patris
1507 686 1665 763 evehitur,
1694 694 1789 767 atque

22 802 205 859 iconias.
226 786 351 849 oculus
373 806 437 849 non
461 784 552 863 vidit,
580 804 638 848 nec
662 784 747 847 auris
771 784 903 861 audivit,
927 802 987 847 nec
1043 784 1075 847 in
1101 803 1233 847 summae
1253 783 1414 847 Trinitatis
1437 784 1553 848 throno
1570 784 1718 866 reposita,
1733 802 1791 845 na·

227 885 270 946 in
296 884 515 948 corbominis
539 884 843 963 ascenderuntque
868 901 988 964 prsrpa-
1042 892 1146 945 turam
1170 882 1267 945 etiam
1295 884 1473 965 angelicam
1498 882 1649 946 sollicitat
1675 882 1715 945 ad
1744 882 1790 945 vi-

227 984 322 1045 ravit
345 982 428 1045 Deus
452 980 659 1063 diligentibus
683 1000 716 1043 se
740 980 842 1062 :quid
868 999 988 1063 praepa·
1041 981 1193 1044 dendum.
1218 981 1295 1044 'lota
1318 982 1576 1063 conglomeratur
1601 982 1789 1063 angolorum

227 1081 322 1143 ravit
343 1080 486 1163 gignenti
509 1100 554 1157 se,
575 1087 608 1143 et
627 1080 724 1161 (quod
746 1078 894 1142 omnibus
920 1096 988 1141 eer-
1043 1079 1233 1161 frequentia,
1249 1088 1285 1141 ut
1305 1080 1433 1143 videant
1450 1079 1603 1162 Reginam
1624 1081 1789 1143 sedentem
1802 1098 1937 1154 remmia.

227 1187 306 1242 turn
322 1182 382 1258 est)
397 1198 461 1262 prm
475 1178 625 1242 omnibus
640 1198 673 1241 se
692 1178 834 1241 amantii
1042 1198 1061 1242 a
1079 1178 1198 1241 dextris
1221 1178 1346 1242 Domini
1371 1178 1525 1241 virtutum
1550 1178 1583 1241 in
1602 1178 1718 1242 vestitu
1737 1179 1793 1242 de·

279 1278 334 1340 llis
348 1285 503 1341 consonat
521 1278 605 1358 quod
626 1276 736 1340 scribit
749 1276 985 1357 Hieronymus:
1042 1285 1165 1355 aurato,
1194 1276 1226 1339 in
1255 1295 1389 1359 corpore
1417 1276 1633 1357 immaculato,
1654 1277 1794 1340 circum·

224 1376 335 1440 Maria
361 1384 480 1459 quanto
503 1378 620 1440 virtute
644 1376 797 1438 ditissimi
826 1376 864 1438 ad
890 1374 988 1437 subli-
1043 1378 1149 1439 damin
1178 1376 1342 1457 varietate,
1371 1376 1525 1439 virtutum
1557 1374 1793 1459 multiplicitate

227 1476 340 1539 miore
362 1474 535 1553 extollitur,
556 1482 643 1537 tanto
664 1474 781 1537 clarior
802 1474 933 1537 resultat
954 1472 988 1535 in
1043 1475 1239 1539 distinctam.
1251 1474 1323 1538 Huc
1337 1482 1387 1537 est
1400 1473 1456 1538 illa
1470 1474 1540 1538 dies
1554 1493 1625 1555 quae
1638 1474 1793 1539 coelorum

226 1574 350 1657 gloria.
367 1574 462 1637 Plena
483 1573 642 1655 siquidem
664 1574 740 1651 Deo,
761 1574 855 1655 plena
874 1572 986 1655 gratia,
1042 1572 1194 1637 cilicinas
1209 1572 1388 1637 sublimiori
1401 1574 1520 1655 gaudio
1533 1572 1722 1653 cumulavit,
1740 1592 1796 1637 an-

225 1674 335 1755 plena
360 1672 540 1749 virtutibus,
571 1690 635 1735 uon
665 1678 767 1753 potest
795 1689 860 1734 non
894 1671 988 1752 plene
1042 1692 1108 1735 nua
1138 1673 1269 1749 mundo,
1299 1672 1450 1737 continua
1482 1671 1618 1754 angelis,
1647 1671 1794 1736 bomines

226 1772 402 1855 possidere
417 1770 551 1853 gloriam
567 1770 718 1833 claritatis
737 1778 875 1847 ceterum,
891 1788 987 1851 quam
1043 1770 1166 1853 angelis
1200 1770 1320 1834 sanctis
1358 1770 1562 1850 continuans,
1598 1770 1794 1852 angelosque

223 1870 350 1951 utique
377 1869 501 1950 aceepit
530 1866 727 1951 plenissime.
758 1867 845 1930 Hanc
881 1868 987 1948 itaque
1005 1868 1029 1931 B
1044 1868 1229 1934 bominibus
1248 1868 1336 1932 lelici
1360 1867 1634 1933 conioederatione
1658 1868 1795 1951 conjun-

224 1970 386 2031 viderunt
400 1967 479 2031 filice
499 1968 587 2047 Sion,
608 1967 888 2049 beatissimamque
910 1986 989 2048 prae-
1043 1968 1237 2051 gunellam
1261 1968 1519 2032 solennissimam
1542 1967 1792 2049 processionem,

223 2067 435 2144 dicaverunt,
463 2074 494 2129 et
522 2066 638 2146 regine
667 2066 877 2128 laudaverunt
903 2084 989 2129 eam-
1043 2086 1062 2131 ο
1103 2068 1225 2150 optima
1264 2066 1410 2146 Domina,
1448 2066 1594 2129 meruisti
1632 2084 1671 2129 ae
1707 2085 1794 2130 reee-

224 2167 312 2229 dem
334 2188 341 2227 :
363 2164 428 2227 imo
448 2172 567 2227 tantam
589 2163 738 2227 viderunt
759 2164 873 2247 ipsam,
889 2182 988 2245 quan·
1043 2164 1119 2249 pisti
1149 2183 1206 2247 pro
1232 2164 1287 2228 illa
1316 2164 1521 2246 pmcessione
1555 2163 1795 2228 dolorosissima

225 2272 303 2327 tam
325 2262 430 2325 nullus
446 2262 606 2346 explicare
629 2270 731 2344 potest
751 2262 945 2326 mortalium.
1043 2272 1138 2345 atque
1160 2263 1383 2345 maestissima,
1404 2282 1467 2345 qua
1492 2282 1565 2325 cum
1586 2262 1794 2327 dilectissimo

277 2363 322 2425 De
336 2362 394 2424 bac
410 2361 619 2425 celeberrima
630 2362 832 2444 processione
848 2362 989 2444 loquitur
1043 2362 1122 2426 llilio
1135 2370 1192 2425 tuo
1210 2363 1250 2425 ad
1269 2364 1340 2444 ejus
1359 2360 1580 2426 crucifixionis
1599 2362 1704 2426 locum
1726 2381 1794 2445 poe-

223 2461 405 2525 Ubertinus
436 2482 443 2523 :
473 2460 497 2523 0
525 2460 598 2541 quis
632 2459 775 2523 sufficiet
808 2460 986 2543 exprimere
1043 2461 1209 2525 naliasime
1229 2460 1423 2544 processisti.

225 2559 377 2623 coelestis
398 2559 494 2623 curiae
516 2558 750 2637 solennitatem,
771 2559 898 2641 quando
920 2579 989 2621 sur-

223 2657 319 2722 rexit
333 2658 421 2720 lesus
437 2676 490 2719 rex
506 2655 638 2719 festivus
653 2664 685 2719 et
705 2654 795 2719 laetus
810 2658 987 2739 decoreque

223 2756 328 2837 regio
356 2756 526 2835 laureatus,
556 2762 589 2817 et
615 2762 714 2819 totam
744 2756 917 2819 commovit
945 2756 988 2819 ci·
1245 2742 1492 2810 ARTICULUS
1510 2744 1588 2807 XII·

224 2856 368 2918 vitatem
394 2873 576 2935 supernam,
603 2862 638 2917 ut
665 2872 776 2918 omnes
802 2856 876 2919 eoeli
900 2855 987 2919 cives
1041 2896 1161 2957 Adhuc
1178 2896 1219 2953 de
1239 2895 1350 2952 eadem
1371 2892 1524 2961 materia,
1538 2900 1568 2951 e,
1588 2892 1675 2971 quod
1691 2892 1794 2951 Since·

222 2962 441 3019 occurrerent
454 2953 540 3015 Matri
558 2952 674 3035 virgini
689 2953 986 3017 ascendentil'l'unc
1083 2985 1215 3043 ,issima
1238 2984 1330 3059 virgo
1344 2982 1458 3043 Maria
1477 2998 1577 3057 ,uper
1595 3000 1704 3042 omne,
1721 2982 1793 3041 cho,

223 3052 429 3137 implebatur
462 3052 546 3133 qu⁰d
575 3050 607 3113 5¹¹
642 3050 733 3114 libris
761 3052 881 3136 Regum
915 3056 1026 3121 ”wc
1083 3093 1136 3134 ros
1164 3076 1356 3149 augelorum
1387 3072 1430 3130 sit
1461 3074 1599 3140 eleuata,
1624 3071 1792 3132 Christum

225 3160 325 3215 ratur
353 3175 361 3214 ι
391 3150 527 3214 Addunt
556 3150 654 3214 David
688 3169 794 3213 ercam
823 3152 876 3214 bei
912 3172 984 3216 cum
1081 3183 1137 3222 ore
1151 3165 1196 3222 ad
1208 3183 1242 3222 os
1256 3165 1437 3241 alloquens,
1451 3171 1482 3221 et
1496 3165 1588 3221 oculo
1602 3163 1648 3220 ad
1661 3164 1791 3222 oculum

222 3251 364 3334 gaudio,
372 3259 404 3312 et
418 3257 508 3312 erant
523 3269 597 3312 cum
612 3267 650 3312 co
665 3257 786 3330 septem
802 3251 890 3314 cbori
907 3252 985 3334 psal·
1083 3256 1226 3312 intuens.

222 3349 380 3414 lentium.
397 3348 449 3411 Sic
472 3347 590 3410 etenim
613 3348 743 3411 deduxit
762 3349 903 3412 Christus
925 3351 985 3413 lla-

223 3459 317 3512 trem
333 3466 422 3509 suam
438 3445 635 3509 carissimam
647 3465 718 3508 cum
734 3445 834 3527 jubilo
847 3467 983 3526 summo,
1110 3451 1181 3511 IDI
1190 3450 1363 3524 speciosum
1384 3449 1469 3508 sicut
1487 3448 1667 3507 columbam
1681 3465 1790 3506 ascen·
1804 3467 1936 3518 eausam

221 3557 266 3611 et
289 3553 378 3609 erant
398 3564 472 3608 cum
487 3563 525 3607 eo
540 3544 717 3608 coelestium
733 3545 914 3627 spirituum,
931 3546 986 3610 Pa·
1121 3550 1250 3608 dentem
1270 3549 1411 3622 desuper
1432 3547 1520 3605 rivos
1539 3564 1716 3624 aquarum,
1734 3563 1790 3604 cu·
1802 3529 1938 3643 'emh‘

221 3645 457 3721 triarcbarum,
492 3643 729 3724 Prophetarum,
760 3644 984 3726 Apostolorum
1031 3645 1540 3723 jurinoestimabiliaodorerat
1561 3644 1720 3704 trimisia
1738 3662 1790 3702 ve·

222 3741 982 3823 tuncdefunctorum,martyrum,conless0rum
1039 3745 1203 3804 etz-'mentis
1230 3745 1314 3820 ejus,
1339 3752 1370 3801 et
1398 3743 1483 3802 sicut
1510 3743 1581 3801 dies
1608 3742 1704 3800 uerus·
1722 3741 1788 3827 cir7

224 3863 273 3908 ac
294 3841 452 3924 virginum
474 3841 584 3903 turbae.
606 3840 630 3902 0
652 3839 827 3922 imperialis
846 3841 986 3905 solenni·
1038 3843 1237 3901 cumdabaut
1265 3861 1336 3900 eam
1359 3841 1458 3916 flores
1483 3857 1633 3900 rosarum
1658 3847 1689 3898 et
1712 3839 1788 3898 lilia

222 3947 329 4006 casto
343 3937 590 4020 inexpressibilis
604 3937 737 4020 jubilus,
745 3939 799 4020 qui
815 3959 874 4002 nec
890 3940 984 4024 plene
1038 3940 1248 3999 convallium.
1265 3938 1362 4000 llecte
1383 3945 1586 4019 exponuntur
1604 3937 1672 4000 bec
1690 3935 1789 3998 verba

222 4038 369 4121 exprimi
385 4037 469 4100 velet
484 4055 588 4118 neque
603 4037 715 4100 taceril
729 4035 818 4117 Nam,
835 4038 922 4102 salva
938 4059 985 4102 re·
1039 4038 1079 4100 de
1108 4035 1371 4099 innocentissima
1397 4035 1452 4098 illa
1486 4035 1787 4117 simplicissimaque

222 4137 377 4201 verentia
387 4135 584 4200 ascensionis
599 4135 909 4219 Christi,assumptio
924 4139 984 4201 ista
1039 4135 1187 4199 columba
1205 4155 1243 4197 ac
1266 4135 1475 4218 pudicissima
1499 4142 1632 4215 turture,
1648 4133 1787 4217 gloriosa

225 4235 376 4316 Virginis
398 4233 585 4312 benedictae,
610 4243 705 4315 atque
732 4235 893 4315 processio
914 4237 983 4316 ejus
1001 4235 1134 4306 [illaria
1152 4258 1159 4296 :
1175 4253 1247 4315 quie
1270 4233 1371 4296 instar
1395 4234 1550 4297 columbae
1574 4233 1694 4297 exstitit
1716 4253 1788 4317 spe-

224 4333 475 4413 assumptionis,
499 4331 617 4412 aliquid
640 4330 847 4394 excellentius
874 4333 986 4396 babuit
1039 4333 1137 4410 ciosa,
1165 4333 1240 4414 quia
1268 4333 1356 4395 illius
1391 4332 1546 4396 columbe
1575 4334 1714 4414 speciem
1749 4351 1786 4396 ac

224 4431 340 4516 quoad
355 4429 578 4512 triumphalem
600 4449 767 4492 occursum
791 4449 855 4512 prae
869 4431 985 4495 Christi
1039 4432 1289 4515 simplicitatem,
1331 4433 1506 4495 secundum
1547 4431 1784 4515 Hiemnymum,

225 4529 423 4596 ascensione
440 4553 447 4590 :
466 4527 515 4591 oui
532 4528 715 4592 ascendenti
737 4529 796 4592 soli
817 4548 983 4594 occurrere
1040 4532 1304 4614 premonstravit,
1320 4549 1390 4612 qum
1405 4550 1500 4612 super
1514 4531 1683 4595 Dominum
1698 4532 1788 4594 venit
1800 4552 1934 4598 amera

226 4637 383 4714 potemnt
406 4628 532 4710 angeli;
560 4646 654 4707 porro
682 4627 769 4690 llatri
798 4629 983 4692 ascendenti
1039 4629 1210 4711 docuitque
1225 4629 1389 4692 loannem.
1406 4652 1423 4688 <r
1439 4629 1537 4710 Cujus
1555 4629 1787 4694 inestimabilis

225 4729 336 4794 Filius
351 4728 421 4808 ejus
436 4745 509 4790 eum
532 4734 595 4788 tota
611 4726 698 4788 curia
713 4735 775 4789 tarn
798 4727 983 4810 angelorum
1039 4729 1119 4792 odor
1132 4736 1201 4790 erat
1215 4728 1311 4790 nimis
1326 4727 1359 4790 in
1381 4728 1582 4792 vestimentis
1597 4751 1626 4807 n,
1643 4730 1675 4793 id
1690 4731 1787 4794 estin

226 4847 332 4911 quarn
354 4825 531 4888 animarum
555 4824 715 4886 beatarum
737 4843 919 4904 occurrens,
936 4845 985 4890 so-
1039 4827 1210 4889 virtutibus
1234 4845 1271 4888 ao
1295 4827 1429 4902 meritis,
1446 4850 1463 4886 a
1483 4827 1553 4907 ejus
1574 4851 1602 4890 n.
1623 4829 1670 4891 Ad
1695 4829 1788 4911 eujus

228 4925 375 4990 lenniler
401 4923 506 4986 evexit
528 4941 598 4984 earn
627 4923 665 4985 nd
694 4923 881 4986 beatissimae
910 4944 985 4987 con·
1039 4925 1184 5008 proiecto
1203 4924 1310 4988 odoris
1331 4925 1534 5007 fragrantiam
1557 4925 1629 4988 laeta
1647 4927 1789 4990 decurrit

230 5025 402 5090 sistorium
425 5021 588 5085 sessionis.
1039 5024 1144 5089 omnis
1166 5023 1221 5086 illa
1242 5023 1380 5087 coelestis
1401 5025 1585 5088 Jerusalem.
1609 5048 1626 5084 a
1648 5024 1789 5089 Circum-

277 5123 357 5186 Hinc
394 5121 501 5183 denuo
534 5119 760 5183 devotissimus
795 5129 986 5203 protestatur
1041 5124 1452 5204 dabantnquoqueueam
1473 5122 1571 5186 flores
1593 5141 1735 5187 rosarum
1756 5132 1789 5187 et

231 5221 417 5286 Bernardus
439 5241 446 5282 :
470 5217 622 5280 Sublimis
647 5217 707 5280 ista
730 5219 799 5281 dies
825 5227 856 5282 et
881 5220 986 5302 splen·
1040 5222 1107 5284 lilia
1126 5221 1318 5284 convallium
1340 5243 1370 5298 a,
1386 5241 1425 5284 eo
1442 5223 1527 5302 quod
1545 5240 1657 5285 omnes
1676 5223 1789 5287 animae

233 5319 338 5386 didior
352 5316 422 5383 sole
440 5313 612 5397 refulgens,
629 5315 662 5378 in
677 5335 739 5399 qua
754 5317 850 5400 Virgo
871 5319 987 5401 regalis
1043 5319 1196 5403 martyrio
1228 5319 1406 5399 rubricatae,
1437 5319 1577 5384 brachiis
1608 5339 1679 5384 eam
1712 5321 1792 5387 dile-
