4309 6250
497 491 617 540 coam
637 489 807 539 rarrmurr
826 488 1000 549 aaronem,
1022 489 1112 538 arasa
1133 491 1165 538 u.
1188 507 1230 520 -
1250 490 1319 538 sar.
1343 491 1378 538 ru
1655 471 1716 536 275

454 722 464 745 Ἰ
929 662 954 724 ll
970 661 1050 726 riam
1065 661 1255 743 scripturam
1270 659 1405 724 barbaro
1423 677 1481 724 suo
1502 659 1596 722 modo
1610 665 1717 722 conte-

375 721 619 786 ARHGULUS
643 721 703 784 HI·
968 761 1036 822 nuit
1052 783 1060 822 τ
1075 760 1161 842 quod
1183 759 1335 842 paulatim
1351 778 1410 841 per
1423 766 1525 821 tomes
1539 776 1558 820 a
1572 756 1716 820 Gabriele

323 868 486 927 Recitatis
502 867 631 926 domini
647 866 757 935 Petri,
967 857 1075 939 (cujus
1090 875 1207 921 nomen
1223 877 1259 920 ex
1275 876 1365 920 seem
1379 855 1542 939 Scriptura
1561 871 1718 936 cognove-

164 955 291 1013 abbatis
315 956 553 1024 cluniacensis,
570 956 611 1013 cte
629 956 741 1014 eadem
762 955 912 1012 materia.
968 958 1029 1033 rat)
1050 955 1111 1018 sibi
1137 953 1268 1018 allatum
1295 953 1458 1031 mentitus,
1474 960 1602 1035 gentem
1629 951 1719 1033 igno-

968 1061 1091 1115 rantem
1120 1051 1204 1114 letali
1232 1051 1348 1114 haustu
1373 1051 1493 1114 infecit.
1519 1050 1659 1112 Tandem
1683 1049 1717 1111 in

234 1147 459 1212 haectenus
483 1157 516 1212 et
538 1149 672 1212 devotus
701 1156 791 1230 pater
812 1147 915 1212 domi·
968 1168 1076 1232 regem
1098 1148 1137 1212 ab
1162 1149 1220 1228 eis,
1238 1157 1272 1212 ut
1295 1148 1512 1232 concupierat,
1529 1146 1717 1210 sublimatus

248 1267 311 1310 nus
338 1249 458 1328 Petrus,
487 1248 585 1312 abbas
618 1245 849 1324 cluniacensis,
879 1254 915 1308 ut
967 1257 1026 1312 est.
1042 1247 1081 1310 Et
1102 1247 1340 1329 languescente,
1358 1247 1422 1310 imo
1444 1265 1526 1328 pene
1545 1244 1718 1309 deficiente

167 1345 305 1430 ipsemet
327 1345 448 1424 scribit,
465 1365 564 1427 quum
584 1346 616 1408 in
637 1362 735 1426 regno
756 1343 915 1425 Hispanias
967 1347 1109 1411 llomano
1124 1345 1271 1428 imperio,
1284 1345 1484 1429 permittente
1499 1362 1536 1408 eo
1552 1362 1608 1426 per
1622 1363 1717 1426 quem
1738 1372 1805 1418 pm,
1819 1385 1863 1426 m,

166 1444 216 1507 sui
230 1443 359 1507 Ordinis
377 1444 569 1508 monasteria
589 1444 742 1520 visitaret,
758 1443 862 1524 legem
883 1449 915 1505 et
969 1463 1059 1527 reges
1095 1452 1239 1526 regnant,
1271 1444 1467 1526 principatus
1495 1442 1632 1506 Arabum
1662 1460 1718 1506 seu
1733 1439 1766 1480 ¹⁵·

166 1542 265 1604 vitam
288 1551 383 1624 atque
407 1543 586 1606 doctrinam
604 1542 762 1606 llahomet
779 1540 857 1603 lecit
874 1539 915 1603 de
968 1545 1215 1608 Sarracenorum
1230 1543 1289 1606 hac
1305 1551 1393 1626 peste
1408 1541 1599 1604 infectorum
1614 1559 1718 1604 surre-

165 1639 301 1702 hrahico
326 1641 360 1701 in
384 1640 531 1703 latinum
555 1639 735 1702 transferri.
760 1637 915 1702 Recitatio
969 1643 1024 1720 xit,
1052 1641 1149 1724 vique
1177 1649 1298 1704 armata
1327 1641 1480 1704 maximas
1504 1639 1585 1705 Asiae
1612 1647 1718 1723 partes

165 1756 293 1820 quoque
317 1739 414 1819 hujus
437 1738 561 1802 abbatis
584 1739 624 1802 de
648 1737 713 1800 vita
735 1746 768 1800 et
791 1737 915 1819 origine
970 1761 1043 1805 eum
1058 1750 1123 1804 teta
1138 1740 1246 1803 Africa
1268 1760 1304 1803 ac
1326 1749 1415 1824 parte
1434 1738 1592 1821 Hispaniae
1611 1738 1719 1820 paula-

165 1837 246 1918 legis
260 1835 373 1900 lfahon
387 1856 461 1900 cum
475 1837 679 1920 praeinductis
693 1836 771 1899 satis
785 1854 917 1900 concor-
933 1837 956 1898 B
971 1840 1027 1903 tim
1041 1857 1215 1922 occupans,
1224 1839 1257 1900 in
1273 1839 1435 1920 subjectos
1449 1836 1533 1901 sicut
1548 1837 1718 1920 imperium

166 1935 232 1997 dat.
248 1934 374 1997 Etenim
393 1935 438 1997 ait
458 1959 466 1996 z
487 1936 559 1998 Fuit
582 1935 633 1998 hic
658 1934 815 1996 llahomet
839 1943 917 1996 tem
970 1939 1015 2001 sic
1030 1946 1062 2001 et
1075 1955 1216 2001 errorem
1232 1936 1414 2000 transfudit.
1428 1936 1570 2017 Denique
1586 1935 1720 2018 ipsemet

167 2053 245 2114 pore
279 2033 415 2096 lleraclii
450 2034 662 2116 imperatoris,
698 2051 810 2115 parum
845 2041 917 2114 post
970 2037 1082 2100 ldahon
1097 2037 1131 2099 in
1147 2036 1263 2099 virtute
1285 2035 1382 2116 gladii
1405 2054 1439 2098 se
1460 2035 1593 2098 missum
1615 2033 1721 2115 perhi-

166 2134 197 2193 S.
215 2130 403 2211 Gregorium
421 2131 549 2213 Papam,
565 2132 665 2194 Arabs
685 2131 826 2209 natione,
841 2128 917 2192 vilis
969 2137 1048 2200 buit.
1072 2135 1110 2198 Et
1134 2135 1166 2196 in
1193 2134 1324 2198 historia
1347 2133 1563 2216 generationis
1585 2132 1656 2215 ejus
1677 2132 1721 2196 le·

165 2247 295 2310 genere,
312 2237 344 2290 et
364 2230 468 2312 primo
486 2229 625 2311 antiquas
643 2230 829 2293 idololatriae
851 2229 919 2292 cul·
970 2237 1055 2316 gitur
1078 2233 1345 2315 quemadmodum
1368 2233 1436 2314 ipse
1455 2232 1558 2314 primo
1579 2231 1721 2312 undique

166 2336 227 2405 tor,
238 2327 509 2408 quemadmodum
524 2329 642 2390 Arabes
658 2337 732 2391 tunc
748 2347 848 2410 usque
868 2328 919 2391 fu·
970 2333 1153 2395 discurrens
1169 2351 1205 2394 ae
1222 2331 1323 2412 legem
1339 2349 1428 2392 suam
1444 2329 1631 2412 predicans,
1653 2347 1724 2410 per-

167 2433 275 2503 erunt,
291 2426 482 2504 ineruditus,
498 2427 554 2489 sed
569 2427 602 2489 in
617 2427 823 2490 saecularibus
842 2426 918 2489 satis
972 2449 1089 2512 paucos
1105 2430 1165 2492 sibi
1181 2429 1450 2492 attraxitzideirco
1466 2436 1528 2490 mm
1545 2427 1613 2510 ipse
1625 2446 1722 2509 quam

168 2533 319 2587 strenuus
333 2547 341 2603 ;
357 2524 593 2608 calliditateque
607 2526 707 2588 multa
726 2527 766 2588 de
784 2525 917 2607 ignobili
972 2530 1033 2592 sibi
1047 2529 1244 2592 adhaerentes
1260 2527 1462 2591 concorditer
1480 2534 1658 2590 statuerunt
1679 2527 1723 2590 le-

168 2632 199 2685 et
213 2641 318 2704 egeno
333 2623 367 2684 in
381 2623 514 2686 divitem
528 2631 560 2686 ct
573 2623 732 2688 famosum
748 2633 919 2706 provectus
971 2646 1044 2709 gem
1070 2645 1160 2690 suam
1185 2645 1219 2688 se
1243 2625 1366 2688 viribus
1390 2625 1544 2702 illaturos,
1570 2624 1722 2706 quoniam

167 2728 226 2782 est.
242 2721 302 2782 llic
316 2719 470 2803 paulatim
488 2722 673 2802 crescendo,
689 2721 918 2804 contiguosque
971 2725 1059 2788 ensis
1074 2725 1168 2788 timor
1182 2743 1265 2804 sepe
1279 2722 1352 2806 plns
1367 2742 1461 2807 quam
1477 2723 1608 2786 rationis
1621 2721 1723 2785 allicit

167 2818 307 2897 insidiis,
323 2817 455 2900 rapinis,
476 2818 715 2883 incursionibus
736 2819 919 2901 frequenter
972 2841 1072 2902 amor,
1089 2831 1120 2884 et
1135 2821 1257 2885 viribus
1273 2821 1427 2884 voluntati
1445 2841 1508 2884 suaa
1525 2821 1609 2884 viam
1631 2819 1722 2884 fortis

167 2915 362 2993 infestando,
379 2935 459 2998 quos
472 2925 598 3000 poterat
611 2917 734 2995 furtim,
750 2936 831 2999 quos
850 2925 919 3000 pot-
971 2929 1112 2984 armatus
1134 2921 1268 2982 invenit.

165 3023 233 3077 erat
256 3015 386 3096 publice
410 3016 597 3095 occidendo,
613 3024 766 3080 terrerem
790 3016 839 3078 sui
864 3018 954 3080 au·C
1011 3017 1119 3100 ltaque
1134 3025 1258 3080 constat
1273 3017 1357 3098 quod
1373 3034 1436 3079 non
1453 3016 1633 3079 rationabili
1648 3035 1724 3099 pra-

165 3113 219 3193 nit,
251 3132 291 3177 ac
321 3114 448 3176 tandem
477 3115 518 3177 ad
549 3134 682 3197 regnum
716 3115 820 3197 gentis
853 3134 919 3178 suas
972 3116 1143 3197 dicatione,
1167 3136 1231 3179 non
1256 3115 1493 3199 Scripturarum
1517 3115 1721 3197 allegatione,

165 3212 331 3295 adspirare
355 3213 485 3295 incepit.
505 3213 673 3296 Quumque
691 3214 852 3277 universis
870 3234 920 3277 re·
973 3234 1037 3279 non
1071 3215 1299 3279 miraculomm
1335 3214 1394 3277 soli
1429 3214 1492 3277 Deo
1522 3213 1722 3297 possibilium

166 3309 357 3374 sistentibus
376 3320 407 3373 et
425 3311 497 3391 ejus
512 3311 745 3393 ignobilitatem
766 3330 920 3395 spernen-
972 3314 1168 3395 operatione,
1192 3332 1256 3375 non
1277 3320 1386 3375 sancta
1404 3320 1437 3375 et
1456 3312 1629 3394 exemplari
1650 3330 1724 3375 eon·

167 3409 267 3487 tibus,
284 3409 408 3472 videret
422 3428 456 3471 se
470 3410 531 3473 hac
546 3410 598 3471 via
612 3428 676 3473 non
696 3428 789 3491 posse
808 3428 920 3473 conse-
974 3412 1150 3474 versatione
1179 3411 1387 3492 omniumque
1415 3417 1613 3473 terrenorum
1649 3428 1725 3473 con-

167 3508 223 3587 qui
252 3507 339 3589 qnod
368 3506 528 3589 sperabat,
557 3508 633 3589 quia
661 3509 693 3569 vi
726 3508 825 3590 gladii
853 3527 917 3572 non
974 3518 1108 3592 temptn,
1122 3510 1280 3573 blahomet
1302 3516 1334 3571 et
1353 3510 1423 3589 ejus
1443 3527 1656 3588 successores,
1674 3526 1724 3570 so-

167 3612 305 3687 poterat,
322 3604 487 3687 religionis
502 3606 660 3669 velamine
674 3626 711 3669 ae
724 3607 827 3670 divini
847 3624 920 3689 pro-
973 3608 1027 3684 cii,
1040 3606 1192 3690 discipuli
1214 3626 1250 3669 ac
1274 3606 1411 3669 ministri
1436 3606 1539 3688 legem
1563 3624 1654 3668 suam
1679 3606 1724 3667 iu-

167 3705 273 3785 phctat
292 3704 422 3767 nomine
441 3722 497 3767 res
513 3704 585 3767 fieri
604 3705 780 3767 attentavit.
797 3706 919 3769 lnterea
974 3707 1191 3785 traduxerunt,
1208 3705 1263 3767 sed
1284 3722 1381 3767 manu
1401 3703 1520 3785 hostili,
1536 3703 1722 3767 fortitudine

167 3803 363 3883 conjunctus
383 3810 432 3865 est
452 3802 483 3864 ei
504 3803 644 3883 Sergius,
666 3804 842 3866 monachus
861 3802 920 3865 Ne·
973 3804 1117 3887 populari
1146 3802 1361 3884 violentiaque
1396 3800 1517 3864 crudeli
1553 3802 1585 3865 id
1618 3802 1722 3883 egisse

166 3901 342 3977 storianus,
357 3898 413 3979 qui
428 3898 607 3981 Scripturas
629 3918 735 3962 sacras
753 3900 783 3961 ei
806 3919 920 3962 secun·
973 3910 1158 3967 noscuntur.
1176 3902 1214 3964 Et
1234 3901 1309 3982 quia
1331 3900 1380 3963 lex
1403 3900 1474 3981 ejus
1496 3907 1562 3964 tota
1584 3900 1722 3964 earnalis

165 3999 243 4060 dum
259 3996 397 4061 Nestorii
412 3996 610 4060 intellectum
625 4016 799 4079 exponens,
809 3998 919 4061 simul·
973 4010 1067 4083 atque
1082 4019 1218 4063 venerea
1233 4008 1292 4079 est,
1302 3999 1448 4063 homiues
1465 3997 1543 4062 viles
1557 4018 1595 4061 ac
1612 3998 1722 4061 bestia·

165 4115 228 4178 que
242 4096 500 4179 apocryphorum
515 4094 633 4157 fabulis
648 4095 833 4176 plenissime
847 4116 919 4159 eum
972 4101 1032 4179 les,
1052 4099 1144 4182 proni
1167 4100 1206 4162 ad
1230 4098 1302 4179 ejus
1321 4097 1557 4180 susceptionem
1581 4095 1721 4178 fuerunt,

165 4195 343 4274 instruens,
359 4192 575 4257 Christianum
595 4192 818 4257 liestorianum
839 4194 919 4259 effe
934 4200 958 4263 l)
973 4200 1057 4263 sicut
1077 4200 1137 4263 hoc
1161 4197 1246 4261 infra
1266 4196 1368 4278 magis
1391 4193 1588 4279 probabitur.

164 4294 220 4358 cit.
237 4296 343 4375 Atque
361 4301 398 4355 ut
415 4299 480 4355 tota
498 4291 675 4374 iniquitatis
697 4293 864 4375 plenitudo
885 4292 918 4357 in
1013 4298 1185 4375 Postremo,
1211 4296 1348 4359 loannes
1373 4294 1413 4357 de
1437 4294 1637 4373 blandevilla,
1665 4292 1721 4375 qui

164 4395 282 4457 ldahon
294 4390 485 4469 conflueret,
501 4389 644 4472 nihilque
659 4390 689 4454 ei
707 4392 748 4454 ad
769 4392 920 4475 perditio-
973 4396 1057 4459 inter
1075 4396 1265 4459 Sarracenos
1288 4394 1344 4457 diu
1369 4400 1510 4457 moratus
1534 4402 1593 4474 est,
1612 4392 1722 4457 scribit

165 4512 241 4556 nem
257 4490 309 4554 sui
324 4510 362 4553 ac
377 4508 508 4553 suorum
528 4490 664 4570 deesset,
680 4490 823 4572 adjuncti
846 4501 920 4556 sunt
973 4495 1006 4558 in
1021 4494 1183 4557 ltinerario
1199 4512 1267 4573 suo,
1283 4492 1367 4574 quod
1382 4492 1493 4556 lishon
1508 4492 1567 4555 iste
1582 4491 1723 4555 miserri-

166 4591 196 4653 ei
220 4590 337 4667 ludaei,
360 4588 417 4671 qui
442 4608 484 4651 ne
509 4607 582 4651 vere
605 4588 803 4651 Christianus
826 4588 920 4655 ficret
973 4593 1126 4672 mus,fuit
1141 4592 1217 4655 satis
1232 4609 1375 4655 morosus
1390 4600 1422 4653 et
1436 4608 1569 4673 corpore
1584 4590 1719 4672 validus,

166 4690 281 4754 dolose
306 4695 533 4770 precaventes,
558 4687 682 4750 bomini
708 4688 801 4751 novis
825 4691 920 4753 rebus
974 4693 1131 4756 facundus
1145 4710 1269 4774 quoque
1284 4698 1316 4753 et
1330 4690 1363 4752 in
1378 4688 1484 4752 verbis
1499 4707 1537 4751 ac
1552 4689 1646 4752 factis
1661 4690 1723 4752 val·

167 4788 321 4865 inhianti,
337 4805 402 4851 non
417 4786 649 4868 Scripturarum
669 4787 847 4867 veritatem,
865 4791 920 4852 sed
973 4793 1013 4854 de
1032 4800 1199 4854 maturus:
1218 4790 1325 4871 sieque
1345 4789 1384 4852 ad
1404 4788 1538 4851 miseros
1559 4788 1723 4870 decipien-

167 4886 298 4950 fabulas
312 4904 386 4949 suas
399 4886 516 4968 quibus
530 4905 616 4948 nunc
631 4904 732 4967 usque
746 4888 919 4965 abundant,
974 4890 1031 4953 dos
1055 4889 1118 4953 fuit
1140 4888 1322 4970 dispositus.
1347 4886 1465 4950 Scribit
1487 4904 1613 4969 qnoque
1637 4886 1722 4968 quod

167 4986 349 5049 insibilant.
359 4983 475 5066 Sieque
489 4984 530 5047 ab
544 4984 595 5047 his
609 4985 791 5048 doctoribus
806 4986 922 5049 ludaeis
975 4989 1165 5071 epilepticus
1190 4986 1252 5050 fuit
1268 5010 1275 5049 :
1291 5004 1355 5068 qno
1380 4986 1519 5067 cognite,
1542 4984 1644 5048 doluit
1668 4986 1724 5048 do·

168 5094 200 5147 et
225 5084 389 5148 haereticis
412 5082 588 5163 institutus,
610 5083 803 5147 Alcoranum
828 5106 921 5149 suum
975 5088 1131 5152 minailla
1152 5105 1314 5168 quaecum
1336 5086 1459 5169 accepit
1480 5084 1651 5160 maritum3
1668 5085 1724 5147 sed

168 5183 329 5261 condidit,
346 5191 379 5245 et
399 5189 463 5244 mm
478 5200 516 5245 ex
529 5182 670 5244 Iudaicis
688 5182 807 5245 fabulis
825 5204 922 5267 quam
976 5188 1045 5272 ipse
1060 5206 1130 5250 eam
1146 5184 1272 5263 fefellit,
1289 5184 1456 5247 affirmans
1479 5184 1564 5264 quod
1579 5181 1723 5245 vicissim

168 5283 396 5349 hereticorum
424 5280 589 5365 figmentis
617 5282 809 5366 confectam,
833 5285 923 5349 nefa·
977 5286 1103 5351 Gabriel
1123 5284 1255 5367 angelus
1278 5282 1308 5346 ci
1331 5289 1499 5365 appareret
1524 5289 1555 5343 et
1579 5280 1723 5363 quedam
