4309 6250
421 493 461 558 52
641 512 681 558 nn
700 510 865 560 excurrare
885 511 922 557 ur
942 509 1092 558 nxuouns
1112 511 1139 555 a.
1163 510 1192 554 v.
1214 509 1330 567 uxum,
1353 509 1441 556 amna
1461 511 1483 556 r.
1506 529 1547 540 —-
1566 511 1636 558 aar.
1659 510 1746 556 xxvu

421 681 476 744 ubi
493 679 525 742 in
541 681 750 747 diversorium
765 681 923 764 quoddam
939 681 1111 759 divertens,
1124 681 1169 743 in·
1182 679 1207 742 Α
1222 699 1333 744 carnes
1348 679 1418 762 ejus
1434 681 1591 764 virgineas
1606 683 1646 745 ab
1661 691 1748 746 extra
1762 681 1847 744 clare
1863 697 1968 742 cerne-

421 778 464 841 ibi
485 779 554 862 ipsa
572 789 676 862 nocte,
693 781 761 843 sine
783 780 890 844 dolore
912 788 943 842 et
965 779 1168 860 corruptione

421 877 546 960 peperit
559 877 673 941 llilium
694 879 760 940 Dei.
777 878 908 959 Nempe,
924 877 1002 940 hora
1023 877 1167 959 pariendi

421 975 570 1056 instante,
587 976 818 1059 supernaturali
839 975 1071 1038 illuminatione
1094 994 1170 1056 gau-

422 1072 602 1136 diosissime
617 1093 653 1136 ac
669 1073 887 1156 copiosissime
903 1081 967 1136 tota
981 1071 1122 1155 perlusa,
1136 1073 1168 1134 in

422 1171 517 1234 altam
533 1172 833 1254 contemplationem
849 1179 897 1234 est
911 1170 1044 1247 elevata,
1062 1179 1093 1233 et
1108 1171 1170 1233 sic-

422 1277 457 1332 ut
471 1269 504 1331 in
519 1269 649 1332 instanti
666 1270 823 1351 concepit,
841 1270 887 1332 sic
902 1269 1101 1331 instantanee
1116 1287 1169 1351 pe-

421 1367 513 1451 perit,
529 1368 711 1450 egrediente
736 1376 860 1431 uterum
887 1367 957 1449 ejus
981 1366 1071 1430 Prole
1095 1367 1170 1430 ado-

421 1466 530 1546 randa,
561 1485 634 1528 cum
669 1465 903 1528 dimensionum
939 1465 1167 1546 penetratione,

421 1571 511 1626 utero
544 1563 613 1645 ipso
642 1563 750 1626 clauso
777 1570 944 1640 manente;
974 1563 1084 1644 sicque
1114 1581 1170 1643 per

421 1669 605 1725 consuetam
625 1661 699 1724 exiit
724 1661 821 1740 viam,
839 1661 923 1741 quod
949 1660 1103 1741 virginale
1128 1660 1171 1721 si-

420 1757 591 1840 gnaculum
621 1758 738 1820 mansit
760 1757 1000 1838 integerrimum
1030 1757 1171 1838 penitus-

1223 779 1296 842 ham
1315 803 1321 840 ε
1340 779 1432 860 cujus
1448 789 1555 843 uterus
1578 781 1691 862 plenus
1712 788 1744 843 et
1764 778 1900 840 multum
1923 786 1971 839 tu-

1224 877 1328 939 midus
1346 886 1425 955 erat,
1445 879 1595 958 quoniam
1618 878 1685 958 jam
1710 885 1817 959 parata
1841 884 1908 937 erat
1932 876 1971 936 ad

1224 975 1423 1057 pariendum.
1440 975 1517 1038 Cum
1537 995 1600 1056 qua
1614 995 1710 1038 senex
1727 973 1972 1038 honestissimus

1223 1081 1302 1151 erat,
1318 1072 1372 1154 qui
1388 1073 1553 1135 candelam
1569 1091 1735 1136 accensam
1756 1071 1828 1133 lixit
1849 1069 1882 1132 in
1903 1089 1973 1131 mu-

1225 1189 1270 1248 ro,
1288 1178 1319 1232 et
1332 1171 1405 1232 exiit
1420 1190 1461 1232 ne
1477 1172 1579 1252 partui
1603 1172 1781 1234 interesset.
1799 1170 1886 1231 Tunc
1909 1169 1972 1230 vir-

1225 1288 1264 1350 go
1289 1287 1323 1330 se
1347 1268 1560 1347 discalceavit,
1578 1268 1854 1350 discooperuitque
1878 1285 1970 1329 suum

1225 1366 1424 1444 mantellum,
1446 1385 1483 1428 ac
1507 1367 1614 1428 velum
1640 1365 1753 1446 capitis
1777 1364 1826 1426 sui
1851 1364 1971 1427 amovit

1225 1471 1257 1525 et
1282 1463 1371 1544 juxta
1399 1483 1433 1526 se
1462 1464 1579 1546 posuit,
1605 1482 1773 1526 remanens
1801 1463 1834 1524 in
1863 1463 1971 1525 tunica

1225 1560 1292 1623 sola
1309 1584 1315 1622 :
1332 1579 1403 1641 quaa
1417 1569 1493 1623 tunc
1508 1563 1588 1623 duos
1607 1559 1795 1642 panniculos
1817 1560 1917 1622 lineos
1938 1568 1970 1622 et

1224 1658 1303 1720 duos
1327 1657 1436 1721 laneos
1459 1658 1686 1720 mundissimos
1705 1676 1741 1720 ac
1762 1657 1893 1720 subtiles
1918 1677 1971 1719 ex-

1225 1756 1330 1834 traxit,
1346 1774 1425 1836 quos
1446 1775 1555 1818 secum
1579 1756 1725 1838 portavit,
1742 1756 1780 1818 ad
1805 1754 1971 1818 involven-

420 1873 481 1934 que
504 1855 649 1917 illaesum.
666 1854 729 1917 Nec
750 1855 815 1916 ulla
836 1854 897 1916 fuit
921 1854 964 1916 ibi
991 1853 1167 1936 impuritas
1188 1854 1301 1919 Bdum
1325 1853 1522 1915 nesciturum
1547 1852 1714 1931 inlentem,
1740 1853 1820 1916 alios
1843 1871 1971 1934 quoque

420 1951 609 2032 indecentia,
626 1952 821 2031 inhonestae,
838 1960 872 2014 ut
893 1951 1067 2032 turpissimi
1091 1952 1169 2012 ima-

419 2050 570 2130 ginantur
604 2050 756 2130 haeretici,
787 2069 823 2112 ac
852 2049 978 2132 reprobi
1006 2049 1168 2130 objiciunt

419 2146 578 2210 inlideles.
595 2148 747 2229 Denique,
765 2147 902 2210 coelestis
918 2147 973 2209 illa
991 2155 1022 2209 et
1042 2146 1167 2208 cunctis

419 2245 571 2328 angelicis
586 2247 744 2309 mentibus
760 2245 868 2328 purior
882 2245 1047 2328 Puerpora,
1058 2253 1168 2306 natum

419 2362 457 2405 ex
481 2363 515 2406 se
539 2362 674 2407 cernens
697 2343 903 2422 lnlantulum,
920 2363 1030 2406 verum
1055 2343 1166 2420 Deum,

420 2461 492 2504 mox
514 2443 656 2504 adoravit
678 2442 836 2504 eumdem.
853 2441 939 2503 Vidit
962 2449 1068 2504 autem
1094 2460 1168 2503 eum

360 2569 362 2576 1
419 2547 492 2601 ante
507 2539 617 2602 oculos
631 2559 704 2602 suos
723 2539 756 2600 in
778 2546 861 2602 terra
873 2538 1044 2621 jacentem,
1062 2537 1168 2619 splen-

419 2636 584 2699 didissima
600 2637 670 2699 luce
685 2637 925 2714 circumdatum,
937 2635 991 2698 sed
1006 2654 1095 2698 more
1108 2636 1168 2698 hu-

420 2753 525 2815 mano,
547 2753 611 2797 non
636 2735 836 2815 necessitate,
858 2734 959 2815 magis
984 2741 1089 2796 autem
1113 2751 1168 2796 vo·

419 2831 557 2894 luntaria
572 2832 780 2911 ordinatione,
797 2832 976 2914 vagientem
991 2850 1028 2894 ao
1048 2830 1167 2913 frigore

418 2930 548 2992 hiemali
562 2929 733 3010 allectum3
750 2931 919 3011 statimque
934 2938 1077 2994 materna
1092 2930 1166 2992 cari·

1224 1951 1303 2012 duos
1322 1951 1472 2031 parvulos
1491 1950 1592 2013 lineos
1615 1969 1748 2032 pannos,
1765 1951 1804 2012 ad
1828 1951 1972 2032 operien-

1224 2049 1299 2110 dum
1324 2057 1356 2110 ct
1374 2048 1536 2129 ligandum
1556 2057 1652 2131 caput
1676 2048 1837 2111 infantuli.
1854 2049 1971 2124 Quibus

1224 2146 1352 2227 paratis,
1369 2146 1459 2228 virgo
1473 2166 1577 2228 genua
1592 2146 1692 2226 llexit,
1708 2165 1831 2228 ponens
1847 2165 1881 2209 se
1897 2166 1970 2208 cum

1223 2244 1335 2324 grandi
1352 2245 1528 2306 reverentia
1543 2245 1582 2306 ad
1598 2245 1772 2323 orandum3
1793 2244 1969 2326 erectisque

1223 2341 1372 2404 manibus
1386 2350 1418 2405 et
1432 2342 1532 2405 oculis
1553 2343 1592 2404 ad
1612 2342 1729 2405 coelum
1749 2341 1891 2420 intentis,
1909 2352 1971 2404 ste

1224 2440 1261 2501 tit
1286 2440 1376 2521 quasi
1401 2441 1434 2502 in
1457 2440 1572 2502 ecstasi
1598 2440 1877 2521 contemplationis
1901 2461 1969 2502 sus-

1223 2556 1322 2619 pensa
1349 2546 1443 2618 atque
1470 2538 1581 2599 divina
1605 2538 1774 2600 dulcedine
1801 2538 1966 2602 inebriata.

1222 2634 1287 2707 Qua
1306 2634 1352 2697 sic
1372 2644 1484 2713 stante,
1502 2636 1565 2697 vidi
1582 2636 1750 2716 parvulum
1770 2655 1804 2699 se
1822 2637 1855 2697 in
1878 2646 1967 2700 utero

1222 2733 1292 2814 ejus
1307 2742 1488 2796 moventem
1502 2756 1510 2812 3
1526 2741 1558 2795 et
1572 2734 1672 2812 illico,
1689 2734 1721 2796 in
1743 2743 1915 2815 momento,
1932 2735 1966 2796 in

1221 2830 1287 2893 ictu
1300 2831 1397 2909 oculi,
1414 2833 1537 2915 peperit
1553 2830 1667 2909 lilium,
1681 2851 1699 2894 a
1713 2851 1777 2913 quo
1791 2840 1878 2895 tanta
1894 2840 1968 2895 tam·

1220 2947 1283 3008 que
1318 2928 1494 2992 ineffabilis
1523 2929 1577 2990 lux
1604 2929 1771 3011 processit,
1801 2931 1884 3012 quod
1914 2929 1967 2992 lux

418 3035 481 3091 tate
507 3047 543 3091 ac
567 3029 621 3110 pia
645 3029 864 3111 compassione
889 3048 962 3091 cum
988 3028 1167 3091 reverentia
1183 3030 1205 3094 G
1222 3026 1298 3089 solis
1313 3027 1342 3089 ei
1356 3045 1420 3090 non
1435 3036 1520 3090 esset
1534 3027 1768 3109 comparabilis,
1785 3037 1817 3090 et
1836 3028 1968 3092 candela

419 3146 543 3190 summa
559 3127 688 3207 levavit,
705 3127 826 3210 pectori
849 3146 906 3190 suo
927 3128 1092 3208 vultuique
1113 3128 1167 3189 ad-

419 3225 556 3307 strinxit,
573 3223 730 3305 calclecit,
747 3226 862 3308 pannis
877 3225 1023 3303 involvit,
1039 3245 1076 3288 ac
1099 3234 1168 3288 tan·

417 3325 490 3387 dem
506 3324 538 3386 in
553 3323 720 3406 praesepio,
736 3343 832 3407 super
853 3323 975 3387 loenum
995 3326 1045 3403 (ut
1065 3324 1167 3386 credi·

419 3424 483 3502 tur)
506 3423 672 3485 reclinavit
692 3422 899 3486 lnlantulum.

458 3521 501 3583 lle
516 3520 567 3582 his
582 3519 615 3582 in
631 3520 886 3585 Revelationibus
901 3520 1076 3601 S.Brigittaa
1091 3520 1166 3583 satis

418 3618 613 3681 credibiliter
636 3618 795 3699 recitatur,
812 3618 961 3701 loquente
985 3618 1018 3680 in
1043 3618 1167 3681 visione

419 3716 457 3779 ad
472 3715 636 3798 Brigittam
651 3716 779 3799 Virgine
794 3717 961 3780 benedicta
974 3740 981 3778 :
995 3716 1084 3779 Scias
1099 3736 1167 3779 cer·

418 3812 550 3892 tissime,
567 3814 652 3895 quod
668 3814 760 3877 llexis
775 3815 909 3897 genibus
924 3815 1032 3898 peperi
1047 3816 1167 3878 orando

418 3912 485 3976 sola
513 3912 546 3975 in
575 3912 711 3990 stabulo,
741 3932 814 3976 cum
843 3920 929 3975 tanta
959 3912 1167 3975 exsultatione

417 4020 511 4092 atque
527 4009 646 4089 letitia,
657 4011 742 4092 quod
757 4010 880 4072 nullum
896 4010 981 4073 sensi
995 4029 1167 4093 gravamen

417 4109 544 4190 quando
568 4107 665 4171 exivit
685 4109 766 4171 Puer
786 4109 825 4170 de
849 4126 981 4189 corpore
1002 4126 1073 4170 mec
1087 4132 1096 4186 ;
1112 4110 1168 4171 sed

1221 3124 1266 3187 ibi
1290 3123 1388 3188 allisa
1406 3124 1530 3188 nullum
1555 3127 1662 3189 lumen
1688 3127 1819 3189 reddere
1840 3127 1970 3190 videba-

1221 3232 1282 3285 tur.
1298 3223 1440 3304 Denique
1454 3231 1520 3286 tam
1534 3224 1657 3287 subitus
1675 3232 1708 3286 et
1727 3233 1969 3288 momentaneus

1222 3320 1283 3383 luit
1300 3322 1413 3385 modos
1438 3322 1493 3383 ille
1516 3321 1671 3403 pariendi,
1687 3323 1772 3403 quod
1796 3341 1859 3384 non
1885 3323 1970 3386 valc-

1221 3419 1293 3482 bam
1309 3420 1473 3482 advertere
1492 3439 1595 3501 neque
1613 3420 1793 3483 discernere
1809 3422 1968 3502 quomodo

1220 3516 1272 3579 vel
1287 3516 1320 3578 in
1335 3535 1398 3597 quo
1413 3516 1558 3580 membro
1572 3516 1716 3599 pariebat
1731 3518 1829 3599 virgo.
1838 3518 1968 3580 Verum-

1221 3623 1327 3678 tamen
1342 3616 1449 3678 statim
1468 3616 1534 3678 vidi
1556 3616 1646 3679 illurn
1668 3616 1843 3698 gloriosum
1863 3616 1968 3679 inlan-

1221 3722 1286 3776 tem
1308 3713 1468 3793 jacentem
1493 3713 1526 3775 in
1550 3721 1634 3776 terra
1658 3715 1791 3794 nudum,
1814 3715 1968 3777 nitidissi-

1221 3832 1310 3874 mum
1344 3812 1514 3875 habentem
1542 3813 1779 3896 corpusculum,
1810 3814 1850 3876 ab
1879 3815 1967 3878 omni

1222 3912 1314 3973 sorde
1336 3919 1368 3973 et
1386 3910 1589 3974 immunditia
1607 3911 1759 3975 alienum.
1776 3912 1846 3974 Vidi
1871 3912 1968 3976 ctiam

1223 4009 1338 4090 pellem
1358 4009 1564 4071 secundinam
1583 4028 1682 4091 prope
1702 4028 1774 4072 eum
1795 4010 1966 4090 jacentem,

1222 4107 1396 4169 involutam
1411 4126 1449 4169 ac
1464 4106 1780 4188 nitidam.0uumque
1794 4108 1883 4189 virgo
1899 4128 1971 4171 sen—

418 4206 522 4269 statim
557 4225 631 4269 eum
666 4206 786 4269 involvi
816 4206 996 4288 panniculis
1026 4207 1165 4286 mundis,
1183 4205 1315 4272 Dsisset
1339 4224 1373 4268 se
1396 4205 1570 4286 peperisse,
1594 4223 1667 4268 mox
1690 4206 1793 4287 capite
1818 4206 1970 4270 inclinato

417 4322 498 4385 quos
516 4302 571 4366 diu
591 4312 663 4366 ante
685 4304 807 4386 paravi,
824 4312 855 4366 et
880 4324 918 4367 ex
942 4303 1104 4385 proposito
1128 4305 1167 4366 ad

416 4400 601 4465 Bethlehem
622 4420 748 4464 mecum
767 4402 837 4479 tuli,
853 4402 1004 4483 quoniam
1027 4401 1167 4463 sciebam

278 4508 403 4559 metad-
418 4518 469 4561 me
498 4499 531 4561 in
560 4499 743 4561 bethlehem
773 4498 955 4582 parituram.
987 4499 1167 4580 Videasque

417 4596 533 4678 loseph
549 4616 600 4659 mc
615 4597 685 4659 sine
699 4596 857 4678 adjutorio
877 4596 1049 4677 peperisse,
1065 4597 1167 4659 admi-

417 4703 505 4758 ratus
527 4702 574 4758 est
595 4713 669 4756 cum
691 4694 814 4775 ingenti
836 4694 952 4757 laetitia.

456 4792 536 4855 Hinc
550 4791 582 4854 S.
599 4792 730 4873 brigitta
744 4792 850 4870 relert,
867 4792 953 4873 quod
974 4791 1025 4873 pie
1046 4800 1078 4854 et
1099 4812 1166 4855 cre·

416 4889 557 4953 dibiliter
577 4889 679 4971 accipi
705 4897 809 4971 potest
825 4914 832 4952 :
849 4890 950 4965 Quum
976 4909 1079 4953 essem
1104 4890 1165 4970 (in-

416 4987 542 5069 quiens)
558 4988 591 5049 in
612 4988 796 5051 Bethlehem
812 4989 849 5051 ad
866 5007 1006 5070 praesepe
1028 4988 1162 5067 Domini,

416 5085 483 5148 vidi
505 5084 537 5147 in
564 5085 686 5148 visione
711 5085 864 5167 virginem
890 5087 1059 5167 quamdam
1085 5106 1165 5169 praa

414 5192 577 5267 mantem,
609 5184 700 5247 valde
730 5184 988 5265 pulcherrimam,
1018 5184 1163 5249 indutam

413 5281 486 5351 albo
501 5281 651 5346 mantello
668 5282 840 5366 subtilique
855 5282 973 5363 tunica,
990 5304 1048 5367 per
1064 5303 1162 5365 quam

1222 4311 1254 4365 et
1287 4302 1435 4365 manibus
1466 4302 1562 4364 simul
1588 4302 1721 4383 junctis,
1752 4321 1825 4364 cum
1855 4323 1970 4385 magna

1222 4399 1400 4463 reverentia
1414 4400 1557 4462 adoravit
1570 4418 1716 4482 puerum,
1733 4400 1844 4463 dicens
1862 4425 1868 4462 :
1885 4402 1968 4465 Rene

1222 4498 1359 4574 veneris,
1388 4498 1471 4560 [leus
1505 4517 1608 4575 meus,
1638 4498 1790 4561 Dominus
1817 4518 1908 4561 meus
1937 4511 1970 4563 et

1220 4594 1310 4657 lilius
1325 4614 1426 4657 meus.
1442 4596 1593 4675 'luneque
1608 4614 1687 4677 puer
1699 4596 1828 4679 plorans
1848 4618 1885 4661 ac
1907 4606 1968 4661 tre-

1221 4711 1311 4755 mens
1325 4714 1390 4775 prae
1403 4694 1522 4775 frigore
1536 4713 1573 4756 ac
1587 4695 1705 4758 duritia
1719 4697 1895 4778 pavimenti
1915 4718 1967 4761 su-

1221 4809 1278 4872 per
1304 4792 1388 4870 quod
1411 4791 1523 4873 jacuit,
1550 4792 1698 4856 volvebat
1724 4812 1758 4855 se
1787 4795 1964 4876 paululum,

1220 4889 1470 4970 ostendebatque
1505 4891 1658 4968 membra,
1693 4911 1838 4975 quaerens
1875 4893 1967 4956 rolri-

1218 4986 1342 5068 gerium
1370 5006 1407 5049 ac
1435 4986 1546 5050 matris
1574 4988 1721 5052 solatium
1752 5014 1760 5053 ε
1790 5010 1860 5072 quaa
1889 5001 1965 5055 tunc

1219 5085 1357 5168 suscepit
1384 5104 1458 5148 eum
1481 5086 1515 5148 in
1541 5086 1698 5168 manibus,
1722 5097 1754 5151 et
1777 5090 1901 5152 strinxit
1924 5093 1965 5154 ad

1218 5192 1330 5267 pectus
1348 5204 1453 5263 suum,
1470 5193 1502 5248 et
1526 5204 1600 5247 cum
1624 5186 1752 5250 maxilla
1776 5206 1812 5250 ac
1835 5198 1964 5271 pectore

1219 5282 1426 5347 calefaciebat
1453 5302 1624 5347 eumcum
1651 5286 1764 5366 grandi
1791 5286 1899 5350 latitia
1925 5309 1963 5353 ac
