4309 6250
424 472 483 540 tos
668 497 709 544 ns
728 496 894 545 nromrars
913 496 951 542 er
972 496 1121 543 munrsus
1141 497 1170 542 a.
1192 496 1223 541 v.
1245 496 1363 559 rixare,
1384 496 1473 543 arnna
1492 497 1536 543 m.
1559 516 1598 526 -
1619 497 1691 543 aar.
1714 497 1738 543 rr

424 763 559 829 stultitia
580 774 629 830 est
649 774 681 829 et
702 766 919 849 presumptio.
1229 766 1403 831 sanctiores
1424 767 1541 850 quibus
1556 787 1667 831 revera
1681 766 1849 831 electiores
1863 772 1897 827 et
1911 784 1990 827 san·

463 862 572 945 ltaque
586 882 659 947 spes
674 863 798 927 duobus
813 864 972 944 innititur,
982 872 1094 947 utputa
1109 864 1175 945 pie-
1230 865 1345 929 ctiores
1368 866 1507 929 fuerunt.
1529 866 1645 947 Sicque
1666 864 1816 947 quamvis
1835 862 1913 927 felix
1934 882 1990 925 ar-

424 960 481 1023 tati
500 970 532 1024 et
549 963 659 1045 gratim
679 962 783 1044 primo
805 982 842 1027 ao
868 963 1098 1046 principaliter,
1120 963 1174 1025 de-
1229 962 1444 1044 cbiapostolus
1468 963 1578 1025 Petrus
1603 962 1781 1026 certissime
1806 981 1841 1025 se
1866 960 1988 1024 ceteris

424 1057 497 1122 inde
511 1060 646 1123 meritis.
663 1060 702 1122 Et
715 1080 754 1123 ex
775 1060 880 1143 primo
901 1061 1015 1124 horum
1037 1062 1173 1124 duorum
1229 1060 1388 1142 Apostolis
1409 1062 1444 1123 in
1467 1061 1687 1125 ecclesiastica
1710 1068 1868 1143 potestate
1891 1060 1990 1122 novit

365 1156 372 1172 ’
424 1175 497 1238 spes
512 1158 735 1221 certitudinem
750 1158 846 1223 babet
861 1182 868 1221 :
885 1168 1007 1223 certum
1023 1167 1071 1222 est
1085 1178 1175 1221 narn·
1229 1159 1395 1240 majorem,
1413 1179 1477 1223 non
1498 1167 1605 1223 tamen
1630 1166 1756 1242 oportet
1779 1156 1875 1222 fateri
1896 1158 1987 1239 quod

423 1273 497 1336 que,
518 1257 603 1337 quod
627 1275 667 1319 ex
690 1264 780 1339 parte
806 1258 922 1321 divine
944 1257 1174 1322 misericordiae
1229 1256 1324 1319 scivit
1356 1257 1474 1339 quibus
1501 1257 1662 1339 Apostolis
1697 1255 1761 1320 fuit
1787 1255 1923 1319 electior
1952 1262 1988 1318 et

424 1370 489 1415 non
514 1353 576 1415 erit
599 1353 744 1417 defectus
768 1363 885 1418 nostre
909 1355 1029 1418 salutis.
1051 1354 1113 1417 Sed
1136 1374 1175 1417 ex
1229 1354 1369 1417 sanctior
1399 1355 1628 1437 gloriosiorque
1656 1353 1783 1417 futurus
1812 1353 1846 1416 in
1876 1352 1985 1433 coelis,

424 1451 566 1515 secundo
590 1470 663 1533 spes
687 1452 834 1515 timorem
859 1454 956 1517 habet
978 1471 1137 1516 annexum
1163 1475 1171 1513 :
1228 1452 1375 1534 quamvis
1388 1452 1597 1535 probabiliter
1610 1451 1719 1515 forsan
1734 1451 1830 1515 scivit
1848 1451 1987 1534 quibus-

424 1548 539 1630 primo‚
564 1548 715 1631 quoniam
741 1550 810 1613 sine
835 1551 1028 1616 revelatione
1057 1570 1174 1633 cogno-
1228 1550 1301 1612 dam
1321 1549 1450 1613 illorum
1471 1569 1506 1613 se
1525 1550 1718 1613 sanctiorem
1741 1557 1773 1612 et
1794 1548 1986 1612 electiorem

424 1665 513 1709 scere
534 1665 599 1709 non
622 1646 766 1711 valemus
785 1648 870 1729 quod
890 1668 980 1732 spem
999 1648 1174 1713 babeamus
1229 1647 1413 1711 consistere.
1436 1647 1477 1709 At
1491 1667 1568 1711 vero
1582 1646 1815 1729 gloriosissima
1833 1653 1866 1709 et
1884 1645 1987 1708 unica

423 1744 604 1823 formatam,
620 1765 691 1828 quas
705 1746 775 1809 sine
790 1746 921 1810 caritate
942 1746 1079 1810 formata
1099 1766 1175 1811 con·
1228 1745 1318 1826 virgo
1342 1744 1448 1825 llaria,
1465 1764 1503 1808 ex
1527 1744 1760 1827 specialissima
1785 1743 1987 1807 revelatione

424 1842 536 1907 sistere
550 1842 671 1925 nequit,
688 1863 788 1926 quum
803 1844 872 1908 sine
887 1844 1018 1908 caritate
1040 1845 1087 1908 nil
1108 1864 1174 1908 me
1190 1842 1214 1903 B
1228 1852 1260 1908 et
1273 1844 1374 1925 gratia
1388 1843 1566 1907 certissime
1586 1843 1681 1906 scivit
1700 1862 1734 1906 se
1753 1841 1986 1906 electissimam

423 1940 568 2003 ritorium
583 1948 771 2020 censeatur;
788 1943 939 2022 secundo,
956 1942 1031 2025 quia
1045 1943 1103 2005 etsi
1122 1943 1174 2006 vel
1228 1960 1298 2004 esse
1326 1948 1420 2021 alque
1449 1940 1682 2004 sanctissimam
1708 1939 1854 2004 omnium
1880 1939 1988 2003 bomi-

423 2036 632 2119 probabiliter
646 2038 697 2101 vel
712 2038 976 2102 certitudinaliter
990 2039 1084 2102 nubis
1099 2058 1175 2103 con·
1228 2058 1306 2101 num
1321 2047 1392 2121 post
1406 2039 1609 2122 Unigenitum
1625 2058 1732 2116 suum,
1748 2045 1780 2101 et
1795 2056 1893 2119 super
1911 2038 1988 2099 uni-

423 2142 485 2199 stet
503 2136 586 2216 quod
608 2135 723 2199 caritas
737 2144 769 2199 et
782 2136 932 2199 meritum
954 2137 1028 2201 vitae
1048 2144 1174 2201 aeternae
1228 2155 1337 2201 versos
1356 2138 1541 2220 angelorum
1561 2138 1689 2201 ordines
1713 2135 1927 2216 exaltandam,
1943 2155 1986 2198 ex

423 2232 457 2295 in
472 2232 564 2296 nobis
580 2232 654 2313 sint,
670 2232 853 2315 ignoramus
868 2242 973 2297 tamen
989 2253 1029 2296 an
1045 2233 1079 2296 in
1093 2234 1174 2297 cari·
1230 2236 1289 2298 buc
1311 2236 1396 2316 quod
1416 2235 1510 2298 scivit
1528 2254 1561 2298 se
1581 2254 1650 2298 esse
1668 2234 1798 2297 llatrem
1817 2234 1887 2297 veri
1907 2234 1988 2297 ado·

423 2338 486 2394 tate
502 2338 533 2393 et
547 2330 670 2393 meritis
684 2351 768 2394 verae
782 2331 891 2395 salutis
911 2332 1011 2394 simus
1030 2331 1174 2395 finaliter
1230 2332 1383 2415 randique
1402 2334 1469 2412 llei,
1485 2341 1517 2396 et
1535 2352 1599 2414 pras
1618 2333 1706 2396 omni
1730 2351 1810 2413 pura
1835 2340 1986 2396 creatura

424 2427 623 2512 permansuri
637 2448 674 2492 ao
694 2429 852 2509 morituri,
869 2428 931 2492 nisi
952 2430 991 2493 de
1013 2430 1074 2494 hoc
1095 2448 1174 2512 quo
1229 2431 1262 2494 in
1286 2451 1356 2493 esse
1381 2440 1486 2494 creato
1510 2429 1702 2493 subsistente
1731 2430 1879 2493 electam.
1905 2430 1984 2494 Ideo

424 2545 487 2609 que
520 2526 657 2609 desuper
690 2526 917 2591 certificemur.
948 2527 1079 2609 Propter
1112 2529 1173 2591 hoc
1228 2528 1383 2592 certitudo
1403 2528 1471 2610 spei
1496 2547 1560 2591 suae
1579 2528 1642 2590 fuit
1662 2527 1809 2591 absoluta
1828 2534 1861 2591 et
1878 2528 1984 2590 maxi-

278 2638 411 2691 rcamm.
424 2624 568 2688 hortatur
590 2624 760 2707 Apostolus
787 2649 794 2686 z
822 2624 880 2698 Qui
906 2632 978 2703 stat,
1003 2625 1111 2688 videat
1132 2644 1173 2688 ne
1228 2646 1291 2706 ma,
1307 2644 1430 2688 summe
1445 2644 1571 2707 quoquc
1590 2624 1802 2689 consolatoria
1816 2633 1849 2688 et
1863 2624 1984 2707 jucun·

423 2724 526 2786 cadat.
542 2722 649 2804 ltaque
664 2722 820 2786 certitudo
839 2722 906 2804 spei
928 2731 1042 2786 nostre
1064 2722 1174 2786 condi·
1227 2726 1278 2804 da,
1308 2722 1382 2805 quia
1415 2722 1593 2786 certissime
1621 2730 1751 2786 noverat
1780 2742 1815 2786 se
1843 2724 1884 2786 ad
1912 2731 1982 2787 tam

423 2820 550 2884 tionalis
565 2839 635 2883 esse
654 2820 816 2900 asseritur,
834 2827 945 2900 utputa
965 2822 1049 2901 quod
1073 2820 1174 2883 salva·
1228 2841 1384 2884 summam
1398 2829 1430 2883 et
1444 2820 1645 2883 ineffabilem
1659 2821 1892 2885 beatitudinem
1907 2842 1983 2903 per·-

424 2918 540 2998 bimur,
557 2917 584 2979 si
607 2917 640 2980 in
665 2917 795 2980 caritate
820 2924 851 2979 et
874 2917 998 2979 actibus
1021 2917 1173 2981 virtuosis
1226 2920 1415 2982 ducendam.
1436 2919 1559 2981 Etenim
1585 2918 1664 2981 illud
1683 2918 1840 3001 Apostoli,
1860 2919 1983 2983 Gloria·
1998 2947 2070 2990 ηπ,
2083 2950 2150 2995 ,,;,,

424 3016 646 3079 manserimus.
677 3015 732 3077 Est
759 3033 885 3096 quoque
917 3016 1074 3079 certitudo
1104 3016 1171 3096 spei
1191 3014 1299 3080 Cmur
1317 3018 1351 3078 in
1370 3035 1425 3098 spe
1444 3016 1553 3098 gloriae
1577 3016 1719 3080 filiorum
1743 3017 1811 3096 llei,
1827 3018 1898 3099 ipsa
1922 3037 1983 3099 po-

424 664 582 746 quivena
606 675 793 750 autputare
817 686 851 731 se
876 686 970 751 posse
994 668 1172 749 acquirere,
1187 666 1213 729 A
1230 676 1305 731 runt
1332 689 1366 733 se
1394 670 1543 734 omnibus
1568 669 1634 732 illis
1663 668 1767 751 magis
1797 666 1920 731 electos
1946 683 1989 729 ac

2149 1661 2150 1736 l

423 3123 537 3178 nostrae
552 3114 776 3196 conjecturalis
792 3122 886 3195 atque
901 3113 1088 3196 probabilis,
1107 3132 1171 3176 non
1227 3115 1349 3179 tissime
1386 3121 1417 3178 et
1453 3113 1686 3196 jucundissime
1721 3114 1827 3178 dicere
1862 3115 1980 3196 potuit,

423 3212 568 3276 absoluta
585 3236 592 3274 ε
610 3212 766 3294 siquidem
782 3232 820 3274 ex
840 3211 960 3274 eisdem
982 3211 1082 3292 signis
1103 3212 1173 3292 qui·
1226 3221 1335 3293 utpote
1362 3221 1427 3274 tam
1462 3211 1638 3273 certificata
1672 3212 1712 3274 de
1746 3212 1809 3290 bis,
1839 3231 1982 3293 veraque

424 3310 483 3373 bus
498 3309 706 3392 probabiliter
720 3309 802 3372 scire
817 3309 960 3371 valemus
975 3327 1033 3372 nos
1049 3327 1118 3370 esse
1138 3308 1171 3369 in
1226 3310 1362 3391 genitrix
1387 3309 1485 3373 fontis
1510 3310 1606 3372 totius
1631 3309 1741 3371 salutis
1764 3328 1803 3372 ac
1830 3310 1981 3373 omniurn

424 3409 566 3486 caritate,
583 3408 677 3470 etiam
696 3426 868 3489 agnoscere
896 3425 1063 3488 possumus
1087 3407 1171 3486 quod
1227 3407 1409 3470 salvatoris.

425 3524 513 3587 spem
548 3505 716 3570 formatam
746 3511 778 3568 et
804 3523 902 3584 opera
929 3503 1090 3566 meritoria
1117 3504 1172 3565 ha·
1266 3504 1419 3585 Denique,
1436 3523 1534 3584 quum
1554 3523 1627 3586 spes
1652 3523 1690 3566 cx
1712 3504 1814 3586 gratia
1838 3505 1980 3568 meritis-

425 3605 567 3667 beamus.
1226 3621 1288 3684 que
1313 3602 1473 3684 procedat,
1491 3601 1572 3663 sicut
1597 3602 1697 3683 gratia
1723 3601 1779 3665 Dei
1803 3610 1835 3664 et
1863 3603 1980 3665 merita

463 3702 559 3768 Porro
579 3699 731 3783 Apostoli,
749 3699 924 3782 presertim
945 3707 1017 3780 post
1038 3699 1173 3781 recepti·
1226 3700 1356 3782 copiosa
1381 3700 1413 3760 in
1441 3698 1537 3762 Maria
1564 3698 1749 3761 dulcissima
1776 3699 1981 3782 incompara-

424 3820 517 3865 onem
546 3799 759 3882 primitiarum
786 3798 921 3880 Spiritus
949 3797 1067 3875 Sancti,
1094 3797 1171 3860 certi
1226 3797 1333 3860 biliter
1347 3797 1561 3876 abundabant,
1578 3805 1610 3857 et
1631 3796 1714 3859 sicut
1734 3797 1805 3878 ipsa
1824 3797 1886 3861 boo
1908 3817 1982 3860 cer-

424 3907 515 3962 erant
529 3917 563 3960 se
578 3897 650 3960 esse'
663 3917 700 3959 ac
715 3915 918 3978 perseverare
933 3895 1049 3957 debere
1068 3895 1102 3957 in
1122 3915 1173 3958 ca·
1226 3896 1350 3958 tissime
1374 3902 1526 3974 noverat3
1543 3894 1590 3957 sic
1614 3895 1709 3976 plane
1735 3914 1809 3977 spes
1832 3895 1904 3976 ejus
1929 3897 1982 3958 in-

425 3997 528 4075 ritata,
550 3996 614 4059 imo
640 4003 670 4058 et
696 3995 728 4057 in
753 3995 903 4057 militanti
932 3993 1075 4056 Ecclesia
1103 4013 1173 4056 esse
1227 3993 1483 4075 comparabiliter
1507 4011 1633 4075 magna,
1659 3992 1811 4074 perfecta,
1835 4002 1922 4056 certa
1946 4003 1983 4057 et

424 4095 614 4176 precipuos,
631 4094 664 4155 in
685 4093 893 4173 triumphanti
920 4110 1046 4173 quoque
1065 4091 1173 4154 Eccle-
1227 4091 1436 4156 consolatoria
1450 4091 1579 4154 exstitit.
1593 4090 1864 4163 Quemadmodum
1879 4092 1980 4155 etiarn

424 4194 472 4258 sia
500 4190 780 4275 proportionaliter
814 4190 892 4252 tales
927 4189 1061 4252 futuros.
1092 4189 1352 4253 Hincliclaritas
1376 4209 1440 4251 suae
1464 4189 1584 4252 notitias
1608 4189 1670 4250 fuit
1695 4188 1905 4253 ineffabiliter
1924 4210 1981 4252 su-

424 4294 463 4355 de
483 4289 655 4353 eminentia
673 4287 834 4370 dignitatis
853 4294 884 4350 et
905 4287 1008 4349 meriti
1033 4305 1070 4349 ac
1096 4306 1173 4368 pre
1227 4287 1333 4370 perior
1352 4286 1532 4368 cognitione
1552 4286 1627 4349 fidei
1648 4288 1825 4349 secundum
1845 4307 1980 4351 cursum

348 4421 392 4450 ,ιι
424 4389 480 4452 mii
516 4387 750 4469 Apostolorum,
785 4385 884 4447 multa
916 4385 950 4446 in
983 4384 1172 4466 Apocalypsi
1228 4403 1441 4461 communem,
1468 4385 1515 4446 sic
1540 4379 1696 4447 certitudo
1724 4404 1789 4447 sue
1813 4394 1982 4468 exspecta-

304 4500 311 4513 '
423 4489 560 4552 loannes
575 4485 686 4548 scribit
699 4484 872 4567 apostolus.
889 4484 923 4545 ln
938 4503 1073 4564 quorum
1095 4484 1172 4546 item
1228 4483 1324 4546 tionis
1339 4482 1618 4565 proportionaliter
1632 4482 1751 4543 exstitit
1765 4482 1869 4564 major
1882 4484 1981 4546 certi-

364 4627 409 4665 vm,
424 4604 561 4670 persona
574 4583 715 4665 loquitur
729 4580 842 4644 Paulus
859 4605 865 4642 :
883 4581 991 4644 Certus
1008 4601 1077 4644 sum
1098 4582 1173 4663 quia
1228 4581 1336 4644 tudine
1365 4579 1610 4662 exspectationis
1638 4581 1706 4661 spei
1736 4581 1769 4642 in
1799 4581 1980 4645 viatoribus

423 4703 526 4764 neque
550 4701 647 4761 mors,
669 4699 772 4762 neque
796 4678 874 4758 vita,
901 4699 1004 4762 neque
1028 4688 1172 4743 creatura
1228 4678 1353 4743 ceteris.

423 4781 484 4844 alia
509 4779 625 4861 polerit
649 4797 707 4842 nos
732 4797 878 4858 seperare
903 4777 1074 4840 ecaritate
1102 4778 1170 4856 Dei,
1267 4778 1428 4854 Praeterea,
1444 4793 1517 4855 spes
1536 4774 1644 4856 pietati
1664 4775 1780 4838 divinae
1799 4779 1978 4859 praesertim

423 4900 492 4962 quaa
517 4887 565 4943 est
589 4878 622 4940 in
647 4877 769 4940 Christo
792 4877 866 4939 lesu
891 4877 1024 4940 Domino
1049 4884 1169 4938 nostro.
1227 4873 1397 4950 innititur;
1412 4879 1444 4935 et
1464 4881 1583 4954 quanto
1607 4871 1679 4953 quis
1703 4875 1864 4956 propriam
1887 4875 1980 4939 defe-

422 4977 571 5054 Quamvis
599 4985 704 5039 autem
729 4975 868 5058 Apostoli
900 4983 932 5038 et
958 4975 1011 5037 alii
1040 4974 1171 5055 quidam
1226 4972 1426 5036 ctuositetem
1441 4979 1473 5034 et
1491 4969 1757 5034 insufficientiam
1779 4973 1897 5036 clarius
1918 4993 1979 5037 no-

422 5077 529 5140 Sancti
544 5075 605 5138 ista
619 5076 659 5137 de
678 5094 713 5136 se
732 5093 770 5136 ex
789 5072 920 5155 speciali
941 5071 1042 5154 gretia
1057 5080 1089 5134 et
1102 5089 1172 5153 gra·
1226 5070 1401 5149 scit,atque
1415 5067 1661 5130 immensitatem
1677 5068 1905 5133 misericordiae
1918 5071 1978 5134 Dei

422 5177 502 5239 tiosa
536 5171 729 5236 revelatione
763 5178 932 5248 noverunt,
967 5189 1029 5233 non
1064 5177 1170 5232 tamen
1226 5166 1392 5250 limpidius
1412 5164 1657 5246 contemplatur,
1673 5184 1711 5228 co
1732 5167 1804 5247 plus
1828 5168 1979 5251 confugit

421 5281 547 5359 oportet
559 5279 671 5356 putare
685 5270 770 5352 quod
789 5267 1054 5332 certitudinaliter
1073 5286 1171 5332 nove-
1225 5267 1265 5329 ad
1287 5266 1397 5343 Deum,
1414 5273 1445 5328 et
1465 5264 1505 5328 ab
1524 5261 1611 5329 omni
1630 5263 1832 5347 propriarum
1856 5265 1981 5333 virium
