4309 6250
425 492 466 557 98
652 511 691 560 nn
711 513 874 561 crnrtrtrn
894 512 932 560 ar
951 514 1100 561 nacnmcs
1119 512 1150 559 a.
1171 516 1201 559 r.
1223 516 1340 572 atara,
1361 516 1451 563 cmm
1470 518 1504 564 rt.
1526 538 1568 549 -
1587 520 1659 566 aar.
1681 522 1748 567 mr

427 680 634 745 virtuositatis
648 682 853 746 simulacrum
868 691 899 745 ct
912 682 1084 765 exemplar.
1098 683 1171 746 ldeo
1186 686 1211 747 Α
1226 693 1286 763 est,
1315 687 1401 767 qnod
1428 686 1541 750 habuit
1567 689 1755 752 matutinam
1784 698 1817 752 et
1849 707 1990 771 vesper-

288 788 415 839 nataae,
428 778 490 840 init
504 778 666 841 simillima
681 780 750 843 viro
771 781 932 863 prudenti,
948 782 1083 845 nomino
1097 782 1172 844 lesu
1227 784 1327 845 tinam
1346 785 1587 865 cognitionem:
1604 788 1806 867 matutinam,
1828 806 1888 870 per
1908 806 1990 868 gra·

282 854 317 897 '⁴'
426 876 561 955 Christo,
597 878 757 941 aedilicans
792 881 920 943 domum
957 898 1021 943 suta
1056 880 1172 942 mentis
1227 882 1324 960 tiam3
1349 884 1575 964 vespertinam,
1601 905 1660 969 per
1687 895 1836 949 naturam
1860 895 1894 948 et
1921 905 1990 967 per

425 982 520 1055 atque
539 994 667 1037 snamm
688 984 878 1040 structuram
902 978 1052 1040 virtutum
1076 996 1173 1059 snpra
1226 981 1371 1060 gratiam.
1393 982 1557 1044 Decimum
1577 992 1627 1045 est
1646 984 1812 1047 conclusio
1835 1003 1873 1046 cx
1897 1002 1990 1065 praa·

425 1081 548 1153 petram
572 1074 773 1137 solidissime
798 1075 997 1152 humilitatis,
1024 1074 1173 1137 firmissi-
1227 1078 1334 1154 dictis,
1350 1079 1435 1159 quod
1451 1081 1579 1161 proprie
1600 1080 1772 1163 loquendo,
1788 1080 1909 1143 nullius
1931 1080 1986 1143 rei

425 1169 533 1250 mique
547 1169 658 1231 iilialis
679 1172 811 1251 timoris,
827 1192 864 1235 ac
886 1173 1046 1236 interioris
1067 1181 1172 1235 custo
1227 1174 1339 1239 habuit
1360 1177 1597 1257 ignorantiam:
1618 1178 1663 1239 ita
1683 1180 1770 1259 quod
1790 1178 1987 1241 beatissima

424 1267 485 1331 dias
507 1268 668 1332 cordialis.
1228 1272 1324 1354 Virgo
1348 1273 1551 1335 sufficienter
1573 1274 1717 1356 perlecta
1744 1274 1808 1337 tuit
1835 1294 1894 1357 per
1921 1275 1988 1337 ba·

399 1396 402 1405 ·
1229 1371 1330 1433 bitum
1344 1379 1465 1433 natura
1485 1380 1518 1433 et
1536 1372 1647 1454 gratiae
1666 1374 1754 1436 exire
1768 1373 1802 1434 in
1821 1373 1989 1456 operatio-

1229 1487 1286 1529 nes
1311 1478 1343 1530 ct
1366 1470 1518 1550 consequi
1544 1470 1646 1532 sanem
1671 1470 1846 1551 cujuslibet
1871 1470 1987 1533 scien-

606 1540 849 1605 ARTICULUS
873 1542 984 1605 XXII·
1228 1567 1302 1645 tite3
1327 1576 1359 1629 at
1381 1568 1449 1630 baec
1474 1568 1610 1630 scientia
1632 1570 1732 1632 exivit
1754 1570 1788 1631 in
1812 1578 1919 1632 actum
1945 1578 1987 1631 et

422 1688 471 1747 De
481 1688 682 1763 perfectione
691 1690 836 1748 scientiae
845 1698 874 1747 et
884 1691 1081 1765 cognitionis
1090 1710 1174 1748 sum·
1228 1666 1444 1773 ⁰P⁰s²ti⁰f¹⁰m
1458 1666 1672 1774 (immi-Ubii
1681 1667 1818 1774 qualiter
1830 1676 1863 1774 et
1874 1685 1987 1747 quan·

464 1796 524 1835 moe
542 1785 572 1835 et
592 1777 765 1837 benedictoe
784 1780 904 1839 Marg'oe
923 1781 1100 1837 secundum
1117 1782 1173 1839 Al.
1229 1770 1296 1822 lum
1314 1762 1520 1824 ordinabatur
1542 1762 1605 1824 sibi
1630 1763 1662 1824 in
1687 1763 1917 1825 beatitudinem
1936 1781 1983 1825 &C

464 1864 603 1925 bertum.
1185 1861 1209 1922 B
1228 1860 1300 1921 aliis
1323 1860 1357 1921 in
1381 1860 1527 1923 salntem.
1550 1859 1666 1924 Habuit
1688 1861 1775 1923 enim
1798 1860 1982 1943 perlectam

1228 1958 1442 2038 cognitionem
1462 1958 1607 2021 omnium
1630 1960 1671 2022 ad
1695 1978 1786 2021 suam
1807 1959 1985 2022 beatitudi-

277 2076 409 2135 sopsrct.
486 2068 1024 2144 oothJPlsctiNt'lAsapiencie
1036 2072 1172 2129 deducet
1228 2074 1302 2117 ⁰0¹1]
1317 2056 1493 2117 ⁸00¹¹¹¹d¹¹ffl
1514 2065 1630 2118 smum
1652 2058 1712 2120 Vlae
1730 2057 1981 2139 pertinentium,

497 2168 542 2225 ad
556 2184 694 2241 regnum
710 2175 916 2242 perpetuum.
932 2166 976 2228 De
998 2166 1170 2248 multiplici
1228 2161 1260 2214 at
1283 2153 1444 2216 nullorum
1468 2154 1630 2217 inutilium
1654 2163 1749 2236 atque
1775 2156 1815 2217 ad
1839 2156 1981 2236 gratiam

421 2262 576 2344 sapientia
590 2270 685 2343 amne
700 2263 834 2325 scientia
847 2264 949 2327 Mario
963 2264 1168 2345 dignissime,
1228 2250 1513 2332 ifflllt‘flissfflllums
1529 2252 1584 2315 Sed
1600 2271 1658 2332 lle?
1677 2260 1779 2316 ‘02⁰¹ss
1795 2253 1855 2315 ‘¹¹st
1872 2252 1982 2334 Smila

421 2368 454 2421 oo
482 2361 521 2422 no
550 2360 794 2441 incomparabili
821 2362 892 2441 otoo
919 2362 1108 2425 osoottooeo
1136 2363 1168 2424 to
1227 2348 1333 2430 nlent-
1350 2350 1558 2413 Undeomnia
1579 2369 1650 2432 nuc
1670 2351 1802 2413 luerunt
1822 2351 1981 2432 tuipsius

422 2456 556 2537 eisdem,
581 2458 760 2520 introducta
789 2467 863 2521 sunt
891 2459 1000 2521 multa,
1028 2461 1107 2523 ffinc
1137 2461 1169 2522 ῑῃ
1227 2447 1346 2524 anima,
1375 2447 1426 2510 vel
1462 2449 1618 2510 naturalia
1650 2448 1702 2511 vcl
1730 2450 1896 2530 acquisita,
1927 2450 1979 2512 sic

345 2568 350 2579 '
387 2598 393 2620 ,
423 2553 506 2617 libro
540 2556 579 2617 de
614 2555 773 2618 Laudibus
806 2556 997 2621 beatissimae
1033 2560 1170 2640 Virginis
1227 2555 1318 2607 efflui
1349 2547 1449 2626 timii
1484 2546 1655 2610 lssfffl'ffltlfl
1685 2548 1736 2608 Vt!
1769 2565 1844 2609 cum
1872 2547 1980 2628 8¹⁸ssss

292 2660 297 2671 '
325 2642 353 2673 ¹¹·
423 2650 536 2715 scribit
555 2651 701 2714 tilbertus
719 2676 726 2714 :
743 2653 928 2717 Beatissimo
948 2656 1041 2737 l'irgo
1064 2657 1097 2718 in
1119 2676 1171 2719 co
1227 2643 1410 2725 ⁰⁰¹¹i¹¹¹¹⁰i⁸2
1436 2652 1472 2705 ul
1497 2642 1564 2724 1⁸³¹ss
1588 2645 1696 2707 ⁰¹¹¹¹¹i⁸
1723 2652 1832 2709 θθῦθῦῑ
1854 2645 1980 2727 limini·

420 2749 565 2831 gnitionc
587 2769 644 2812 sna
664 2750 756 2833 plura
777 2751 887 2814 habuit
905 2753 1084 2835 privilegia.
1106 2755 1171 2817 Pri·
1226 2750 1258 2803 1⁸
1274 2765 1281 2803 ³
1297 2742 1383 2804 ¹¹¹1d0
1403 2743 1508 2805 0¹1¹¹¹i⁵
1529 2743 1665 2805 S⁰l⁰¹¹li⁸
1682 2744 1756 2824 ejus
1775 2743 1838 2805 ¹¹¹st
1855 2742 1980 2824 immi·

422 2867 511 2909 mum
535 2857 584 2911 ost
604 2847 747 2929 portooto
767 2850 907 2931 cognitio
928 2851 1090 2914 trinitatis
1115 2852 1170 2915 noi
1226 2848 1269 2917 ts,
1297 2840 1403 2903 omnis
1431 2840 1560 2903 dileetio
1589 2841 1661 2923 ojus
1688 2842 1838 2922 gratuito,
1867 2842 1979 2905 omnis

421 2944 492 3007 sinc
506 2944 624 3022 madio,
640 2963 736 3026 quarn
759 2947 869 3009 habuit
890 2948 922 3009 in
945 2948 997 3010 via
1019 2967 1078 3030 per
1097 2968 1170 3030 spe-
1225 2940 1365 3020 opemtio
1386 2940 1532 3021 gratuita,
1550 2948 1584 3000 nt
1604 2940 1673 3002 sine
1691 2940 1780 3002 omni
1801 2940 1979 3003 restrictio-

421 3042 628 3106 tialissimam
652 3044 799 3126 gratiam.
822 3045 1004 3108 Secundum
1027 3055 1076 3109 est
1100 3039 1207 3128 per-C
1226 3057 1277 3116 ne,
1299 3037 1476 3119 largissima
1495 3046 1528 3100 et
1548 3039 1716 3100 verissima
1739 3037 1976 3121 interpretatio-

419 3141 503 3205 iecta
531 3141 671 3223 cognitio
700 3144 841 3224 mysterii
869 3144 1110 3224 incarnationis,
1139 3154 1171 3207 et
1225 3157 1277 3217 ne,
1293 3147 1378 3199 esset
1397 3138 1566 3200 omnifaria
1585 3138 1686 3219 gratia
1704 3139 1809 3220 piena.
1827 3138 1898 3200 Hac
1920 3137 1976 3199 ΑΙ-

418 3238 502 3302 hanc
518 3237 631 3302 babuit
654 3242 863 3323 pergratiam
888 3251 920 3305 ct
940 3243 1170 3324 experientiam
1224 3236 1343 3298 bertus·

420 3336 625 3418 singularem.
638 3339 777 3400 Tertium
793 3347 841 3402 est
855 3341 997 3421 cognitio
1012 3360 1076 3403 snae
1091 3360 1171 3423 prae-
1263 3333 1360 3414 anus
1382 3335 1480 3396 verba
1498 3334 1662 3397 recitative
1683 3334 1784 3416 magis
1804 3353 1900 3415 qnam
1921 3354 1975 3397 as-

419 3434 652 3515 destinationis,
673 3453 768 3516 quarn
793 3436 904 3499 habuit
929 3457 986 3519 per
1005 3438 1170 3503 revelatio-
1224 3433 1355 3496 sertorie
1378 3433 1539 3496 intmduxi
1560 3457 1567 3494 ε
1585 3450 1655 3513 qna
1678 3441 1711 3494 et
1734 3433 1810 3495 satis
1834 3433 1972 3496 obscura

418 3550 493 3593 nem
528 3540 560 3594 et
595 3551 735 3596 cansam.
765 3533 917 3608 Quartum
945 3543 994 3598 est
1028 3537 1169 3618 cognitio
1222 3531 1380 3594 videntur.
1396 3531 1546 3604 Quamvis
1560 3550 1697 3613 namque
1712 3530 1972 3595 benedictissima

419 3629 533 3692 anima
552 3649 616 3693 sna
636 3639 731 3712 atque
753 3633 922 3713 spirituum
946 3653 1003 3716 per
1024 3635 1169 3716 proprias
1223 3630 1313 3710 virgo
1335 3629 1431 3692 ldaria
1458 3629 1607 3692 credatur
1628 3630 1727 3692 mum
1752 3628 1786 3691 in
1815 3629 1875 3693 hac
1904 3631 1971 3693 vita

420 3727 555 3811 species,
571 3747 665 3810 qnam
691 3729 803 3793 habuit
830 3731 1018 3814 dispositive
1037 3752 1096 3815 per
1114 3753 1169 3795 na·
1223 3727 1383 3790 interdurn
1408 3746 1465 3808 per
1488 3727 1629 3808 speciem
1652 3728 1877 3809 contemplata,
1903 3747 1969 3792 non

419 3835 534 3904 turam,
552 3833 583 3889 et
604 3828 796 3910 completive
817 3848 875 3911 per
895 3831 1051 3912 gratiam3
1068 3840 1101 3894 et
1121 3851 1169 3894 se-
1222 3835 1329 3889 tamen
1352 3834 1483 3908 apparet
1506 3827 1591 3908 qnod
1619 3826 1767 3889 babuerit
1794 3827 1970 3908 perlectam

419 3925 560 3986 cundum
580 3923 663 3988 hanc
685 3925 764 3988 vidit
785 3926 915 4007 angelos
936 3937 968 3990 ct
988 3929 1167 3992 animasse
1223 3924 1385 3987 Trinitatis
1405 3923 1621 4005 cognitionem
1641 3925 1710 3986 sine
1732 3924 1849 4005 medio,
1870 3945 1971 4006 quum

419 4021 589 4084 daemones.
612 4022 762 4096 Quintum
788 4031 837 4085 esi
861 4024 1002 4105 perlecta
1027 4027 1168 4107 cognitio
1223 4024 1326 4085 omnis
1340 4022 1480 4104 cognitio
1498 4021 1557 4084 liat
1578 4041 1635 4104 per
1656 4021 1892 4103 intelligibilem
1905 4022 1973 4087 lor-

418 4119 563 4182 omninm
597 4121 637 4180 ad
673 4129 789 4182 statum
825 4121 884 4183 viae
924 4123 1166 4204 pertinentium,
1223 4140 1308 4182 mam
1323 4130 1474 4202 tanquam
1495 4139 1553 4201 per
1572 4121 1726 4183 medinm.
1743 4120 1970 4184 Verumtamen

418 4234 513 4296 quam
548 4216 659 4278 habuit
688 4236 745 4299 per
772 4219 880 4299 gratim
909 4219 1105 4283 infusionem
1136 4231 1168 4285 et
1182 4224 1208 4286 i)
1223 4217 1256 4278 in
1273 4216 1395 4280 visione
1407 4236 1471 4297 qua
1492 4217 1635 4279 cernitur
1648 4217 1742 4295 beas,
1759 4235 1817 4279 sen
1831 4216 1971 4279 Trinitas

418 4313 682 4394 inspirationem3
699 4322 731 4378 et
751 4315 818 4379 hacc
834 4317 1075 4398 comprehendit
1096 4340 1168 4402 per·
1222 4316 1391 4393 adoranda,
1408 4314 1491 4378 lacie
1513 4316 1554 4377 ad
1576 4314 1704 4393 faciem,
1725 4314 1867 4378 medinm
1887 4314 1968 4378 illud

420 4410 536 4474 tectam
552 4412 767 4494 cognitionem
782 4413 1030 4495 Scripturarnm,
1047 4425 1079 4480 et
1094 4415 1169 4499 ope·
1222 4433 1279 4475 sen
1302 4413 1512 4493 intelligibilis
1536 4412 1660 4495 species
1687 4431 1752 4476 non
1780 4410 1893 4476 diiiert
1920 4431 1970 4475 rc-

417 4509 588 4572 randorum
616 4528 653 4572 ac
683 4511 1012 4592 contemplandorum.
1038 4513 1166 4578 Sextum
1221 4511 1313 4573 aliter
1331 4511 1372 4574 ab
1391 4511 1518 4591 objecto
1534 4534 1541 4571 ε
1558 4529 1674 4592 nempe
1695 4510 1742 4573 sic
1763 4511 1847 4574 Dens
1866 4511 1967 4574 videri

417 4615 466 4668 est
485 4606 625 4687 cognitio
646 4607 791 4671 omniurn
813 4609 897 4671 circa
917 4629 951 4672 se
973 4608 1163 4691 lutnrornm,
1222 4627 1286 4670 non
1301 4614 1406 4688 potest
1418 4626 1476 4688 per
1497 4607 1632 4670 formam
1647 4615 1796 4670 creatam.
1814 4608 1874 4670 Sed
1888 4626 1970 4690 quo

416 4720 512 4782 quam
527 4703 638 4766 babuit
653 4723 711 4786 per
723 4706 948 4770 revelationem
964 4716 995 4769 et
1009 4709 1042 4770 in
1058 4729 1167 4791 specu·
1221 4706 1308 4767 niam
1343 4704 1543 4767 ineffabilem
1577 4705 1785 4768 eminentiam
1824 4706 1968 4770 scientia

415 4800 447 4864 lo
462 4801 831 4884 lectionum.Septimnm
846 4813 894 4866 est
908 4805 1049 4886 cognitio
1063 4809 1166 4870 omni·
1220 4812 1314 4885 atque
1338 4802 1458 4866 notitiae
1482 4803 1583 4865 Maria
1612 4802 1819 4867 sanctissima
1847 4823 1969 4885 nequa-

414 4919 469 4962 nm
483 4899 523 4961 ad
544 4907 660 4962 statum
681 4901 790 4980 patriae
810 4902 1051 4984 pertinentium,
1068 4925 1164 4986 qnam
1220 4920 1316 4982 qnam
1344 4901 1439 4982 cupio
1473 4900 1615 4964 minnere
1650 4910 1704 4962 aut
1738 4910 1871 4981 arctare,
1900 4903 1968 4966 imo

414 4996 526 5059 babuit
547 5017 605 5080 per
625 4999 903 5080 contemplationis
922 5001 1161 5067 revelationem.
1219 5001 1321 5081 magis
1346 4999 1507 5077 extollere,
1533 4999 1652 5063 idcirco
1672 5000 1712 5062 de
1736 5000 1892 5082 praetactis
1915 5001 1970 5062 Al-

414 5095 568 5159 Octavnm
596 5104 644 5158 est
672 5096 812 5177 cognitio
847 5105 985 5160 statuum
1018 5101 1164 5162 omnium
1218 5097 1299 5160 berti
1327 5097 1433 5161 verbis
1461 5107 1665 5182 pertranseo;
1694 5117 1754 5161 nec
1783 5106 1894 5161 contra
1928 5119 1968 5162 ea

415 5202 642 5274 creaturarum,
669 5212 765 5275 qnam
793 5195 904 5258 habuit
933 5215 989 5278 per
1016 5207 1162 5261 naturam
1218 5195 1343 5259 curiose
1368 5213 1500 5276 arguere
1528 5203 1615 5277 opto,
1644 5213 1715 5276 qna
1741 5195 1826 5259 bono
1854 5195 1966 5260 animo

414 5300 446 5356 at
472 5291 606 5374 gratiam
634 5301 666 5356 ct
693 5293 1006 5375 contemplationem.
1035 5293 1163 5358 Nonum
1219 5295 1314 5357 credo
1335 5293 1467 5375 prolata.
