4309 6250
269 530 311 578 nl
330 530 539 579 sumentur!
559 531 654 579 bussi
674 529 841 578 renuncia
862 528 1091 576 tramutata
1112 528 1252 586 conctttt,
1273 528 1363 575 blm
1383 528 1404 573 l·
1427 542 1468 557 ···
1487 528 1558 575 Ant.
1580 526 1624 573 Vll
1664 506 1721 573 w

171 710 271 780 trum,
287 703 352 765 imo
370 700 514 765 emnium
530 700 688 779 lidelium,
707 709 741 763 et
758 697 962 763 hierarchae
977 698 1027 761 lus
1054 698 1240 781 dispensare
1273 704 1376 780 potest
1403 696 1465 759 nisi
1494 696 1542 760 illi
1570 694 1624 779 qui
1653 693 1724 759 vice

171 801 365 884 precipuus,
386 818 522 883 sponsus
546 800 672 877 unicus,
694 807 790 881 caput
808 797 924 861 indiri-
976 796 1092 859 Christi
1107 796 1270 880 spirituale
1285 796 1521 859 matrimonium
1536 794 1726 858 contrahunt

173 918 256 976 sum,
281 897 425 981 pontifex
447 917 605 975 summus,
630 897 745 960 Christi
770 895 920 973 vicarius,
976 914 1050 959 cum
1074 894 1217 960 Ecclesia
1238 918 1245 957 :
1266 904 1302 959 ut
1324 894 1417 977 Papa,
1437 893 1491 975 qui
1517 902 1566 956 est
1589 910 1725 975 sponsus

171 997 260 1075 lons,
274 997 364 1079 origo
377 1004 410 1059 et
424 996 533 1078 regula
553 1003 741 1059 cunctorum
763 988 923 1077 principa·
976 993 1167 1057 universalis
1191 992 1287 1057 totius
1311 990 1472 1069 Ecclesie,
1490 998 1521 1053 et
1539 991 1654 1053 iratres
1675 988 1724 1051 sui

171 1105 265 1158 tuum
289 1094 589 1175 ecclesiasticorum,
611 1112 629 1155 a
648 1111 712 1175 quo
731 1102 882 1175 tanquam
903 1112 924 1154 a
975 1091 1132 1173 episcopi,
1147 1091 1202 1173 qui
1221 1091 1412 1154 contrahunt
1431 1088 1595 1171 spirituale
1617 1088 1725 1151 matri·

172 1212 300 1256 summo
320 1193 484 1255 derivatur
501 1192 644 1255 ordinata
664 1199 802 1273 potestas
821 1209 922 1273 usque
976 1190 1121 1253 monium
1143 1208 1215 1253 cum
1235 1188 1341 1271 aliqua
1360 1186 1542 1271 particulari
1568 1186 1722 1250 Ecclesia.

172 1293 212 1355 ad
243 1291 357 1354 intima
383 1290 534 1353 Ecclesie
562 1289 716 1367 membra,
745 1290 921 1353 secundum
975 1288 1059 1371 Papa
1076 1306 1203 1370 quoque
1223 1296 1326 1370 potest
1350 1286 1467 1367 ubique
1493 1284 1722 1367 indulgentiam

171 1391 260 1471 quod
285 1388 383 1470 exigit
403 1388 588 1470 precellens
610 1388 749 1469 dignitas
768 1388 802 1449 in
821 1386 923 1449 eccle·
975 1388 1052 1450 dare
1077 1411 1084 1448 :
1112 1386 1262 1468 quoniam
1286 1386 1381 1449 habet
1404 1392 1591 1467 potestatem
1616 1384 1725 1467 plena·

172 1488 304 1551 siastica
323 1484 512 1551 hierarchia.
977 1485 1056 1548 riam
1086 1504 1182 1567 super
1214 1484 1398 1547 thesaurum
1433 1482 1594 1563 Ecclesie,
1624 1489 1656 1545 et
1683 1483 1723 1545 ad

214 1585 368 1666 Denique,
383 1585 549 1647 {iurandus
572 1584 613 1647 de
637 1584 668 1647 S.
690 1582 847 1664 Pontiano,
868 1585 924 1648 do·
976 1583 1082 1665 ipsum
1098 1582 1236 1665 pertinet
1250 1583 1346 1646 totius
1368 1581 1555 1646 universalis
1573 1580 1724 1645 Ecclesie

173 1693 245 1748 ctor
258 1691 292 1746 et
309 1682 406 1745 irater
418 1682 545 1745 Ordinis
559 1681 815 1763 Predicatorum,
827 1702 923 1765 super
977 1701 1065 1745 cura.

59 1802 92 1842 a.
134 1813 156 1841 ι.
172 1782 352 1846 secundum
367 1781 600 1844 Sententiarum
615 1780 698 1843 inter
719 1789 824 1844 cetera
845 1780 923 1844 scri·
1016 1779 1180 1861 Praeterea,
1210 1798 1247 1843 ex
1281 1779 1463 1844 doctoribus
1492 1779 1562 1842 istis
1598 1797 1724 1861 possem

171 1881 221 1943 bit
241 1904 250 1943 τ
270 1879 380 1942 Omnis
403 1887 542 1962 potestas
565 1878 796 1961 jurisdictionis
820 1880 922 1943 eccle·
937 1880 962 1943 B
976 1880 1085 1961 utique
1110 1879 1210 1943 multo
1235 1878 1327 1961 plura
1351 1879 1434 1942 hanc
1459 1878 1625 1942 materiam
1651 1898 1726 1943 con·

171 1978 311 2042 siastice
324 1976 625 2060 derivaturaPapa,
633 1977 808 2060 presertim
822 1997 922 2059 quan·
976 1978 1138 2041 cernentia
1163 1977 1311 2059 allegare,
1337 1978 1392 2040 sed
1420 1976 1568 2040 brevitati
1597 1978 1726 2041 studen-

170 2087 242 2141 tum
270 2077 310 2140 ad
333 2077 388 2140 illa
411 2078 451 2139 ad
479 2096 551 2158 que
573 2076 745 2139 Christiani
774 2086 922 2140 tenentur
976 2077 1052 2139 dum
1071 2084 1131 2139 est.
1153 2076 1240 2140 Unde
1261 2095 1298 2139 ex
1322 2075 1471 2139 omnibus
1494 2076 1560 2158 jam
1586 2076 1725 2139 inductis

170 2177 271 2241 etiam
286 2176 313 2238 si
328 2176 456 2258 propria
469 2184 583 2259 sponte
604 2194 669 2239 non
688 2175 866 2257 obligarent
887 2195 921 2239 se
976 2175 1153 2239 certissime
1169 2175 1351 2254 innotescit,
1368 2175 1452 2256 quod
1473 2174 1622 2238 dominus
1642 2174 1725 2258 Papa

171 2278 213 2340 ad
238 2295 288 2339 ea.
308 2274 425 2338 lterum
450 2274 495 2338 ait
510 2298 518 2336 :
535 2276 559 2338 Α
579 2282 733 2358 potestate
754 2274 844 2357 Pape
868 2276 922 2338 de·
975 2274 1071 2338 habet
1085 2282 1182 2337 totam
1196 2274 1387 2337 militantem
1409 2272 1584 2336 Ecclesiam
1606 2274 1725 2355 pariter

170 2375 292 2457 pendet
309 2373 414 2437 omnis
434 2380 572 2455 potestas
595 2372 824 2450 ecclesiastica,
840 2372 936 2435 sicut·
976 2382 1135 2455 sumptam
1150 2372 1327 2455 gubernare
1348 2391 1385 2435 ac
1403 2370 1558 2453 judicare,
1575 2390 1722 2454 purgare,

169 2494 190 2535 a
207 2479 362 2555 potestate
379 2469 581 2554 Imperatoris
599 2470 632 2533 in
651 2470 785 2552 imperio
804 2469 923 2553 depen-
975 2470 1169 2550 illuminare,
1185 2471 1353 2554 perlicere,
1374 2477 1468 2552 atque
1489 2471 1592 2534 eidem
1615 2471 1724 2553 preci·

169 2572 227 2633 det
256 2570 361 2633 omnis
390 2576 528 2652 potestas
551 2568 722 2631 wcularia.
749 2568 919 2650 Itemque:
976 2588 1051 2652 pere
1065 2569 1233 2652 legemque
1248 2569 1397 2647 condere,
1414 2578 1564 2652 tanquam
1580 2562 1723 2633 summus

169 2668 384 2751 Philosophus
398 2668 502 2749 primo
516 2666 718 2732 Politicorum
733 2668 822 2746 dicit,
836 2668 921 2751 quod
976 2675 1094 2751 pastor,
1110 2676 1199 2750 pater
1223 2675 1255 2730 et
1273 2667 1427 2751 pontifex,
1443 2687 1559 2751 preses
1578 2676 1610 2731 et
1627 2669 1724 2751 judex

171 2768 207 2831 in
229 2767 318 2831 omni
336 2766 516 2849 pluralitate
540 2766 685 2830 ordinata
708 2766 852 2829 naturale
873 2773 923 2829 cst
976 2765 1077 2848 ipsius
1112 2764 1146 2828 iu
1180 2774 1274 2845 terra,
1309 2766 1437 2848 plenam
1471 2766 1593 2829 habens
1628 2786 1724 2849 super

170 2876 270 2947 atque
284 2864 455 2948 expediens
469 2864 553 2946 quod
568 2883 651 2927 unus
665 2864 814 2929 omnibus
835 2864 922 2947 prin·
976 2864 1079 2946 ipsam
1098 2864 1329 2943 auctoritatem,
1346 2872 1534 2946 potestatem
1549 2873 1581 2927 et
1594 2865 1724 2946 jurisdi-

171 2966 299 3045 cipetur
332 2972 364 3026 et
391 2963 488 3027 ceteri
517 2962 581 3025 sint
609 2962 746 3043 subjecti
760 2985 768 3041 ;
798 2962 830 3025 in
859 2963 921 3026 hoc
976 2963 1115 3026 ctionem
1130 2963 1162 3025 in
1177 2962 1228 3025 his
1243 2962 1276 3025 in
1290 2963 1407 3045 quibus
1421 2962 1512 3026 Petro
1527 2964 1678 3044 succedit,
1692 2973 1725 3029 et

170 3071 280 3127 autem
295 3062 440 3126 consistit
453 3062 532 3126 erdo
550 3070 582 3126 et
602 3061 682 3127 ratio
702 3060 895 3144 prelationis
911 3086 919 3126 ε
940 3063 961 3127 C
976 3060 1140 3143 inquibus
1155 3060 1295 3123 Christus
1310 3080 1383 3123 suas
1398 3060 1427 3123 ci
1443 3060 1530 3124 vices
1549 3061 1720 3141 commisit,

171 3182 251 3246 ergo
265 3161 407 3244 prelatio
420 3171 470 3225 est
487 3161 522 3224 in
541 3160 724 3225 hominibus
744 3161 921 3224 secundum
976 3161 1037 3223 hoc
1064 3168 1114 3224 est
1137 3160 1312 3223 secundum
1336 3179 1517 3223 mensuram
1541 3167 1573 3223 et
1595 3161 1724 3243 exigen-

171 3261 319 3324 debitum
335 3259 467 3323 rationis
481 3279 519 3322 ac
533 3259 651 3322 divine
664 3259 886 3324 ordinationis.
976 3259 1054 3322 tiam
1076 3258 1125 3321 sui
1145 3257 1259 3339 cilicii,
1276 3278 1332 3322 seu
1352 3256 1385 3320 in
1404 3258 1454 3322 his
1480 3277 1550 3340 que
1574 3259 1723 3342 magiste-

213 3361 270 3422 llis
289 3358 396 3422 verbis
415 3357 554 3422 [iurandi
575 3359 769 3422 concordant
786 3378 857 3441 que
878 3359 923 3422 al·
977 3358 1059 3421 rium
1084 3377 1177 3420 suum
1202 3365 1420 3436 concernunt3
1445 3365 1477 3420 et
1502 3358 1585 3420 istud
1604 3377 1725 3422 assere·

171 3467 223 3522 ter
242 3458 410 3520 Durandus
433 3457 545 3520 asserit
569 3456 603 3518 in
624 3475 680 3520 sua
702 3458 842 3536 Summa,
858 3457 923 3520 dis·
977 3477 1022 3537 re,
1048 3456 1082 3518 in
1111 3456 1211 3537 nullo,
1237 3463 1330 3539 prout
1354 3456 1438 3518 inlra
1463 3456 1526 3520 Deo
1555 3465 1723 3540 prestante

171 3557 331 3620 tinctione
353 3557 457 3638 prima
481 3555 565 3618 circa
587 3555 795 3639 principium,
815 3555 922 3620 dicen·
976 3555 1153 3635 ostendam,
1180 3555 1310 3638 derogat
1332 3562 1387 3618 aut
1409 3555 1518 3618 obviat
1542 3556 1723 3620 auctoritati
1814 3539 1826 3556 ⁸

172 3657 215 3720 do
232 3679 240 3718 ι
257 3655 399 3718 Christus
414 3654 619 3736 singulariter
636 3653 716 3716 dixit
734 3653 835 3732 Petro,
853 3655 922 3718 'libi
977 3653 1174 3736 generalium
1196 3653 1418 3717 conciliorum.

35 3757 72 3795 ”¹¹
112 3778 118 3789 ·
171 3756 257 3818 dabo
283 3754 390 3816 claves
413 3751 503 3835 regni
527 3753 692 3832 celorum,
708 3753 748 3816 ad
771 3754 923 3816 denotan·
1017 3751 1097 3814 ilinc
1119 3770 1233 3834 nempe
1254 3751 1373 3814 Alanus
1394 3750 1434 3815 ad
1457 3751 1650 3816 Clementem
1671 3753 1726 3816 Pa-

171 3854 251 3916 dum
275 3850 428 3915 Ecclesie
455 3851 622 3932 unitatem,
647 3859 680 3914 et
703 3860 738 3914 ut
765 3870 877 3914 omnes
904 3871 923 3914 a
978 3870 1053 3934 pam
1076 3849 1189 3913 scribit
1213 3851 1297 3932 qued
1322 3849 1418 3913 habet
1441 3858 1541 3913 totum
1570 3851 1725 3913 mnndum

171 3951 266 4015 Petro
279 3958 311 4014 et
324 3970 343 4013 a
356 3948 498 4031 quolibet
511 3949 583 4030 ejus
598 3967 780 4012 successore
799 3949 924 4031 accipe
979 3948 1171 4011 illuminare.
1200 3948 1239 4011 Et
1272 3947 1420 4011 Nicolaus
1453 3949 1493 4011 de
1524 3948 1603 4030 Lyra
1632 3968 1728 4032 super

172 4058 246 4114 rent
260 4067 325 4111 sue
338 4047 503 4131 potestatis
516 4047 684 4128 originem,
700 4047 794 4128 eique
809 4048 842 4109 in
857 4065 925 4112 om·
979 4046 1070 4125 illud,
1092 4047 1230 4127 Sequere
1254 4065 1317 4127 me,
1339 4045 1452 4109 asserit
1477 4069 1485 4109 ε
1512 4046 1727 4111 Committitur
1753 4077 1837 4123 am,

171 4147 271 4211 nibus
291 4156 443 4229 tanquam
466 4144 609 4208 membra
628 4145 724 4227 capiti
744 4145 922 4210 obedirent.
978 4147 1069 4209 Petro
1090 4163 1187 4234 super
1204 4144 1378 4208 Ecclesiam
1397 4145 1578 4209 universale
1600 4145 1728 4228 regimi-
1741 4154 1785 4193 ¹¹¹·
1798 4144 1832 4186 ¹⁰·

172 4247 212 4309 Et
233 4245 294 4310 hoc
314 4253 401 4328 patet
418 4263 514 4307 causa
531 4241 583 4322 tt,
599 4244 772 4326 questione
792 4243 821 4323 l,
839 4245 925 4327 capi·
939 4248 964 4312 D
979 4244 1029 4307 nis
1053 4242 1212 4307 ollicium.
1240 4242 1277 4305 Et
1305 4243 1410 4306 denuo
1439 4262 1534 4324 super
1560 4242 1649 4321 illud,
1676 4243 1726 4307 Sic
1741 4266 1846 4312 roasa

46 4365 156 4422 nanae.
172 4347 242 4409 tulo
257 4347 470 4424 Quicumque,
490 4351 522 4405 et
540 4341 573 4405 in
593 4343 734 4425 capitulo
747 4346 923 4424 Loquitur.
979 4362 1051 4405 eum
1077 4342 1149 4406 velo
1174 4360 1313 4420 manere,
1340 4340 1481 4422 loquitur
1504 4342 1691 4423 exponendo
1717 4366 1724 4404 ι

34 4432 157 4544 2⁸⁰2}ss
171 4445 296 4508 Rursus
314 4449 448 4506 testatur
467 4441 569 4524 prima
587 4441 791 4505 distinctione
808 4466 815 4504 ι
832 4443 924 4506 Solus
978 4439 1047 4504 Non
1071 4440 1145 4505 volo
1168 4459 1252 4518 eum,
1277 4448 1354 4522 puta
1377 4440 1541 4519 loannem,
1563 4439 1651 4521 sequi
1676 4460 1727 4504 me

35 4557 63 4597 ¹⁸-
151 4526 258 4625 'Papa
279 4540 374 4604 habet
393 4539 623 4621 plenitudinem
643 4539 808 4623 potestatis
830 4541 924 4622 plene
978 4547 1133 4621 quantum
1155 4539 1193 4600 ad
1213 4537 1407 4620 prelationis
1427 4536 1575 4601 cilicium
1594 4537 1627 4600 in
1647 4539 1728 4621 regi-

172 4640 319 4716 liberam,
334 4641 489 4721 qu‘antum
508 4638 547 4701 ad
566 4656 679 4701 omnes
703 4638 848 4702 homines
868 4639 923 4722 qui
980 4639 1066 4701 mine
1094 4636 1284 4701 universalis
1312 4636 1463 4700 Ecclesie
1491 4643 1607 4700 tecum.
1635 4637 1728 4700 Plura

172 4747 250 4802 sunt
264 4737 315 4800 vel
335 4755 406 4801 esse
420 4744 563 4820 possunt,
580 4744 613 4800 et
625 4745 780 4818 quantum
799 4739 839 4800 ad
857 4756 924 4801 om·
978 4738 1107 4799 demum
1130 4736 1247 4798 similia
1266 4754 1362 4817 super
1380 4735 1597 4824 Evangelistas
1617 4736 1728 4799 scribit

172 4839 229 4901 nia
252 4843 384 4919 peccata
401 4854 472 4917 que
491 4842 625 4918 possunt
643 4834 683 4896 ab
703 4835 833 4898 homine
854 4855 925 4918 per·
978 4835 1127 4899 Nicolaus
1142 4836 1181 4899 de
1196 4833 1303 4898 Germ.
1320 4834 1401 4910 Quid
1415 4843 1523 4897 autem
1538 4843 1586 4898 est
1600 4835 1729 4900 uuiver-

171 4935 315 5020 petrari3
343 4934 466 5017 prelati
503 4953 578 4997 vero
611 4932 779 4998 inleriores
806 4935 925 4998 habent
979 4935 1053 4997 salis
1073 4934 1227 5012 Ecclesia,
1244 4933 1305 4996 nisi
1325 4942 1390 4997 tota
1408 4941 1440 4996 et
1459 4952 1523 4996 una
1546 4935 1727 4998 communis

171 5042 364 5119 potestatem
378 5033 523 5112 liberam,
539 5033 595 5095 sed
609 5033 789 5114 aliqualiter
807 5032 924 5097 limita·
977 5032 1120 5096 Ecclesia
1135 5052 1172 5095 ex
1187 5032 1334 5095 omnibus
1356 5031 1600 5114 particularibus
1618 5032 1727 5096 Eccle-

171 5145 251 5212 tam,
268 5141 333 5196 tarn
347 5141 502 5215 quantum
516 5132 556 5194 ad
571 5151 723 5215 personas
736 5151 832 5215 quam
847 5152 925 5216 que
978 5131 1035 5194 siis
1060 5141 1222 5211 constans,
1249 5131 1406 5193 resultans
1431 5150 1487 5193 seu
1515 5134 1724 5213 congregatal

173 5235 214 5297 ad
244 5240 387 5315 peccata.
416 5231 550 5312 insuper
581 5230 660 5294 dicit
690 5255 697 5293 ι
728 5231 923 5295 thesaurum
978 5229 1047 5294 Non
1074 5249 1150 5312 ergo
1177 5230 1340 5292 dumtaxat
1367 5247 1601 5312 quamcumque
1631 5230 1726 5312 parti-

172 5329 338 5409 Ecclesie,
353 5330 394 5393 de
408 5348 472 5412 quo
486 5330 602 5392 dantur
620 5328 838 5412 indulgentie,
854 5331 925 5396 nul·
978 5329 1121 5394 celarem
1150 5327 1326 5393 Ecclesiam
1349 5328 1445 5392 habet
1468 5328 1551 5412 Papa
1573 5347 1721 5412 purgare,
