4309 6250
461 444 520 509 dtu
624 458 773 508 nmnoous
795 458 1023 507 ursrurarrorus
1044 457 1136 505 mrsu
1156 457 1362 505 aaarsrrarrurr
1383 459 1421 505 rr
1441 459 1655 509 aramemurr.
1677 481 1718 492 -
1737 464 1806 511 aar.
1826 466 1848 511 rr

461 626 616 690 divinitus
630 628 747 706 datam,
763 644 871 689 nonne
887 624 1059 707 perfectius
1079 632 1127 687 est
1141 643 1211 687 eam
1226 625 1251 687 Α
1267 625 1313 689 ria
1334 647 1467 711 quaqua
1488 628 1520 691 in
1539 630 1656 713 quibus
1674 632 1881 697 discordantia
1896 645 1979 699 nostru
2091 671 2092 714 2

462 725 556 789 simul
582 744 654 789 cum
680 724 867 807 evangelica
889 724 959 806 lege
980 730 1101 803 tenere,
1116 741 1211 804 quam
1265 734 1420 806 versatur,
1436 728 1469 789 in
1491 728 1603 809 primis
1624 729 1682 791 tibi
1705 730 1738 793 in
1759 731 1892 815 generali
1911 752 1978 797 mou
2091 723 2092 744 *

461 821 681 905 evangelicam
703 822 811 905 legem
844 824 1026 885 dumtaxatt
1054 820 1210 903 Amplius,
1265 822 1372 886 strabo
1394 823 1498 907 legem
1521 826 1689 891 blahometi
1714 847 1785 892 esse
1812 830 1976 913 sacrilegam,

461 938 561 1001 quum
582 919 723 1003 praetacti
745 937 869 983 errores
893 916 1015 981 etalio
1040 917 1147 980 multae
1170 917 1212 979 it·-
1266 920 1397 1003 impiam
1417 943 1454 987 ac
1476 926 1673 1005 mendosam,
1690 934 1723 990 et
1740 926 1916 992 Alcoranum
1934 931 1978 992 in

462 1018 666 1083 rationabiles
694 1037 731 1081 ac
760 1036 889 1099 prorsus
921 1015 1136 1099 impossibiles
1163 1034 1212 1077 as·
1265 1019 1384 1100 plicare
1398 1022 1682 1088 contradictionem
1702 1025 1736 1087 in
1755 1026 1870 1107 multis,
1883 1046 1915 1091 ac
1932 1028 1977 1091 sibi
2091 1045 2092 1080 1

462 1117 616 1181 sortiones
640 1116 672 1178 in
700 1114 872 1198 Evangelio
898 1114 1133 1192 contineantur,
1150 1132 1210 1177 neo
1266 1115 1327 1198 ipsi
1348 1137 1418 1181 esse
1439 1120 1645 1185 contrarium.

461 1224 567 1279 tamen
588 1235 607 1277 a
624 1214 759 1292 Christo,
776 1232 852 1277 vcro
870 1233 907 1276 ac
930 1231 1054 1276 summo
1070 1211 1123 1274 Dei
1139 1230 1211 1294 pro·
1305 1214 1518 1282 Sannacnuus.
1534 1218 1678 1293 —Quod
1696 1220 1802 1285 animo
1823 1223 1976 1306 concepisti,

460 1315 556 1399 pheta
570 1334 606 1377 ac
622 1314 744 1391 nuntio,
757 1313 821 1374 sint
835 1312 960 1395 prolati,
974 1320 1097 1375 constat
1111 1310 1211 1373 Evan-
1265 1311 1384 1377 ellectu
1406 1334 1465 1398 pro
1490 1334 1584 1399 posse
1609 1337 1812 1401 prosequere.
1828 1321 1916 1385 ileum
1933 1324 1978 1385 crit

459 1413 578 1494 galium
593 1432 663 1476 esse
679 1411 834 1475 iniectum
849 1418 943 1492 atque
958 1409 1118 1473 falsatum.
1131 1407 1210 1473 Prae-
1266 1412 1327 1475 tuis
1346 1413 1579 1495 objectionibus
1600 1419 1805 1501 respondere,
1821 1420 1896 1483 sicut
1907 1429 1932 1483 ct
1942 1430 1979 1483 tu-

460 1520 557 1592 terea,
587 1530 703 1595 corpus
736 1519 768 1573 et
803 1509 990 1592 sanguinem
1024 1508 1139 1571 Christi
1175 1507 1209 1570 in
1264 1530 1318 1573 um
1340 1512 1430 1575 meis.

460 1610 663 1673 Sacramento
691 1628 755 1673 non
784 1607 952 1687 contineri,
980 1607 1070 1687 ratio,
1097 1625 1209 1669 sensus
1303 1609 1521 1677 Canrsrrsrtus.
1536 1614 1643 1677 —Sic
1659 1614 1730 1680 liat.

459 1716 491 1771 et
523 1707 716 1792 experientia
749 1714 977 1771 contestantur.
1008 1741 1049 1753 —
1075 1706 1115 1767 Et
1140 1706 1208 1767 haec

459 1826 545 1870 nunc
559 1815 625 1870 tam
640 1805 779 1869 breviter
794 1804 934 1887 tetigisse
954 1822 1024 1868 reor
1043 1803 1206 1885 sulficere,
1224 1807 1248 1869 B
1335 1861 1337 1864 .

458 1907 610 1989 quoniam
636 1904 731 1984 inira,
756 1905 782 1967 si
807 1924 902 1967 causa
926 1904 1075 1985 exegerit,
1098 1902 1208 1966 ellioa-
1482 1881 1727 1949 ARTICULUS
1750 1886 1795 1950 ῙῙ·

459 2006 529 2069 cius
547 2006 764 2070 ostendentur,
782 2004 841 2067 Sed
863 2003 915 2066 dic
935 2003 1019 2065 unde
1037 2003 1069 2065 id
1090 2002 1208 2064 habeas
1263 2023 1355 2090 Quod
1368 2024 1422 2081 [ω
1437 2024 1615 2085 Mamm,-
1627 2026 1671 2084 ,p
1684 2029 1854 2105 mrum,
1867 2030 1978 2107 „jugg

458 2104 542 2186 quod
572 2102 685 2185 legiler
711 2110 820 2167 noster
847 2102 991 2165 docuerit
1015 2100 1122 2165 omnia
1148 2100 1208 2163 ista
1473 2113 1576 2189 impia
1590 2122 1620 2173 er
1635 2117 1798 2179 mendosa,

458 2202 611 2266 inferiora
632 2203 671 2264 de
694 2202 881 2265 necessitate
903 2200 1059 2264 accidere.

497 2301 716 2365 Cnmsrmuus.
732 2337 773 2347 -
796 2300 843 2363 Ad
869 2299 1016 2362 ultimum
1040 2298 1125 2361 istud
1150 2298 1207 2361 tibi
1301 2297 1899 2384 erroneus-Scripturadivinitus
1911 2326 1980 2369 rere

458 2401 645 2483 respondeo.
662 2400 697 2463 ln
718 2398 874 2462 Chronica
898 2398 1143 2461 serracenorum
1167 2398 1207 2460 de
1262 2397 1335 2475 latu,
1352 2417 1370 2460 a
1385 2417 1510 2461 summa
1524 2407 1556 2461 et
1574 2399 1714 2465 increata
1726 2404 1861 2468 Veritate
1874 2407 1979 2470 deseen-

458 2498 570 2563 mundi
585 2498 756 2578 creatione,
774 2498 857 2561 inter
875 2505 979 2561 cetera
999 2498 1205 2560 continetur:
1262 2496 1352 2576 dens,
1373 2495 1419 2558 nil
1445 2497 1590 2561 continet
1614 2498 1711 2580 falsi,
1733 2503 1812 2566 etsi
1832 2524 1890 2567 una
1907 2504 1935 2566 in
1951 2523 1979 2565 ca
2094 2505 2095 2524 ¹

458 2598 598 2680 Angelus
612 2597 748 2677 homini,
765 2598 840 2660 dum
860 2596 999 2660 animam
1014 2596 1044 2659 ei
1059 2594 1206 2679 inspirat,
1261 2594 1383 2658 falsitas
1407 2593 1572 2660 invenitur
1598 2605 1751 2679 tanquam
1776 2602 1885 2670 veritas
1905 2604 1979 2665 deso

458 2705 595 2778 quatuor
618 2694 798 2759 necessaria
822 2693 1009 2778 prescribit,
1030 2694 1205 2757 videlicet:
1261 2711 1320 2775 por
1342 2692 1514 2772 allirrnata,
1535 2694 1620 2777 perit
1643 2703 1709 2761 tota
1729 2698 1801 2779 ejus
1825 2701 1978 2778 auctoritas,

458 2814 522 2878 quo
550 2795 646 2873 victu,
672 2812 736 2876 quo
764 2793 837 2856 vitae
865 2792 1013 2871 termino,
1035 2811 1099 2873 qua
1123 2800 1207 2855 sorte
1262 2791 1417 2857 certitudo
1431 2812 1468 2856 ac
1483 2794 1618 2876 puritas,
1634 2815 1694 2859 nec
1713 2798 1829 2880 poterit
1845 2799 1980 2882 Scriptura

457 2893 593 2973 lrnetur,
618 2901 650 2958 et
676 2893 761 2975 quod
789 2911 870 2974 opus
898 2892 1017 2955 bonum
1045 2891 1207 2954 malumve
1261 2889 1416 2953 canonica
1435 2892 1626 2976 nuncupari.

457 2992 661 3077 perpetrabit.
679 2991 766 3055 Unde
788 2991 865 3054 lieet
887 2990 969 3054 inter
990 2990 1205 3053 damnandum
1225 2989 1246 3052 C
1300 2988 1514 3055 Sarmentus.
1527 3026 1568 3037 -
1582 2991 1614 3055 Si
1629 3001 1740 3057 auctor
1755 2995 1827 3061 tulis
1840 2997 1981 3080 Scriptura
2094 3069 2095 3078 ἵ

455 3091 638 3176 quempiam
663 3098 695 3154 et
719 3089 899 3174 paradisum
925 3089 1128 3173 intercapedo
1157 3107 1206 3153 so-
1260 3088 1453 3153 eoncedatur
1476 3088 1509 3153 in
1534 3108 1599 3155 uno
1618 3110 1754 3175 errasse,
1769 3114 1842 3162 mox
1864 3095 1980 3179 sequitur

456 3192 523 3254 lum
552 3189 697 3254 cubitalis
721 3209 759 3252 cr
783 3188 977 3272 operationis
1002 3207 1066 3251 suae
1092 3188 1205 3252 merito
1260 3188 1344 3269 quod
1372 3207 1437 3252 non
1465 3189 1614 3258 habuerit
1644 3201 1766 3257 certam
1795 3204 1827 3259 et
1854 3193 1981 3258 infallibi-

457 3297 617 3371 apparcat,
635 3287 815 3351 necessario
831 3287 946 3351 redibit
964 3287 1004 3349 ad
1023 3306 1121 3370 opera
1135 3306 1205 3369 qnae
1260 3286 1323 3349 lem
1346 3287 1554 3352 directionem
1582 3309 1602 3351 a
1626 3290 1690 3355 lleo
1719 3293 1754 3355 in
1784 3294 1936 3358 scribendo
1954 3299 1979 3354 ct

457 3387 631 3470 changeio
657 3387 686 3450 ei
712 3385 894 3470 prescripta
919 3385 1011 3448 illurn
1038 3385 1071 3448 in
1098 3385 1205 3466 ignem
1260 3385 1458 3468 instruendo,
1473 3396 1505 3450 ct
1528 3389 1614 3469 quod
1637 3409 1698 3452 nec
1717 3399 1819 3456 toturn
1837 3413 1855 3456 a
1870 3393 1926 3456 lleo
1941 3409 1982 3453 ae

456 3487 637 3550 detrudent.
1261 3484 1381 3567 ceperit
1395 3484 1480 3566 quod
1494 3484 1639 3550 affirmet
1650 3511 1658 3550 ε
1669 3487 1780 3573 sicque
1795 3491 1914 3555 vacillat
1924 3490 1981 3570 ejus

497 3586 711 3649 sineremus.
727 3619 768 3630 -
785 3581 897 3647 Nonne
915 3591 948 3646 et
968 3582 1137 3646 Christiani
1159 3581 1206 3646 ia·
1260 3582 1441 3646 aucteritas.

457 3691 564 3746 lentur
590 3683 696 3747 omnia
727 3681 816 3764 juxta
846 3681 963 3744 divinae
997 3681 1205 3764 providentiae
1299 3679 1513 3746 Cnursrrauus.
1529 3717 1571 3728 -
1588 3683 1622 3748 Si
1645 3704 1722 3768 ergo
1746 3688 1808 3751 rite
1832 3687 1981 3771 probavero

349 3853 353 3861 ,
456 3782 614 3862 ordinem,
648 3780 891 3865 dispositionem
924 3787 1019 3862 atque
1054 3779 1205 3844 intuitum
1259 3779 1376 3842 laisum
1391 3779 1468 3861 quid
1483 3782 1640 3846 contineri
1654 3784 1689 3846 in
1703 3785 1868 3868 Aleorano,
1883 3783 1981 3869 patebit

457 3880 633 3946 certissime
654 3900 691 3944 ac
712 3879 893 3943 necessario
915 3879 1106 3961 proveniret
1259 3876 1338 3939 illud
1353 3896 1416 3940 non
1432 3897 1501 3940 esse
1520 3879 1659 3963 desuper
1676 3884 1861 3964 revelatum,
1875 3883 1983 3946 aedhu-

495 3977 997 4044 Cunrsrmrrus.-Certitudinem
1011 3977 1206 4060 divinaepre
1260 3994 1353 4039 mana
1379 3975 1551 4039 calliditate
1577 3978 1765 4060 confictum,
1791 3992 1880 4066 atque
1900 3981 1982 4063 inspi·

457 4079 606 4144 videmiae
621 4097 657 4140 ae
673 4077 851 4140 libertatem
866 4076 988 4140 arbitrii
1008 4077 1125 4139 mentis
1140 4096 1207 4140 cre
1260 4082 1349 4138 rante
1370 4075 1497 4140 diabolo
1518 4095 1589 4139 esse
1609 4077 1793 4144 collectum.

457 4186 515 4242 atae
529 4187 561 4240 et
575 4174 824 4258 contingentiam
840 4195 944 4238 rerum
960 4175 1095 4238 dicimus
1111 4174 1205 4239 simul
1221 4186 1245 4249 [J
1300 4174 1563 4238 Santonorum.—
1573 4174 1623 4238 Nil
1638 4177 1842 4243 minus.Nam
1855 4187 1884 4244 et
1895 4178 1982 4261 prino

458 4285 550 4340 stare.
577 4275 641 4340 Nee
664 4273 866 4358 providentia
891 4275 946 4337 Dei
977 4275 1058 4337 tollit
1086 4273 1126 4336 ab
1150 4275 1207 4338 bo
1259 4272 1406 4338 Aleorani
1430 4272 1570 4356 capitulo
1591 4274 1731 4356 legitur:
1749 4278 1807 4342 llic
1832 4279 1906 4342 liber
1925 4277 1983 4341 rte

458 4375 544 4438 mine
572 4375 751 4438 libertatem
779 4381 834 4436 aut
863 4381 1068 4455 spontaneam
1095 4373 1208 4437 volun·
1260 4393 1323 4456 que
1347 4371 1493 4436 falsitatis
1522 4372 1572 4436 vel
1597 4376 1714 4439 erroris
1738 4397 1871 4458 annexu,
1885 4374 1983 4441 veridi-

457 4481 565 4551 tatem,
596 4491 691 4554 quam
721 4471 813 4534 nobis
846 4471 951 4535 inesse
980 4471 1143 4554 Scriptura
1176 4481 1207 4536 et
1261 4493 1318 4537 cus
1333 4480 1391 4551 est,
1408 4480 1469 4536 etc.

458 4570 654 4655 experientia
674 4571 830 4652 pandunt.
1301 4571 1516 4636 Cunrsrrsrtus.
1531 4571 1760 4640 -Undecimo
1784 4575 1920 4642 rllcorani
1940 4591 1982 4637 ca·

499 4671 711 4733 Saunncnuus.
727 4668 876 4732 -ldulta
896 4677 927 4732 et
952 4670 1050 4733 ardua
1073 4690 1111 4734 ac
1134 4690 1208 4755 pro·
1261 4670 1360 4754 pitulo
1384 4669 1485 4734 fertur
1502 4692 1508 4733 :
1525 4671 1622 4735 ludet
1650 4673 1877 4759 blasphemiam
1897 4673 1982 4737 llum

458 4769 558 4832 lunda
586 4767 717 4831 suntin
744 4768 861 4850 quibus
889 4767 1121 4850 discordamus,
1148 4789 1206 4834 nec
1261 4778 1293 4834 et
1319 4769 1559 4858 immoderatam
1586 4772 1815 4838 contumeliam
1842 4772 1982 4848 inierunt3

459 4876 580 4952 queunt
606 4867 714 4931 omnia
739 4887 803 4930 uno
828 4867 1066 4949 comprehendi,
1090 4869 1207 4932 discuti
1261 4885 1358 4948 seque
1380 4865 1551 4948 Christum,
1576 4868 1677 4933 hieriae
1701 4869 1820 4954 lilium,
1844 4871 1892 4936 bct
1916 4888 1984 4932 nun

459 4977 514 5034 aut
535 4967 676 5052 expediri
698 4966 831 5030 articulo
849 4991 855 5030 :
873 4967 991 5031 ideirco
1007 4970 1208 5051 unumquod-
1261 4965 1353 5043 tium,
1359 4965 1532 5048 peremisse
1546 4967 1795 5050 perbibent.Sed
1808 4985 1984 5054 nequaquam

430 5137 432 5140 ,
459 5089 521 5154 que
543 5088 600 5134 suo
623 5067 873 5152 perstringamus
896 5067 1045 5150 capitulo.
1260 5084 1346 5144 eum,
1363 5065 1418 5127 sed
1437 5063 1487 5126 sui
1507 5065 1645 5129 similem
1664 5070 1888 5152 suspendentes
1904 5067 1986 5130 inter-

498 5169 714 5234 Gnmsrrmus.
730 5204 772 5215 -
794 5167 845 5231 Sic
869 5167 1007 5250 expedit.
1027 5165 1065 5232 Et
1089 5169 1116 5233 si
1142 5170 1208 5252 ple·
1260 5163 1512 5241 lecerunt31tcus
1527 5183 1602 5229 vero
1615 5184 1690 5230 cum
1705 5169 1745 5231 ad
1760 5188 1795 5232 se
1810 5166 1986 5248 uarsmign·

458 5279 519 5352 eet,
535 5279 704 5354 antequam
726 5270 957 5333 descendamus
977 5268 1016 5331 ad
1039 5269 1208 5352 particula·
1261 5285 1296 5328 re
1316 5264 1403 5327 lecit.
1420 5264 1490 5327 Alio
1510 5283 1636 5348 quoque
1654 5264 1838 5332 affirmatur
1854 5265 1983 5350 capitulo,
