4309 6250
443 525 482 571 ox
503 525 667 572 orcurmra
687 525 725 570 er
746 525 894 572 crucians
915 527 944 570 e.
967 526 997 569 v.
1020 525 1137 582 annm,
1160 525 1249 572 aram
1269 527 1291 572 r.
1313 544 1354 556 —
1374 526 1444 572 aer.
1467 525 1486 569 r
1698 499 1739 566 23

228 691 382 776 Denique,
403 713 472 777 quas
496 703 528 758 et
550 703 677 778 quante
702 695 764 758 sint
789 713 938 778 persona·
951 696 976 758 A
992 695 1079 758 niem
1095 695 1226 777 (iuquit)
1240 695 1317 758 lecit
1330 695 1409 758 milri
1424 713 1541 776 megna
1554 691 1610 773 qui
1625 698 1738 772 potens

188 809 259 852 rum
280 790 412 855 feminei
434 811 528 856 sexus
549 791 807 856 defectuositatcs
827 801 859 856 et
880 793 937 856 im·
991 801 1049 856 est.
1067 793 1133 857 lloc
1146 813 1204 876 per
1217 794 1418 857 Salomonem
1434 793 1481 855 sic
1495 791 1612 873 legitur
1624 786 1738 870 praedi-

188 887 410 970 perlectiones‚
427 909 491 954 non
515 891 591 953 latet
613 915 621 953 ε
643 909 713 973 quae
737 909 848 954 omnes
872 909 936 953 non
991 899 1077 954 ctum
1096 915 1103 952 :
1120 891 1331 954 Surrexerunt
1353 890 1415 953 lilii
1439 890 1522 971 ejus,
1538 897 1569 952 et
1593 883 1884 956 mocissi-rem..

188 985 291 1049 solum
310 1005 329 1049 a
348 987 548 1051 divinissima
564 988 694 1070 Virgine
715 997 791 1051 sunt
811 987 937 1070 penitus
991 1008 1075 1052 mam
1090 989 1353 1070 predicaverunt.
1361 988 1485 1052 Etenim
1500 987 1563 1050 lilii
1577 986 1649 1067 ejus
1663 989 1738 1046 sunt
1749 969 1785 1010 ¹⁸·

187 1085 398 1164 removendae,
415 1105 527 1150 verum
547 1086 643 1149 etiem
668 1086 881 1168 perfectiones
905 1093 937 1148 et
990 1087 1133 1150 universi
1148 1086 1262 1150 fideles
1279 1111 1286 1148 :
1302 1087 1357 1169 qui
1372 1087 1448 1150 dum
1463 1087 1502 1149 ad
1522 1082 1739 1164 contemplan-

187 1181 381 1246 excellentiae
416 1183 482 1246 illis
516 1184 695 1263 contrariae,
725 1192 800 1248 sunt
832 1183 936 1247 eidem
991 1187 1066 1248 dum
1080 1185 1301 1248 excellentiam
1315 1185 1417 1248 lleriae
1431 1183 1639 1247 sanctissime
1653 1199 1738 1242 meu·

189 1297 262 1342 cum
277 1279 435 1344 ineflabili
456 1281 645 1345 excellentie
659 1281 888 1345 adscribendae.
990 1291 1039 1346 tes
1054 1303 1128 1347 suas
1140 1283 1326 1364 extendunt,
1342 1281 1558 1346 beatissimam
1576 1299 1646 1342 eam
1668 1297 1738 1341 esse

228 1377 252 1439 0
267 1397 362 1459 quem
377 1379 619 1458 praeclarissime
635 1379 786 1443 convenit
800 1380 937 1444 celeber·
992 1399 1064 1444 cum
1081 1381 1203 1463 ingenti
1219 1381 1389 1444 devotione
1404 1379 1555 1442 latentur.

189 1474 289 1554 rimae,
318 1486 526 1540 sacrosancte
560 1477 674 1556 ldarioe,
704 1479 789 1559 quod
821 1478 936 1541 devota
1031 1481 1173 1563 [leuique
1188 1488 1274 1542 tante
1289 1489 1338 1542 est
1351 1478 1512 1542 beatitudo
1530 1485 1563 1540 et
1582 1474 1739 1538 excelleu-

41 1590 174 1638 reammr.
190 1572 246 1636 ille
268 1573 344 1636 Sera
367 1583 569 1657 protestatur,
595 1575 762 1659 Nunquam
790 1595 863 1638 cum
890 1577 937 1638 lu·
992 1577 1037 1642 tia
1050 1579 1176 1660 ejus,ut
1189 1596 1254 1641 non
1269 1578 1373 1642 solum
1388 1597 1407 1640 a
1420 1576 1626 1659 generatione
1638 1574 1740 1656 justo-

189 1671 337 1734 dentibus
351 1671 466 1735 miscui
481 1692 543 1751 me,
561 1692 664 1754 neque
679 1693 753 1736 cum
768 1673 819 1736 his
834 1673 888 1756 qui
903 1672 936 1734 in
992 1695 1063 1740 rum
1088 1685 1121 1739 et
1144 1677 1331 1755 electorum,
1354 1694 1465 1738 verum
1489 1673 1585 1736 etiarn
1606 1692 1625 1735 e
1645 1689 1741 1753 gene-

189 1769 318 1834 levilate
332 1769 506 1850 ambulent,
523 1771 713 1853 participem
729 1791 780 1834 me
795 1771 935 1854 prebui;
994 1775 1116 1838 ratione
1146 1793 1317 1855 pravorum
1347 1793 1384 1837 ac
1413 1771 1620 1856 reproborum
1650 1771 1742 1833 beata

38 1876 175 1926 Jer-nut:
190 1875 222 1929 et
236 1867 311 1930 item
325 1868 410 1949 quod
426 1877 555 1932 senctus
570 1867 682 1932 asserit
697 1867 937 1946 ieremias,Non
952 1865 975 1928 B
993 1873 1139 1951 dicetur,
1155 1891 1259 1953 neque
1283 1892 1302 1935 a
1326 1871 1471 1934 fidelium
1495 1878 1528 1932 et
1549 1868 1742 1932 Christiano-

40 1952 92 1986 ¹'¹¹'
108 1941 141 1981 ¹⁶'
190 1965 257 2027 sedi
273 1965 306 2027 in
321 1965 458 2029 concilio
478 1965 666 2044 ludentium,
684 1975 715 2030 et
730 1966 814 2030 diem
836 1965 939 2029 homi·
994 1989 1064 2033 rum
1089 1969 1294 2052 generatione
1317 1970 1490 2048 dumtaxat,
1512 1967 1569 2030 sed
1593 1986 1612 2029 e
1636 1966 1743 2028 Sarra·

190 2063 241 2124 nis
265 2081 329 2126 non
355 2063 553 2126 desideravit
580 2063 613 2127 Si
641 2083 753 2126 verum
781 2073 830 2128 est
859 2064 937 2128 illud
994 2068 1222 2150 cenisquoque
1238 2067 1371 2151 perfidis
1389 2076 1422 2130 et
1444 2065 1565 2147 iniquis
1588 2083 1653 2128 non
1676 2082 1743 2126 me-

45 2175 176 2226 Eceuxxn.
188 2160 417 2238 Ecclesiastici,
433 2159 538 2224 Gratia
552 2181 648 2244 super
661 2161 806 2244 gratiam,
824 2161 939 2224 mulier
993 2164 1146 2228 diocriter
1159 2165 1411 2229 commendatur.
1427 2163 1506 2228 Hinc
1521 2163 1633 2244 quinto
1651 2161 1743 2224 Alco-

42 2241 76 2286 ¹⁹·
93 2240 126 2280 '⁸'
190 2267 299 2322 sancta
313 2267 344 2322 et
358 2259 512 2340 pudorata
525 2268 557 2322 et
570 2259 689 2322 tacita:
709 2279 804 2341 quern
823 2259 939 2341 gratio-
994 2263 1062 2326 reni
1092 2263 1232 2346 capitulo
1260 2263 1412 2326 recitatur
1438 2285 1445 2324 :
1472 2259 1585 2342 Angeli
1613 2259 1741 2322 llariam

190 2357 317 2420 sissima
330 2375 367 2419 ac
382 2357 613 2437 pretiosissime
632 2367 680 2420 est
700 2357 768 2420 bec
790 2375 936 2440 persona,
993 2361 1204 2442 alloquentes,
1224 2361 1372 2425 dixerunt
1391 2383 1399 2422 ε
1416 2360 1440 2422 0
1464 2357 1570 2436 lleria,
1593 2357 1742 2421 omnibus

189 2454 257 2517 baec
282 2453 540 2518 benedictissima
566 2455 673 2537 Virgo,
701 2454 936 2518 virtuosissima
993 2459 1071 2522 viris
1093 2458 1345 2540 mulieribusque
1367 2457 1578 2540 splendidior,
1593 2454 1742 2518 mundior

189 2551 258 2615 bec
282 2552 387 2630 llaria,
413 2552 528 2616 Sancte
552 2553 751 2632 Sanctarum,
776 2553 841 2616 imo
870 2571 938 2616 om·
993 2565 1088 2639 etque
1101 2557 1284 2638 jucundior,
1302 2556 1358 2619 tibi
1373 2556 1414 2618 ab
1435 2554 1651 2618 universitatis
1671 2553 1743 2616 Cre·

190 2651 280 2712 nium
296 2659 396 2713 meter
409 2651 608 2730 Sanctorum,
624 2670 695 2734 que
709 2669 874 2734 nunquam
890 2649 938 2712 in·
993 2663 1081 2718 etore
1119 2653 1254 2716 mittitur
1291 2653 1407 2716 summi
1446 2651 1551 2714 nuntii
1590 2651 1742 2733 gaudium

190 2748 481 2812 decentemhebuit
498 2757 632 2830 motum,
650 2768 812 2831 nunquam
835 2749 939 2830 impu·
993 2771 1067 2816 cum
1091 2753 1195 2815 Verbo
1222 2752 1290 2832 Dei,
1315 2751 1409 2832 cujus
1433 2768 1551 2813 nomen
1575 2755 1624 2812 est
1651 2748 1742 2812 lesus

190 2847 298 2910 dicum
330 2854 459 2929 experta
491 2855 541 2910 est
567 2847 744 2927 stimulum,
774 2864 937 2929 nunquam
992 2850 1146 2926 Christus,
1163 2850 1217 2931 qui
1237 2857 1286 2912 est
1304 2848 1404 2912 facies
1429 2847 1573 2912 omnium
1597 2846 1742 2929 gentium

191 2944 338 3008 illicitum
359 2944 465 3008 locute
486 2953 534 3006 est
555 2945 711 3008 verbuml
993 2947 1025 3010 in
1040 2947 1101 3011 boc
1116 2945 1287 3028 futuroque
1302 2947 1430 3024 seculo,
1446 2945 1585 3028 sepiens,
1597 2944 1647 3006 vir
1660 2943 1743 3026 opti-

956 3045 1075 3109 Cmus.
1092 3044 1149 3107 llla
1163 3044 1330 3127 respoudit
1345 3066 1352 3105 ε
1369 3043 1393 3106 Ο
1412 3043 1505 3122 licus,
1521 3061 1621 3126 quum
1636 3041 1741 3104 virum

992 3164 1057 3208 non
1073 3145 1175 3225 tetigi,
1191 3143 1298 3206 lilium
1312 3143 1472 3224 quomodo
1486 3140 1688 3222 concipieml
1703 3141 1743 3203 At

408 3217 652 3283 ARTICULUS
677 3216 717 3279 V·
993 3241 1098 3323 angeli
1115 3266 1122 3303 :
1139 3242 1214 3320 lieo,
1231 3241 1393 3323 inquiunt,
1414 3240 1495 3303 nibil
1520 3238 1661 3303 occurrit
1683 3238 1742 3300 im·

190 3368 282 3435 Quod
310 3367 349 3425 ab
374 3366 563 3441 infidelibus
589 3386 714 3445 quoquc
742 3366 938 3424 amabilissi-
993 3340 1157 3423 ll⁰⁸⁵lbll⁰2
1174 3339 1282 3403 ⁰¹¹¹¹¹i⁸
1296 3346 1390 3422 lll⁰¹¹l
1410 3338 1479 3401 vult
1493 3336 1654 3448 ,⁰P0lfflll·
1670 3336 1740 3445 lpse

229 3474 283 3515 ma
312 3456 404 3531 cirpo
432 3454 544 3516 Maria
572 3455 758 3513 sublimiter
780 3473 938 3513 commen.
993 3438 1099 3501 lilium
1123 3447 1212 3500 tuum
1237 3456 1311 3499 cum
1336 3436 1446 3498 divina
1470 3442 1586 3498 virtute
1610 3452 1742 3497 vemen-

228 3546 338 3604 deter.
992 3545 1067 3613 tem,
1086 3536 1202 3599 librum
1218 3534 1386 3617 legiferum
1405 3534 1573 3614 omnisque
1594 3532 1742 3613 megisto

993 3634 1032 3696 rii
1065 3634 1211 3717 peritiam
1245 3641 1277 3695 et
1310 3640 1534 3695 testamentum
1569 3650 1606 3693 ac
1638 3630 1741 3692 Evan-

42 3732 95 3775 ²¹²⁶·
111 3744 125 3781 ¹·
141 3734 176 3773 ⁸⁸·
256 3730 417 3791 ΕᾹΤΑΜ
443 3748 492 3787 me
526 3729 635 3788 dicent
665 3747 773 3787 omnes
802 3748 938 3805 uenera-
992 3732 1112 3814 gelium
1146 3729 1302 3793 edocebit.
1332 3728 1465 3810 Insuper
1496 3728 1607 3790 eodem
1640 3726 1741 3789 lemur

58 3829 129 3873 ¹C0r·
153 3844 175 3881 ¹¹·
271 3830 383 3887 tiones.
410 3826 505 3888 Recte
532 3825 612 3888 dixit
638 3825 808 3908 Apostolus
834 3848 842 3887 ι
869 3825 936 3889 Non
993 3829 1133 3911 capitulo
1150 3852 1157 3891 ι
1174 3828 1255 3891 Uxor
1275 3826 1418 3890 loacbim
1437 3830 1563 3907 (utpute
1582 3826 1686 3902 duna)
1705 3842 1739 3887 se

46 3896 76 3935 '²'
190 3924 338 4005 spiritum
354 3922 450 4004 hujus
466 3922 577 3985 mundi
592 3922 785 4005 accepimus,
803 3924 858 3985 sed
873 3923 939 4004 Spi·
992 3926 1154 4009 gravidam
1170 3925 1323 4003 sentiens,
1336 3924 1381 3986 ait
1394 3947 1401 3985 ι
1413 3924 1494 4003 Tibi,
1507 3924 1589 3985 Deus
1604 3930 1737 3998 creator,

191 4021 285 4083 ritum
305 4020 360 4101 qui
384 4039 423 4083 ex
445 4020 508 4083 Deo
533 4028 591 4099 est,
607 4028 642 4082 ut
665 4020 803 4083 sciamus
825 4040 937 4103 quaee
992 4033 1182 4107 conceptum
1208 4023 1288 4086 uteri
1312 4022 1374 4085 mei
1396 4040 1527 4101 vovens,
1554 4022 1657 4102 ipsum
1680 4019 1738 4083 tibi
1791 4085 1798 4100 ‚

190 4118 254 4182 Deo
274 4118 390 4182 donata
409 4125 483 4180 sunt
506 4117 610 4180 nobis.
627 4117 714 4181 Unde
738 4118 937 4201 prseemenda
992 4122 1051 4185 soli
1081 4120 1274 4184 servientem
1301 4120 1415 4183 devote
1443 4120 1568 4201 postulo
1596 4118 1738 4201 digneris

190 4225 222 4279 et
242 4216 518 4281 honorandissime
537 4215 604 4279 baec
629 4216 735 4293 ldaria,
752 4235 814 4299 quo
839 4216 938 4299 Spiri·
953 4216 977 4279 D
992 4219 1154 4301 colligere.
1175 4219 1277 4292 Quum
1297 4226 1402 4280 eutem
1422 4218 1524 4280 liliam
1549 4217 1736 4299 peperisset,

191 4322 257 4377 tum
279 4314 428 4377 Sanctum
454 4314 680 4375 exuberantius
704 4314 936 4395 gratiosiusque
992 4326 1024 4381 et
1038 4336 1154 4380 nomeu
1170 4317 1197 4379 ei
1215 4316 1317 4378 llarie
1331 4314 1548 4397 imposuisset,
1560 4316 1640 4378 dixit
1656 4338 1663 4377 ε
1681 4314 1740 4377 lle-

192 4412 342 4493 suscepit,
358 4429 396 4474 eo
411 4410 529 4473 clarius
544 4411 633 4474 novit
647 4430 684 4499 ec
699 4412 815 4474 certius
830 4431 939 4495 super·
993 4424 1057 4479 tam
1073 4434 1176 4478 meem
1191 4415 1326 4495 ejusque
1341 4414 1475 4497 prolem,
1492 4422 1558 4491 tuo,
1575 4415 1669 4493 Deus,
1685 4413 1741 4476 ob

192 4510 347 4573 naturalia
375 4509 435 4572 sibi
464 4508 620 4571 divinitus
648 4510 808 4592 impertite
837 4510 939 4572 cbari—
994 4513 1104 4593 sequio
1119 4512 1244 4594 penitus
1265 4512 1441 4589 devotas,a
1461 4510 1689 4573 tentationibus
1710 4517 1742 4574 et

191 4616 436 4690 smampropter
449 4625 517 4689 quae
532 4607 726 4690 previdebat
740 4627 774 4671 se
789 4608 938 4672 ecunctis
995 4610 1120 4672 insidiis
1144 4608 1262 4671 diaboli
1287 4616 1428 4690 protege.
1453 4608 1552 4688 llauc,
1579 4616 1654 4690 pute
1681 4608 1743 4671 lte·

191 4705 449 4789 generationibus
464 4704 722 4783 beatificandam,
742 4706 806 4770 imo
826 4708 939 4769 beatis-
994 4708 1086 4785 riem,
1111 4708 1276 4769 Zacharias
1304 4706 1337 4767 in
1365 4726 1455 4769 suem
1484 4707 1614 4769 tutelam
1643 4706 1743 4769 susci-

192 4804 306 4867 simam
335 4804 542 4884 reputandam
570 4822 607 4866 ec
636 4803 732 4866 nimis
761 4804 941 4868 sublimiter
995 4806 1098 4889 piens,
1117 4804 1254 4887 quotieS,
1281 4812 1316 4865 ut
1339 4804 1499 4867 orationes
1523 4802 1682 4882 tunderet,
1702 4805 1742 4867 ad

192 4904 316 4965 beatam
332 4902 512 4981 dicendam,
524 4909 632 4984 utpote
647 4902 872 4965 electissimam
887 4923 940 4984 ge-
995 4904 1093 4967 altare
1108 4902 1275 4985 processit,
1291 4900 1414 4964 fructus
1428 4902 1566 4983 optimos
1587 4902 1743 4985 intempe-

192 5000 340 5063 nitricem
362 4999 469 5063 Fontis
498 5000 593 5063 totius
621 5001 741 5081 gratim,
767 5001 875 5083 gloriae
903 5021 940 5064 ac
996 5004 1094 5065 stivos
1122 5020 1218 5084 super
1244 5019 1315 5062 eam
1349 5000 1483 5062 invenit.
1514 5000 1587 5073 011ae
1620 4999 1659 5062 ab
1687 5001 1743 5063 illo

194 5098 316 5161 salutis.
332 5098 420 5172 Quod
435 5096 548 5178 spiritu
564 5097 736 5179 adimplete
754 5090 941 5181 prophetico
996 5100 1188 5180 interrogate
1204 5098 1287 5161 unde
1302 5098 1360 5161 bos
1375 5105 1525 5175 sumeret,
1541 5098 1586 5159 eit
1603 5120 1609 5159 :
1627 5100 1652 5159 Α
1666 5098 1740 5175 lieo,

55 5222 107 5264 ιιι.
118 5234 132 5269 ι,
143 5222 179 5263 sa.
195 5194 432 5280 praenuntiavit,
449 5194 585 5259 dicendo
602 5218 609 5256 :
625 5195 752 5258 beatam
769 5216 819 5259 me
833 5197 942 5260 dicent
995 5198 1050 5279 qui
1067 5197 1119 5260 cui
1136 5197 1216 5275 vult,
1231 5196 1315 5259 dona
1329 5194 1407 5258 lecit
1421 5196 1599 5258 innumera.

72 5321 129 5365 reu.
145 5322 180 5363 so.
195 5313 307 5359 omnes
329 5292 562 5377 generationes.
578 5293 616 5356 Et
639 5293 699 5357 hoc
724 5298 845 5377 queret
860 5296 942 5371 Quo·
1037 5296 1119 5359 Ecce
1138 5294 1284 5377 qualiter,
1305 5293 1467 5356 ditissimo
1482 5293 1669 5376 providente
1692 5313 1745 5357 su·
