4309 6250
460 511 520 578 660
540 532 580 577 ιιι
602 529 809 578 sacramanta
830 495 924 576 svam
944 527 1112 576 raurrrrcrs
1134 527 1171 574 ιι
1191 526 1361 575 camelus
1382 526 1522 593 conorari,
1544 527 1633 576 ιιιιι
1653 530 1698 575 ιιι.
1721 548 1762 559 -
1782 529 1850 576 aar.
1870 531 1939 577 xxvi

461 693 547 784 Papa'
561 724 568 764 :
583 699 757 783 prasertim
772 719 870 780 quum
885 699 924 762 ad
939 701 1000 763 hoc
1015 699 1123 762 tendat
1137 697 1208 781 ejus
1222 696 1247 760 A
1263 698 1313 760 dis
1337 697 1438 780 magis
1466 697 1619 783 competit
1645 699 1675 762 ei
1703 699 1821 763 babere
1848 720 1938 764 unum
1959 702 1985 764 in

462 800 615 884 praelatio,
633 808 668 862 ut
688 818 798 863 omnes
818 798 930 861 fideles
951 798 1014 860 sint
1033 818 1133 860 unum
1152 817 1209 861 seu
1263 803 1346 860 teria
1360 805 1519 880 pastorem
1540 806 1634 879 atque
1654 797 1849 880 pontificem.
1865 799 1921 862 Sed
1936 801 1984 862 hoa

462 898 599 982 populus
627 917 710 960 unus
738 916 795 980 per
821 897 1011 960 concordem
1037 904 1210 978 praecepto-
1262 903 1311 957 est
1334 894 1368 958 in
1392 903 1547 977 quantum
1566 904 1632 960 tota
1650 896 1793 959 Ecclesia
1811 897 1900 959 simul
1917 917 1986 959 snm·

463 1015 533 1058 rum
554 995 735 1058 divinorum
750 1003 782 1057 et
795 993 1082 1057 ecclesiasticorum
1102 994 1210 1057 obser·
1263 1001 1327 1074 pta,
1344 1002 1393 1056 est
1413 1012 1476 1056 una
1496 992 1687 1072 hierarchia,
1703 1014 1787 1056 unus
1805 1013 1888 1076 grex,
1903 1015 1984 1057 unam

462 1094 635 1173 rationem,
654 1101 808 1175 quantum
833 1111 973 1174 congrue
996 1091 1069 1156 fieri
1093 1100 1207 1176 potest.
1263 1090 1357 1170 ovile,
1384 1111 1467 1154 unus
1491 1091 1640 1173 populus,
1666 1110 1767 1154 unum
1792 1111 1911 1174 corpus,
1934 1112 1984 1155 una

462 1193 583 1256 idcirco
618 1200 741 1273 oportet
775 1200 809 1253 ut
839 1191 955 1253 habeat
990 1191 1208 1254 auctoritatem
1263 1189 1385 1267 civitas,
1402 1189 1604 1268 unadomas,
1621 1208 1825 1272 unasponsa,
1840 1209 1930 1252 unam
1947 1211 1985 1253 ro-

462 1290 632 1354 inducendi
666 1308 778 1352 omnes
789 1271 795 1286 ’
806 1288 900 1350 simul
929 1288 968 1352 ad
997 1288 1072 1350 talia
1101 1288 1209 1352 obser·
1261 1307 1373 1368 gnum,
1388 1308 1471 1351 unus
1485 1289 1642 1351 exercitus
1660 1308 1789 1370 unaque
1807 1289 1892 1352 navis
1906 1314 1913 1350 ι
1927 1310 1983 1370 qua

462 1390 575 1466 venda,
602 1387 825 1470 preacipiendo,
852 1387 1029 1450 cohibendo
1054 1394 1086 1448 et
1110 1385 1208 1449 eorri-
1261 1385 1370 1448 omnia
1388 1386 1552 1468 potissime
1571 1388 1767 1450 conveniunt
1785 1388 1839 1450 toti
1856 1389 1982 1452 Ecclesia

460 1488 575 1569 gendo.
1263 1483 1294 1545 in
1310 1493 1463 1564 quantum
1478 1485 1676 1566 conjunctim
1691 1485 1934 1569 accipiturErgo
1945 1487 1981 1548 sic

500 1583 654 1667 Amplius,
668 1583 749 1645 sicut
763 1581 812 1645 lex
827 1582 1012 1664 evangelica
1027 1581 1127 1645 multo
1142 1601 1207 1644 me
1261 1581 1291 1644 ei
1312 1583 1461 1664 prasidet
1481 1583 1575 1666 Papa.

460 1683 523 1746 lius
537 1681 699 1746 observari
715 1687 820 1763 potest
836 1680 953 1762 ubique
972 1689 1005 1742 et
1023 1699 1149 1762 semper
1167 1681 1207 1743 ab
1302 1681 1362 1744 Sed
1377 1680 1445 1745 haec
1459 1683 1566 1746 omnia
1580 1683 1614 1745 in
1629 1685 1771 1748 secundo
1789 1685 1932 1766 opuscolo
1947 1685 2069 1748 lta-man.
2102 1670 2103 1716 ³

460 1781 619 1844 universis
643 1788 674 1843 et
699 1779 832 1862 singulis
851 1777 1047 1858 conjunctim
1071 1786 1103 1840 et
1126 1778 1207 1841 divi·
1262 1779 1325 1840 tius
1340 1788 1414 1842 sunt
1427 1781 1567 1862 probata.
1581 1781 1702 1856 Quibus
1715 1801 1802 1844 nuuc
1817 1783 1981 1862 addo,qnod

461 1881 533 1959 sim,
550 1899 645 1961 quam
660 1879 767 1960 aliqua
785 1879 834 1942 lex
849 1879 985 1940 humana
1000 1885 1032 1939 et
1045 1876 1182 1960 positiva
1195 1901 1204 1956 ;
1223 1882 1247 1944 B
1261 1876 1463 1941 Innocentius
1477 1879 1522 1941 ait
1535 1903 1542 1940 :
1556 1880 1653 1942 Unius
1666 1880 1816 1944 Ecclesia
1829 1881 1915 1943 debet
1926 1900 1981 1942 esse

461 1979 507 2041 sic
528 1977 607 2040 nulli
628 1975 766 2059 principi
782 1975 937 2055 saeculari,
954 1975 1018 2038 imo
1037 1993 1095 2036 nec
1115 1975 1207 2056 spiri·
1262 1995 1344 2037 unus
1366 1984 1481 2054 rector,
1497 1985 1529 2038 et
1547 1985 1675 2041 econtra
1693 1979 1788 2041 unius
1807 1979 1926 2041 rectoris
1940 1979 1983 2040 de

462 2077 538 2140 tuali
558 2077 698 2158 praelato,
721 2083 783 2136 tam
808 2074 935 2156 proprie
954 2074 1106 2156 competit
1129 2092 1207 2155 prm
1262 2074 1315 2137 bet
1328 2093 1399 2136 esse
1414 2094 1477 2138 una
1491 2075 1644 2154 Ecclesia,
1652 2096 1693 2138 ne
1707 2077 1848 2140 Ecclesia
1861 2077 1983 2140 videatur

460 2195 530 2238 essa
554 2175 678 2237 cunctis
699 2173 759 2235 sibi
779 2171 932 2253 sabjectis
952 2171 1150 2252 conjunctim
1168 2192 1206 2236 ac
1262 2191 1332 2234 esse
1352 2182 1491 2236 scortum
1514 2197 1521 2235 ι
1542 2173 1627 2237 sicut
1646 2174 1792 2238 videmus
1814 2176 1893 2257 quod
1915 2195 1981 2237 nnus

459 2274 599 2354 divisim,
626 2281 662 2335 ut
685 2290 809 2335 summo
834 2269 982 2334 Pontifici
1010 2295 1016 2331 :
1042 2271 1118 2351 quia
1141 2289 1205 2352 prae
1262 2277 1312 2331 est
1331 2272 1464 2334 maritus
1482 2272 1578 2335 unius
1597 2273 1716 2353 uxoris,
1732 2281 1765 2336 et
1779 2282 1900 2338 econtra
1912 2279 1982 2353 (cau-

459 2372 608 2436 omnibus
623 2369 687 2432 illis
702 2370 838 2432 condere
853 2375 957 2450 potest
975 2368 1062 2450 leges
1081 2377 1113 2431 et
1131 2388 1207 2432 con·
1264 2387 1298 2430 sa
1311 2367 1361 2446 21,
1376 2371 1549 2449 quastione
1561 2370 1605 2450 2).

459 2471 638 2534 stitutiones
649 2488 686 2531 ac
699 2486 836 2531 canonas
850 2465 1043 2549 evangelica
1058 2467 1122 2549 legi
1138 2486 1207 2549 pro-

459 2567 641 2650 pinquiores
674 2575 706 2628 et
738 2565 1057 2642 indeterminatiores,
1087 2573 1119 2628 et
1150 2585 1207 2647 per

458 2684 656 2746 consequens
675 2664 716 2726 ab
736 2663 895 2726 universis
915 2662 1010 2724 simul
1030 2663 1132 2744 magis
1150 2661 1206 2725 ob
1432 2660 1678 2727 ARTIGULUS
1706 2663 1831 2726 XXVI.

459 2765 641 2828 servabiles.
661 2799 702 2810 -
720 2763 869 2838 Quamvis
888 2771 994 2825 autem
1013 2763 1045 2824 in
1064 2762 1148 2844 Papa
1166 2763 1207 2824 sit
1259 2809 1416 2869 Rationes
1429 2811 1583 2869 ducentes
1598 2812 1643 2869 ad
1660 2813 1809 2888 ΜΝ
1825 2812 1982 2870 imm

458 2865 627 2927 auctoritas
646 2863 835 2945 praceptiva
852 2869 1006 2944 quantum
1023 2862 1061 2924 ad
1081 2880 1204 2940 omnes,
1299 2899 1390 2956 enh-a
1408 2907 1438 2957 et
1453 2899 1597 2958 absurda
1615 2909 1646 2959 et
1659 2903 1853 2975 periculosa,
1866 2902 1894 2958 m.
1905 2903 1981 2975 Papa

457 2971 612 3046 quantum
631 2970 680 3023 est
698 2981 735 3023 ex
755 2969 843 3043 parte
859 2960 1054 3022 excellentias
1069 2960 1206 3023 auctori·
1299 2989 1507 3047 dicaturum,
1518 2989 1636 3048 ymber,
1645 2992 1870 3049 auctoritatem
1878 2999 1983 3064 epm,

458 3062 543 3140 tatia,
569 3059 668 3143 aliqui
696 3067 803 3121 tamen
832 3058 976 3121 fidelium
1005 3077 1043 3121 ex
1070 3059 1242 3128 diversisc
1300 3079 1474 3137 ,fidentiam
1499 3086 1529 3138 ει
1545 3078 1817 3155 jurisdictionem
1840 3097 1927 3155 ,uper
1947 3087 1982 3138 ω.

458 3162 563 3225 causis
577 3160 617 3222 ab
631 3160 833 3222 observantia
852 3158 1060 3239 quarumdam
1080 3158 1206 3221 ordina·
1301 3178 1366 3227 tam
1381 3169 1560 3228 Ecclesiam
1575 3169 1676 3227 amul
1689 3179 1849 3245 acceptam
1861 3178 1888 3228 et
1899 3187 1983 3243 arpo
2101 3241 2102 3246 γ

457 3260 580 3323 tionum
596 3266 627 3322 et
639 3256 819 3339 jussionum
834 3255 995 3338 papalium
1011 3256 1207 3319 rationabili·
1297 3259 1451 3333 penerale
1464 3257 1651 3315 concilium.

457 3368 506 3422 ter
525 3364 733 3431 excusantur;
754 3374 814 3417 nec
832 3355 923 3417 decet
943 3373 1103 3417 summum
1126 3356 1206 3417 Pon·

458 3458 580 3521 tilicem
619 3474 676 3517 sua
714 3462 829 3516 statuta
868 3452 963 3515 nimis
999 3453 1139 3534 rigorose
1174 3460 1206 3515 et
1266 3450 1435 3617 SOBRIE
1459 3460 1491 3514 et
1513 3452 1657 3515 modesta
1684 3452 1874 3534 loquendum
1894 3452 1982 3515 estin

458 3552 684 3618 inviolabiliter
711 3552 793 3615 velle
822 3551 938 3633 ubique
972 3551 1013 3613 ab
1045 3551 1205 3614 universis
1336 3549 1524 3613 arduissima
1545 3550 1606 3613 ista
1625 3551 1767 3630 matoria,
1783 3560 1814 3615 et
1831 3571 1895 3634 quo
1911 3568 1982 3612 nune

458 3652 595 3737 impleri.
613 3652 693 3714 llinc
712 3651 793 3713 libro
812 3650 851 3713 da
870 3648 1101 3713 Auferibilitate
1116 3650 1205 3732 Papa
1262 3648 1398 3711 scribam
1423 3649 1457 3710 iu
1482 3648 1543 3711 isto
1566 3650 1713 3727 articulo,
1733 3650 1922 3732 inquirendo,
1938 3649 1984 3710 ad-

459 3754 499 3816 ab
523 3750 664 3815 Ecclesia
692 3748 905 3812 cancellarius
933 3748 1074 3829 loquitur
1104 3772 1111 3810 ι
1141 3748 1205 3812 Nec
1261 3747 1407 3811 mirando
1431 3755 1463 3809 et
1487 3748 1648 3826 avisando,
1675 3749 1776 3831 magis
1799 3768 1889 3831 quam
1909 3746 1984 3809 affir-

346 3916 351 3927 ‚
460 3868 604 3913 summus
618 3848 772 3926 Pontifex,
789 3866 848 3910 nec
863 3846 979 3927 aliquis
998 3846 1133 3909 aliorum
1152 3847 1207 3910 de·
1261 3844 1569 3927 mando,judicando
1583 3853 1638 3907 aut
1653 3847 1861 3927 reprobando,
1869 3846 1985 3927 scriptu-

364 3959 366 3966 '
460 3951 513 4013 bet
528 3947 636 4011 conari
652 3954 686 4009 at
700 3964 838 4009 canones
853 3944 978 4027 positivi
994 3945 1044 4007 vel
1060 3945 1130 4007 alias
1145 3953 1207 4007 tra·
1261 3963 1315 4006 rus
1337 3962 1419 4005 sum.

458 4047 595 4111 ditiones
611 4046 757 4105 humanm
776 4042 1017 4105 immutabiliter
1037 4043 1206 4105 observen-
1301 4041 1439 4104 Primum
1455 4041 1553 4122 igitur
1572 4060 1689 4123 quaro,
1705 4061 1748 4104 an
1767 4042 1908 4124 generale
1924 4059 1984 4103 con·

458 4155 511 4217 tur
534 4144 651 4225 ubique
679 4162 736 4225 per
764 4149 861 4205 totam
886 4141 1061 4203 Ecclesiam
1091 4150 1123 4204 et
1150 4162 1206 4223 per
1261 4140 1372 4202 cilium
1398 4148 1543 4201 teneatur
1561 4138 1620 4201 sub
1639 4148 1797 4222 precepto
1816 4142 1855 4204 ad
1872 4140 1985 4222 qnadra-

458 4262 569 4308 omues
584 4241 739 4303 nationes.
756 4239 941 4321 Oppositum
958 4237 1412 4320 satagere,deditl)gosimale
1443 4236 1615 4318 jejunium,
1644 4237 1683 4299 ad
1715 4238 1841 4319 jejunia
1872 4248 1984 4321 quatuor

2101 3431 2102 3506 l

2100 3831 2102 3914 l

458 4342 565 4404 forsan
580 4339 695 4401 Graecis
714 4336 914 4400 occasionem
935 4336 1206 4400 reocdeudiaLa-
1262 4346 1451 4418 temporum,
1480 4336 1519 4398 ad
1551 4336 1787 4400 observandum
1814 4339 1981 4415 Adventum,
2098 4367 2099 4374 ι

458 4439 555 4517 ιίιιίι;
572 4437 765 4517 datquoqne
780 4433 921 4515 quotidie
941 4434 1106 4496 materiam
1127 4436 1207 4497 mul·
1260 4435 1300 4497 ad
1328 4434 1554 4497 celebrandum
1583 4433 1700 4497 festum
1725 4437 1873 4517 paschale
1894 4436 1925 4498 in
1944 4434 1984 4497 die
2098 4481 2099 4490 ,

458 4548 561 4601 tarum
589 4535 693 4597 litium
727 4542 758 4595 et
791 4532 936 4614 gravium
971 4532 1202 4611 scandalorum,
1260 4532 1433 4610 dominico,
1449 4531 1488 4594 ad
1503 4531 1726 4596 abstinendum
1748 4533 1985 4598 acamibussal·
2098 4607 2099 4612 γ

458 4640 535 4700 dum
550 4632 662 4716 aequali
681 4640 790 4695 tenore
809 4631 960 4713 quaritur
978 4631 1140 4693 observari
1156 4632 1205 4694 lex
1262 4641 1324 4694 tem
1350 4632 1383 4693 in
1410 4630 1462 4693 die
1486 4630 1686 4712 Parasceves,
1713 4633 1752 4695 ad
1782 4634 1984 4697 celebrandum
2098 4659 2100 4730 ζ

459 4736 598 4806 humana
613 4730 693 4811 (sive
709 4730 750 4791 sit
769 4729 823 4792 illa
842 4729 996 4792 canonica
1015 4729 1065 4791 vel
1086 4728 1206 4811 civilis)
1261 4730 1346 4792 diem
1371 4728 1579 4807 dominicum,
1601 4738 1634 4791 et
1657 4730 1697 4792 ad
1720 4733 1864 4811 quadam
1887 4730 1985 4792 similia

460 4830 727 4916 quemadmodum
753 4828 911 4891 custodire
935 4828 1037 4909 legem
1063 4828 1206 4891 divinam
1261 4847 1330 4909 quaa
1344 4848 1363 4889 a
1377 4828 1511 4889 summis
1524 4826 1735 4890 Pontificibus
1749 4828 1890 4891 instituta
1902 4846 1986 4891 serva

461 4933 528 4995 sine
544 4930 608 4992 ulla
622 4926 797 4990 variatione
812 4945 942 4989 necesse
957 4936 1014 4989 est.
1029 4926 1103 4989 lude
1119 4927 1207 4990 venit
1261 4926 1352 5007 rique
1366 4926 1455 5008 jussa
1469 4924 1629 5005 leguntur,
1645 4926 1727 4989 sicat
1740 4946 1779 4989 ax
1794 4927 1946 4991 Chronicis
1961 4931 1985 4986 et

320 5052 444 5105 ιιιιιιιι,
461 5031 516 5094 illa
543 5027 657 5091 Christi
687 5025 873 5105 conquestio
900 5048 906 5086 :
932 5024 1058 5087 irritum
1083 5025 1206 5088 fecistis
1261 5024 1363 5088 Gestis
1378 5022 1618 5105 pontificalibus
1633 5025 1814 5088 innotescit.
1830 5026 1862 5088 Si
1881 5025 1985 5087 dicatur

312 5112 333 5152 b.

461 5128 643 5193 mandatum
660 5125 714 5187 Dei
730 5133 858 5205 propter
872 5122 1056 5185 traditiones
1071 5132 1203 5187 vestras.
1261 5123 1344 5204 quod
1367 5122 1425 5202 sic,
1449 5140 1648 5203 consequens
1669 5123 1730 5186 erit
1748 5124 1832 5205 quod
1851 5124 1926 5205 Papa
1941 5139 1984 5183 aa

499 5228 672 5304 Postremo,
687 5223 738 5285 his
752 5221 855 5285 modis
871 5222 971 5303 magis
991 5222 1138 5304 praesidet
1152 5223 1205 5285 Pa·
1261 5224 1438 5285 ctoritatem
1463 5222 1688 5303 praeceptivam
1715 5231 1749 5285 et
1775 5220 1983 5304 praesidentiam

459 5348 499 5413 pa
515 5326 569 5389 toti
585 5334 616 5387 et
631 5322 802 5386 universali
822 5320 983 5399 Ecclesia,
1000 5321 1116 5401 quibus
1138 5341 1205 5386 mo·
1261 5321 1452 5405 pastoralem
1472 5321 1588 5384 habeat
1611 5340 1706 5403 super
1729 5322 1875 5404 generale
1896 5316 1984 5383 conci-
