<?xml version="1.0" encoding="UTF-8"?>
<!DOCTYPE html PUBLIC "-//W3C//DTD XHTML 1.0 Transitional//EN"
    "http://www.w3.org/TR/xhtml1/DTD/xhtml1-transitional.dtd">
<html xmlns="http://www.w3.org/1999/xhtml" xml:lang="en" lang="en">
 <head>
  <title>
</title>
<meta http-equiv="Content-Type" content="text/html;charset=utf-8" />
  <meta name='ocr-system' content='tesseract 3.04.00' />
  <meta name='ocr-capabilities' content='ocr_page ocr_carea ocr_par ocr_line ocrx_word'/>
</head>
<body>
  <div class='ocr_page' id='page_1' title='image "./doctorisecstati03unkngoog_0202.png"; bbox 0 0 4309 6250; ppageno 0'>
   <div class='ocr_carea' id='block_1_1' title="bbox 402 481 1655 552">
    <p class='ocr_par' dir='ltr' id='par_1_1' title="bbox 402 481 1655 552">
     <span class='ocr_line' id='line_1_1' title="bbox 402 481 1655 552; baseline 0.002 -4"><span class='ocrx_word' id='word_1_1' title='bbox 402 481 463 548; x_wconf 79' lang='lat' dir='ltr'><strong>tau</strong></span> <span class='ocrx_word' id='word_1_2' title='bbox 699 503 739 550; x_wconf 83' lang='lat' dir='ltr'><strong>ua</strong></span> <span class='ocrx_word' id='word_1_3' title='bbox 759 504 863 552; x_wconf 75' lang='lat' dir='ltr'><strong>surus</strong></span> <span class='ocrx_word' id='word_1_4' title='bbox 884 503 1065 552; x_wconf 71' lang='lat' dir='ltr'><strong>maumam</strong></span> <span class='ocrx_word' id='word_1_5' title='bbox 1087 502 1248 550; x_wconf 74' lang='lat' dir='ltr'><strong>asaronnu</strong></span> <span class='ocrx_word' id='word_1_6' title='bbox 1269 491 1307 550; x_wconf 79' lang='lat' dir='ltr'><strong>ur</strong></span> <span class='ocrx_word' id='word_1_7' title='bbox 1323 503 1447 551; x_wconf 68' lang='lat' dir='ltr'><strong>narnis.</strong></span> <span class='ocrx_word' id='word_1_8' title='bbox 1469 522 1509 536; x_wconf 89' lang='lat'><em>-</em></span> <span class='ocrx_word' id='word_1_9' title='bbox 1529 505 1599 552; x_wconf 79' lang='lat' dir='ltr'><strong>sar.</strong></span> <span class='ocrx_word' id='word_1_10' title='bbox 1622 500 1655 551; x_wconf 84' lang='lat' dir='ltr'><strong>rx</strong></span> 
     </span>
    </p>
   </div>
   <div class='ocr_carea' id='block_1_2' title="bbox 257 667 2119 5389">
    <p class='ocr_par' dir='ltr' id='par_1_2' title="bbox 257 667 2119 5389">
     <span class='ocr_line' id='line_1_2' title="bbox 402 667 1734 804; baseline 0 -66"><span class='ocrx_word' id='word_1_11' title='bbox 402 693 442 738; x_wconf 89' lang='lat' dir='ltr'><strong>ea</strong></span> <span class='ocrx_word' id='word_1_12' title='bbox 461 693 533 756; x_wconf 73' lang='lat' dir='ltr'><strong>quas</strong></span> <span class='ocrx_word' id='word_1_13' title='bbox 553 684 692 759; x_wconf 90' lang='lat' dir='ltr'><strong>aguntur</strong></span> <span class='ocrx_word' id='word_1_14' title='bbox 715 677 748 739; x_wconf 93' lang='lat' dir='ltr'><strong>in</strong></span> <span class='ocrx_word' id='word_1_15' title='bbox 772 677 890 741; x_wconf 89' lang='lat' dir='ltr'><strong>mundo</strong></span> <span class='ocrx_word' id='word_1_16' title='bbox 912 696 969 740; x_wconf 91' lang='lat' dir='ltr'><strong>seu</strong></span> <span class='ocrx_word' id='word_1_17' title='bbox 991 677 1056 740; x_wconf 90' lang='lat' dir='ltr'><strong>vita</strong></span> <span class='ocrx_word' id='word_1_18' title='bbox 1074 675 1192 759; x_wconf 79' lang='lat' dir='ltr'><strong>prm-A</strong></span> <span class='ocrx_word' id='word_1_19' title='bbox 1416 667 1734 804; x_wconf 68' lang='lat' dir='ltr'>ARTICULUS&#39;IX</span> 
     </span>
     <span class='ocr_line' id='line_1_3' title="bbox 404 775 1745 858; baseline 0.001 -21"><span class='ocrx_word' id='word_1_20' title='bbox 404 775 499 855; x_wconf 87' lang='lat' dir='ltr'><strong>sebti,</strong></span> <span class='ocrx_word' id='word_1_21' title='bbox 510 776 651 857; x_wconf 78' lang='lat' dir='ltr'><strong>itemque</strong></span> <span class='ocrx_word' id='word_1_22' title='bbox 664 795 722 858; x_wconf 91' lang='lat' dir='ltr'><strong>per</strong></span> <span class='ocrx_word' id='word_1_23' title='bbox 735 776 857 839; x_wconf 89' lang='lat' dir='ltr'><strong>animas</strong></span> <span class='ocrx_word' id='word_1_24' title='bbox 873 776 949 839; x_wconf 88' lang='lat' dir='ltr'><strong>hinc</strong></span> <span class='ocrx_word' id='word_1_25' title='bbox 963 776 1154 839; x_wconf 80' lang='lat' dir='ltr'><strong>decedentes</strong></span> <span class='ocrx_word' id='word_1_26' title='bbox 1738 785 1745 802; x_wconf 88' lang='lat'><strong>·</strong></span> 
     </span>
     <span class='ocr_line' id='line_1_4' title="bbox 404 866 1896 963; baseline 0.001 -26"><span class='ocrx_word' id='word_1_27' title='bbox 404 880 437 937; x_wconf 88' lang='lat' dir='ltr'><strong>et</strong></span> <span class='ocrx_word' id='word_1_28' title='bbox 450 874 528 938; x_wconf 91' lang='lat' dir='ltr'><strong>illuc</strong></span> <span class='ocrx_word' id='word_1_29' title='bbox 542 875 777 958; x_wconf 86' lang='lat' dir='ltr'><strong>pervenientes.</strong></span> <span class='ocrx_word' id='word_1_30' title='bbox 789 874 942 939; x_wconf 87' lang='lat' dir='ltr'><strong>Similiter</strong></span> <span class='ocrx_word' id='word_1_31' title='bbox 955 875 1069 938; x_wconf 76' lang='lat' dir='ltr'><strong>animas</strong></span> <span class='ocrx_word' id='word_1_32' title='bbox 1085 893 1154 957; x_wconf 79' lang='lat' dir='ltr'><strong>qua</strong></span> <span class='ocrx_word' id='word_1_33' title='bbox 1276 887 1324 946; x_wconf 79' lang='lat' dir='ltr'><strong>De</strong></span> <span class='ocrx_word' id='word_1_34' title='bbox 1351 887 1480 946; x_wconf 69' lang='lat' dir='ltr'><strong>dotibus</strong></span> <span class='ocrx_word' id='word_1_35' title='bbox 1508 882 1686 948; x_wconf 71' lang='lat' dir='ltr'><strong>Bearor&#39;um</strong></span> <span class='ocrx_word' id='word_1_36' title='bbox 1717 866 1753 946; x_wconf 75' lang='lat' dir='ltr'><strong>in</strong></span> <span class='ocrx_word' id='word_1_37' title='bbox 1777 889 1896 963; x_wconf 81' lang='lat' dir='ltr'><strong>patria</strong></span> 
     </span>
     <span class='ocr_line' id='line_1_5' title="bbox 403 972 1740 1055; baseline 0.001 -20"><span class='ocrx_word' id='word_1_38' title='bbox 403 972 437 1035; x_wconf 94' lang='lat' dir='ltr'><strong>in</strong></span> <span class='ocrx_word' id='word_1_39' title='bbox 459 973 640 1055; x_wconf 88' lang='lat' dir='ltr'><strong>purgatorio</strong></span> <span class='ocrx_word' id='word_1_40' title='bbox 661 973 857 1052; x_wconf 79' lang='lat' dir='ltr'><strong>detinentur,</strong></span> <span class='ocrx_word' id='word_1_41' title='bbox 873 993 931 1055; x_wconf 92' lang='lat' dir='ltr'><strong>per</strong></span> <span class='ocrx_word' id='word_1_42' title='bbox 951 981 1078 1036; x_wconf 85' lang='lat' dir='ltr'><strong>sanctos</strong></span> <span class='ocrx_word' id='word_1_43' title='bbox 1099 993 1155 1036; x_wconf 89' lang='lat' dir='ltr'><strong>en·</strong></span> <span class='ocrx_word' id='word_1_44' title='bbox 1421 977 1556 1036; x_wconf 78' lang='lat' dir='ltr'><strong>scelestis</strong></span> <span class='ocrx_word' id='word_1_45' title='bbox 1577 977 1740 1051; x_wconf 76' lang='lat' dir='ltr'><em>paradisi.</em></span> 
     </span>
     <span class='ocr_line' id='line_1_6' title="bbox 404 1070 1156 1153; baseline 0.001 -19"><span class='ocrx_word' id='word_1_46' title='bbox 404 1071 493 1153; x_wconf 90' lang='lat' dir='ltr'><strong>gelos</strong></span> <span class='ocrx_word' id='word_1_47' title='bbox 521 1078 553 1134; x_wconf 91' lang='lat' dir='ltr'><strong>et</strong></span> <span class='ocrx_word' id='word_1_48' title='bbox 584 1071 706 1134; x_wconf 91' lang='lat' dir='ltr'><strong>animas</strong></span> <span class='ocrx_word' id='word_1_49' title='bbox 741 1070 819 1134; x_wconf 89' lang='lat' dir='ltr'><strong>illuc</strong></span> <span class='ocrx_word' id='word_1_50' title='bbox 853 1071 1021 1135; x_wconf 88' lang='lat' dir='ltr'><strong>venientes</strong></span> <span class='ocrx_word' id='word_1_51' title='bbox 1055 1073 1156 1135; x_wconf 89' lang='lat' dir='ltr'><strong>multa</strong></span> 
     </span>
     <span class='ocr_line' id='line_1_7' title="bbox 307 1162 1966 1254; baseline 0 -22"><span class='ocrx_word' id='word_1_52' title='bbox 307 1162 315 1178; x_wconf 63' lang='lat'>⁸</span> <span class='ocrx_word' id='word_1_53' title='bbox 405 1179 593 1252; x_wconf 89' lang='lat' dir='ltr'><strong>agnoscunt.</strong></span> <span class='ocrx_word' id='word_1_54' title='bbox 1284 1169 1411 1236; x_wconf 83' lang='lat' dir='ltr'><strong>uANuo</strong></span> <span class='ocrx_word' id='word_1_55' title='bbox 1426 1171 1518 1252; x_wconf 85' lang='lat' dir='ltr'><strong>electi</strong></span> <span class='ocrx_word' id='word_1_56' title='bbox 1534 1173 1574 1234; x_wconf 91' lang='lat' dir='ltr'><strong>de</strong></span> <span class='ocrx_word' id='word_1_57' title='bbox 1595 1171 1656 1235; x_wconf 87' lang='lat' dir='ltr'><strong>hoc</strong></span> <span class='ocrx_word' id='word_1_58' title='bbox 1678 1171 1796 1236; x_wconf 60' lang='lat' dir='ltr'><strong>meula</strong></span> <span class='ocrx_word' id='word_1_59' title='bbox 1810 1179 1867 1234; x_wconf 87' lang='lat' dir='ltr'><strong>aut</strong></span> <span class='ocrx_word' id='word_1_60' title='bbox 1889 1191 1966 1254; x_wconf 89' lang='lat' dir='ltr'><strong>pur-</strong></span> 
     </span>
     <span class='ocr_line' id='line_1_8' title="bbox 445 1167 1965 1370; baseline 0.002 -40"><span class='ocrx_word' id='word_1_61' title='bbox 445 1267 527 1332; x_wconf 88' lang='lat' dir='ltr'><strong>Dicit</strong></span> <span class='ocrx_word' id='word_1_62' title='bbox 554 1277 661 1333; x_wconf 88' lang='lat' dir='ltr'><strong>autem</strong></span> <span class='ocrx_word' id='word_1_63' title='bbox 690 1269 826 1332; x_wconf 80' lang='lat' dir='ltr'><strong>Thomas</strong></span> <span class='ocrx_word' id='word_1_64' title='bbox 859 1270 893 1332; x_wconf 93' lang='lat' dir='ltr'><strong>in</strong></span> <span class='ocrx_word' id='word_1_65' title='bbox 929 1270 1031 1353; x_wconf 91' lang='lat' dir='ltr'><strong>prima</strong></span> <span class='ocrx_word' id='word_1_66' title='bbox 1066 1279 1155 1353; x_wconf 91' lang='lat' dir='ltr'><strong>parte</strong></span> <span class='ocrx_word' id='word_1_67' title='bbox 1214 1167 1419 1370; x_wconf 76' lang='lat' dir='ltr'><strong>antorio</strong></span> <span class='ocrx_word' id='word_1_68' title='bbox 1447 1269 1480 1332; x_wconf 90' lang='lat' dir='ltr'><strong>in</strong></span> <span class='ocrx_word' id='word_1_69' title='bbox 1508 1289 1640 1352; x_wconf 89' lang='lat' dir='ltr'><strong>regnum</strong></span> <span class='ocrx_word' id='word_1_70' title='bbox 1670 1269 1801 1333; x_wconf 85' lang='lat' dir='ltr'><strong>coeleste</strong></span> <span class='ocrx_word' id='word_1_71' title='bbox 1824 1269 1965 1334; x_wconf 88' lang='lat' dir='ltr'><strong>transfe-</strong></span> 
     </span>
     <span class='ocr_line' id='line_1_9' title="bbox 287 1359 1965 1452; baseline 0.002 -25"><span class='ocrx_word' id='word_1_72' title='bbox 287 1415 293 1427; x_wconf 92' lang='lat'><strong>.</strong></span> <span class='ocrx_word' id='word_1_73' title='bbox 405 1367 554 1446; x_wconf 77' lang='lat' dir='ltr'><strong>Summa,</strong></span> <span class='ocrx_word' id='word_1_74' title='bbox 575 1368 660 1450; x_wconf 88' lang='lat' dir='ltr'><strong>quod</strong></span> <span class='ocrx_word' id='word_1_75' title='bbox 679 1368 794 1430; x_wconf 85' lang='lat' dir='ltr'><strong>enimse</strong></span> <span class='ocrx_word' id='word_1_76' title='bbox 813 1377 967 1449; x_wconf 78' lang='lat' dir='ltr'><strong>separate</strong></span> <span class='ocrx_word' id='word_1_77' title='bbox 985 1388 1004 1430; x_wconf 90' lang='lat' dir='ltr'><strong>a</strong></span> <span class='ocrx_word' id='word_1_78' title='bbox 1023 1387 1155 1451; x_wconf 86' lang='lat' dir='ltr'><strong>corpore</strong></span> <span class='ocrx_word' id='word_1_79' title='bbox 1212 1376 1335 1448; x_wconf 83' lang='lat' dir='ltr'><strong>rantur,</strong></span> <span class='ocrx_word' id='word_1_80' title='bbox 1351 1368 1467 1431; x_wconf 90' lang='lat' dir='ltr'><strong>dantur</strong></span> <span class='ocrx_word' id='word_1_81' title='bbox 1481 1367 1528 1431; x_wconf 92' lang='lat' dir='ltr'><strong>eis</strong></span> <span class='ocrx_word' id='word_1_82' title='bbox 1543 1369 1688 1450; x_wconf 82' lang='lat' dir='ltr'><strong>quedam</strong></span> <span class='ocrx_word' id='word_1_83' title='bbox 1700 1359 1965 1452; x_wconf 79' lang='lat' dir='ltr'><strong>&#39;supernaturalia</strong></span> 
     </span>
     <span class='ocr_line' id='line_1_10' title="bbox 257 1461 1965 1549; baseline 0.001 -21"><span class='ocrx_word' id='word_1_84' title='bbox 257 1461 279 1490; x_wconf 44' lang='grc' dir='ltr'>ι</span> <span class='ocrx_word' id='word_1_85' title='bbox 307 1478 313 1491; x_wconf 89' lang='grc'>·</span> <span class='ocrx_word' id='word_1_86' title='bbox 405 1484 461 1548; x_wconf 88' lang='lat' dir='ltr'><strong>per</strong></span> <span class='ocrx_word' id='word_1_87' title='bbox 475 1464 598 1548; x_wconf 90' lang='lat' dir='ltr'><strong>species</strong></span> <span class='ocrx_word' id='word_1_88' title='bbox 611 1465 829 1548; x_wconf 81' lang='lat' dir='ltr'><strong>intelligibiles</strong></span> <span class='ocrx_word' id='word_1_89' title='bbox 845 1467 891 1530; x_wconf 88' lang='lat' dir='ltr'><strong>eis</strong></span> <span class='ocrx_word' id='word_1_90' title='bbox 906 1487 924 1529; x_wconf 89' lang='lat' dir='ltr'><strong>a</strong></span> <span class='ocrx_word' id='word_1_91' title='bbox 938 1467 1002 1531; x_wconf 77' lang='lat' dir='ltr'><strong>lieo</strong></span> <span class='ocrx_word' id='word_1_92' title='bbox 1017 1467 1155 1530; x_wconf 76' lang='lat' dir='ltr'><strong>influxus</strong></span> <span class='ocrx_word' id='word_1_93' title='bbox 1211 1467 1294 1530; x_wconf 87' lang='lat' dir='ltr'><strong>dona</strong></span> <span class='ocrx_word' id='word_1_94' title='bbox 1316 1485 1371 1530; x_wconf 91' lang='lat' dir='ltr'><strong>eos</strong></span> <span class='ocrx_word' id='word_1_95' title='bbox 1393 1467 1579 1530; x_wconf 86' lang='lat' dir='ltr'><strong>adementia</strong></span> <span class='ocrx_word' id='word_1_96' title='bbox 1603 1467 1681 1549; x_wconf 92' lang='lat' dir='ltr'><strong>:qui</strong></span> <span class='ocrx_word' id='word_1_97' title='bbox 1703 1474 1834 1530; x_wconf 86' lang='lat' dir='ltr'><strong>ornatus</strong></span> <span class='ocrx_word' id='word_1_98' title='bbox 1855 1486 1876 1529; x_wconf 91' lang='lat' dir='ltr'><strong>a</strong></span> <span class='ocrx_word' id='word_1_99' title='bbox 1896 1485 1965 1529; x_wconf 89' lang='lat' dir='ltr'><strong>rna-</strong></span> 
     </span>
     <span class='ocr_line' id='line_1_11' title="bbox 404 1557 1964 1648; baseline -0.001 -20"><span class='ocrx_word' id='word_1_100' title='bbox 404 1583 469 1628; x_wconf 91' lang='lat' dir='ltr'><strong>non</strong></span> <span class='ocrx_word' id='word_1_101' title='bbox 493 1564 676 1648; x_wconf 86' lang='lat' dir='ltr'><strong>intelligunt</strong></span> <span class='ocrx_word' id='word_1_102' title='bbox 699 1565 872 1648; x_wconf 80' lang='lat' dir='ltr'><strong>singularia</strong></span> <span class='ocrx_word' id='word_1_103' title='bbox 896 1567 1015 1644; x_wconf 87' lang='lat' dir='ltr'><strong>omnia,</strong></span> <span class='ocrx_word' id='word_1_104' title='bbox 1038 1567 1094 1630; x_wconf 91' lang='lat' dir='ltr'><strong>sed</strong></span> <span class='ocrx_word' id='word_1_105' title='bbox 1119 1586 1156 1628; x_wconf 90' lang='lat' dir='ltr'><strong>ea</strong></span> <span class='ocrx_word' id='word_1_106' title='bbox 1209 1565 1316 1648; x_wconf 83' lang='lat' dir='ltr'><strong>gistris</strong></span> <span class='ocrx_word' id='word_1_107' title='bbox 1340 1567 1430 1629; x_wconf 91' lang='lat' dir='ltr'><strong>dotes</strong></span> <span class='ocrx_word' id='word_1_108' title='bbox 1456 1557 1619 1630; x_wconf 85' lang='lat' dir='ltr'><strong>vocantur.</strong></span> <span class='ocrx_word' id='word_1_109' title='bbox 1636 1566 1777 1647; x_wconf 85' lang='lat' dir='ltr'><strong>Suntque</strong></span> <span class='ocrx_word' id='word_1_110' title='bbox 1801 1566 1894 1630; x_wconf 87' lang='lat' dir='ltr'><strong>dotes</strong></span> <span class='ocrx_word' id='word_1_111' title='bbox 1913 1566 1964 1628; x_wconf 79' lang='lat' dir='ltr'><strong>bas</strong></span> 
     </span>
     <span class='ocr_line' id='line_1_12' title="bbox 402 1663 1966 1747; baseline 0 -21"><span class='ocrx_word' id='word_1_112' title='bbox 402 1664 567 1727; x_wconf 81' lang='lat' dir='ltr'><strong>dumtaxat</strong></span> <span class='ocrx_word' id='word_1_113' title='bbox 594 1665 634 1728; x_wconf 90' lang='lat' dir='ltr'><strong>ad</strong></span> <span class='ocrx_word' id='word_1_114' title='bbox 660 1683 730 1747; x_wconf 84' lang='lat' dir='ltr'><strong>ques</strong></span> <span class='ocrx_word' id='word_1_115' title='bbox 753 1665 862 1747; x_wconf 91' lang='lat' dir='ltr'><strong>aliquo</strong></span> <span class='ocrx_word' id='word_1_116' title='bbox 886 1666 982 1729; x_wconf 90' lang='lat' dir='ltr'><strong>modo</strong></span> <span class='ocrx_word' id='word_1_117' title='bbox 1007 1665 1157 1729; x_wconf 85' lang='lat' dir='ltr'><strong>deterrui·</strong></span> <span class='ocrx_word' id='word_1_118' title='bbox 1210 1672 1332 1747; x_wconf 82' lang='lat' dir='ltr'><strong>septem</strong></span> <span class='ocrx_word' id='word_1_119' title='bbox 1359 1687 1366 1726; x_wconf 88' lang='lat'>:</span> <span class='ocrx_word' id='word_1_120' title='bbox 1394 1683 1529 1745; x_wconf 93' lang='lat' dir='ltr'><strong>quarum</strong></span> <span class='ocrx_word' id='word_1_121' title='bbox 1555 1673 1618 1728; x_wconf 89' lang='lat' dir='ltr'><strong>tres</strong></span> <span class='ocrx_word' id='word_1_122' title='bbox 1642 1664 1753 1747; x_wconf 84' lang='lat' dir='ltr'><strong>primae</strong></span> <span class='ocrx_word' id='word_1_123' title='bbox 1779 1683 1816 1727; x_wconf 86' lang='lat' dir='ltr'><strong>ac</strong></span> <span class='ocrx_word' id='word_1_124' title='bbox 1840 1663 1966 1747; x_wconf 85' lang='lat' dir='ltr'><strong>princi·</strong></span> 
     </span>
     <span class='ocr_line' id='line_1_13' title="bbox 403 1762 1963 1848; baseline 0.001 -23"><span class='ocrx_word' id='word_1_125' title='bbox 403 1771 532 1840; x_wconf 86' lang='lat' dir='ltr'><strong>nentur,</strong></span> <span class='ocrx_word' id='word_1_126' title='bbox 562 1763 594 1825; x_wconf 95' lang='lat' dir='ltr'><strong>id</strong></span> <span class='ocrx_word' id='word_1_127' title='bbox 623 1764 739 1827; x_wconf 89' lang='lat' dir='ltr'><strong>estad</strong></span> <span class='ocrx_word' id='word_1_128' title='bbox 766 1782 837 1844; x_wconf 72' lang='lat' dir='ltr'><strong>quas</strong></span> <span class='ocrx_word' id='word_1_129' title='bbox 866 1763 1036 1848; x_wconf 71' lang='lat' dir='ltr'><strong>specialem</strong></span> <span class='ocrx_word' id='word_1_130' title='bbox 1065 1762 1156 1826; x_wconf 89' lang='lat' dir='ltr'><strong>babi-</strong></span> <span class='ocrx_word' id='word_1_131' title='bbox 1210 1763 1299 1846; x_wconf 87' lang='lat' dir='ltr'><strong>pales</strong></span> <span class='ocrx_word' id='word_1_132' title='bbox 1319 1771 1464 1846; x_wconf 90' lang='lat' dir='ltr'><strong>spectant</strong></span> <span class='ocrx_word' id='word_1_133' title='bbox 1486 1764 1526 1826; x_wconf 87' lang='lat' dir='ltr'><strong>ad</strong></span> <span class='ocrx_word' id='word_1_134' title='bbox 1551 1763 1703 1840; x_wconf 89' lang='lat' dir='ltr'><strong>animaru,</strong></span> <span class='ocrx_word' id='word_1_135' title='bbox 1725 1763 1846 1826; x_wconf 90' lang='lat' dir='ltr'><strong>scilicet</strong></span> <span class='ocrx_word' id='word_1_136' title='bbox 1865 1763 1963 1842; x_wconf 89' lang='lat' dir='ltr'><strong>visio,</strong></span> 
     </span>
     <span class='ocr_line' id='line_1_14' title="bbox 403 1859 1966 1945; baseline 0.001 -22"><span class='ocrx_word' id='word_1_137' title='bbox 403 1861 546 1924; x_wconf 91' lang='lat' dir='ltr'><strong>tudinem</strong></span> <span class='ocrx_word' id='word_1_138' title='bbox 574 1861 704 1940; x_wconf 89' lang='lat' dir='ltr'><strong>habent,</strong></span> <span class='ocrx_word' id='word_1_139' title='bbox 735 1862 804 1925; x_wconf 89' lang='lat' dir='ltr'><strong>sive</strong></span> <span class='ocrx_word' id='word_1_140' title='bbox 832 1881 890 1944; x_wconf 90' lang='lat' dir='ltr'><strong>per</strong></span> <span class='ocrx_word' id='word_1_141' title='bbox 921 1863 1190 1945; x_wconf 77' lang='lat' dir='ltr'><strong>precedentemB</strong></span> <span class='ocrx_word' id='word_1_142' title='bbox 1211 1861 1332 1938; x_wconf 91' lang='lat' dir='ltr'><strong>fruitio,</strong></span> <span class='ocrx_word' id='word_1_143' title='bbox 1349 1861 1458 1925; x_wconf 90' lang='lat' dir='ltr'><strong>tentio.</strong></span> <span class='ocrx_word' id='word_1_144' title='bbox 1475 1861 1548 1936; x_wconf 76' lang='lat' dir='ltr'><strong>Quas</strong></span> <span class='ocrx_word' id='word_1_145' title='bbox 1563 1861 1657 1924; x_wconf 90' lang='lat' dir='ltr'><strong>etiam</strong></span> <span class='ocrx_word' id='word_1_146' title='bbox 1672 1860 1774 1925; x_wconf 90' lang='lat' dir='ltr'><strong>tribus</strong></span> <span class='ocrx_word' id='word_1_147' title='bbox 1789 1859 1966 1924; x_wconf 87' lang='lat' dir='ltr'><strong>virtutibus</strong></span> 
     </span>
     <span class='ocr_line' id='line_1_15' title="bbox 403 1958 1967 2042; baseline 0 -21"><span class='ocrx_word' id='word_1_148' title='bbox 403 1959 631 2040; x_wconf 81' lang='lat' dir='ltr'><strong>cognitionem,</strong></span> <span class='ocrx_word' id='word_1_149' title='bbox 661 1969 717 2023; x_wconf 89' lang='lat' dir='ltr'><strong>aut</strong></span> <span class='ocrx_word' id='word_1_150' title='bbox 749 1960 900 2042; x_wconf 75' lang='lat' dir='ltr'><strong>previam</strong></span> <span class='ocrx_word' id='word_1_151' title='bbox 934 1959 1153 2042; x_wconf 90' lang='lat' dir='ltr'><strong>affectionem,</strong></span> <span class='ocrx_word' id='word_1_152' title='bbox 1210 1958 1399 2040; x_wconf 82' lang='lat' dir='ltr'><strong>theologicis</strong></span> <span class='ocrx_word' id='word_1_153' title='bbox 1426 1960 1709 2041; x_wconf 89' lang='lat' dir='ltr'><strong>correspondent:</strong></span> <span class='ocrx_word' id='word_1_154' title='bbox 1737 1958 1816 2022; x_wconf 89' lang='lat' dir='ltr'><strong>fidei</strong></span> <span class='ocrx_word' id='word_1_155' title='bbox 1843 1958 1967 2040; x_wconf 82' lang='lat' dir='ltr'><strong>quippe</strong></span> 
     </span>
     <span class='ocr_line' id='line_1_16' title="bbox 404 2057 1969 2144; baseline -0.001 -25"><span class='ocrx_word' id='word_1_156' title='bbox 404 2058 454 2121; x_wconf 91' lang='lat' dir='ltr'><strong>vel</strong></span> <span class='ocrx_word' id='word_1_157' title='bbox 486 2078 543 2140; x_wconf 88' lang='lat' dir='ltr'><strong>per</strong></span> <span class='ocrx_word' id='word_1_158' title='bbox 570 2057 748 2121; x_wconf 89' lang='lat' dir='ltr'><strong>naturalem</strong></span> <span class='ocrx_word' id='word_1_159' title='bbox 777 2067 832 2122; x_wconf 91' lang='lat' dir='ltr'><strong>aut</strong></span> <span class='ocrx_word' id='word_1_160' title='bbox 859 2059 1002 2144; x_wconf 85' lang='lat' dir='ltr'><strong>divinam</strong></span> <span class='ocrx_word' id='word_1_161' title='bbox 1031 2060 1157 2124; x_wconf 90' lang='lat' dir='ltr'><strong>ordina-</strong></span> <span class='ocrx_word' id='word_1_162' title='bbox 1209 2058 1351 2120; x_wconf 90' lang='lat' dir='ltr'><strong>succedit</strong></span> <span class='ocrx_word' id='word_1_163' title='bbox 1366 2057 1655 2140; x_wconf 87' lang='lat' dir='ltr'><strong>correspondetque</strong></span> <span class='ocrx_word' id='word_1_164' title='bbox 1678 2057 1780 2135; x_wconf 88' lang='lat' dir='ltr'><strong>visio;</strong></span> <span class='ocrx_word' id='word_1_165' title='bbox 1798 2057 1879 2139; x_wconf 89' lang='lat' dir='ltr'><strong>spei,</strong></span> <span class='ocrx_word' id='word_1_166' title='bbox 1896 2065 1969 2119; x_wconf 85' lang='lat' dir='ltr'><strong>ten-</strong></span> 
     </span>
     <span class='ocr_line' id='line_1_17' title="bbox 405 2155 1569 2234; baseline 0.001 -16"><span class='ocrx_word' id='word_1_167' title='bbox 405 2155 526 2218; x_wconf 91' lang='lat' dir='ltr'><strong>tionem</strong></span> <span class='ocrx_word' id='word_1_168' title='bbox 557 2179 564 2217; x_wconf 92' lang='lat'><strong>:</strong></span> <span class='ocrx_word' id='word_1_169' title='bbox 596 2156 643 2218; x_wconf 91' lang='lat' dir='ltr'><strong>sic</strong></span> <span class='ocrx_word' id='word_1_170' title='bbox 671 2155 756 2218; x_wconf 91' lang='lat' dir='ltr'><strong>enim</strong></span> <span class='ocrx_word' id='word_1_171' title='bbox 786 2164 817 2218; x_wconf 93' lang='lat' dir='ltr'><strong>et</strong></span> <span class='ocrx_word' id='word_1_172' title='bbox 849 2175 960 2220; x_wconf 90' lang='lat' dir='ltr'><strong>omnes</strong></span> <span class='ocrx_word' id='word_1_173' title='bbox 987 2156 1073 2221; x_wconf 90' lang='lat' dir='ltr'><strong>Beati</strong></span> <span class='ocrx_word' id='word_1_174' title='bbox 1102 2176 1156 2220; x_wconf 90' lang='lat' dir='ltr'><strong>eos</strong></span> <span class='ocrx_word' id='word_1_175' title='bbox 1210 2155 1274 2234; x_wconf 89' lang='lat' dir='ltr'><strong>ti0;</strong></span> <span class='ocrx_word' id='word_1_176' title='bbox 1291 2157 1428 2234; x_wconf 89' lang='lat' dir='ltr'><strong>caritati,</strong></span> <span class='ocrx_word' id='word_1_177' title='bbox 1447 2155 1569 2220; x_wconf 83' lang='lat' dir='ltr'><strong>fruitio.</strong></span> 
     </span>
     <span class='ocr_line' id='line_1_18' title="bbox 405 2253 1966 2342; baseline 0.001 -28"><span class='ocrx_word' id='word_1_178' title='bbox 405 2253 587 2334; x_wconf 85' lang='lat' dir='ltr'><strong>specialiter</strong></span> <span class='ocrx_word' id='word_1_179' title='bbox 611 2261 749 2316; x_wconf 90' lang='lat' dir='ltr'><strong>noscunt</strong></span> <span class='ocrx_word' id='word_1_180' title='bbox 772 2253 826 2335; x_wconf 92' lang='lat' dir='ltr'><strong>qui</strong></span> <span class='ocrx_word' id='word_1_181' title='bbox 852 2255 962 2342; x_wconf 87' lang='lat' dir='ltr'><strong>colunt</strong></span> <span class='ocrx_word' id='word_1_182' title='bbox 986 2275 1043 2318; x_wconf 89' lang='lat' dir='ltr'><strong>seu</strong></span> <span class='ocrx_word' id='word_1_183' title='bbox 1066 2255 1157 2318; x_wconf 87' lang='lat' dir='ltr'><strong>invo-</strong></span> <span class='ocrx_word' id='word_1_184' title='bbox 1249 2253 1326 2317; x_wconf 74' lang='lat' dir='ltr'><strong>Aliae</strong></span> <span class='ocrx_word' id='word_1_185' title='bbox 1341 2261 1476 2335; x_wconf 92' lang='lat' dir='ltr'><strong>quatuor</strong></span> <span class='ocrx_word' id='word_1_186' title='bbox 1494 2255 1584 2318; x_wconf 91' lang='lat' dir='ltr'><strong>dotes</strong></span> <span class='ocrx_word' id='word_1_187' title='bbox 1606 2261 1752 2336; x_wconf 85' lang='lat' dir='ltr'><strong>spectant</strong></span> <span class='ocrx_word' id='word_1_188' title='bbox 1771 2255 1810 2317; x_wconf 90' lang='lat' dir='ltr'><strong>ad</strong></span> <span class='ocrx_word' id='word_1_189' title='bbox 1830 2273 1966 2336; x_wconf 91' lang='lat' dir='ltr'><strong>corpus,</strong></span> 
     </span>
     <span class='ocr_line' id='line_1_19' title="bbox 300 2351 1966 2443; baseline 0 -29"><span class='ocrx_word' id='word_1_190' title='bbox 300 2393 305 2398; x_wconf 87' lang='lat'>-</span> <span class='ocrx_word' id='word_1_191' title='bbox 405 2359 480 2414; x_wconf 91' lang='lat' dir='ltr'><strong>cant</strong></span> <span class='ocrx_word' id='word_1_192' title='bbox 500 2369 555 2414; x_wconf 90' lang='lat' dir='ltr'><strong>eos</strong></span> <span class='ocrx_word' id='word_1_193' title='bbox 576 2351 613 2443; x_wconf 26' lang='lat' dir='ltr'><strong>in·</strong></span> <span class='ocrx_word' id='word_1_194' title='bbox 632 2352 775 2434; x_wconf 90' lang='lat' dir='ltr'><strong>speciali.</strong></span> <span class='ocrx_word' id='word_1_195' title='bbox 1209 2361 1321 2433; x_wconf 87' lang='lat' dir='ltr'><strong>utputa</strong></span> <span class='ocrx_word' id='word_1_196' title='bbox 1356 2353 1496 2432; x_wconf 87' lang='lat' dir='ltr'><strong>claritas,</strong></span> <span class='ocrx_word' id='word_1_197' title='bbox 1532 2353 1669 2435; x_wconf 77' lang='lat' dir='ltr'><strong>agilitaS,</strong></span> <span class='ocrx_word' id='word_1_198' title='bbox 1706 2352 1966 2436; x_wconf 89' lang='lat' dir='ltr'><strong>impassibilitas,</strong></span> 
     </span>
     <span class='ocr_line' id='line_1_20' title="bbox 444 2437 1970 2533; baseline 0.002 -22"><span class='ocrx_word' id='word_1_199' title='bbox 444 2437 551 2529; x_wconf 88' lang='lat' dir='ltr'><strong>Porro,</strong></span> <span class='ocrx_word' id='word_1_200' title='bbox 568 2449 607 2512; x_wconf 92' lang='lat' dir='ltr'><strong>de</strong></span> <span class='ocrx_word' id='word_1_201' title='bbox 628 2449 796 2513; x_wconf 88' lang='lat' dir='ltr'><strong>animabus</strong></span> <span class='ocrx_word' id='word_1_202' title='bbox 817 2451 920 2514; x_wconf 89' lang='lat' dir='ltr'><strong>beatis</strong></span> <span class='ocrx_word' id='word_1_203' title='bbox 935 2451 999 2516; x_wconf 87' lang='lat' dir='ltr'><strong>Deo</strong></span> <span class='ocrx_word' id='word_1_204' title='bbox 1021 2452 1158 2514; x_wconf 90' lang='lat' dir='ltr'><strong>fruenti·</strong></span> <span class='ocrx_word' id='word_1_205' title='bbox 1210 2451 1370 2514; x_wconf 87' lang='lat' dir='ltr'><strong>subtilitas</strong></span> <span class='ocrx_word' id='word_1_206' title='bbox 1396 2475 1404 2514; x_wconf 75' lang='grc' dir='ltr'>ε</span> <span class='ocrx_word' id='word_1_207' title='bbox 1433 2470 1489 2533; x_wconf 91' lang='lat' dir='ltr'><strong>per</strong></span> <span class='ocrx_word' id='word_1_208' title='bbox 1516 2470 1596 2532; x_wconf 90' lang='lat' dir='ltr'><strong>quas</strong></span> <span class='ocrx_word' id='word_1_209' title='bbox 1624 2452 1715 2514; x_wconf 90' lang='lat' dir='ltr'><strong>dotes</strong></span> <span class='ocrx_word' id='word_1_210' title='bbox 1743 2470 1878 2533; x_wconf 91' lang='lat' dir='ltr'><strong>corpora</strong></span> <span class='ocrx_word' id='word_1_211' title='bbox 1906 2451 1970 2514; x_wconf 77' lang='lat' dir='ltr'><strong>ue-</strong></span> 
     </span>
     <span class='ocr_line' id='line_1_21' title="bbox 405 2547 1970 2632; baseline 0 -20"><span class='ocrx_word' id='word_1_212' title='bbox 405 2549 465 2612; x_wconf 93' lang='lat' dir='ltr'><strong>bus</strong></span> <span class='ocrx_word' id='word_1_213' title='bbox 485 2549 565 2613; x_wconf 91' lang='lat' dir='ltr'><strong>dicit</strong></span> <span class='ocrx_word' id='word_1_214' title='bbox 583 2549 763 2632; x_wconf 87' lang='lat' dir='ltr'><strong>Gregorius,</strong></span> <span class='ocrx_word' id='word_1_215' title='bbox 789 2569 990 2632; x_wconf 90' lang='lat' dir='ltr'><strong>nequaquam</strong></span> <span class='ocrx_word' id='word_1_216' title='bbox 1008 2569 1079 2612; x_wconf 88' lang='lat' dir='ltr'><strong>esse</strong></span> <span class='ocrx_word' id='word_1_217' title='bbox 1100 2567 1157 2630; x_wconf 92' lang='lat' dir='ltr'><strong>pu·</strong></span> <span class='ocrx_word' id='word_1_218' title='bbox 1209 2557 1332 2612; x_wconf 85' lang='lat' dir='ltr'><strong>aterum</strong></span> <span class='ocrx_word' id='word_1_219' title='bbox 1353 2548 1631 2631; x_wconf 90' lang='lat' dir='ltr'><strong>glorificabuntur,</strong></span> <span class='ocrx_word' id='word_1_220' title='bbox 1652 2557 1684 2612; x_wconf 92' lang='lat' dir='ltr'><strong>et</strong></span> <span class='ocrx_word' id='word_1_221' title='bbox 1704 2547 1873 2611; x_wconf 88' lang='lat' dir='ltr'><strong>animabus</strong></span> <span class='ocrx_word' id='word_1_222' title='bbox 1896 2548 1970 2630; x_wconf 91' lang='lat' dir='ltr'><strong>ple·</strong></span> 
     </span>
     <span class='ocr_line' id='line_1_22' title="bbox 405 2647 1968 2730; baseline 0.001 -20"><span class='ocrx_word' id='word_1_223' title='bbox 405 2649 537 2711; x_wconf 69' lang='lat' dir='ltr'><strong>undum</strong></span> <span class='ocrx_word' id='word_1_224' title='bbox 551 2649 636 2730; x_wconf 90' lang='lat' dir='ltr'><strong>quod</strong></span> <span class='ocrx_word' id='word_1_225' title='bbox 658 2648 806 2730; x_wconf 88' lang='lat' dir='ltr'><strong>ignorent</strong></span> <span class='ocrx_word' id='word_1_226' title='bbox 820 2669 857 2712; x_wconf 87' lang='lat' dir='ltr'><strong>ea</strong></span> <span class='ocrx_word' id='word_1_227' title='bbox 873 2668 943 2730; x_wconf 79' lang='lat' dir='ltr'><strong>quas</strong></span> <span class='ocrx_word' id='word_1_228' title='bbox 964 2647 1043 2712; x_wconf 88' lang='lat' dir='ltr'><strong>foris</strong></span> <span class='ocrx_word' id='word_1_229' title='bbox 1057 2667 1157 2729; x_wconf 89' lang='lat' dir='ltr'><strong>agun-</strong></span> <span class='ocrx_word' id='word_1_230' title='bbox 1209 2648 1341 2711; x_wconf 91' lang='lat' dir='ltr'><strong>nissime</strong></span> <span class='ocrx_word' id='word_1_231' title='bbox 1353 2647 1574 2730; x_wconf 89' lang='lat' dir='ltr'><strong>subjicientur,</strong></span> <span class='ocrx_word' id='word_1_232' title='bbox 1592 2648 1636 2710; x_wconf 92' lang='lat' dir='ltr'><strong>ita</strong></span> <span class='ocrx_word' id='word_1_233' title='bbox 1657 2649 1742 2730; x_wconf 92' lang='lat' dir='ltr'><strong>quod</strong></span> <span class='ocrx_word' id='word_1_234' title='bbox 1758 2654 1864 2711; x_wconf 87' lang='lat' dir='ltr'><strong>actum</strong></span> <span class='ocrx_word' id='word_1_235' title='bbox 1885 2666 1968 2711; x_wconf 90' lang='lat' dir='ltr'><strong>con-</strong></span> 
     </span>
     <span class='ocr_line' id='line_1_23' title="bbox 406 2745 1969 2829; baseline 0.001 -21"><span class='ocrx_word' id='word_1_236' title='bbox 406 2755 468 2824; x_wconf 91' lang='lat' dir='ltr'><strong>tur,</strong></span> <span class='ocrx_word' id='word_1_237' title='bbox 485 2747 516 2809; x_wconf 92' lang='lat' dir='ltr'><strong>id</strong></span> <span class='ocrx_word' id='word_1_238' title='bbox 539 2755 598 2827; x_wconf 89' lang='lat' dir='ltr'><strong>est,</strong></span> <span class='ocrx_word' id='word_1_239' title='bbox 614 2766 685 2829; x_wconf 76' lang='lat' dir='ltr'><strong>quae</strong></span> <span class='ocrx_word' id='word_1_240' title='bbox 706 2747 739 2809; x_wconf 90' lang='lat' dir='ltr'><strong>in</strong></span> <span class='ocrx_word' id='word_1_241' title='bbox 763 2748 883 2810; x_wconf 91' lang='lat' dir='ltr'><strong>mundo</strong></span> <span class='ocrx_word' id='word_1_242' title='bbox 904 2747 964 2810; x_wconf 90' lang='lat' dir='ltr'><strong>hoc</strong></span> <span class='ocrx_word' id='word_1_243' title='bbox 985 2746 1078 2824; x_wconf 85' lang='lat' dir='ltr'><strong>fiunt,</strong></span> <span class='ocrx_word' id='word_1_244' title='bbox 1100 2747 1155 2810; x_wconf 90' lang='lat' dir='ltr'><strong>sed</strong></span> <span class='ocrx_word' id='word_1_245' title='bbox 1209 2746 1422 2828; x_wconf 89' lang='lat' dir='ltr'><strong>templationis</strong></span> <span class='ocrx_word' id='word_1_246' title='bbox 1446 2765 1483 2810; x_wconf 90' lang='lat' dir='ltr'><strong>ac</strong></span> <span class='ocrx_word' id='word_1_247' title='bbox 1508 2745 1670 2810; x_wconf 90' lang='lat' dir='ltr'><strong>fruitionis</strong></span> <span class='ocrx_word' id='word_1_248' title='bbox 1691 2745 1848 2810; x_wconf 77' lang='lat' dir='ltr'><strong>beatificas</strong></span> <span class='ocrx_word' id='word_1_249' title='bbox 1870 2746 1969 2810; x_wconf 93' lang='lat' dir='ltr'><strong>nullo</strong></span> 
     </span>
     <span class='ocr_line' id='line_1_24' title="bbox 406 2843 1968 2927; baseline 0.001 -21"><span class='ocrx_word' id='word_1_250' title='bbox 406 2844 560 2927; x_wconf 93' lang='lat' dir='ltr'><strong>quidquid</strong></span> <span class='ocrx_word' id='word_1_251' title='bbox 576 2844 819 2926; x_wconf 72' lang='lat' dir='ltr'><strong>presentialiter</strong></span> <span class='ocrx_word' id='word_1_252' title='bbox 833 2844 884 2907; x_wconf 87' lang='lat' dir='ltr'><strong>lric</strong></span> <span class='ocrx_word' id='word_1_253' title='bbox 899 2845 1004 2926; x_wconf 89' lang='lat' dir='ltr'><strong>agitur</strong></span> <span class='ocrx_word' id='word_1_254' title='bbox 1022 2853 1077 2907; x_wconf 90' lang='lat' dir='ltr'><strong>aut</strong></span> <span class='ocrx_word' id='word_1_255' title='bbox 1095 2853 1154 2924; x_wconf 89' lang='lat' dir='ltr'><strong>est,</strong></span> <span class='ocrx_word' id='word_1_256' title='bbox 1210 2847 1304 2909; x_wconf 91' lang='lat' dir='ltr'><strong>modo</strong></span> <span class='ocrx_word' id='word_1_257' title='bbox 1327 2845 1512 2926; x_wconf 89' lang='lat' dir='ltr'><strong>impedient,</strong></span> <span class='ocrx_word' id='word_1_258' title='bbox 1540 2844 1605 2907; x_wconf 91' lang='lat' dir='ltr'><strong>imo</strong></span> <span class='ocrx_word' id='word_1_259' title='bbox 1633 2845 1748 2908; x_wconf 79' lang='lat' dir='ltr'><strong>animm</strong></span> <span class='ocrx_word' id='word_1_260' title='bbox 1776 2843 1968 2908; x_wconf 79' lang='lat' dir='ltr'><strong>felicitatem</strong></span> 
     </span>
     <span class='ocr_line' id='line_1_25' title="bbox 406 2941 1969 3026; baseline 0.002 -23"><span class='ocrx_word' id='word_1_261' title='bbox 406 2951 550 3005; x_wconf 90' lang='lat' dir='ltr'><strong>noscant.</strong></span> <span class='ocrx_word' id='word_1_262' title='bbox 580 2979 621 2990; x_wconf 92' lang='lat'><em>-</em></span> <span class='ocrx_word' id='word_1_263' title='bbox 648 2943 842 3025; x_wconf 81' lang='lat' dir='ltr'><strong>Augustinus</strong></span> <span class='ocrx_word' id='word_1_264' title='bbox 871 2951 976 3006; x_wconf 88' lang='lat' dir='ltr'><strong>eutem</strong></span> <span class='ocrx_word' id='word_1_265' title='bbox 1005 2943 1038 3004; x_wconf 93' lang='lat' dir='ltr'><strong>in</strong></span> <span class='ocrx_word' id='word_1_266' title='bbox 1073 2942 1156 3006; x_wconf 91' lang='lat' dir='ltr'><strong>libro</strong></span> <span class='ocrx_word' id='word_1_267' title='bbox 1210 2944 1407 3026; x_wconf 86' lang='lat' dir='ltr'><strong>gloriamque</strong></span> <span class='ocrx_word' id='word_1_268' title='bbox 1422 2943 1593 3025; x_wconf 88' lang='lat' dir='ltr'><strong>augebunt.</strong></span> <span class='ocrx_word' id='word_1_269' title='bbox 1610 2941 1702 3006; x_wconf 90' lang='lat' dir='ltr'><strong>Nune</strong></span> <span class='ocrx_word' id='word_1_270' title='bbox 1717 2943 1803 3006; x_wconf 90' lang='lat' dir='ltr'><strong>euim</strong></span> <span class='ocrx_word' id='word_1_271' title='bbox 1826 2943 1969 3006; x_wconf 84' lang='lat' dir='ltr'><strong>durante</strong></span> 
     </span>
     <span class='ocr_line' id='line_1_26' title="bbox 406 3038 2108 3124; baseline 0.001 -22"><span class='ocrx_word' id='word_1_272' title='bbox 406 3040 447 3103; x_wconf 90' lang='lat' dir='ltr'><strong>de</strong></span> <span class='ocrx_word' id='word_1_273' title='bbox 468 3039 549 3103; x_wconf 89' lang='lat' dir='ltr'><strong>Cura</strong></span> <span class='ocrx_word' id='word_1_274' title='bbox 572 3049 768 3104; x_wconf 89' lang='lat' dir='ltr'><strong>mortuorum</strong></span> <span class='ocrx_word' id='word_1_275' title='bbox 793 3041 886 3104; x_wconf 88' lang='lat' dir='ltr'><strong>aliter</strong></span> <span class='ocrx_word' id='word_1_276' title='bbox 908 3041 997 3120; x_wconf 90' lang='lat' dir='ltr'><strong>dicit,</strong></span> <span class='ocrx_word' id='word_1_277' title='bbox 1014 3040 1156 3104; x_wconf 91' lang='lat' dir='ltr'><strong>scribens</strong></span> <span class='ocrx_word' id='word_1_278' title='bbox 1174 3038 1196 3100; x_wconf 88' lang='lat' dir='ltr'><strong>G</strong></span> <span class='ocrx_word' id='word_1_279' title='bbox 1211 3043 1270 3105; x_wconf 89' lang='lat' dir='ltr'><strong>hac</strong></span> <span class='ocrx_word' id='word_1_280' title='bbox 1285 3041 1362 3120; x_wconf 87' lang='lat' dir='ltr'><strong>vita,</strong></span> <span class='ocrx_word' id='word_1_281' title='bbox 1378 3061 1494 3124; x_wconf 87' lang='lat' dir='ltr'><strong>corpus</strong></span> <span class='ocrx_word' id='word_1_282' title='bbox 1510 3039 1716 3124; x_wconf 91' lang='lat' dir='ltr'><strong>corruptibile</strong></span> <span class='ocrx_word' id='word_1_283' title='bbox 1731 3050 1884 3122; x_wconf 87' lang='lat' dir='ltr'><strong>aggravat</strong></span> <span class='ocrx_word' id='word_1_284' title='bbox 1896 3041 1969 3104; x_wconf 90' lang='lat' dir='ltr'><strong>ani-</strong></span> <span class='ocrx_word' id='word_1_285' title='bbox 1984 3068 2108 3124; x_wconf 49' lang='lat' dir='ltr'><strong>smus</strong></span> 
     </span>
     <span class='ocr_line' id='line_1_27' title="bbox 408 3140 1971 3224; baseline 0.001 -23"><span class='ocrx_word' id='word_1_286' title='bbox 408 3140 492 3220; x_wconf 90' lang='lat' dir='ltr'><strong>quod</strong></span> <span class='ocrx_word' id='word_1_287' title='bbox 518 3141 645 3218; x_wconf 87' lang='lat' dir='ltr'><strong>mortui,</strong></span> <span class='ocrx_word' id='word_1_288' title='bbox 671 3142 818 3221; x_wconf 89' lang='lat' dir='ltr'><strong>quamvis</strong></span> <span class='ocrx_word' id='word_1_289' title='bbox 843 3140 939 3219; x_wconf 87' lang='lat' dir='ltr'><strong>beati,</strong></span> <span class='ocrx_word' id='word_1_290' title='bbox 960 3159 1026 3204; x_wconf 90' lang='lat' dir='ltr'><strong>non</strong></span> <span class='ocrx_word' id='word_1_291' title='bbox 1052 3141 1158 3203; x_wconf 90' lang='lat' dir='ltr'><strong>sciunt</strong></span> <span class='ocrx_word' id='word_1_292' title='bbox 1212 3162 1307 3217; x_wconf 88' lang='lat' dir='ltr'><strong>mam,</strong></span> <span class='ocrx_word' id='word_1_293' title='bbox 1329 3141 1540 3224; x_wconf 85' lang='lat' dir='ltr'><strong>deprimitque</strong></span> <span class='ocrx_word' id='word_1_294' title='bbox 1561 3148 1686 3203; x_wconf 88' lang='lat' dir='ltr'><strong>terrena</strong></span> <span class='ocrx_word' id='word_1_295' title='bbox 1705 3140 1895 3204; x_wconf 88' lang='lat' dir='ltr'><strong>inhabitatio</strong></span> <span class='ocrx_word' id='word_1_296' title='bbox 1914 3141 1971 3203; x_wconf 89' lang='lat' dir='ltr'><strong>in-</strong></span> 
     </span>
     <span class='ocr_line' id='line_1_28' title="bbox 408 3237 1970 3321; baseline 0.002 -21"><span class='ocrx_word' id='word_1_297' title='bbox 408 3237 1155 3321; x_wconf 83' lang='lat' dir='ltr'><strong>quaehicaguntur,etquideorumfiliiagant.</strong></span> <span class='ocrx_word' id='word_1_298' title='bbox 1212 3240 1372 3303; x_wconf 89' lang='lat' dir='ltr'><strong>tellectum</strong></span> <span class='ocrx_word' id='word_1_299' title='bbox 1402 3239 1500 3302; x_wconf 90' lang='lat' dir='ltr'><strong>multa</strong></span> <span class='ocrx_word' id='word_1_300' title='bbox 1530 3239 1744 3321; x_wconf 82' lang='lat' dir='ltr'><strong>cogitantem3</strong></span> <span class='ocrx_word' id='word_1_301' title='bbox 1774 3245 1850 3301; x_wconf 90' lang='lat' dir='ltr'><strong>tunc</strong></span> <span class='ocrx_word' id='word_1_302' title='bbox 1885 3258 1970 3303; x_wconf 86' lang='lat' dir='ltr'><strong>vero</strong></span> 
     </span>
     <span class='ocr_line' id='line_1_29' title="bbox 407 3335 1972 3420; baseline 0.002 -22"><span class='ocrx_word' id='word_1_303' title='bbox 407 3335 447 3399; x_wconf 88' lang='lat' dir='ltr'><strong>Et</strong></span> <span class='ocrx_word' id='word_1_304' title='bbox 470 3336 585 3418; x_wconf 84' lang='lat' dir='ltr'><strong>allegat</strong></span> <span class='ocrx_word' id='word_1_305' title='bbox 609 3338 806 3419; x_wconf 77' lang='lat' dir='ltr'><strong>Augustinus</strong></span> <span class='ocrx_word' id='word_1_306' title='bbox 827 3357 882 3420; x_wconf 93' lang='lat' dir='ltr'><strong>pro</strong></span> <span class='ocrx_word' id='word_1_307' title='bbox 909 3358 943 3401; x_wconf 89' lang='lat' dir='ltr'><strong>se</strong></span> <span class='ocrx_word' id='word_1_308' title='bbox 965 3339 1048 3419; x_wconf 92' lang='lat' dir='ltr'><strong>quod</strong></span> <span class='ocrx_word' id='word_1_309' title='bbox 1069 3338 1158 3401; x_wconf 79' lang='lat' dir='ltr'><strong>lsaiae</strong></span> <span class='ocrx_word' id='word_1_310' title='bbox 1212 3357 1345 3420; x_wconf 87' lang='lat' dir='ltr'><strong>corpora</strong></span> <span class='ocrx_word' id='word_1_311' title='bbox 1359 3338 1532 3402; x_wconf 91' lang='lat' dir='ltr'><strong>electorum</strong></span> <span class='ocrx_word' id='word_1_312' title='bbox 1553 3338 1685 3401; x_wconf 89' lang='lat' dir='ltr'><strong>omnino</strong></span> <span class='ocrx_word' id='word_1_313' title='bbox 1705 3337 1915 3420; x_wconf 90' lang='lat' dir='ltr'><strong>impassibilia</strong></span> <span class='ocrx_word' id='word_1_314' title='bbox 1932 3348 1972 3401; x_wconf 88' lang='lat' dir='ltr'><strong>et</strong></span> 
     </span>
     <span class='ocr_line' id='line_1_30' title="bbox 408 3426 1972 3519; baseline 0.003 -24"><span class='ocrx_word' id='word_1_315' title='bbox 408 3434 604 3515; x_wconf 81' lang='lat' dir='ltr'><strong>sexagesimo</strong></span> <span class='ocrx_word' id='word_1_316' title='bbox 619 3435 711 3498; x_wconf 89' lang='lat' dir='ltr'><strong>tertio</strong></span> <span class='ocrx_word' id='word_1_317' title='bbox 732 3436 886 3517; x_wconf 89' lang='lat' dir='ltr'><strong>scriptum</strong></span> <span class='ocrx_word' id='word_1_318' title='bbox 905 3437 1000 3499; x_wconf 90' lang='lat' dir='ltr'><strong>estin</strong></span> <span class='ocrx_word' id='word_1_319' title='bbox 1021 3456 1156 3519; x_wconf 90' lang='lat' dir='ltr'><strong>persona</strong></span> <span class='ocrx_word' id='word_1_320' title='bbox 1212 3436 1405 3500; x_wconf 85' lang='lat' dir='ltr'><strong>immortalia</strong></span> <span class='ocrx_word' id='word_1_321' title='bbox 1426 3445 1529 3514; x_wconf 90' lang='lat' dir='ltr'><strong>erunt,</strong></span> <span class='ocrx_word' id='word_1_322' title='bbox 1548 3426 1654 3517; x_wconf 88' lang='lat' dir='ltr'><strong>agilia,</strong></span> <span class='ocrx_word' id='word_1_323' title='bbox 1671 3435 1865 3517; x_wconf 80' lang='lat' dir='ltr'><strong>clamatque</strong></span> <span class='ocrx_word' id='word_1_324' title='bbox 1888 3437 1972 3500; x_wconf 92' lang='lat' dir='ltr'><strong>sub-</strong></span> 
     </span>
     <span class='ocr_line' id='line_1_31' title="bbox 260 3532 1968 3616; baseline 0.001 -21"><span class='ocrx_word' id='word_1_325' title='bbox 260 3552 394 3602; x_wconf 58' lang='lat' dir='ltr'><strong>renutu.</strong></span> <span class='ocrx_word' id='word_1_326' title='bbox 408 3532 516 3614; x_wconf 93' lang='lat' dir='ltr'><strong>populi</strong></span> <span class='ocrx_word' id='word_1_327' title='bbox 529 3533 886 3597; x_wconf 72' lang='lat' dir='ltr'><strong>ludaeorumzAbraham</strong></span> <span class='ocrx_word' id='word_1_328' title='bbox 898 3534 1033 3597; x_wconf 91' lang='lat' dir='ltr'><strong>nescivit</strong></span> <span class='ocrx_word' id='word_1_329' title='bbox 1048 3544 1158 3613; x_wconf 61' lang='lat' dir='ltr'><strong>uomet</strong></span> <span class='ocrx_word' id='word_1_330' title='bbox 1212 3536 1291 3612; x_wconf 90' lang='lat' dir='ltr'><strong>tilia,</strong></span> <span class='ocrx_word' id='word_1_331' title='bbox 1309 3543 1395 3598; x_wconf 90' lang='lat' dir='ltr'><strong>tanto</strong></span> <span class='ocrx_word' id='word_1_332' title='bbox 1420 3536 1528 3615; x_wconf 91' lang='lat' dir='ltr'><strong>utique</strong></span> <span class='ocrx_word' id='word_1_333' title='bbox 1550 3533 1683 3616; x_wconf 80' lang='lat' dir='ltr'><strong>agiliora</strong></span> <span class='ocrx_word' id='word_1_334' title='bbox 1704 3554 1761 3597; x_wconf 91' lang='lat' dir='ltr'><strong>seu</strong></span> <span class='ocrx_word' id='word_1_335' title='bbox 1780 3534 1968 3615; x_wconf 87' lang='lat' dir='ltr'><strong>mobiliora,</strong></span> 
     </span>
     <span class='ocr_line' id='line_1_32' title="bbox 407 3630 1973 3715; baseline 0.001 -22"><span class='ocrx_word' id='word_1_336' title='bbox 407 3631 502 3694; x_wconf 88' lang='lat' dir='ltr'><strong>lsrael</strong></span> <span class='ocrx_word' id='word_1_337' title='bbox 517 3631 656 3711; x_wconf 88' lang='lat' dir='ltr'><strong>(scilicet</strong></span> <span class='ocrx_word' id='word_1_338' title='bbox 675 3633 771 3696; x_wconf 88' lang='lat' dir='ltr'><strong>Jacob</strong></span> <span class='ocrx_word' id='word_1_339' title='bbox 792 3634 982 3715; x_wconf 84' lang='lat' dir='ltr'><strong>patriarcba)</strong></span> <span class='ocrx_word' id='word_1_340' title='bbox 998 3634 1157 3715; x_wconf 89' lang='lat' dir='ltr'><strong>ignoravit</strong></span> <span class='ocrx_word' id='word_1_341' title='bbox 1212 3634 1345 3697; x_wconf 88' lang='lat' dir='ltr'><strong>clariora</strong></span> <span class='ocrx_word' id='word_1_342' title='bbox 1359 3652 1395 3695; x_wconf 89' lang='lat' dir='ltr'><strong>ac</strong></span> <span class='ocrx_word' id='word_1_343' title='bbox 1410 3632 1587 3711; x_wconf 89' lang='lat' dir='ltr'><strong>subtiliora,</strong></span> <span class='ocrx_word' id='word_1_344' title='bbox 1603 3640 1722 3713; x_wconf 88' lang='lat' dir='ltr'><strong>quanto</strong></span> <span class='ocrx_word' id='word_1_345' title='bbox 1744 3632 1848 3695; x_wconf 90' lang='lat' dir='ltr'><strong>anima</strong></span> <span class='ocrx_word' id='word_1_346' title='bbox 1862 3630 1973 3695; x_wconf 89' lang='lat' dir='ltr'><strong>fuerit</strong></span> 
     </span>
     <span class='ocr_line' id='line_1_33' title="bbox 408 3729 1970 3819; baseline 0 -27"><span class='ocrx_word' id='word_1_347' title='bbox 408 3749 477 3794; x_wconf 90' lang='lat' dir='ltr'><strong>nos.</strong></span> <span class='ocrx_word' id='word_1_348' title='bbox 504 3730 591 3819; x_wconf 73' lang='lat' dir='ltr'><strong>Unde</strong></span> <span class='ocrx_word' id='word_1_349' title='bbox 613 3730 801 3794; x_wconf 84' lang='lat' dir='ltr'><strong>Patriarcbae</strong></span> <span class='ocrx_word' id='word_1_350' title='bbox 830 3732 876 3794; x_wconf 93' lang='lat' dir='ltr'><strong>illi</strong></span> <span class='ocrx_word' id='word_1_351' title='bbox 900 3732 1043 3795; x_wconf 83' lang='lat' dir='ltr'><strong>defuncti</strong></span> <span class='ocrx_word' id='word_1_352' title='bbox 1068 3732 1157 3814; x_wconf 88' lang='lat' dir='ltr'><strong>igno·</strong></span> <span class='ocrx_word' id='word_1_353' title='bbox 1211 3732 1275 3795; x_wconf 81' lang='lat' dir='ltr'><strong>lieo</strong></span> <span class='ocrx_word' id='word_1_354' title='bbox 1295 3732 1396 3813; x_wconf 88' lang='lat' dir='ltr'><strong>magis</strong></span> <span class='ocrx_word' id='word_1_355' title='bbox 1420 3730 1568 3813; x_wconf 90' lang='lat' dir='ltr'><strong>gloriose,</strong></span> <span class='ocrx_word' id='word_1_356' title='bbox 1586 3730 1765 3813; x_wconf 92' lang='lat' dir='ltr'><strong>propinque</strong></span> <span class='ocrx_word' id='word_1_357' title='bbox 1790 3749 1827 3793; x_wconf 89' lang='lat' dir='ltr'><strong>ac</strong></span> <span class='ocrx_word' id='word_1_358' title='bbox 1849 3729 1970 3794; x_wconf 88' lang='lat' dir='ltr'><strong>intime</strong></span> 
     </span>
     <span class='ocr_line' id='line_1_34' title="bbox 410 3827 1970 3913; baseline 0 -22"><span class='ocrx_word' id='word_1_359' title='bbox 410 3849 494 3892; x_wconf 86' lang='lat' dir='ltr'><strong>resse</strong></span> <span class='ocrx_word' id='word_1_360' title='bbox 510 3830 660 3892; x_wconf 87' lang='lat' dir='ltr'><strong>videntur</strong></span> <span class='ocrx_word' id='word_1_361' title='bbox 680 3830 764 3896; x_wconf 88' lang='lat' dir='ltr'><strong>facta</strong></span> <span class='ocrx_word' id='word_1_362' title='bbox 780 3830 990 3913; x_wconf 90' lang='lat' dir='ltr'><strong>posteriorum</strong></span> <span class='ocrx_word' id='word_1_363' title='bbox 1013 3851 1154 3895; x_wconf 91' lang='lat' dir='ltr'><strong>suorum.</strong></span> <span class='ocrx_word' id='word_1_364' title='bbox 1212 3831 1358 3912; x_wconf 86' lang='lat' dir='ltr'><strong>copulata</strong></span> <span class='ocrx_word' id='word_1_365' title='bbox 1392 3853 1399 3892; x_wconf 77' lang='grc' dir='ltr'>ι</span> <span class='ocrx_word' id='word_1_366' title='bbox 1432 3828 1589 3910; x_wconf 90' lang='lat' dir='ltr'><strong>siquidem</strong></span> <span class='ocrx_word' id='word_1_367' title='bbox 1625 3828 1798 3907; x_wconf 88' lang='lat' dir='ltr'><strong>beatitudo,</strong></span> <span class='ocrx_word' id='word_1_368' title='bbox 1834 3827 1970 3891; x_wconf 84' lang='lat' dir='ltr'><strong>claritas</strong></span> 
     </span>
     <span class='ocr_line' id='line_1_35' title="bbox 407 3925 1967 4011; baseline -0.001 -21"><span class='ocrx_word' id='word_1_369' title='bbox 407 3928 531 4009; x_wconf 86' lang='lat' dir='ltr'><strong>Allegat</strong></span> <span class='ocrx_word' id='word_1_370' title='bbox 555 3946 680 4010; x_wconf 90' lang='lat' dir='ltr'><strong>quoque</strong></span> <span class='ocrx_word' id='word_1_371' title='bbox 706 3947 764 4010; x_wconf 90' lang='lat' dir='ltr'><strong>pro</strong></span> <span class='ocrx_word' id='word_1_372' title='bbox 789 3948 834 4007; x_wconf 90' lang='lat' dir='ltr'><strong>se,</strong></span> <span class='ocrx_word' id='word_1_373' title='bbox 860 3930 943 4011; x_wconf 93' lang='lat' dir='ltr'><strong>quod</strong></span> <span class='ocrx_word' id='word_1_374' title='bbox 973 3938 1073 3992; x_wconf 90' lang='lat' dir='ltr'><strong>mater</strong></span> <span class='ocrx_word' id='word_1_375' title='bbox 1101 3949 1157 3992; x_wconf 87' lang='lat' dir='ltr'><strong>sue</strong></span> <span class='ocrx_word' id='word_1_376' title='bbox 1213 3936 1244 3991; x_wconf 88' lang='lat' dir='ltr'><strong>et</strong></span> <span class='ocrx_word' id='word_1_377' title='bbox 1266 3928 1365 4011; x_wconf 90' lang='lat' dir='ltr'><strong>gloria</strong></span> <span class='ocrx_word' id='word_1_378' title='bbox 1390 3928 1505 3990; x_wconf 75' lang='lat' dir='ltr'><strong>animas</strong></span> <span class='ocrx_word' id='word_1_379' title='bbox 1534 3925 1725 3989; x_wconf 86' lang='lat' dir='ltr'><strong>redundabit</strong></span> <span class='ocrx_word' id='word_1_380' title='bbox 1753 3927 1785 3988; x_wconf 88' lang='lat' dir='ltr'><strong>in</strong></span> <span class='ocrx_word' id='word_1_381' title='bbox 1821 3928 1967 4008; x_wconf 77' lang='lat' dir='ltr'><strong>corpus3</strong></span> 
     </span>
     <span class='ocr_line' id='line_1_36' title="bbox 407 4024 1969 4108; baseline 0.002 -22"><span class='ocrx_word' id='word_1_382' title='bbox 407 4025 559 4089; x_wconf 90' lang='lat' dir='ltr'><strong>defuncta</strong></span> <span class='ocrx_word' id='word_1_383' title='bbox 586 4046 658 4089; x_wconf 92' lang='lat' dir='ltr'><strong>eum</strong></span> <span class='ocrx_word' id='word_1_384' title='bbox 693 4046 756 4089; x_wconf 91' lang='lat' dir='ltr'><strong>non</strong></span> <span class='ocrx_word' id='word_1_385' title='bbox 785 4027 933 4090; x_wconf 90' lang='lat' dir='ltr'><strong>visitavit.</strong></span> <span class='ocrx_word' id='word_1_386' title='bbox 963 4029 1091 4107; x_wconf 90' lang='lat' dir='ltr'><strong>Verum,</strong></span> <span class='ocrx_word' id='word_1_387' title='bbox 1123 4037 1158 4090; x_wconf 93' lang='lat' dir='ltr'><strong>ut</strong></span> <span class='ocrx_word' id='word_1_388' title='bbox 1213 4028 1295 4106; x_wconf 91' lang='lat' dir='ltr'><strong>ideo,</strong></span> <span class='ocrx_word' id='word_1_389' title='bbox 1317 4046 1379 4108; x_wconf 92' lang='lat' dir='ltr'><strong>quo</strong></span> <span class='ocrx_word' id='word_1_390' title='bbox 1405 4026 1510 4089; x_wconf 88' lang='lat' dir='ltr'><strong>anima</strong></span> <span class='ocrx_word' id='word_1_391' title='bbox 1530 4025 1637 4088; x_wconf 90' lang='lat' dir='ltr'><strong>divina</strong></span> <span class='ocrx_word' id='word_1_392' title='bbox 1662 4024 1866 4106; x_wconf 85' lang='lat' dir='ltr'><strong>increataque</strong></span> <span class='ocrx_word' id='word_1_393' title='bbox 1890 4024 1969 4089; x_wconf 85' lang='lat' dir='ltr'><strong>luce</strong></span> 
     </span>
     <span class='ocr_line' id='line_1_37' title="bbox 267 4123 1968 4208; baseline 0.001 -23"><span class='ocrx_word' id='word_1_394' title='bbox 267 4142 393 4187; x_wconf 66' lang='lat' dir='ltr'><strong>sumas..</strong></span> <span class='ocrx_word' id='word_1_395' title='bbox 408 4124 544 4188; x_wconf 81' lang='lat' dir='ltr'><strong>Thomas</strong></span> <span class='ocrx_word' id='word_1_396' title='bbox 572 4126 712 4208; x_wconf 79' lang='lat' dir='ltr'><strong>exponit,</strong></span> <span class='ocrx_word' id='word_1_397' title='bbox 738 4127 932 4207; x_wconf 81' lang='lat' dir='ltr'><strong>Augustinus</strong></span> <span class='ocrx_word' id='word_1_398' title='bbox 957 4127 1066 4190; x_wconf 90' lang='lat' dir='ltr'><strong>scribit</strong></span> <span class='ocrx_word' id='word_1_399' title='bbox 1088 4127 1156 4189; x_wconf 85' lang='lat' dir='ltr'><strong>haec</strong></span> <span class='ocrx_word' id='word_1_400' title='bbox 1213 4127 1313 4208; x_wconf 87' lang='lat' dir='ltr'><strong>magis</strong></span> <span class='ocrx_word' id='word_1_401' title='bbox 1339 4123 1546 4207; x_wconf 88' lang='lat' dir='ltr'><strong>perfundetur</strong></span> <span class='ocrx_word' id='word_1_402' title='bbox 1569 4132 1600 4187; x_wconf 91' lang='lat' dir='ltr'><strong>et</strong></span> <span class='ocrx_word' id='word_1_403' title='bbox 1624 4123 1818 4205; x_wconf 88' lang='lat' dir='ltr'><strong>implebitur,</strong></span> <span class='ocrx_word' id='word_1_404' title='bbox 1841 4132 1873 4186; x_wconf 89' lang='lat' dir='ltr'><strong>et</strong></span> <span class='ocrx_word' id='word_1_405' title='bbox 1897 4142 1968 4204; x_wconf 90' lang='lat' dir='ltr'><strong>quo</strong></span> 
     </span>
     <span class='ocr_line' id='line_1_38' title="bbox 261 4210 1968 4321; baseline -0.001 -36"><span class='ocrx_word' id='word_1_406' title='bbox 261 4210 393 4321; x_wconf 39' lang='lat' dir='ltr'><strong>:232²ss</strong></span> <span class='ocrx_word' id='word_1_407' title='bbox 409 4222 505 4286; x_wconf 85' lang='lat' dir='ltr'><strong>verba</strong></span> <span class='ocrx_word' id='word_1_408' title='bbox 515 4224 690 4288; x_wconf 90' lang='lat' dir='ltr'><strong>dubitando</strong></span> <span class='ocrx_word' id='word_1_409' title='bbox 705 4244 762 4288; x_wconf 90' lang='lat' dir='ltr'><strong>seu</strong></span> <span class='ocrx_word' id='word_1_410' title='bbox 776 4226 936 4308; x_wconf 90' lang='lat' dir='ltr'><strong>opinando</strong></span> <span class='ocrx_word' id='word_1_411' title='bbox 948 4227 1049 4309; x_wconf 90' lang='lat' dir='ltr'><strong>magis</strong></span> <span class='ocrx_word' id='word_1_412' title='bbox 1061 4245 1156 4307; x_wconf 88' lang='lat' dir='ltr'><strong>quam</strong></span> <span class='ocrx_word' id='word_1_413' title='bbox 1172 4224 1198 4285; x_wconf 88' lang='lat' dir='ltr'>D</span> <span class='ocrx_word' id='word_1_414' title='bbox 1212 4244 1336 4290; x_wconf 90' lang='lat' dir='ltr'><strong>summa</strong></span> <span class='ocrx_word' id='word_1_415' title='bbox 1351 4223 1491 4287; x_wconf 90' lang='lat' dir='ltr'><strong>bonitate</strong></span> <span class='ocrx_word' id='word_1_416' title='bbox 1507 4223 1636 4285; x_wconf 87' lang='lat' dir='ltr'><strong>suavius</strong></span> <span class='ocrx_word' id='word_1_417' title='bbox 1656 4221 1790 4301; x_wconf 91' lang='lat' dir='ltr'><strong>fruetur,</strong></span> <span class='ocrx_word' id='word_1_418' title='bbox 1806 4241 1845 4285; x_wconf 91' lang='lat' dir='ltr'><strong>eo</strong></span> <span class='ocrx_word' id='word_1_419' title='bbox 1860 4222 1968 4303; x_wconf 88' lang='lat' dir='ltr'><strong>magis</strong></span> 
     </span>
     <span class='ocr_line' id='line_1_39' title="bbox 408 4316 1969 4407; baseline -0.002 -23"><span class='ocrx_word' id='word_1_420' title='bbox 408 4322 589 4385; x_wconf 89' lang='lat' dir='ltr'><strong>asserendo.</strong></span> <span class='ocrx_word' id='word_1_421' title='bbox 627 4323 821 4405; x_wconf 88' lang='lat' dir='ltr'><strong>Argumenta</strong></span> <span class='ocrx_word' id='word_1_422' title='bbox 855 4324 951 4387; x_wconf 90' lang='lat' dir='ltr'><strong>etiam</strong></span> <span class='ocrx_word' id='word_1_423' title='bbox 987 4326 1155 4407; x_wconf 88' lang='lat' dir='ltr'><strong>Augustini</strong></span> <span class='ocrx_word' id='word_1_424' title='bbox 1212 4323 1351 4402; x_wconf 88' lang='lat' dir='ltr'><strong>claritas,</strong></span> <span class='ocrx_word' id='word_1_425' title='bbox 1361 4316 1485 4403; x_wconf 90' lang='lat' dir='ltr'><strong>agilitas</strong></span> <span class='ocrx_word' id='word_1_426' title='bbox 1501 4319 1722 4402; x_wconf 82' lang='lat' dir='ltr'><strong>subtilitasque</strong></span> <span class='ocrx_word' id='word_1_427' title='bbox 1738 4320 1969 4383; x_wconf 86' lang='lat' dir='ltr'><strong>redundabunt</strong></span> 
     </span>
     <span class='ocr_line' id='line_1_40' title="bbox 409 4420 1393 4506; baseline 0 -23"><span class='ocrx_word' id='word_1_428' title='bbox 409 4428 558 4503; x_wconf 84' lang='lat' dir='ltr'><strong>praetacta</strong></span> <span class='ocrx_word' id='word_1_429' title='bbox 579 4420 658 4482; x_wconf 91' lang='lat' dir='ltr'><strong>nihil</strong></span> <span class='ocrx_word' id='word_1_430' title='bbox 682 4423 901 4485; x_wconf 89' lang='lat' dir='ltr'><strong>concludunt:</strong></span> <span class='ocrx_word' id='word_1_431' title='bbox 919 4424 993 4505; x_wconf 88' lang='lat' dir='ltr'><strong>quia</strong></span> <span class='ocrx_word' id='word_1_432' title='bbox 1015 4433 1157 4506; x_wconf 89' lang='lat' dir='ltr'><strong>tempore</strong></span> <span class='ocrx_word' id='word_1_433' title='bbox 1212 4422 1245 4485; x_wconf 92' lang='lat' dir='ltr'><strong>in</strong></span> <span class='ocrx_word' id='word_1_434' title='bbox 1268 4440 1393 4504; x_wconf 78' lang='lat' dir='ltr'><strong>corpus</strong></span> 
     </span>
     <span class='ocr_line' id='line_1_41' title="bbox 408 4516 1967 4603; baseline -0.001 -23"><span class='ocrx_word' id='word_1_435' title='bbox 408 4538 472 4602; x_wconf 91' lang='lat' dir='ltr'><strong>quo</strong></span> <span class='ocrx_word' id='word_1_436' title='bbox 489 4519 586 4581; x_wconf 85' lang='lat' dir='ltr'><strong>rerba</strong></span> <span class='ocrx_word' id='word_1_437' title='bbox 607 4519 663 4581; x_wconf 87' lang='lat' dir='ltr'><strong>illa</strong></span> <span class='ocrx_word' id='word_1_438' title='bbox 677 4520 764 4583; x_wconf 80' lang='lat' dir='ltr'><strong>lsaiae</strong></span> <span class='ocrx_word' id='word_1_439' title='bbox 786 4521 903 4603; x_wconf 88' lang='lat' dir='ltr'><strong>scripta</strong></span> <span class='ocrx_word' id='word_1_440' title='bbox 926 4530 1011 4601; x_wconf 86' lang='lat' dir='ltr'><strong>sunt,</strong></span> <span class='ocrx_word' id='word_1_441' title='bbox 1027 4522 1158 4585; x_wconf 90' lang='lat' dir='ltr'><strong>Patriar-</strong></span> <span class='ocrx_word' id='word_1_442' title='bbox 1253 4522 1475 4583; x_wconf 87' lang='lat' dir='ltr'><strong>Verumtamen</strong></span> <span class='ocrx_word' id='word_1_443' title='bbox 1491 4526 1603 4580; x_wconf 91' lang='lat' dir='ltr'><strong>natura</strong></span> <span class='ocrx_word' id='word_1_444' title='bbox 1625 4516 1730 4580; x_wconf 91' lang='lat' dir='ltr'><strong>carnis</strong></span> <span class='ocrx_word' id='word_1_445' title='bbox 1745 4536 1802 4579; x_wconf 89' lang='lat' dir='ltr'><strong>seu</strong></span> <span class='ocrx_word' id='word_1_446' title='bbox 1817 4516 1967 4598; x_wconf 89' lang='lat' dir='ltr'><strong>corporis</strong></span> 
     </span>
     <span class='ocr_line' id='line_1_42' title="bbox 408 4613 1967 4702; baseline -0.003 -21"><span class='ocrx_word' id='word_1_447' title='bbox 408 4618 477 4681; x_wconf 82' lang='lat' dir='ltr'><strong>clrae</strong></span> <span class='ocrx_word' id='word_1_448' title='bbox 491 4626 581 4679; x_wconf 88' lang='lat' dir='ltr'><strong>erant</strong></span> <span class='ocrx_word' id='word_1_449' title='bbox 595 4618 628 4679; x_wconf 94' lang='lat' dir='ltr'><strong>in</strong></span> <span class='ocrx_word' id='word_1_450' title='bbox 643 4618 742 4682; x_wconf 93' lang='lat' dir='ltr'><strong>limbo</strong></span> <span class='ocrx_word' id='word_1_451' title='bbox 758 4622 1044 4701; x_wconf 89' lang='lat' dir='ltr'><strong>patrum,n0ndum</strong></span> <span class='ocrx_word' id='word_1_452' title='bbox 1060 4621 1155 4683; x_wconf 89' lang='lat' dir='ltr'><strong>beati.</strong></span> <span class='ocrx_word' id='word_1_453' title='bbox 1213 4617 1423 4702; x_wconf 89' lang='lat' dir='ltr'><strong>permanebit,</strong></span> <span class='ocrx_word' id='word_1_454' title='bbox 1447 4616 1491 4679; x_wconf 89' lang='lat' dir='ltr'><strong>ita</strong></span> <span class='ocrx_word' id='word_1_455' title='bbox 1515 4615 1599 4697; x_wconf 92' lang='lat' dir='ltr'><strong>quod</strong></span> <span class='ocrx_word' id='word_1_456' title='bbox 1625 4634 1758 4697; x_wconf 88' lang='lat' dir='ltr'><strong>corpora</strong></span> <span class='ocrx_word' id='word_1_457' title='bbox 1782 4613 1967 4697; x_wconf 85' lang='lat' dir='ltr'><strong>glorificata</strong></span> 
     </span>
     <span class='ocr_line' id='line_1_43' title="bbox 409 4713 1964 4801; baseline -0.003 -21"><span class='ocrx_word' id='word_1_458' title='bbox 409 4716 517 4780; x_wconf 89' lang='lat' dir='ltr'><strong>Sedet</strong></span> <span class='ocrx_word' id='word_1_459' title='bbox 537 4716 702 4779; x_wconf 82' lang='lat' dir='ltr'><strong>verbailla</strong></span> <span class='ocrx_word' id='word_1_460' title='bbox 721 4717 808 4780; x_wconf 84' lang='lat' dir='ltr'><strong>lsaiae</strong></span> <span class='ocrx_word' id='word_1_461' title='bbox 824 4719 1046 4799; x_wconf 84' lang='lat' dir='ltr'><strong>multipliciter</strong></span> <span class='ocrx_word' id='word_1_462' title='bbox 1064 4738 1158 4801; x_wconf 86' lang='lat' dir='ltr'><strong>expo·</strong></span> <span class='ocrx_word' id='word_1_463' title='bbox 1214 4719 1314 4782; x_wconf 91' lang='lat' dir='ltr'><strong>solida</strong></span> <span class='ocrx_word' id='word_1_464' title='bbox 1342 4724 1446 4796; x_wconf 90' lang='lat' dir='ltr'><strong>erunt,</strong></span> <span class='ocrx_word' id='word_1_465' title='bbox 1477 4734 1606 4778; x_wconf 90' lang='lat' dir='ltr'><strong>carnem</strong></span> <span class='ocrx_word' id='word_1_466' title='bbox 1634 4723 1665 4777; x_wconf 92' lang='lat' dir='ltr'><strong>et</strong></span> <span class='ocrx_word' id='word_1_467' title='bbox 1693 4733 1765 4777; x_wconf 91' lang='lat' dir='ltr'><strong>ossa</strong></span> <span class='ocrx_word' id='word_1_468' title='bbox 1799 4713 1964 4794; x_wconf 86' lang='lat' dir='ltr'><strong>habentia,</strong></span> 
     </span>
     <span class='ocr_line' id='line_1_44' title="bbox 409 4812 1966 4898; baseline -0.001 -21"><span class='ocrx_word' id='word_1_469' title='bbox 409 4824 539 4879; x_wconf 90' lang='lat' dir='ltr'><strong>nuntur.</strong></span> <span class='ocrx_word' id='word_1_470' title='bbox 570 4815 634 4879; x_wconf 91' lang='lat' dir='ltr'><strong>Nec</strong></span> <span class='ocrx_word' id='word_1_471' title='bbox 662 4816 805 4897; x_wconf 90' lang='lat' dir='ltr'><strong>sequitur</strong></span> <span class='ocrx_word' id='word_1_472' title='bbox 838 4818 922 4897; x_wconf 89' lang='lat' dir='ltr'><strong>quod</strong></span> <span class='ocrx_word' id='word_1_473' title='bbox 958 4826 1059 4881; x_wconf 91' lang='lat' dir='ltr'><strong>mater</strong></span> <span class='ocrx_word' id='word_1_474' title='bbox 1088 4818 1158 4898; x_wconf 90' lang='lat' dir='ltr'><strong>ejus</strong></span> <span class='ocrx_word' id='word_1_475' title='bbox 1213 4818 1295 4879; x_wconf 91' lang='lat' dir='ltr'><strong>sicut</strong></span> <span class='ocrx_word' id='word_1_476' title='bbox 1313 4825 1345 4879; x_wconf 91' lang='lat' dir='ltr'><strong>et</strong></span> <span class='ocrx_word' id='word_1_477' title='bbox 1363 4814 1506 4878; x_wconf 89' lang='lat' dir='ltr'><strong>Christus</strong></span> <span class='ocrx_word' id='word_1_478' title='bbox 1526 4821 1597 4896; x_wconf 91' lang='lat' dir='ltr'><strong>post</strong></span> <span class='ocrx_word' id='word_1_479' title='bbox 1621 4812 1884 4876; x_wconf 88' lang='lat' dir='ltr'><strong>resurrectionem</strong></span> <span class='ocrx_word' id='word_1_480' title='bbox 1907 4832 1966 4893; x_wconf 90' lang='lat' dir='ltr'><strong>ap-</strong></span> 
     </span>
     <span class='ocr_line' id='line_1_45' title="bbox 409 4910 2119 4998; baseline -0.002 -21"><span class='ocrx_word' id='word_1_481' title='bbox 409 4916 560 4979; x_wconf 88' lang='lat' dir='ltr'><strong>defuncta</strong></span> <span class='ocrx_word' id='word_1_482' title='bbox 575 4914 659 4977; x_wconf 88' lang='lat' dir='ltr'><strong>facta</strong></span> <span class='ocrx_word' id='word_1_483' title='bbox 674 4935 731 4977; x_wconf 90' lang='lat' dir='ltr'><strong>sua</strong></span> <span class='ocrx_word' id='word_1_484' title='bbox 752 4915 901 4994; x_wconf 90' lang='lat' dir='ltr'><strong>nescivit,</strong></span> <span class='ocrx_word' id='word_1_485' title='bbox 918 4917 1069 4997; x_wconf 87' lang='lat' dir='ltr'><strong>quoniam</strong></span> <span class='ocrx_word' id='word_1_486' title='bbox 1085 4936 1157 4979; x_wconf 90' lang='lat' dir='ltr'><strong>cum</strong></span> <span class='ocrx_word' id='word_1_487' title='bbox 1213 4934 1326 4998; x_wconf 90' lang='lat' dir='ltr'><strong>parens</strong></span> <span class='ocrx_word' id='word_1_488' title='bbox 1351 4912 1511 4996; x_wconf 86' lang='lat' dir='ltr'><strong>Apostolis</strong></span> <span class='ocrx_word' id='word_1_489' title='bbox 1532 4936 1539 4973; x_wconf 78' lang='lat' dir='ltr'>z</span> <span class='ocrx_word' id='word_1_490' title='bbox 1557 4912 1683 4993; x_wconf 88' lang='lat' dir='ltr'><strong>Palpate</strong></span> <span class='ocrx_word' id='word_1_491' title='bbox 1706 4910 1836 4992; x_wconf 91' lang='lat' dir='ltr'><strong>(inquit)</strong></span> <span class='ocrx_word' id='word_1_492' title='bbox 1859 4918 1892 4973; x_wconf 90' lang='lat' dir='ltr'><strong>et</strong></span> <span class='ocrx_word' id='word_1_493' title='bbox 1916 4910 1966 4974; x_wconf 84' lang='lat' dir='ltr'><strong>vi·</strong></span> <span class='ocrx_word' id='word_1_494' title='bbox 1996 4948 2119 4997; x_wconf 55' lang='lat' dir='ltr'><strong>Lm„</strong></span> 
     </span>
     <span class='ocr_line' id='line_1_46' title="bbox 408 5011 2018 5096; baseline -0.003 -20"><span class='ocrx_word' id='word_1_495' title='bbox 408 5023 481 5096; x_wconf 89' lang='lat' dir='ltr'><strong>pust</strong></span> <span class='ocrx_word' id='word_1_496' title='bbox 508 5022 643 5077; x_wconf 89' lang='lat' dir='ltr'><strong>mortem</strong></span> <span class='ocrx_word' id='word_1_497' title='bbox 675 5033 740 5077; x_wconf 91' lang='lat' dir='ltr'><strong>non</strong></span> <span class='ocrx_word' id='word_1_498' title='bbox 775 5013 924 5076; x_wconf 85' lang='lat' dir='ltr'><strong>visitavit.</strong></span> <span class='ocrx_word' id='word_1_499' title='bbox 956 5014 1158 5078; x_wconf 75' lang='lat' dir='ltr'><strong>visitationes</strong></span> <span class='ocrx_word' id='word_1_500' title='bbox 1213 5015 1295 5092; x_wconf 90' lang='lat' dir='ltr'><strong>dete,</strong></span> <span class='ocrx_word' id='word_1_501' title='bbox 1321 5012 1397 5093; x_wconf 91' lang='lat' dir='ltr'><strong>quia</strong></span> <span class='ocrx_word' id='word_1_502' title='bbox 1424 5011 1553 5094; x_wconf 90' lang='lat' dir='ltr'><strong>spiritus</strong></span> <span class='ocrx_word' id='word_1_503' title='bbox 1583 5028 1710 5074; x_wconf 84' lang='lat' dir='ltr'><strong>samem</strong></span> <span class='ocrx_word' id='word_1_504' title='bbox 1739 5017 1772 5072; x_wconf 92' lang='lat' dir='ltr'><strong>et</strong></span> <span class='ocrx_word' id='word_1_505' title='bbox 1795 5028 1867 5073; x_wconf 91' lang='lat' dir='ltr'><strong>ossa</strong></span> <span class='ocrx_word' id='word_1_506' title='bbox 1896 5028 1965 5072; x_wconf 91' lang='lat' dir='ltr'><strong>uon</strong></span> <span class='ocrx_word' id='word_1_507' title='bbox 1982 5014 2018 5053; x_wconf 73' lang='lat'><strong>³³·</strong></span> 
     </span>
     <span class='ocr_line' id='line_1_47' title="bbox 409 5107 1967 5194; baseline -0.004 -19"><span class='ocrx_word' id='word_1_508' title='bbox 409 5113 495 5175; x_wconf 90' lang='lat' dir='ltr'><strong>enim</strong></span> <span class='ocrx_word' id='word_1_509' title='bbox 520 5122 552 5175; x_wconf 93' lang='lat' dir='ltr'><strong>et</strong></span> <span class='ocrx_word' id='word_1_510' title='bbox 575 5112 790 5194; x_wconf 89' lang='lat' dir='ltr'><strong>apparitiones</strong></span> <span class='ocrx_word' id='word_1_511' title='bbox 813 5120 1023 5194; x_wconf 91' lang='lat' dir='ltr'><strong>mortuorum,</strong></span> <span class='ocrx_word' id='word_1_512' title='bbox 1046 5134 1159 5177; x_wconf 90' lang='lat' dir='ltr'><strong>secun·</strong></span> <span class='ocrx_word' id='word_1_513' title='bbox 1214 5112 1319 5191; x_wconf 86' lang='lat' dir='ltr'><strong>babet,</strong></span> <span class='ocrx_word' id='word_1_514' title='bbox 1335 5110 1420 5172; x_wconf 90' lang='lat' dir='ltr'><strong>sicut</strong></span> <span class='ocrx_word' id='word_1_515' title='bbox 1438 5129 1490 5172; x_wconf 91' lang='lat' dir='ltr'><strong>me</strong></span> <span class='ocrx_word' id='word_1_516' title='bbox 1511 5108 1625 5171; x_wconf 91' lang='lat' dir='ltr'><strong>videtis</strong></span> <span class='ocrx_word' id='word_1_517' title='bbox 1647 5107 1776 5171; x_wconf 87' lang='lat' dir='ltr'><strong>habere.</strong></span> <span class='ocrx_word' id='word_1_518' title='bbox 1791 5107 1871 5169; x_wconf 89' lang='lat' dir='ltr'><strong>llinc</strong></span> <span class='ocrx_word' id='word_1_519' title='bbox 1894 5126 1967 5171; x_wconf 88' lang='lat' dir='ltr'><strong>cor-</strong></span> 
     </span>
     <span class='ocr_line' id='line_1_48' title="bbox 410 5204 1966 5294; baseline -0.003 -21"><span class='ocrx_word' id='word_1_520' title='bbox 410 5213 486 5273; x_wconf 91' lang='lat' dir='ltr'><strong>dum</strong></span> <span class='ocrx_word' id='word_1_521' title='bbox 502 5210 745 5293; x_wconf 89' lang='lat' dir='ltr'><strong>dispositionem</strong></span> <span class='ocrx_word' id='word_1_522' title='bbox 761 5210 924 5290; x_wconf 78' lang='lat' dir='ltr'><strong>sapientiae</strong></span> <span class='ocrx_word' id='word_1_523' title='bbox 946 5211 999 5274; x_wconf 88' lang='lat' dir='ltr'><strong>Dei</strong></span> <span class='ocrx_word' id='word_1_524' title='bbox 1022 5221 1160 5294; x_wconf 89' lang='lat' dir='ltr'><strong>aguntur</strong></span> <span class='ocrx_word' id='word_1_525' title='bbox 1214 5229 1290 5292; x_wconf 91' lang='lat' dir='ltr'><strong>pora</strong></span> <span class='ocrx_word' id='word_1_526' title='bbox 1305 5209 1359 5271; x_wconf 90' lang='lat' dir='ltr'><strong>illa</strong></span> <span class='ocrx_word' id='word_1_527' title='bbox 1377 5206 1527 5270; x_wconf 89' lang='lat' dir='ltr'><strong>dicuntur</strong></span> <span class='ocrx_word' id='word_1_528' title='bbox 1545 5206 1652 5269; x_wconf 90' lang='lat' dir='ltr'><strong>futura</strong></span> <span class='ocrx_word' id='word_1_529' title='bbox 1672 5204 1849 5287; x_wconf 88' lang='lat' dir='ltr'><strong>spiritualia</strong></span> <span class='ocrx_word' id='word_1_530' title='bbox 1868 5214 1966 5288; x_wconf 87' lang='lat' dir='ltr'><strong>atque</strong></span> 
     </span>
     <span class='ocr_line' id='line_1_49' title="bbox 409 5304 1969 5389; baseline -0.003 -15"><span class='ocrx_word' id='word_1_531' title='bbox 409 5318 442 5373; x_wconf 88' lang='lat' dir='ltr'><strong>et</strong></span> <span class='ocrx_word' id='word_1_532' title='bbox 462 5308 692 5373; x_wconf 88' lang='lat' dir='ltr'><strong>subtrahuntur</strong></span> <span class='ocrx_word' id='word_1_533' title='bbox 712 5328 751 5370; x_wconf 77' lang='lat' dir='ltr'><strong>ex</strong></span> <span class='ocrx_word' id='word_1_534' title='bbox 772 5308 876 5371; x_wconf 87' lang='lat' dir='ltr'><strong>causis</strong></span> <span class='ocrx_word' id='word_1_535' title='bbox 896 5309 1043 5373; x_wconf 89' lang='lat' dir='ltr'><strong>occultis.</strong></span> <span class='ocrx_word' id='word_1_536' title='bbox 1215 5308 1357 5388; x_wconf 88' lang='lat' dir='ltr'><strong>subtilia,</strong></span> <span class='ocrx_word' id='word_1_537' title='bbox 1387 5326 1451 5371; x_wconf 90' lang='lat' dir='ltr'><strong>non</strong></span> <span class='ocrx_word' id='word_1_538' title='bbox 1480 5306 1564 5389; x_wconf 90' lang='lat' dir='ltr'><strong>quod</strong></span> <span class='ocrx_word' id='word_1_539' title='bbox 1594 5305 1626 5368; x_wconf 92' lang='lat' dir='ltr'><strong>in</strong></span> <span class='ocrx_word' id='word_1_540' title='bbox 1656 5304 1853 5389; x_wconf 90' lang='lat' dir='ltr'><strong>spiritualem</strong></span> <span class='ocrx_word' id='word_1_541' title='bbox 1888 5324 1969 5370; x_wconf 87' lang='lat' dir='ltr'><strong>eon-</strong></span> 
     </span>
    </p>
   </div>
   <div class='ocr_carea' id='block_1_3' title="bbox 0 0 2168 6244">
    <p class='ocr_par' dir='ltr' id='par_1_3' title="bbox 0 0 2168 6244">
     <span class='ocr_line' id='line_1_50' title="bbox 0 0 2168 6244; baseline 0 0"><span class='ocrx_word' id='word_1_542' title='bbox 0 0 2168 6244; x_wconf 95' lang='lat' dir='ltr'><strong> </strong></span> 
     </span>
    </p>
   </div>
  </div>
 </body>
</html>
