4309 6250
493 556 612 606 uourna
633 557 802 605 ammian
821 555 995 620 annonari,
1017 557 1107 606 imru
1125 557 1146 604 r.
1170 575 1210 588 -
1230 559 1303 604 ιιι.
1325 559 1370 605 xri
1643 539 1703 604 259

149 730 269 786 natura
284 723 329 787 sit
344 723 469 788 bonius
488 743 580 807 pura,
596 725 642 789 ita
654 726 739 807 quod
754 725 837 789 Deus
851 745 904 789 su·
917 726 944 790 A
957 723 1049 790 Nunc
1068 733 1174 789 antem
1198 725 1366 808 probatum
1391 729 1450 802 est,
1468 725 1551 809 quod
1576 726 1639 790 Deo
1663 725 1705 790 ob

149 821 398 902 peressentialis
421 832 454 886 ιι
475 830 617 903 ιιιιιιι,
643 831 693 886 ιιι
716 823 905 887 naturaliter
958 843 1048 886 suam
1064 824 1226 887 infinitam
1239 823 1706 905 bonitatem,communicabili·

150 917 271 998 bonus,
286 919 322 982 in
336 938 400 1001 quo
413 919 567 1002 quidquid
581 921 621 983 ad
636 920 786 984 bonitatis
800 920 905 1004 perfe-
957 929 1055 984 tatem
1076 941 1114 986 ac
1133 921 1375 1002 fecunditatem,
1392 921 1546 1003 competit
1564 921 1706 1002 aptitudo

149 1015 296 1080 ctionem
310 1025 343 1080 et
356 1017 564 1080 eminentiam
578 1018 727 1101 pertinet,
744 1038 818 1082 curn
833 1019 905 1080 infi-
957 1027 990 1080 et
1014 1019 1115 1081 virtus
1137 1019 1175 1081 ad
1202 1017 1325 1081 infiniti
1347 1018 1500 1101 germinis
1527 1019 1708 1102 productio-

149 1114 219 1176 nita
241 1113 442 1196 plenitudine
463 1134 500 1178 ac
515 1115 682 1180 nobilitate
704 1117 905 1199 simplicissi-
958 1134 1043 1178 nem.
1064 1115 1266 1179 AEternaliter
1294 1133 1370 1198 ergo
1398 1117 1552 1198 competit
1575 1116 1606 1179 ei
1636 1135 1706 1180 esse

149 1230 204 1274 me
218 1221 272 1275 est
284 1213 612 1289 consistens3constat
625 1215 709 1295 quod
724 1215 808 1276 sicut
821 1215 904 1278 Deus
958 1213 992 1275 in
1011 1221 1085 1276 actu
1100 1212 1319 1294 productionis
1337 1213 1525 1294 hujusmodi
1539 1213 1704 1295 germinis.

149 1318 199 1372 ιιι
225 1309 381 1373 bonitatis
402 1310 531 1393 penitus
555 1309 705 1389 infinitas,
728 1312 773 1374 sic
801 1319 849 1374 ιιι
873 1319 906 1374 ιι
958 1311 1045 1386 Quod
1060 1329 1098 1374 eo
1113 1310 1184 1392 ipso
1199 1309 1439 1392 quoinlinitum
1456 1318 1515 1391 est,
1528 1311 1706 1376 increatum

150 1407 494 1471 communicabilitatis
508 1426 639 1490 prorsus
654 1407 903 1472 immensae.Nec
958 1417 1017 1486 est,
1034 1415 1066 1471 et
1088 1407 1152 1472 lloo
1175 1408 1363 1490 producenti
1389 1409 1522 1490 equale,
1545 1417 1640 1490 atque
1669 1427 1708 1474 ex

149 1505 313 1587 permittit
327 1506 406 1570 ratio
420 1514 456 1569 ut
468 1507 575 1569 minor
588 1506 714 1570 dicatur
726 1507 905 1570 communi·
959 1506 1168 1588 consequenti
1187 1524 1282 1570 verus
1303 1507 1398 1587 Deus,
1422 1505 1576 1587 qnoniam
1601 1507 1707 1572 omnis

150 1602 303 1666 cubilitas
331 1603 387 1666 llei
415 1623 512 1686 quam
539 1603 667 1668 bonitas
693 1605 776 1686 ejus.
801 1605 904 1680 Quum
958 1612 1103 1669 creatura
1126 1605 1166 1667 de
1191 1605 1382 1668 necessitate
1407 1603 1508 1670 finite
1530 1614 1580 1669 ιιι
1603 1606 1709 1690 perfe-

149 1700 255 1783 igitur
285 1701 412 1765 nullum
442 1721 573 1784 germen
605 1701 737 1766 finitum
768 1703 904 1767 infinito
959 1701 1088 1765 ctionis.

151 1800 475 1864 communicabiliteti
498 1802 698 1884 respondeat,
722 1801 778 1864 sed
802 1803 844 1865 ab
867 1821 905 1866 ea
998 1799 1154 1881 Amplius,
1169 1818 1269 1881 quum
1290 1798 1450 1884 propriam
1475 1799 1649 1865 bonitatem
1671 1801 1708 1866 li·

151 1898 293 1979 ejusque
314 1899 557 1981 participatione
576 1898 704 1962 infinite
722 1901 902 1978 occumbat,
917 1902 941 1966 B
959 1899 1414 1980 beralitercommunicare,sit
1425 1918 1539 1982 magna
1552 1900 1708 1984 perfectio

150 2015 256 2078 quum
270 1995 359 2060 finiti
373 2005 404 2060 et
419 1997 540 2060 infiniti
561 1998 765 2062 nullaexstet
778 2017 906 2081 propor·
957 1997 1160 2079 dignitasque
1189 1998 1349 2078 preclara,
1378 1998 1522 2080 sequitur
1546 1999 1630 2080 quod
1660 1999 1709 2061 in·

150 2095 220 2172 tio;
238 2094 384 2176 sequitur
408 2096 493 2177 quod
517 2105 632 2178 preter
653 2114 750 2160 omne
773 2115 904 2179 germen
959 2093 1217 2176 comparabiliter
1231 2094 1405 2176 perfectius
1427 2096 1619 2178 digniusque
1633 2115 1709 2161 con·

151 2192 288 2255 finitum
309 2201 404 2276 atque
428 2202 582 2277 creatum,
604 2195 706 2277 possit
728 2195 907 2258 communi·
959 2193 1050 2256 sistat
1070 2192 1233 2257 infinitam
1253 2192 1429 2258 bonitatem
1450 2195 1579 2258 infinite
1593 2204 1625 2259 et
1643 2195 1710 2278 ple-

150 2291 304 2355 cabilitas
318 2292 374 2354 llci
393 2294 567 2375 procedere
589 2293 623 2356 in
642 2312 774 2376 germen
795 2293 907 2357 infini—
957 2290 1137 2355 neomnino
1152 2290 1454 2372 communicare,nil
1470 2293 1531 2356 sibi
1547 2293 1709 2376 proprium

150 2399 221 2452 tum
250 2409 293 2453 ae
321 2391 508 2454 increatum.
535 2427 575 2438 -
600 2391 633 2454 Si
657 2391 794 2472 dicatur,
819 2393 905 2474 qnod
960 2390 1163 2467 reservando,
1189 2407 1285 2471 quam
1310 2409 1380 2453 earn
1405 2392 1643 2455 communicare
1672 2391 1711 2454 fr·

150 2497 289 2572 propter
306 2489 353 2551 rei
374 2489 586 2572 producendae
605 2489 851 2572 incapacitatem
872 2491 906 2553 id
960 2487 1027 2550 nite
1041 2495 1073 2549 ιι
1087 2487 1214 2570 partim.
1231 2488 1333 2562 Quum
1354 2507 1431 2571 ergo
1450 2489 1514 2552 Deo
1534 2487 1663 2552 sublimi
1679 2496 1711 2552 ιι

151 2586 226 2650 fieri
251 2595 413 2669 nequeat;
435 2587 496 2652 boc
521 2588 731 2670 reprobatur:
755 2587 906 2670 quoniam
961 2604 1036 2650 vero
1057 2585 1163 2649 omnis
1188 2581 1349 2667 nobiliter,
1366 2587 1470 2650 omnis
1491 2586 1645 2670 perfectio
1669 2586 1711 2650 sit

150 2685 262 2749 omnis
285 2685 428 2768 potentia
448 2686 666 2768 naturalisque
685 2687 831 2769 aptitudo
852 2707 908 2750 na·
959 2683 1078 2766 jugiter
1101 2683 1324 2765 adscribenda,
1352 2685 1444 2748 fateri
1473 2692 1598 2767 oportet
1625 2685 1710 2767 quod

151 2780 295 2844 tur-alem
308 2781 455 2844 ordinem
468 2782 617 2845 babetad
635 2792 743 2845 actum
762 2783 824 2846 sibi
839 2801 908 2846 cor·
962 2782 1032 2864 ipse
1059 2789 1158 2844 totam
1183 2800 1273 2844 suam
1299 2781 1472 2844 bonitatem
1497 2783 1712 2846 communicet

151 2878 405 2960 respondentem
422 2897 460 2942 ac
484 2880 659 2962 proprium.
676 2880 708 2942 Si
729 2899 806 2963 ergo
826 2881 909 2944 divi·
963 2878 1103 2958 infinite,
1129 2879 1335 2962 producendo
1358 2899 1489 2962 germen
1519 2881 1711 2944 immensum

151 2996 202 3040 nae
216 2976 373 3041 bonitatis
388 2977 699 3042 communicabiliter
713 2979 856 3058 infinita,
874 2980 907 3041 in
964 2977 1023 3040 sibi
1039 2977 1173 3058 aequale.

152 3073 280 3138 infiniti
305 3075 647 3159 correspondentisque
669 3075 731 3140 sibi
752 3076 948 3159 germinisc
1001 3076 1114 3139 Adbuc
1136 3083 1254 3155 autem,
1272 3075 1357 3139 sicut
1374 3075 1407 3139 in
1428 3075 1493 3140 Deo
1514 3086 1562 3140 ιιι
1586 3075 1712 3141 bonitas

152 3174 401 3255 productionem
419 3174 584 3257 proficisci
604 3193 669 3238 non
689 3174 785 3255 valet,
802 3176 908 3238 inanis
963 3194 1099 3254 summa,
1126 3175 1170 3236 ita
1197 3182 1229 3237 et
1256 3174 1371 3237 caritas
1400 3193 1529 3257 prorsus
1557 3174 1709 3257 perfecta.

152 3291 225 3335 esse
247 3272 422 3351 videbitur,
439 3274 542 3336 otiosa
561 3281 593 3335 et
612 3272 730 3335 frustra
742 3295 750 3335 ε
762 3274 848 3355 quod
868 3274 909 3337 de
962 3269 1081 3335 Canus
1102 3279 1209 3335 autem
1227 3272 1370 3353 perfecta
1390 3272 1517 3355 proprie
1538 3280 1586 3335 est
1607 3274 1647 3335 ad
1667 3273 1712 3336 al-

153 3370 277 3432 summi
294 3368 349 3431 llei
364 3368 690 3433 communicabilitate
707 3370 832 3452 opinari
854 3390 910 3433 ne·
963 3378 1067 3434 terum
1095 3393 1101 3431 :
1128 3370 1278 3451 quoniam
1304 3370 1447 3433 caritatis
1475 3377 1525 3433 ιιι
1552 3380 1712 3434 amantem

153 3467 276 3529 larium
292 3475 353 3530 est.
368 3467 424 3530 list
440 3485 518 3549 ergo
538 3468 571 3530 in
586 3468 650 3531 Deo
664 3468 820 3549 germinis
834 3468 910 3532 infi·
962 3476 1067 3531 amato
1082 3468 1289 3549 conjungere,
1305 3476 1338 3531 et
1357 3468 1387 3531 ei
1410 3486 1443 3530 se
1463 3469 1710 3532 communicare.

153 3564 214 3627 niti
240 3564 424 3646 productio,
450 3572 563 3646 utputa
585 3566 746 3629 emanatio
770 3566 865 3629 Verbi
890 3586 910 3629 a
962 3565 1080 3629 Caritas
1094 3582 1170 3647 ergo
1184 3564 1328 3647 perfecta
1351 3564 1486 3647 requirit
1504 3574 1665 3629 amantem
1681 3574 1713 3629 et

153 3663 248 3725 Patre
261 3671 395 3726 aterno.
961 3684 1034 3727 eum
1058 3664 1112 3727 cui
1141 3664 1305 3746 impendat
1327 3682 1479 3727 amorem.
1505 3663 1600 3728 Porro
1623 3662 1713 3726 nulla

194 3761 365 3839 Praeterea,
394 3760 482 3823 nulla
514 3761 739 3825 intellectualis
770 3765 909 3827 essentia
962 3771 1108 3826 creatura
1121 3770 1226 3845 potest
1240 3780 1309 3825 esse
1323 3760 1357 3823 in
1372 3761 1538 3825 infinitum
1552 3762 1710 3842 amabilis,

153 3859 305 3941 perfecta
322 3868 357 3921 et
372 3856 467 3939 plene
485 3858 578 3922 beata
596 3868 655 3938 est,
671 3860 792 3943 absque
813 3863 910 3926 actio-
961 3880 1063 3943 quum
1081 3880 1146 3925 non
1166 3860 1207 3923 sit
1229 3878 1289 3923 ιιι
1310 3878 1380 3923 ιιιι
1402 3860 1505 3942 possit
1524 3860 1588 3923 nisi
1609 3859 1713 3924 linita

152 3977 194 4020 ne
219 3957 287 4020 sibi
311 3956 510 4021 connaturali
530 3976 569 4021 ac
590 3959 906 4023 convenientissima.
962 3959 1124 4023 bonitatis.
1149 3958 1205 4021 list
1230 3974 1306 4038 ergo
1332 3957 1365 4019 in
1390 3958 1453 4021 Deo
1482 3975 1617 4039 persona
1642 3976 1714 4040 per·

151 4058 260 4131 Quum
279 4074 358 4137 ergo
377 4055 498 4119 bonum
518 4056 561 4118 sit
578 4057 766 4121 naturaliter
784 4060 834 4121 sui
848 4058 909 4121 dil·
961 4057 1045 4122 lecte
1069 4058 1218 4139 diligens,
1245 4064 1277 4119 et
1302 4072 1437 4139 persona
1466 4055 1606 4137 perfecte
1635 4056 1714 4119 dile-

151 4154 304 4218 fusivum
328 4162 360 4216 et
383 4154 702 4233 communicativum,
730 4164 824 4238 atque
849 4158 909 4220 im·
961 4165 1022 4219 cta.
1043 4154 1279 4219 Perfectissima
1302 4172 1429 4237 quoque
1453 4153 1581 4217 dilectio
1606 4154 1714 4217 condi-

150 4272 276 4317 menaaa
292 4252 609 4315 communicabilitati
626 4254 813 4317 naturaliter
825 4254 1081 4324 com-Dlectum
1110 4252 1255 4335 requirit,
1280 4252 1335 4335 qui
1366 4251 1407 4315 sit
1436 4251 1524 4315 velut
1547 4251 1713 4315 vinculum

150 4358 242 4433 petat
272 4350 309 4412 in
336 4368 467 4431 germen
496 4350 558 4414 sibi
586 4354 841 4435 correspondens
868 4373 906 4417 ac
961 4362 994 4416 et
1012 4369 1174 4415 connexus
1195 4350 1377 4414 dilectionis
1398 4348 1576 4415 amborum.
1598 4350 1713 4433 Sicqne

150 4447 432 4532 proportionatum
446 4450 846 4533 procedero;consequens
860 4460 909 4515 est
962 4451 1084 4515 iubeo
1111 4456 1160 4513 ιιι
1184 4448 1308 4511 trinitas
1333 4448 1541 4512 Personarum
1572 4448 1713 4531 perlecta

150 4548 256 4611 ileum
278 4566 340 4611 nec
359 4547 537 4629 perfectum
559 4567 663 4630 neque
682 4549 811 4614 beatum
825 4570 906 4631 esse,
963 4558 995 4613 et
1022 4547 1152 4611 infinite
1180 4546 1379 4627 amabilium,
1409 4564 1545 4629 quarum
1573 4567 1637 4611 una
1666 4554 1714 4612 est

151 4646 258 4709 sibae
274 4644 402 4709 actione
416 4666 473 4709 seu
483 4648 770 4711 communicatione
784 4650 909 4713 dicatur
962 4648 1113 4729 diligens,
1129 4644 1256 4727 aliaque
1275 4644 1404 4723 dilecta,
1420 4652 1452 4708 et
1472 4645 1566 4709 tertia
1586 4646 1714 4728 utrique

151 4763 280 4809 carere.
964 4743 1243 4810 interminabiliter
1261 4744 1440 4807 condileeta
1456 4766 1463 4805 ε
1482 4742 1547 4809 imo
1566 4762 1715 4827 unaque·

190 4842 345 4925 Insuper,
366 4842 518 4907 nobiliori
546 4844 642 4908 modo
672 4864 707 4907 ae
735 4844 831 4909 babet
859 4866 909 4909 res
963 4864 1026 4927 que
1044 4862 1155 4909 earum
1173 4851 1222 4906 est
1241 4842 1390 4925 diligens,
1407 4841 1524 4906 dilecta
1548 4851 1581 4906 et
1605 4841 1716 4907 condi·

152 4942 233 5006 dum
259 4950 313 5005 est
334 4941 370 5003 in
395 4949 479 5020 actu,
502 4960 598 5023 quam
623 4944 700 5007 dum
722 4952 773 5007 ιιι
795 4944 829 5007 in
854 4964 911 5027 po-
964 4944 1058 5024 lecta‚
1084 4943 1159 5025 quia
1184 4960 1218 5005 se
1248 4941 1387 5005 invicem
1416 4939 1555 5023 diligunt
1584 4940 1715 5005 infinito

153 5040 259 5103 tentia
280 5047 416 5103 tantum.
433 5038 516 5101 fleus
534 5048 641 5103 autem
663 5042 855 5106 eternaliter
876 5044 910 5106 in
965 5062 1084 5107 amore.

153 5138 282 5220 optima
304 5137 353 5200 sui
374 5136 585 5218 dispositione
605 5140 762 5204 consistit.
778 5142 912 5223 Semper
1005 5141 1168 5221 Praeterea,
1186 5136 1269 5203 actio
1284 5136 1425 5201 caritatis
1440 5146 1488 5201 est
1502 5134 1716 5203 delectabilis·

155 5254 235 5318 ergo
265 5236 302 5297 in
332 5234 389 5298 illo
416 5244 490 5299 actu
519 5243 569 5300 est
595 5239 635 5302 ad
662 5257 758 5320 quem
785 5248 912 5302 natura-
967 5240 1063 5318 sima;
1076 5247 1108 5301 et
1121 5255 1185 5319 quo
1206 5234 1321 5299 caritas
1342 5234 1457 5315 major,
1479 5254 1517 5299 eo
1539 5234 1716 5315 jucundius

157 5334 224 5397 lem
247 5332 464 5416 aptitudinem
487 5342 583 5417 atque
605 5336 783 5419 potentiam
804 5338 910 5402 babet.
967 5346 1129 5421 operatur.
1145 5333 1289 5399 Caritatis
1302 5332 1422 5415 quippe
1437 5332 1563 5396 deliciis
1583 5332 1629 5395 nil
1648 5332 1716 5416 glo-
