4309 6250
514 507 635 557 conam
654 508 822 556 rmnnurr
842 507 1015 573 nucum,
1037 508 1126 556 num
1146 509 1179 556 n.
1201 525 1242 538 —
1261 507 1333 555 aar.
1356 509 1375 554 v
1656 485 1717 555 279

171 686 324 742 venturos
339 689 513 761 sperantes,
529 679 692 745 adomnia
710 697 919 762 quaecumque
934 679 960 742 A
975 680 1079 744 solum
1104 681 1222 744 divinis
1247 681 1429 764 Scripturis,
1450 683 1505 744 sed
1530 682 1626 744 etiam
1650 679 1721 762 phi-

171 777 284 857 voluit,
295 779 439 859 pecorini
453 780 600 843 homines
614 788 833 842 oucurremnt.
842 778 920 841 Nam
976 779 1149 860 losophiois
1173 779 1374 842 documentis
1394 779 1572 860 saepissime
1592 797 1722 862 prorsus

170 877 222 939 dic
248 876 341 957 mihi,
357 879 501 958 obsecro,
516 898 613 961 quem
637 897 777 960 unquam
796 877 921 960 sapien·
975 877 1182 956 contrarium,
1200 878 1381 940 nullatenus
1397 877 1506 940 edidit.

171 983 248 1052 tem,
264 984 320 1038 aut
342 976 495 1055 nobilem,
511 987 574 1066 aut·
588 977 770 1055 honestum,
786 977 826 1038 ad
851 977 921 1038 Sar·
1016 977 1251 1056 consequenter
1274 977 1415 1058 aperiam
1444 977 1519 1058 quid
1548 977 1587 1039 ed
1613 985 1724 1060 prsete-

171 1073 379 1136 racenitatem
403 1075 513 1138 venire
537 1075 657 1138 vidisti.
682 1075 731 1137 llli
756 1075 842 1137 enim
865 1073 920 1157 qui
976 1083 1044 1137 ctas
1070 1073 1219 1137 Aloorani
1248 1074 1335 1138 velut
1358 1075 1561 1138 auctoritates
1587 1075 1724 1138 arbitrer

171 1172 223 1234 vel
247 1191 286 1234 ex
310 1172 426 1235 Iudeis
449 1173 501 1236 vel
524 1172 712 1236 Christianis
735 1173 840 1236 adbuc
867 1191 923 1235 ve·
976 1172 1245 1256 respondendum.
1268 1172 1302 1235 ln
1327 1172 1439 1254 primis
1463 1161 1588 1236 constat
1611 1191 1722 1237 verum

171 1270 267 1332 niunt
289 1270 329 1333 ad
355 1289 423 1350 vos,
449 1270 533 1334 absit
559 1279 595 1334 ut
621 1271 730 1352 aliqua
758 1271 920 1354 provocati
976 1289 1046 1334 esse
1066 1270 1145 1332 illud
1170 1289 1340 1334 commune
1364 1271 1510 1349 verbum,
1525 1271 1610 1353 quod
1635 1291 1725 1334 amor

171 1369 339 1431 honestate
357 1369 419 1432 boc
438 1368 569 1444 facient,
586 1370 641 1432 sed
656 1369 731 1449 quia
750 1368 920 1431 miserrimi
976 1367 1142 1450 improbus
1167 1368 1216 1432 sui
1242 1376 1275 1431 et
1298 1369 1405 1432 odium
1431 1378 1617 1451 pervertunt
1639 1369 1727 1450 judi-

171 1474 205 1528 et
227 1466 384 1548 impudici
410 1475 493 1544 sunt,
510 1467 590 1548 legis
615 1486 680 1530 suae
706 1467 831 1548 regulas
856 1483 921 1530 non
977 1468 1075 1530 cium.
1091 1466 1213 1543 Quanto
1227 1467 1313 1530 enim
1334 1467 1404 1549 quis
1423 1465 1495 1550 plus
1509 1467 1549 1530 ad
1569 1487 1602 1530 se
1618 1468 1724 1550 ipsum

171 1563 324 1642 ferentes,
354 1566 395 1627 ad
429 1565 525 1628 latam
559 1573 592 1628 et
630 1566 800 1648 spatiosam
836 1565 921 1628 viam
976 1574 1009 1630 et
1022 1565 1152 1648 propria
1165 1573 1255 1647 gesta
1269 1565 1448 1628 inordinate
1463 1564 1618 1644 afficitur,
1636 1575 1724 1630 tanto

171 1681 269 1745 quam
302 1662 460 1727 llabomet
492 1662 612 1741 docuit,
649 1683 684 1726 se
718 1671 919 1726 convertunt.
977 1663 1124 1728 vitiosius
1148 1665 1187 1726 de
1206 1683 1240 1727 se
1261 1671 1294 1726 et
1312 1664 1378 1726 suis
1398 1663 1492 1726 lactis
1510 1663 1653 1746 judicare
1672 1684 1725 1728 oo-

171 1761 262 1835 Quod
296 1761 487 1842 quibusdam
522 1761 710 1825 Christianis
744 1761 921 1844 praesertim
977 1761 1151 1844 gnoscitur.
1178 1761 1298 1824 ldciroo
1326 1761 1530 1844 proverbium
1559 1769 1607 1824 est
1633 1785 1639 1824 :
1665 1761 1723 1837 Qui

172 1859 343 1942 contingit,
368 1878 505 1942 quorum
529 1860 580 1924 lex
603 1860 743 1924 ooelestis
766 1879 804 1922 ac
829 1860 922 1942 spiri·
939 1858 1083 1942 Bdiligit
1102 1879 1225 1938 ranam,
1240 1865 1331 1942 putat
1350 1878 1420 1922 esse
1444 1859 1588 1922 Dianam.
1604 1861 1722 1942 ltaque,

172 1958 281 2036 tuslis,
298 1958 407 2022 omnia
421 1976 491 2041 quae
505 1959 539 2020 iu
557 1959 678 2022 mundo
692 1967 766 2021 sunt
780 1966 922 2022 contern-
977 1959 1063 2039 quod
1087 1958 1198 2022 ldahon
1224 1957 1415 2021 Alooranum
1442 1977 1534 2020 suum
1564 1957 1610 2022 sio
1640 1977 1726 2022 com·

173 2057 207 2118 ni
223 2075 282 2140 spe
296 2065 329 2118 et
347 2075 455 2120 amore
469 2055 628 2120 beatifice
641 2066 674 2120 et
687 2065 812 2120 aeternae
827 2056 923 2121 visio-
978 2057 1142 2121 mandavit
1169 2065 1201 2120 et
1228 2055 1351 2134 extulit,
1381 2075 1419 2119 ex
1453 2056 1725 2122 inordinatissime

172 2155 226 2218 nis
247 2155 304 2217 Dei
324 2154 526 2238 precipiens,
542 2156 618 2217 dum
643 2155 787 2218 camales
812 2173 922 2218 eorum
978 2175 1087 2220 amore
1102 2156 1151 2220 sui
1167 2156 1206 2218 ad
1222 2175 1256 2218 se
1271 2156 1443 2218 emanavit.

172 2262 299 2316 mentes
328 2253 521 2335 comprimit,
551 2253 657 2316 statim
689 2253 730 2316 ab
757 2272 795 2317 ea
824 2253 923 2316 dilfu·
1018 2256 1182 2332 Praeterea,
1198 2253 1552 2334 communiterdieitur,
1569 2254 1653 2335 quod
1672 2271 1727 2335 op

171 2353 279 2434 giunt,
294 2352 371 2432 quia
394 2371 536 2434 pugnare
561 2359 671 2415 contra
694 2352 924 2434 concupiscen-
978 2354 1082 2437 posita
1096 2353 1186 2433 juxta
1200 2371 1233 2414 se
1248 2351 1362 2434 posita,
1380 2351 1496 2414 clarius
1511 2351 1726 2416 innotescunt.

171 2451 234 2513 tias
249 2450 499 2532 negliguntlloc
515 2456 620 2512 tamen
635 2449 814 2513 certissime
828 2450 920 2527 scias,
979 2453 1066 2517 Unde
1081 2451 1136 2534 qui
1152 2450 1246 2532 paulo
1261 2457 1334 2512 ante
1349 2449 1382 2513 in
1398 2449 1509 2531 grandi
1531 2457 1727 2532 paupertate,

172 2549 251 2631 quia
283 2567 343 2610 nec
376 2547 558 2626 Christiani,
588 2567 647 2610 neo
680 2548 790 2625 ludaei,
820 2567 923 2628 neque
980 2549 1168 2613 infirmitate
1203 2555 1257 2610 aut
1291 2547 1487 2630 captivitatis
1527 2547 1728 2612 catenatione

173 2646 305 2728 pagani,
320 2663 523 2727 quocumque
542 2647 637 2710 modo
656 2665 691 2709 se
709 2645 847 2708 exterius
870 2647 925 2709 ha·
980 2649 1121 2724 fuerunt,
1151 2647 1228 2709 dum
1256 2665 1370 2728 parum
1403 2645 1510 2724 ditari,
1541 2646 1646 2709 curari
1675 2653 1729 2708 aut

172 2747 283 2817 beant,
299 2743 359 2806 etsi
389 2744 556 2807 venientes
583 2744 623 2806 ad
652 2763 722 2821 vos,
751 2744 791 2806 de
818 2753 924 2806 vestra
980 2745 1109 2809 liberari
1136 2763 1169 2806 se
1195 2744 1346 2820 sentiunt,
1363 2743 1454 2824 quasi
1480 2763 1628 2825 magnam
1651 2762 1730 2826 opu·

173 2852 264 2906 secta
279 2861 350 2905 esse
365 2861 399 2904 se
414 2841 576 2920 simulent,
592 2860 756 2923 nunquam
776 2861 815 2905 ex
829 2843 925 2905 corde
980 2843 1124 2921 lentiam,
1151 2842 1404 2905 meliorationem
1429 2851 1461 2904 et
1488 2841 1666 2906 libertatem
1695 2861 1729 2905 se

173 2940 346 3003 vobiscum
367 2945 451 3002 sunt.
468 2937 625 3001 Simulant
645 2939 773 3020 quidem
797 2957 832 3000 se
854 2957 925 3000 esse
979 2942 1127 3024 judicant
1141 2948 1313 3003 assecutos.
1325 2939 1480 3002 Similiter
1493 2939 1660 3020 llahomet,
1672 2940 1728 3024 qui

173 3037 262 3122 quod
287 3055 352 3099 non
376 3044 462 3116 sunt,
488 3045 523 3099 ut
547 3037 599 3100 vel
623 3037 753 3119 aliquod
781 3036 924 3118 corporis
943 3035 965 3100 C
981 3038 1086 3121 primo
1106 3037 1139 3099 iu
1164 3034 1350 3100 idololatriae
1369 3035 1511 3098 tenebris
1531 3036 1727 3114 versabatur,

173 3136 317 3200 evadant
334 3134 586 3213 incommodum,
601 3143 657 3197 aut
675 3134 817 3217 porcinis
836 3136 926 3198 volu·
981 3156 1079 3219 quum
1095 3156 1133 3200 ex
1150 3135 1289 3199 haeretiei
1306 3134 1407 3216 Sergii
1430 3135 1657 3199 informatione
1677 3134 1731 3198 ali·

173 3234 330 3319 ptatibus‚
346 3252 481 3315 quamm
495 3234 580 3316 apud
595 3252 651 3297 vos
667 3232 761 3314 copia
779 3242 838 3309 est,
856 3252 927 3317 per·
980 3236 1108 3317 qualem
1134 3233 1229 3297 unius
1257 3233 1311 3295 Dei
1342 3232 1487 3297 notitiam
1517 3230 1631 3296 fuisset
1657 3234 1730 3297 ade·

174 3334 336 3396 fruantur.
353 3332 387 3393 ln
404 3339 529 3394 tantum
543 3340 649 3395 anwm
671 3331 825 3414 quidquid
840 3333 926 3414 apud
980 3344 1066 3419 ptus,
1082 3334 1142 3397 hoc
1155 3333 1260 3415 ipsum
1278 3332 1348 3415 plus
1369 3332 1528 3413 reputavit
1545 3350 1640 3413 quam
1655 3331 1727 3395 fuit.

173 3450 233 3493 vos
254 3440 305 3493 est
328 3448 386 3511 pro
404 3429 508 3493 nihilo
529 3430 661 3506 ducunt,
678 3438 713 3491 ut
737 3448 821 3512 saepe
844 3430 927 3493 inter
1021 3434 1209 3515 lnsuper,ex
1224 3431 1400 3513 ignorantia
1414 3438 1536 3493 certum
1552 3440 1600 3494 est
1613 3430 1729 3494 falsum

174 3550 209 3593 se
243 3526 460 3609 conferentes,
488 3528 664 3591 lfabometo
696 3528 831 3610 ejusque
865 3529 926 3609 legi
981 3532 1056 3596 oriri
1071 3530 1239 3613 judicium.
1256 3529 1357 3603 Quum
1378 3528 1482 3610 itaque
1501 3528 1613 3593 Mahon
1632 3528 1730 3592 libros

173 3627 382 3706 maledicant,
398 3646 459 3689 neo
480 3645 620 3708 unquam
644 3645 717 3689 eum
740 3628 925 3708 prophetam
982 3630 1057 3693 novi
1072 3649 1109 3692 ac
1125 3627 1241 3691 veteris
1256 3627 1447 3689 Testamenti
1467 3646 1525 3689 nee
1542 3626 1655 3707 legerit
1670 3646 1728 3689 nec

175 3725 292 3805 fuisse,
308 3725 365 3787 sed
387 3724 474 3788 omni
497 3725 654 3807 probitate
675 3725 817 3787 caruisse
837 3724 927 3787 alfir-
983 3727 1187 3804 intellexerit,
1210 3725 1274 3788 imo
1301 3725 1399 3786 multa
1425 3725 1516 3787 valde
1540 3725 1586 3788 eis
1606 3732 1729 3788 contra-

174 3833 278 3905 ment.
294 3823 376 3887 lllud
392 3840 469 3887 vero
484 3831 548 3885 hm
562 3841 622 3904 ego
635 3842 732 3903 quam
751 3823 856 3887 omnis
871 3824 926 3904 qui
984 3828 1030 3890 ria
1050 3827 1083 3888 in
1107 3825 1241 3888 Alcoran
1263 3822 1438 3903 scripserit,
1461 3823 1537 3903 quid
1558 3824 1684 3901 mirum,
1702 3824 1729 3885 si

174 3923 378 4003 audituique
397 3920 559 4002 intelligit,
575 3938 745 4003 possumus
762 3921 925 3998 admirari,
983 3946 1048 3989 suaa
1067 3924 1232 4005 scripturae
1252 3920 1400 3983 stultitias
1418 3921 1599 3983 divinarum
1621 3930 1731 4004 pretu-

174 4020 336 4103 quomodo
349 4020 413 4081 illis
426 4018 481 4100 qui
496 4027 540 4082 tot
554 4019 767 4101 blasphemias
780 4018 815 4081 in
830 4020 928 4081 Deum
984 4025 1020 4087 lit
1041 4022 1204 4105 sapientie
1226 4020 1476 4103 Scripturaruml
1489 4020 1540 4083 Sio
1560 4021 1677 4103 quippe
1699 4029 1731 4084 et

175 4130 208 4183 et
227 4120 264 4183 in
289 4127 417 4182 sanctos
437 4118 508 4200 ejus
527 4118 698 4199 Prophetas
718 4118 750 4179 in
772 4119 928 4182 Alcorano
982 4122 1185 4201 llauiohaeus,
1199 4120 1244 4182 sio
1260 4118 1363 4195 Arius,
1381 4118 1426 4181 sic
1445 4118 1619 4196 Nestorius,
1637 4128 1669 4183 et
1683 4138 1731 4181 ce·

175 4220 324 4301 legentes
353 4218 498 4297 credunt,
524 4217 641 4281 coelum
670 4236 733 4279 ¹101}
757 4218 925 4295 clauditur,
943 4223 968 4286 ll
984 4230 1122 4284 terorum
1143 4218 1278 4299 quilibet
1299 4217 1591 4297 haeresiarcharum,
1609 4218 1729 4300 proprii

174 4318 227 4381 vel
251 4325 337 4379 terra
356 4334 411 4379 eos
433 4332 498 4378 non
519 4314 678 4391 absorbet,
694 4314 746 4377 vel
767 4315 928 4378 demones
984 4318 1097 4400 capitis
1111 4315 1382 4395 adinventionem,
1399 4314 1462 4378 imo
1477 4316 1582 4397 potius
1595 4315 1730 4380 diaboli-

46 4430 161 4481 nanra:
175 4435 243 4479 non
258 4415 445 4497 accipiunt;
462 4412 516 4476 sed
532 4413 614 4476 Deus
627 4413 724 4494 judex
738 4413 854 4494 justus,
865 4414 929 4477 for·
982 4437 1053 4481 cam
1067 4414 1406 4497 inspirationem,verae
1421 4420 1451 4476 et
1466 4413 1593 4476 salutari
1609 4414 1730 4495 sapien-

40 4498 102 4538 (Μ’
175 4516 232 4594 tis,
255 4512 459 4595 longanimis,
480 4512 637 4595 patienter
660 4511 806 4588 sustinet,
824 4513 927 4574 sciens
983 4518 1035 4578 tiae
1052 4514 1278 4577 totiussanctae
1295 4511 1403 4574 matris
1417 4511 1566 4574 Ecclesiae
1581 4512 1727 4593 pretulit.

175 4632 233 4677 eos
255 4631 350 4674 suum
369 4630 435 4673 uon
458 4628 551 4691 posse
571 4610 706 4671 evadere
727 4609 896 4690 judicium.
1023 4609 1249 4693 Amplius,viri
1265 4608 1392 4689 superbi
1408 4609 1553 4689 quamvis
1571 4609 1729 4673 interdum

216 4712 293 4774 llaec
311 4710 421 4773 omnia
441 4727 479 4771 ex
500 4708 701 4790 praeallegata
720 4708 841 4789 sumpsi
861 4708 928 4791 epi·
982 4712 1088 4793 aliqua
1104 4727 1189 4786 vera,
1207 4705 1335 4769 subtilia
1350 4725 1386 4767 ac
1401 4706 1509 4768 divina
1524 4717 1728 4788 cognoscant,

175 4810 260 4874 stola
277 4832 285 4871 t
301 4828 341 4871 ex
354 4808 473 4891 quibus
486 4806 667 4870 ostenditur
685 4826 779 4887 quam
799 4805 927 4869 infinite
981 4820 1088 4874 mmen
1104 4806 1271 4869 scientiam
1286 4823 1374 4867 suam
1390 4804 1487 4866 nimis
1502 4806 1728 4887 appretiantur,

174 4909 273 4971 aliter
287 4906 427 4969 sentiant
441 4904 509 4967 veri
523 4913 556 4967 et
570 4903 742 4967 illuminati
756 4904 926 4967 Christiani
982 4930 1016 4971 se
1041 4908 1128 4990 ipsos
1154 4904 1319 4981 extollunt,
1336 4912 1367 4966 et
1390 4902 1470 4966 alios
1496 4904 1541 4965 sui
1568 4922 1731 4987 compara·

174 5007 214 5069 de
230 5006 402 5081 hleorano‚
418 5021 514 5083 quam
533 5011 646 5066 auctor
660 5002 774 5083 ipsius,
791 5020 855 5066 non
871 5004 928 5066 uti·
982 5007 1069 5071 tione
1103 5010 1314 5087 aspernantur
1345 5024 1351 5063 :
1383 5000 1492 5083 sicque
1524 5000 1671 5082 imperite
1699 5010 1731 5065 et

173 5124 239 5186 que
254 5105 351 5181 flens,
367 5101 422 5183 qui
437 5100 556 5163 librum
572 5107 617 5164 tot
637 5100 814 5163 mendaciis
832 5110 927 5182 atque
983 5104 1077 5168 stulte
1101 5102 1284 5183 loquuntur.
1312 5100 1408 5180 Cujus
1433 5100 1612 5181 exemplum
1637 5100 1732 5163 babe-

174 5199 398 5285 blasphemiis,
415 5206 463 5262 tot
480 5198 656 5261 heresibus
674 5217 711 5261 ac
732 5200 928 5279 superstitio-
983 5218 1054 5261 mus
1091 5199 1122 5261 in
1157 5198 1240 5262 libro
1273 5197 1373 5260 sancti
1410 5197 1468 5260 Job
1498 5197 1537 5259 de
1565 5196 1647 5275 Elin,
1677 5196 1731 5278 qui

174 5302 277 5365 nibus
289 5296 550 5383 impiissimisque
570 5296 695 5380 legibus
708 5297 852 5381 plenum,
868 5318 926 5363 nec
983 5298 1130 5381 quamvis
1145 5296 1244 5361 multa
1267 5316 1343 5359 vera
1357 5304 1451 5378 atque
1467 5294 1594 5359 subtilia
1608 5294 1732 5375 dixerit,
