4309 6250
434 462 494 527 198
529 469 532 473 '
1122 485 1293 533 rnomrnuu

433 671 473 716 ex
493 653 549 717 llei
574 674 682 720 amore
707 664 740 719 et
764 655 980 739 proximorum
1001 656 1131 720 caritate
1151 656 1305 739 procedit.
1321 657 1457 737 Etenim,
1473 667 1593 741 quanto
1614 659 1684 741 quis
1705 658 1803 722 Deum
1828 656 1985 721 intensius

433 759 548 842 diligit,
570 770 658 826 tanto
682 763 845 826 ardentius
863 763 953 847 eupit
975 765 1212 828 venerationem
1236 765 1336 847 ipsius
1360 766 1392 828 in
1417 767 1576 830 omnibus.
1594 765 1724 850 Propter
1745 765 1830 847 quod
1855 773 1984 828 sanctus

433 867 548 931 asserit
574 870 769 952 Augustinus
798 893 806 932 ε
836 870 892 933 llle
920 871 991 953 plus
1019 871 1123 954 diligit
1149 873 1259 952 Deum,
1276 873 1331 954 qui
1361 874 1467 954 plures
1496 875 1534 938 ad
1563 893 1636 937 eum
1664 873 1833 952 convertit,
1863 873 1896 935 id
1925 881 1983 950 est,

434 984 620 1039 convertere
642 977 729 1059 eupit
749 986 805 1040 aut
825 978 967 1041 converti
988 978 1157 1058 desiderat,
1178 987 1271 1061 atque
1292 981 1330 1042 ad
1353 981 1414 1044 boc
1436 999 1493 1064 pro
1515 999 1572 1044 suo
1594 999 1687 1063 posse
1708 981 1830 1044 laborat
1850 980 1982 1058 orando,

434 1082 647 1162 sollicitando,
678 1085 890 1167 praedicando,
921 1105 978 1148 seu
1012 1085 1085 1149 aliis
1120 1086 1233 1150 modis.
1266 1088 1486 1168 Conlormiter‚
1520 1097 1639 1170 quanto
1674 1089 1789 1170 aliquis
1824 1088 1984 1170 proximos

435 1210 509 1254 suos
530 1200 614 1254 amat
634 1192 820 1271 ferventius,
845 1200 933 1257 tanto
954 1193 1113 1257 valentius
1135 1213 1244 1258 eorum
1266 1195 1388 1277 appetit
1407 1204 1439 1258 et
1463 1205 1613 1277 procurat
1635 1215 1693 1279 pro
1719 1215 1811 1278 posse
1835 1196 1983 1260 salutern.

433 1299 553 1362 Caritas
577 1299 695 1383 quippe
718 1301 820 1364 otiosa
843 1319 999 1365 essenon
1025 1301 1110 1364 valet
1136 1325 1143 1364 ε
1170 1302 1235 1366 imo
1260 1302 1349 1365 nulla
1372 1303 1486 1382 lorma,
1511 1304 1600 1367 nulla
1625 1304 1726 1367 virtus
1749 1312 1814 1366 tam
1839 1312 1985 1387 prompte

433 1426 471 1469 ae
497 1406 727 1470 delectabiliter
750 1407 816 1490 agit
837 1416 872 1470 ut
895 1408 1019 1487 caritas,
1038 1409 1213 1489 praesertim
1237 1428 1336 1492 quum
1361 1419 1393 1473 et
1416 1411 1484 1492 ipsa
1505 1411 1546 1473 sit
1560 1421 1670 1492 mator,
1688 1411 1802 1475 motrix
1822 1420 1853 1473 et
1875 1419 1985 1474 auctor

433 1523 610 1576 ceterarum
636 1514 801 1576 virtutum.
829 1514 974 1579 Procedit
997 1534 1124 1597 quoque
1148 1515 1234 1579 zelus
1264 1516 1414 1600 praelatus
1442 1537 1480 1581 ex
1508 1519 1625 1582 virtute
1653 1517 1796 1600 justitiae,
1822 1536 1887 1599 qua
1916 1518 1985 1600 quis

313 1699 316 1704 ι
432 1621 557 1684 fervide
578 1621 666 1703 cupit
691 1621 866 1703 unicuique
889 1623 973 1704 quod
992 1642 1088 1704 ,suum
1108 1632 1157 1688 est
1178 1625 1278 1703 reddi,
1297 1625 1582 1708 rectitudinemque
1602 1625 1761 1690 salubrem
1782 1625 1814 1688 in
1836 1625 1985 1690 omnibus

318 1740 405 1784 ΜΛ.
432 1729 605 1794 observari.
626 1728 746 1793 ldcirco
771 1729 945 1812 flagrantes
964 1731 1024 1793 boc
1045 1731 1112 1795 zelo
1133 1741 1296 1796 merentur
1314 1733 1422 1796 audire
1441 1753 1459 1797 a
1479 1733 1603 1798 Christo
1627 1758 1635 1797 :
1656 1733 1742 1796 Beati
1763 1733 1818 1815 qui
1840 1734 1986 1796 esuriunt

286 1817 308 1855 '⁸
323 1807 344 1847 ⁶'
432 1845 465 1899 et
485 1835 600 1899 sitiunt
619 1835 787 1918 justitiam,
811 1837 964 1918 quoniam
986 1837 1047 1920 ipsi
1069 1838 1306 1904 saturabuntur.

492 1942 578 2005 lnter
597 1943 656 2007 bos
678 1951 743 2006 tam
767 1944 878 2008 divino
899 1944 968 2007 zelo
988 1964 1153 2026 accensos,
1170 1967 1239 2012 esse
1262 1956 1292 2012 te
1314 1949 1448 2031 gaudeo,
1466 1969 1485 2013 o
1506 1949 1641 2012 amande
1655 1949 1809 2030 Amande,
1826 1948 1883 2031 qui
1905 1969 1939 2012 re
1957 1957 1988 2011 ct

289 2063 416 2115 nanu.
432 2050 562 2113 nomine
577 2069 612 2114 es
626 2051 793 2130 amandus,
809 2059 905 2134 atque
920 2071 993 2115 cum
1008 2053 1139 2116 Daniele
1155 2055 1321 2137 propbeta,
1337 2055 1388 2117 vir
1406 2055 1637 2119 desideriorum
1660 2055 1720 2119 rite
1742 2056 1849 2120 vocari
1871 2066 1962 2138 potes
1978 2079 1985 2116 :

431 2157 487 2238 qui
515 2159 661 2238 quamvis
690 2158 735 2221 sis
763 2159 924 2222 secularis
953 2168 985 2223 et
1013 2170 1172 2242 uxoratus,
1203 2163 1403 2245 copioseque
1432 2163 1549 2228 sobolis
1578 2163 1795 2228 sollicitudine
1823 2171 1985 2240 oneratus,

432 2264 533 2328 nihilo
562 2263 669 2327 minus
698 2273 763 2329 toto
791 2267 887 2330 eorde
915 2266 1133 2349 spiritualibus
1161 2270 1328 2333 desideriis
1361 2280 1486 2350 aestuas,
1515 2281 1547 2334 et
1581 2272 1648 2336 zelo
1684 2271 1816 2354 pretato
1849 2280 1885 2334 te
1920 2291 1987 2334 esse

432 2371 567 2454 ignitum
592 2382 834 2454 perseveranter
857 2375 998 2438 ostendis
1022 2394 1079 2456 per
1103 2376 1232 2459 scripta,
1249 2377 1372 2442 labores
1396 2387 1429 2442 et
1452 2388 1608 2461 sumptus,
1630 2379 1694 2441 imo
1719 2386 1750 2441 et
1773 2378 1845 2441 aliis
1871 2378 1985 2442 modis.

431 2479 604 2560 Postremo,
621 2479 654 2541 in
678 2480 756 2544 urbe
780 2489 845 2559 tua,
867 2482 901 2544 in
925 2502 988 2563 qua
1012 2484 1232 2564 magistratum
1258 2485 1384 2548 assidue
1409 2487 1503 2568 geria,
1526 2504 1696 2550 commune
1721 2485 1840 2549 bonum
1867 2485 1988 2568 politia

431 2594 495 2649 tam
522 2586 660 2651 fideliter
682 2589 807 2670 quaeris,
824 2607 976 2670 procuras
1001 2598 1033 2653 et
1056 2610 1164 2673 auges,
1182 2601 1217 2654 ut
1241 2601 1307 2656 tota
1331 2594 1540 2658 communitas
1559 2602 1591 2658 te
1611 2602 1761 2674 tanquam
1783 2611 1986 2656 communem

433 2693 577 2759 omnium
605 2702 727 2775 patrem
758 2696 918 2779 praecipue
945 2705 1040 2761 amet.
1071 2697 1136 2761 Neo
1165 2708 1334 2763 contentus
1364 2721 1398 2764 es
1425 2702 1509 2766 bono
1537 2701 1693 2784 regimine
1722 2699 1840 2782 politiae
1878 2700 1986 2783 oppidi

432 2799 478 2862 tui
503 2799 536 2862 in
561 2802 800 2884 temporalibus,
826 2804 880 2867 sed
905 2805 1020 2868 bonam
1046 2805 1117 2888 ejus
1142 2809 1403 2890 gubernationem
1425 2809 1458 2872 in
1482 2809 1698 2893 spiritualibus
1718 2808 1988 2872 affectuosissime

432 2906 524 2988 cupis
553 2915 585 2971 et
612 2925 669 2989 pro
693 2928 787 2990 posse
811 2928 986 2991 procuras3
1012 2932 1071 2976 nec
1100 2921 1222 2977 tantum
1248 2935 1305 2998 pro
1334 2925 1387 2979 tua
1412 2917 1489 2980 urbe
1515 2917 1621 2980 ferves
1649 2917 1710 2980 boc
1737 2916 1816 2994 zelo,
1845 2917 1904 2979 sed
1934 2935 1988 2999 pro

433 3013 503 3078 aliis
517 3033 656 3096 quoque.
673 3016 752 3079 Hinc
775 3017 938 3082 humiliter
958 3020 1146 3100 parvitatem
1161 3042 1266 3085 meam
1288 3025 1405 3105 rogasti
1427 3034 1462 3088 ut
1483 3043 1540 3106 pro
1561 3023 1773 3108 exstirpandis
1794 3024 1988 3105 quibusdam

433 3121 642 3186 abusionibus
666 3123 834 3206 cujusdam
858 3126 989 3191 alterius
1014 3129 1104 3191 urbis
1128 3129 1247 3212 aliquid
1274 3132 1421 3196 scribam.
1443 3134 1550 3216 ltaque
1575 3142 1636 3196 tuae
1660 3132 1815 3214 religiosae
1838 3131 1987 3215 petitioni

433 3228 576 3310 plenarie
591 3230 775 3313 salisiacere
790 3234 936 3314 cupiens,
955 3234 1086 3299 intendo
1105 3236 1144 3299 de
1164 3238 1327 3319 pmposita
1346 3240 1477 3303 materia
1496 3240 1658 3318 diffusius,
1673 3248 1830 3321 quantum
1850 3238 1988 3321 Spiritus

437 3335 578 3398 veritatis
602 3338 796 3419 praestiterit,
822 3341 973 3419 scribere,
998 3342 1164 3424 potissime
1192 3345 1267 3425 quia
1296 3347 1427 3410 materia
1456 3347 1515 3410 ista
1541 3366 1605 3411 non
1633 3346 1796 3410 dumtaxat
1822 3346 1989 3411 consemit

435 3442 547 3505 urbem
570 3463 667 3506 unam
689 3455 744 3508 aut
763 3446 842 3510 duas
864 3449 914 3512 vel
937 3468 1066 3531 paucas,
1090 3451 1144 3514 sed
1168 3452 1322 3534 plurimas
1343 3453 1448 3517 valde.
