4309 6250
904 637 988 732 DE

258 937 823 1090 DIDNITATE
901 936 1029 1088 ΕΤ
1108 936 1633 1090 LAUDIBUS

628 1313 719 1464 B.
758 1311 851 1463 V.
897 1310 1273 1464 MARIAE

524 1989 812 2114 LIBER
878 1989 1374 2114 SECUNDUS

321 2315 375 2368 DE
416 2313 696 2366 EXCELLENTlA
734 2312 1204 2386 SAPIENTIAE,SC1ENT1AE
1242 2312 1293 2364 ΕΤ
1330 2312 1579 2364 PRUDENTlAE

505 2438 785 2491 SANCTlSSlMAE
825 2438 967 2491 ANIMAE
1008 2437 1191 2490 VlRGlNlS
1230 2437 1387 2490 MARlAE.

414 2805 673 2872 PROOEMIUM'
936 2766 1026 2872 hest
1042 2786 1048 2824 :
1067 2763 1147 2838 Quia
1167 2783 1231 2828 non
1252 2762 1650 2872 habuerunt-sapienm,
1672 2783 1727 2847 pe-
1740 2791 1869 2844 mm,

977 2869 1100 2924 rrerunt
1120 2868 1250 2943 propter
1271 2879 1360 2922 suam
1382 2860 1610 2942 insipientiam.
1739 2856 1774 2900 ¹⁸·

234 2963 458 3024 APIENTIA
486 2962 546 3021 ubi
572 2961 771 3021 invenitur?
793 2968 824 3019 et
849 2959 923 3040 quia
1016 2959 1096 3022 ilinc
1111 2958 1294 3041 unigenitus
1308 2957 1407 3022 Filius
1421 2957 1476 3021 Dei
1496 2960 1536 3022 ad
1557 2959 1618 3024 hoc
1637 2959 1728 3022 venit

249 3067 295 3118 est
311 3063 399 3118 locus
413 3059 663 3136 intelligentiae?
677 3055 734 3120 lob
749 3072 858 3136 xxvur,
871 3053 920 3118 la.
977 3056 1009 3118 in
1025 3055 1181 3119 mundum
1191 3057 1330 3135 hune,ut
1340 3056 1530 3139 sapientiam
1541 3056 1623 3120 hanc
1634 3057 1727 3120 nobis

214 3156 408 3239 Sapientiam
438 3154 556 3237 aliquid
580 3154 814 3219 nobilissimum
840 3172 920 3231 esse,
977 3156 1238 3233 communicaret,
1262 3163 1357 3236 atque
1386 3156 1425 3217 ad
1454 3156 1525 3236 ejus
1550 3174 1609 3219 nos
1634 3157 1728 3218 indu-

173 3262 350 3319 constater
371 3273 409 3317 eo
431 3254 515 3335 quod
537 3254 673 3336 ipsemet
691 3253 772 3316 Deus
793 3252 826 3315 in
842 3252 924 3315 Scri·
977 3259 1064 3316 ceret
1077 3261 1196 3333 actum,
1212 3252 1274 3314 hoc
1295 3259 1344 3315 est
1364 3253 1405 3315 ad
1420 3251 1580 3315 salubrem
1597 3253 1727 3316 Deitatis

173 3353 276 3434 ptnris
311 3352 494 3433 frequenter
528 3350 691 3433 Sapientia
730 3348 921 3414 nominatur.
977 3350 1134 3428 notitiam,
1164 3358 1259 3431 prout
1292 3350 1324 3411 in
1354 3349 1457 3431 prima
1484 3369 1542 3413 sua
1568 3350 1727 3415 Canomca

172 3451 244 3532 lpse
264 3458 312 3513 est
335 3450 422 3512 enim
444 3447 604 3530 Sapientia
625 3448 776 3526 increata,
793 3456 921 3525 aemma,
978 3456 1107 3511 sanctus
1121 3446 1239 3511 latetur
1252 3447 1389 3510 loannes
1404 3446 1568 3528 apostolus
1581 3472 1588 3510 :
1602 3448 1727 3511 Scimus
1740 3468 1840 3514 ram.
1854 3483 1875 3524 v,

173 3548 330 3611 immensa
353 3570 359 3609 :
381 3566 400 3610 a
423 3565 486 3628 qua
506 3546 611 3609 omnis
631 3545 798 3627 sapientia,
818 3544 924 3609 omnis
978 3546 1154 3628 (inquiens)
1177 3545 1328 3627 quoniam
1355 3544 1452 3608 Fihus
1481 3544 1537 3609 Dei
1566 3546 1666 3625 venit,
1695 3554 1728 3609 et
1740 3536 1774 3578 ²⁰·

173 3644 320 3723 scientia,
337 3643 442 3708 omnis
465 3642 580 3707 veritas
601 3662 672 3725 que
694 3642 763 3725 ipse
783 3650 922 3721 nonest,
977 3645 1064 3707 dedit
1077 3644 1169 3708 nohis
1184 3652 1368 3721 sensum,ut
1382 3662 1613 3726 cognoscamus
1627 3644 1726 3707 Deum

173 3744 339 3808 fontaliter
357 3750 476 3805 manat.
493 3743 623 3821 Rursus,
644 3740 832 3824 sapientiem
854 3760 924 3804 esse
979 3762 1101 3806 verum.
1128 3742 1280 3823 Denique,
1306 3741 1367 3804 hoc
1395 3750 1443 3803 est
1470 3742 1554 3823 quod
1584 3749 1727 3825 ternpore

173 3842 395 3924 dignissimum
411 3841 574 3923 quiddam,
587 3840 662 3902 hinc
678 3847 763 3922 patet
778 3840 861 3923 quod
877 3858 925 3902 sa-
979 3838 1136 3921 passionis
1151 3846 1238 3901 stans
1257 3839 1327 3920 ipse
1341 3838 1483 3901 omnium
1498 3838 1598 3901 ludex
1619 3857 1727 3903 coram

10 3967 156 4017 remeat
174 3940 293 4023 pientia
318 3940 373 4002 Dei
402 3938 502 4002 Patris
530 3937 672 4001 Christus
700 3938 863 4017 Dominus,
891 3937 923 3999 in
938 3941 963 4004 B
978 3937 1086 4019 judice
1111 3937 1242 4001 homine
1265 3936 1347 3998 dixit
1371 3960 1378 3997 :
1399 3937 1465 4018 Ego
1489 3936 1523 3998 in
1548 3937 1609 4001 hoc
1633 3946 1727 4001 natus
1753 3958 1836 4003 rma.

173 4046 247 4099 actu
262 4036 426 4118 sapientia
440 4034 666 4098 beatitudinem
685 4042 827 4097 nostram
849 4054 925 4097 con·
979 4058 1061 4117 sum,
1083 4047 1115 4101 ct
1137 4039 1177 4101 ad
1200 4039 1261 4100 hoc
1285 4036 1358 4099 veni
1382 4036 1415 4097 in
1440 4037 1605 4114 mundum,
1623 4044 1658 4099 ut
1682 4036 1797 4101 tar-”¹¹¹¹
1812 4025 1845 4067 ³⁷·

174 4136 298 4215 sistere,
316 4134 381 4197 imo
396 4141 501 4197 aetum
517 4132 678 4215 sapientiae
694 4132 923 4196 beatitudinem
979 4136 1164 4200 stimonium
1191 4135 1375 4218 perhibeam
1404 4134 1541 4197 veritati.
1570 4134 1650 4198 Hinc
1682 4136 1727 4199 ait

174 4242 315 4297 nostram
339 4251 409 4295 esse
433 4231 591 4310 disseruit,
619 4231 777 4313 loquendo
806 4232 845 4294 ad
869 4231 924 4295 Pa·
978 4234 1147 4317 Gregorius
1173 4233 1394 4314 :Angelorum
1416 4232 1646 4314 hominumque
1671 4252 1726 4297 na·

49 4354 143 4397 rm
173 4340 255 4396 trem
272 4354 280 4393 :
296 4331 369 4394 flac
383 4338 432 4393 cst
446 4328 511 4391 vita
529 4336 657 4410 eterna,
674 4338 709 4392 ut
730 4338 924 4411 cognoscant
978 4342 1082 4397 turam
1096 4332 1136 4395 ad
1151 4330 1408 4412 cognoscendum
1423 4347 1457 4392 se
1468 4328 1620 4393 Dominus
1634 4328 1722 4395 feeit.

10 4432 68 4468 “¹¹³
80 4420 103 4459 ³·
173 4438 204 4493 te
229 4430 333 4493 solum
357 4446 468 4491 verum
497 4427 608 4507 Deum,
634 4435 666 4491 et
689 4446 784 4509 quem
809 4428 922 4491 misisti
978 4432 1084 4495 Voluit
1102 4429 1248 4512 equidem
1269 4448 1328 4492 nos
1347 4447 1411 4491 sue
1430 4427 1636 4491 beatitudinis
1654 4448 1725 4493 esse

173 4528 282 4593 lesum
312 4525 482 4589 Christum.
504 4524 543 4587 Et
570 4526 721 4608 qnoniam
747 4526 922 4589 similitudo
977 4529 1161 4613 participes.
1178 4526 1256 4609 Ejus
1269 4534 1376 4589 autem
1392 4525 1554 4589 beatitudo
1568 4526 1725 4592 immensa

173 4636 222 4689 est
257 4644 353 4689 causa
385 4624 512 4705 amoris,
542 4624 615 4687 lons
651 4624 813 4706 sapientiae
840 4626 922 4688 Deus
977 4647 1014 4691 ac
1028 4626 1199 4707 eternalis,
1215 4626 1291 4708 quid
1306 4625 1390 4688 aliud
1406 4631 1455 4686 est
1470 4624 1531 4685 nisi
1553 4626 1603 4688 sui
1622 4626 1724 4711 ipsius

171 4724 348 4787 altissimus
371 4723 534 4786 neminem
558 4722 674 4805 diligit,
694 4722 817 4785 nullum
837 4732 922 4786 emat
977 4726 1083 4809 plena,
1108 4724 1250 4808 perlecta
1273 4732 1306 4786 et
1328 4722 1592 4805 comprehensiva
1617 4726 1726 4806 cogni·

172 4830 228 4885 aut
256 4822 412 4903 approbat
439 4820 501 4883 nisi
531 4820 719 4903 sapientem,
745 4821 776 4883 id
803 4830 851 4884 est
874 4842 922 4885 sa·
977 4825 1033 4903 tio,
1050 4825 1199 4905 adquam
1214 4821 1467 4905 participandam
1487 4841 1545 4885 nos
1560 4823 1724 4886 condiditl

172 4920 308 4983 lutarcm
329 4918 516 4999 sapientiam
536 4923 619 5000 (que
643 4928 692 4981 est
714 4919 834 4982 donum
853 4920 922 5003 Spi-
976 4923 1073 5003 Cujus
1088 4921 1331 5003 participatione
1346 4920 1375 4982 ei
1391 4919 1657 4985 excellentissime
1675 4941 1726 4985 as-

171 5020 253 5081 ritus
282 5018 402 5097 Sancti)
431 5018 612 5096 habentem,
643 5018 731 5100 juxta
760 5018 839 5081 illud
868 5020 922 5081 Sa·
978 5020 1136 5082 similatur
1160 5019 1321 5082 rationalis
1343 5017 1632 5099 intellectualisque
1657 5038 1725 5081 cre-

14 5143 154 5199 samaa.
170 5117 302 5200 pientiae
319 5136 326 5175 :
344 5114 508 5179 Neminem
529 5116 633 5199 diligit
655 5118 747 5195 Deus,
765 5117 828 5179 nisi
847 5114 958 5180 eumC
977 5126 1079 5197 atura,
1095 5125 1190 5200 prout
1203 5117 1236 5179 in
1258 5118 1360 5199 prima
1379 5136 1436 5179 sua
1447 5116 1581 5199 epistola
1595 5125 1723 5179 sanetus

168 5215 225 5298 qui
249 5234 324 5277 cum
346 5214 501 5297 sapientia
522 5214 686 5279 inhabitat.
704 5216 791 5279 Unde
812 5215 851 5279 de
870 5236 921 5279 ca-
976 5224 1109 5281 testatur
1121 5217 1257 5279 loannes
1274 5240 1281 5277 :
1298 5215 1470 5296 Carissimi,
1485 5234 1571 5277 nunc
1591 5214 1652 5278 lilii
1667 5215 1722 5277 Dei
1748 5232 1846 5280 ruma.

168 5314 315 5378 rentibus
344 5314 415 5375 luce
443 5314 605 5395 sapientie
636 5314 733 5397 hujus
769 5316 921 5397 scripturn
975 5335 1097 5397 sumus,
1113 5323 1146 5379 et
1159 5316 1301 5378 nondum
1316 5314 1463 5398 apparuit
1481 5314 1566 5395 qnod
1581 5313 1698 5376 crimus
1712 5337 1720 5395 3
1736 5309 1767 5348 '¹¹’
1785 5300 1805 5342 ²·
