4309 6250
465 498 526 564 388
792 511 912 560 enum
932 510 1101 558 ranarum!
1119 507 1292 572 naucum,
1314 507 1404 555 aum
1423 508 1468 555 nr.
1490 526 1532 537 -
1550 508 1623 556 aar.
1644 508 1679 555 xr

466 703 564 749 sonus
588 684 691 747 lactus
715 681 748 744 iu
771 681 868 759 nube,
885 688 916 743 et
938 679 1047 762 lulgur
1071 680 1146 741 inde
1165 678 1212 740 el·
1225 679 1251 741 Α
1266 677 1341 759 quia
1361 676 1395 739 in
1419 677 1477 755 eis,
1505 677 1588 740 sieut
1613 677 1647 740 in
1671 676 1757 753 aliis,
1777 675 1974 741 idololatriae

468 784 599 865 fulgeat.
1266 776 1328 838 alia
1354 776 1634 839 detestabilissima
1662 776 1782 838 scelera
1802 776 1972 857 riguerunt:

507 883 650 965 Insuper,
666 879 825 962 quomodo
840 877 899 939 sub
914 876 1085 958 praedictis,
1102 876 1167 938 imo
1181 882 1213 936 et
1267 874 1352 953 qnod
1379 874 1420 936 de
1446 875 1621 938 Jerusalem
1649 894 1688 937 ex
1712 874 1802 936 libris
1826 873 1930 954 Regum
1951 880 1975 935 et

467 981 526 1044 sub
541 978 666 1043 interno
680 975 825 1055 contuso,
841 975 982 1038 maribus
996 993 1123 1056 quoque
1138 992 1213 1054 prm
1267 971 1442 1035 Ezechielis
1455 992 1493 1035 ac
1515 972 1657 1035 Jeremiae
1678 972 1849 1035 clarissime
1867 978 1973 1034 consul.

466 1077 649 1157 nominatis,
672 1083 833 1157 ponuntur
857 1074 978 1149 laudes,
1000 1081 1032 1135 et
1054 1071 1138 1133 inira
1158 1089 1212 1133 eas
1268 1069 1305 1131 Ni
1322 1069 1429 1133 lorsao
1443 1070 1483 1133 de
1498 1071 1671 1133 Jerusalem
1686 1070 1770 1132 istud
1784 1070 1905 1146 dicatur,
1917 1086 1976 1149 qno

464 1175 668 1260 glorificatiO,
685 1192 783 1255 quum
804 1173 864 1234 ista
886 1171 950 1233 siut
970 1178 1060 1233 aetus
1082 1169 1213 1231 laudan·
1267 1168 1353 1230 niam
1373 1168 1516 1232 Christus
1537 1177 1569 1231 et
1583 1169 1679 1250 Virgo
1698 1168 1883 1244 Christilera,
1897 1166 1975 1227 sancti

463 1277 543 1337 tium
558 1282 590 1337 et
604 1271 874 1356 glorificantiuml
889 1268 947 1342 Oui
968 1287 1043 1349 ergo
1063 1274 1139 1329 snut
1152 1266 1212 1327 sub
1265 1284 1392 1347 quoqne
1413 1267 1555 1349 Apostoli
1577 1275 1609 1329 et
1629 1267 1792 1349 primitiva
1808 1265 1977 1345 Ecclesiam

463 1373 588 1436 interno
607 1380 639 1434 et
662 1370 775 1433 ceteris
796 1368 859 1431 illis
879 1368 1044 1430 laudantes
1063 1374 1095 1428 et
1116 1364 1212 1446 glori·
1266 1365 1439 1427 Jerusalem
1460 1384 1544 1447 sepe
1557 1372 1612 1427 ant
1626 1365 1682 1427 diu
1697 1364 1836 1428 fuerunt.
1851 1364 1905 1426 Sed
1921 1370 1978 1423 tunt

461 1473 618 1535 licantesl
633 1469 702 1532 Non
717 1467 803 1531 enim
823 1474 897 1529 sunt
916 1475 1006 1529 actus
1027 1465 1097 1527 sine
1116 1483 1212 1545 agen-
1265 1482 1363 1544 qnare
1387 1462 1567 1540 Antiochia,
1590 1463 1624 1525 in
1648 1481 1712 1544 qua
1735 1462 1879 1544 discipuli
1900 1461 2074 1543 primumi,

462 1570 558 1650 tibus,
575 1568 658 1631 sicut
673 1584 732 1629 uec
747 1564 897 1627 accidens
913 1564 982 1626 sine
997 1562 1155 1644 subjecto.
1266 1562 1369 1625 vocati
1395 1570 1469 1623 sunt
1492 1561 1674 1637 Christiani,
1700 1581 1738 1623 ex
1762 1560 1884 1623 interno
1903 1560 1982 1621 lertur

500 1667 673 1745 Postremo,
695 1682 754 1726 cur
775 1661 859 1724 inlra
880 1660 988 1725 omnia
1007 1660 1067 1722 ista
1088 1677 1212 1740 ponun·
1266 1659 1413 1723 venisset
1434 1694 1475 1706 -
1496 1659 1770 1732 Quemadmodum
1793 1668 1892 1722 autem
1911 1678 1981 1739 argu·

461 1774 513 1828 tur
528 1762 634 1828 tabula
648 1771 680 1825 et
694 1760 853 1825 calamust
865 1758 904 1821 Et
917 1758 993 1839 quid
1010 1757 1133 1820 iaciunt
1147 1756 1209 1818 ihil
1266 1766 1442 1820 mentatum
1466 1765 1515 1820 est
1537 1758 1578 1821 de
1601 1758 1704 1820 tribus
1724 1757 1791 1821 illis
1811 1777 1876 1839 que
1892 1776 1924 1819 er
1938 1776 1978 1838 pa·

462 1865 523 1927 Sed
538 1871 570 1927 et
588 1881 645 1925 our
664 1861 723 1923 sub
742 1858 890 1922 omuibus
910 1857 972 1935 his,
989 1856 1077 1919 velut
1098 1854 1249 1918 inlimoB
1267 1856 1372 1919 radiso
1388 1856 1513 1919 venisse
1531 1856 1597 1937 jam
1616 1856 1702 1919 dieta
1721 1864 1806 1934 sunt,
1821 1856 1864 1918 sic
1876 1873 1980 1938 propor-

463 1964 545 2040 loco,
561 1961 691 2043 ponitur
709 1957 814 2039 majus
833 1974 950 2019 nomeu
971 1955 1037 2033 liei,
1055 1954 1107 2015 eui
1127 1974 1212 2016 surn-
1267 1954 1428 2018 tionaliter
1441 1954 1532 2036 argui
1554 1963 1659 2036 potest
1676 1956 1716 2016 de
1730 1963 1860 2036 quatuor
1878 1952 1978 2035 oppidis

462 2080 533 2123 mus
548 2068 642 2139 atque
656 2056 863 2139 dignissimus
878 2053 1030 2135 competit
1044 2053 1156 2115 locust
1266 2071 1337 2133 quta
1353 2053 1398 2115 'ex
1423 2052 1550 2115 inlerno
1573 2052 1700 2115 venisse
1728 2052 1873 2115 dicuntur
1894 2074 1901 2112 :
1922 2049 1979 2131 quia

502 2157 632 2222 lulinita
647 2161 777 2237 possent
797 2154 882 2216 cirea
904 2152 970 2214 haic
992 2151 1090 2233 quaeri
1112 2160 1144 2213 et
1161 2170 1211 2212 ar·
1265 2170 1325 2214 nee
1353 2150 1492 2213 aediticia
1518 2170 1578 2230 nec
1606 2151 1802 2214 habitatores
1821 2151 1888 2213 inde
1907 2167 1980 2211 vene

461 2258 528 2341 gui,
558 2257 614 2319 sed
642 2254 811 2336 indiguum
840 2252 984 2329 videtur;
1014 2248 1211 2312 mirabilissi-
1265 2258 1350 2328 runt,
1378 2249 1570 2331 fueruntque
1599 2250 1695 2313 urbes
1717 2249 1825 2313 multae
1849 2248 1891 2311 eis
1913 2249 1980 2310 dete·

462 2375 614 2438 mumque
628 2361 760 2437 apparet
781 2352 865 2432 quod
885 2347 1050 2413 Sarraeeui
1072 2349 1123 2410 his
1142 2367 1210 2411 cre·
1264 2349 1377 2411 riores.

460 2456 551 2533 dunt,
558 2472 629 2535 quse
644 2470 703 2514 nee
719 2448 959 2513 auctoritatibus
973 2445 1209 2528 Scripturarum
1269 2445 1275 2455 '
1304 2448 1456 2510 Preterea
1477 2447 1618 2511 occurrit
1636 2447 1798 2511 memorie
1816 2448 1892 2529 quod
1904 2463 1979 2526 supra

460 2561 642 2615 sanctarum
680 2568 738 2611 neo
768 2545 995 2610 miraculorum
1030 2544 1210 2607 ellicieutia
1264 2565 1302 2608 ex
1327 2544 1557 2608 inadverteutia
1580 2545 1749 2610 transilivi.
1772 2545 1920 2627 Siquidem
1940 2562 1979 2605 sn
1987 2560 2070 2617 ami

459 2649 642 2714 divinorum
664 2645 850 2729 probantur,
867 2644 932 2706 imo
954 2641 1130 2705 rationibus
1154 2662 1210 2705 au·
1264 2663 1333 2725 pra,
1356 2644 1396 2705 de
1421 2662 1495 2705 arca
1518 2642 1583 2706 Noe
1607 2653 1701 2725 atque
1724 2643 1844 2707 diluvio
1861 2643 1977 2723 loquens,
2086 2709 2087 2718 χ

461 2746 723 2827 ctoritatibusque
738 2745 938 2820 Sanctorum,
954 2759 1090 2823 quorum
1110 2740 1207 2803 vitam
1263 2741 1344 2804 dixit
1370 2741 1423 2805 hio
1458 2742 1582 2822 ldahon,
1612 2743 1697 2824 quod
1726 2743 1809 2805 Deus
1841 2739 1980 2821 assumpsit

458 2857 553 2930 atque
577 2844 754 2909 doctrinam
777 2841 859 2905 Deus
885 2860 942 2923 per
963 2840 1208 2903 innumerabilia
1264 2840 1403 2903 ldeoham
1420 2840 1453 2901 in
1469 2840 1598 2919 coelum,
1614 2840 1788 2903 Jerusalem
1809 2838 1979 2904 vernelausit
2086 2915 2087 2918 Ἴ

460 2944 648 3030 approbavit
663 2941 828 3021 miracula,
845 2939 971 3022 penitus
986 2940 1205 3020 reprobantur.
1264 2939 1297 3000 in
1322 2947 1431 3001 moute
1455 2937 1623 3002 Abiliobeu
1645 2961 1653 2999 ε
1674 2940 1760 3020 quod
1786 2938 1882 3020 primo
1902 2936 1980 3000 mani·

501 3043 607 3108 Nihilo
632 3042 740 3105 minus
764 3037 967 3122 praeinductis
993 3036 1097 3100 adhue
1121 3036 1245 3102 latuaC
1264 3036 1345 3100 leste
1358 3044 1409 3100 est
1422 3044 1533 3099 contra
1548 3036 1753 3118 Scriptorum,
1763 3056 1833 3119 que
1846 3038 1876 3099 in
1890 3034 1980 3099 Genesi
2086 3045 2087 3062 ¹

462 3144 710 3226 subjunguntur.
734 3138 812 3202 Nam
836 3136 982 3199 subditur
1008 3160 1014 3198 :
1038 3139 1111 3206 Dic,
1136 3157 1208 3216 quae
1265 3136 1416 3216 affirmat,
1433 3144 1507 3199 tunc
1522 3136 1629 3200 omnia
1642 3137 1817 3200 animantia
1830 3145 1979 3216 tanqam
1999 3163 2036 3206 aa
2050 3175 2071 3203 a

461 3252 538 3305 sunt
561 3243 622 3302 illo
645 3241 713 3300 tria
735 3257 808 3318 quie
828 3239 868 3296 de
885 3236 1043 3311 paradiso
1065 3237 1102 3294 in
1122 3236 1210 3294 hunc
1266 3235 1411 3298 homines
1429 3254 1525 3316 quam
1546 3235 1702 3317 jumenta,
1719 3255 1790 3298 esse
1810 3243 1978 3315 consumpta.
1990 3229 2013 3268 ²³·

462 3343 622 3403 mnndum
647 3336 833 3398 venerunt?
850 3335 1028 3410 Respondit
1051 3355 1062 3392 .·
1081 3335 1208 3404 Mesia,
1265 3335 1323 3398 Vel
1344 3353 1420 3416 ergo
1441 3334 1523 3397 Deus
1547 3334 1720 3416 assumpsit
1737 3335 1872 3398 ldecham
1889 3333 1918 3395 in
1932 3350 1980 3395 ete

320 3440 585 3506 ·.11.,J,..Jeseib*
605 3446 635 3497 et
655 3437 846 3498 Jerusalem.
867 3433 926 3494 Ait
942 3452 953 3491 .·
969 3434 1047 3500 Qum
1068 3441 1211 3510 quatuor
1266 3433 1332 3496 lum
1366 3433 1461 3495 simul
1490 3451 1564 3496 eum
1592 3431 1822 3496 habitatoribus
1851 3433 1918 3512 suis,
1942 3430 1981 3494 sel

207 3551 211 3560 '
315 3525 357 3568 “¹⁶
462 3541 499 3599 in
519 3539 606 3598 hune
624 3536 785 3595 mundum
804 3552 845 3590 ec
869 3532 1001 3606 inferno
1026 3531 1212 3589 venerunt?
1266 3531 1401 3594 aedilicia
1421 3539 1556 3594 tantum.
1573 3531 1605 3593 Si
1625 3531 1777 3613 primum,
1794 3533 1931 3595 mentitur
1945 3550 1982 3592 sa·

316 3661 386 3704 unu
404 3658 448 3703 va·
460 3635 640 3712 Respondit
661 3654 672 3692 .·
688 3631 834 3701 Vostar*,
849 3631 966 3688 ciuitas
983 3631 1146 3705 AEpypii;
1166 3648 1212 3687 se·
1266 3649 1320 3693 cra
1348 3629 1510 3711 Scriptura
1536 3629 1705 3707 Geneseos,
1731 3649 1873 3694 asserens
1893 3648 2051 3694 omnmime

316 3727 365 3768 ’Μ
462 3737 583 3803 cunda,
598 3731 773 3794 Antiochia
794 3731 928 3806 Syrie·
948 3728 1058 3796 tertia,
1079 3727 1210 3787 Hebron
1266 3726 1412 3790 homines
1434 3735 1510 3790 tunc
1529 3747 1651 3791 mersos
1673 3747 1710 3792 ac
1731 3737 1880 3809 mortuos,
1893 3735 1983 3810 preter

462 3833 630 3896 Arinenice
640 3851 654 3901 ,·
669 3837 801 3908 quarta,
818 3828 975 3888 Elmeden
990 3827 1159 3886 Chaldoeoe.
1266 3825 1332 3890 Noe
1346 3834 1377 3888 et
1390 3826 1577 3889 exsistentes
1589 3845 1698 3889 secum
1714 3826 1748 3888 in
1762 3846 1850 3906 area;
1859 3828 1980 3906 itemque,

504 3930 593 3993 Circa
608 3929 668 3991 hoc
684 3925 813 4008 copiosa
827 3931 859 3986 et
878 3921 1015 3985 faciliter
1035 3922 1211 4002 praevalens
1267 3924 1351 4005 quod
1367 3943 1461 3987 omne
1474 3943 1576 4006 genus
1595 3925 1761 3988 hominum
1779 3944 1799 3987 a
1816 3925 1907 3988 tribus
1922 3923 2064 3986 filiisuua

464 4023 697 4110 argumentatio
713 4041 785 4086 mox
800 4019 949 4084 occurrit.
966 4019 1129 4101 Siquidem
1144 4040 1212 4084 om·
1266 4021 1331 4086 Noe
1345 4031 1417 4104 post
1436 4021 1592 4085 diluvium
1610 4031 1659 4086 est
1678 4032 1880 4105 propagatum
1896 4023 1925 4085 in
1936 4031 1983 4084 ter·
2085 4030 2086 4093 ξ

465 4146 522 4188 nes
542 4124 637 4186 urbes
656 4121 794 4204 prelatas
813 4120 852 4182 ab
869 4118 1052 4182 homiuibus
1072 4118 1212 4183 fundatae
1267 4141 1312 4184 ra.
1333 4121 1365 4182 Si
1386 4139 1462 4184 vero
1480 4121 1605 4184 dicatur
1622 4121 1704 4184 Deus
1725 4123 1922 4204 assumpsisse
1937 4121 1983 4182 lle·
2085 4096 2086 4165 l

466 4233 560 4306 atque
589 4229 777 4285 constructa
805 4226 990 4283 noscuntur.
1018 4217 1125 4298 ltaque
1153 4219 1213 4282 sci·
1227 4223 1251 4283 li
1266 4220 1359 4283 eham
1384 4218 1418 4280 in
1443 4219 1561 4282 eoelum
1580 4220 1699 4302 absque
1720 4220 1836 4284 incolis
1853 4220 1982 4302 ejus,boc

465 4321 645 4386 scitandnm
660 4338 718 4382 eur
732 4317 790 4380 tria
812 4316 928 4400 oppida
943 4315 998 4378 illa
1012 4335 1050 4378 ex
1065 4318 1212 4399 paradiso
1266 4317 1361 4381 stulte
1382 4326 1520 4398 sonaret,
1536 4318 1613 4400 quia
1633 4320 1683 4399 (ut
1702 4319 1934 4383 llacbabaeomm
1947 4337 1983 4379 se·
2085 4332 2086 4379 i

465 4421 498 4484 iu
524 4419 679 4482 muudum
705 4417 831 4480 venisse
854 4415 1001 4478 dieantur
1029 4438 1035 4476 :
1063 4415 1114 4477 vel
1137 4417 1212 4497 quia
1266 4418 1370 4481 eundo
1385 4418 1560 4497 asseritur),
1578 4435 1643 4482 non
1664 4427 1794 4501 propter
1814 4420 1910 4483 locum
1925 4396 2086 4501 gen-irtam

464 4536 575 4581 eorum
603 4515 740 4580 aedilicia
764 4514 837 4576 inde
864 4522 1030 4593 venerunt,
1057 4513 1108 4577 vel
1137 4515 1212 4595 quia
1267 4526 1342 4597 tem,
1359 4517 1414 4578 sed
1439 4524 1568 4598 propter
1588 4525 1716 4597 gentem
1736 4517 1883 4580 Dominus
1899 4505 2015 4581 locun¹⁹¹
2085 4494 2086 4531 ¹

464 4616 667 4680 habitatores.
693 4613 832 4676 Primum
856 4630 920 4675 non
947 4634 954 4672 ε
977 4611 1052 4693 quia
1075 4611 1212 4676 aediiicia
1266 4614 1372 4697 elegit.
1399 4613 1552 4678 Similiter
1574 4616 1773 4696 arguendum
1799 4625 1849 4679 est
1868 4617 1903 4678 de
1922 4615 1982 4676 urbe

464 4715 504 4777 ab
519 4713 703 4776 homiuibus
725 4711 809 4775 laeta
831 4719 915 4786 sunt,
933 4729 991 4772 nec
1015 4728 1156 4791 uuquam
1178 4711 1212 4773 in
1266 4712 1451 4776 Jerusalem.
1468 4713 1637 4794 Utriusque
1656 4731 1783 4795 quoqne
1803 4715 1927 4778 civitatis
1941 4715 1983 4774 ha·

443 4811 611 4895 paradiso
626 4810 765 4874 inerunt.
784 4809 936 4872 Similiter
954 4808 1147 4871 habitatores
1161 4829 1213 4873 eo·
1266 4812 1417 4875 bitatores
1447 4819 1522 4874 tunc
1551 4810 1656 4875 vitiosi
1690 4811 1831 4893 luerunt,
1859 4813 1929 4875 sicut
1953 4829 1982 4873 er

465 4929 535 4973 rum
561 4909 593 4970 in
618 4908 738 4972 mundo
768 4907 829 4969 hoc
853 4905 918 4968 uati
945 4915 1029 4984 sunt,
1054 4925 1114 4970 nec
1140 4916 1212 4970 ante
1266 4908 1380 4973 Genesi
1409 4910 1666 4991 comprobatur:
1693 4909 1814 4974 idcirco
1841 4931 1905 4974 eum
1928 4909 2072 4974 aliiscuns

463 5009 595 5072 luerunt
623 5006 656 5068 in
685 5005 840 5088 paradiso.
872 5005 918 5066 An
948 5004 1055 5067 forsan
1084 5013 1214 5087 propter
1267 5008 1441 5089 perierunt.
1475 5008 1648 5087 Postremo,
1682 5007 1709 5069 si
1745 5008 1827 5069 oeus
1859 5007 1983 5072 voluisset

465 5109 615 5172 virtutem
630 5113 662 5166 et
683 5102 874 5185 probitatem
894 5110 926 5164 et
947 5103 1137 5184 sapientiam
1158 5105 1214 5167 ha·
1268 5105 1364 5168 urbes
1392 5105 1463 5168 illas
1492 5124 1511 5167 a
1535 5105 1658 5168 diluvio
1682 5124 1880 5187 preservare,
1903 5101 1983 5186 potuit
2084 5174 2085 5183 ἵ

466 5208 637 5271 bitatnrum
660 5201 825 5264 civitatum
849 5199 992 5280 istarum,
1009 5220 1046 5263 ex
1066 5202 1213 5283 paradiso
1268 5205 1379 5285 utique
1403 5224 1503 5285 aquas
1531 5205 1699 5286 prohibere
1723 5224 1761 5268 ae
1786 5197 1982 5270 removerem
2084 5224 2085 5243 ¹

467 5306 592 5372 venisse
617 5303 784 5367 terunturl
810 5299 897 5376 Quod
923 5298 987 5364 dici
1009 5318 1074 5363 uou
1095 5309 1210 5384 potest,
1269 5304 1317 5366 eis
1341 5304 1602 5384 permanentibus
1623 5303 1688 5365 suis
1708 5303 1742 5366 in
1761 5303 1849 5383 locis,
1863 5299 1983 5386 quemad·
