4309 6250
446 463 506 528 654
529 482 567 526 DE
589 479 797 528 Auctoritatis
819 480 912 526 SUssl
933 481 1101 526 routlrtcts
1122 481 1160 526 ET
1181 480 1350 528 saumatis
1371 481 1510 537 CONCHAI,
1532 481 1622 527 alneu
1642 481 1685 526 111.
1708 499 1750 509 -
1770 480 1838 526 ultr.
1860 479 1926 525 xxu

449 659 681 714 sacramentum
697 661 728 714 et
742 659 929 734 potestatam
944 651 1034 714 Petro
1049 660 1081 713 et
1094 651 1198 713 Eccle
1212 652 1236 712 A
1252 651 1376 714 scilicet
1390 652 1471 732 Papa
1484 674 1492 728 ;
1508 652 1577 734 ipsa
1590 670 1716 732 quoque
1731 651 1871 714 Romana
1888 651 1984 712 Eccle

449 748 503 811 siae
525 749 606 830 ejus.
1252 749 1299 811 sia
1323 750 1365 812 sit
1388 751 1509 831 regina,
1525 758 1625 812 mater
1648 759 1680 812 et
1702 750 1832 812 domina
1853 750 1984 812 omnium

488 847 659 926 Postremo,
695 847 934 928 chrysostomus
971 865 1066 928 super
1100 848 1196 908 Actus
1252 849 1486 911 salvandorum.
1513 849 1599 911 Hanc
1628 847 1866 911 conclusionem
1891 848 1985 910 catbo

447 945 669 1025 Apostolorum
685 945 745 1008 ait:
759 945 868 1007 Petrus
884 952 932 1007 est
947 954 1052 1007 vertex
1068 945 1199 1007 sanctis·
1251 946 1344 1009 licam
1366 947 1478 1028 probat
1496 947 1607 1010 doctor
1625 945 1901 1027 eloquentissimus
1923 946 1984 1007 Cas

448 1043 548 1105 simus
573 1044 640 1106 veri
666 1053 697 1106 et
720 1042 887 1125 apostolici
913 1043 1013 1107 ebori.
1040 1043 1077 1104 Et
1102 1062 1197 1125 super
1253 1044 1410 1123 siodorus,
1426 1043 1782 1126 Epistularumsuarum
1801 1042 1880 1105 libro
1900 1044 1985 1124 septi·

448 1142 626 1204 Mattbaeum
641 1142 790 1204 disseruit
807 1165 814 1202 :
832 1141 931 1203 Filius
945 1141 1045 1204 Patris
1060 1149 1093 1203 et
1106 1161 1196 1203 suam
1251 1160 1315 1220 mo,
1333 1142 1366 1204 in
1380 1141 1447 1204 bac
1462 1143 1560 1206 verba
1576 1167 1583 1203 ι
1597 1141 1708 1204 Omnia
1722 1140 1792 1204 sine
1806 1142 1907 1223 capite
1920 1149 1984 1203 sunt

449 1249 636 1322 potestatem
655 1240 745 1303 Petro
771 1239 994 1303 universaliter
1016 1238 1105 1302 dedit
1129 1240 1198 1302 ubi·
1252 1240 1395 1316 confusa,
1422 1248 1454 1302 et
1475 1240 1552 1302 dum
1576 1239 1798 1321 unusquisque
1820 1239 1983 1302 secundum

448 1359 511 1421 que
527 1348 692 1418 terrarum,
709 1339 893 1420 hominique
910 1337 1035 1401 mortali
1051 1338 1196 1400 omnium
1252 1339 1446 1401 voluntatem
1468 1339 1583 1420 cogitat
1601 1339 1721 1418 vivore,
1739 1338 1879 1419 regulam
1899 1357 1983 1418 agno

448 1457 518 1519 quae
533 1438 565 1500 iu
581 1438 662 1502 coelo
678 1445 752 1500 sunt
765 1437 853 1500 dedit
872 1437 1104 1515 auctoritatem,
1120 1438 1197 1499 dan·
1252 1438 1350 1500 scitur
1373 1436 1518 1498 amittere
1542 1436 1732 1518 disciplinae.
1748 1435 1829 1516 Ergo
1852 1435 1926 1498 utile
1943 1444 1983 1498 est

448 1539 488 1601 dc
508 1537 536 1600 ei
562 1537 667 1600 claves
689 1537 727 1598 ad
749 1536 809 1599 boc
829 1543 863 1598 ut
881 1535 1055 1598 Ecclesiam
1078 1535 1196 1616 ubique
1252 1555 1379 1617 semper
1392 1555 1492 1598 uuum
1507 1555 1653 1618 praeesse,
1667 1535 1720 1598 cui
1737 1535 1848 1615 reliqui
1861 1535 1983 1597 debmnt

449 1642 603 1698 terrarum
628 1633 813 1716 amplificet.
840 1633 958 1696 llursus
983 1653 1079 1715 super
1099 1635 1196 1696 Actus
1251 1633 1379 1698 obedire
1404 1634 1509 1715 :quia
1535 1634 1562 1696 si
1587 1633 1723 1696 aliorum
1749 1633 1892 1696 voluntas
1916 1653 1982 1714 vaga

448 1733 669 1816 Apostolorum
686 1732 802 1795 fatetur
819 1756 825 1793 :
843 1732 951 1794 Petrus
967 1752 984 1794 a
1000 1732 1079 1795 Filio
1101 1751 1197 1816 super
1252 1733 1451 1813 relinquitur,
1468 1732 1572 1794 amica
1591 1732 1758 1812 culparum
1780 1730 1920 1794 confusio
1939 1751 1984 1812 ge

448 1833 557 1895 omnia
577 1851 647 1913 quaa
666 1831 735 1894 lilii
757 1839 831 1894 sunt
851 1839 1037 1912 potestatem
1059 1831 1194 1912 accepit,
1215 1829 1392 1894 Bneratur.
1408 1831 1479 1895 llaec
1494 1830 1708 1894 Cassiodorus.
1725 1831 1857 1893 Sanctus
1870 1849 1982 1912 quoquc

449 1950 513 1994 uon
529 1930 610 1993 sicut
624 1931 743 2013 Moyses
759 1930 792 1992 in
808 1949 871 1992 uua
885 1939 990 2011 geute,
1008 1930 1061 1992 sed
1078 1930 1110 1991 in
1127 1929 1197 1991 uni·
1252 1931 1460 2011 Hieronymus
1476 1929 1561 1992 idem
1576 1928 1746 1991 coufirmat
1762 1928 1795 1990 iu
1810 1929 1937 2010 epistola
1949 1929 1983 1990 ad

451 2048 543 2092 verso
565 2028 652 2092 orbe.
1250 2029 1415 2092 Rusticum
1431 2027 1633 2106 monachum,
1645 2036 1677 2090 et
1690 2027 1824 2090 babetur
1838 2027 1871 2089 in
1885 2027 1983 2090 Decre

1252 2136 1295 2205 to,
1312 2146 1407 2189 causa
1426 2126 1456 2205 7,
1472 2126 1646 2207 questione
1666 2126 1695 2204 l,
1713 2125 1851 2208 capitulo
1867 2130 1907 2188 In
1923 2128 1984 2202 api·
2005 2152 2082 2202 aa„

633 2247 878 2312 ARTICULUS
902 2247 1012 2310 XXII·
1253 2228 1322 2295 bus,
1338 2223 1393 2286 ubi
1409 2224 1455 2286 sic
1470 2224 1513 2286 ait
1530 2247 1537 2285 ι
1554 2226 1637 2304 Apes
1657 2243 1757 2286 unum
1776 2224 1892 2287 habent
1908 2216 2082 2305 prin-”¹³⁷⁴

1182 2379 1188 2392 ,
1252 2323 1368 2403 cipem,
1396 2330 1428 2385 ct
1451 2341 1545 2403 grues
1570 2341 1666 2384 unam
1689 2329 1863 2404 sequuntur
1886 2281 2074 2385 ordineu'ffl'

450 2383 498 2442 De
509 2380 725 2456 mmmmm
738 2381 840 2482 Pipoe
855 2396 957 2482 mer.
967 2387 1063 2482 mim
1081 2387 1111 2436 εἰ
1126 2398 1199 2482 Ψ
1252 2421 1429 2484 litterario*
1447 2445 1454 2483 :
1470 2421 1643 2503 Imperator
1657 2440 1741 2483 unus
1769 2429 1801 2484 et
1813 2421 1906 2502 judex
1922 2440 1983 2504 pro
2003 2453 2062 2492 Ἥ,

491 2473 648 2529 cerealem
663 2471 905 2537 neocesareae
919 2469 1199 2527 dact-ascatfrofaets
1276 2520 1282 2532 ,
1744 2469 1753 2500 ’

490 2561 697 2618 diversorum
716 2559 884 2617 doctorum
1252 2519 1367 2582 vinciae
1391 2539 1495 2595 uuus3
1520 2520 1618 2582 llcma
1647 2519 1744 2582 etiam
1769 2519 1893 2584 condita
1914 2515 2060 2582 ιιιιιιιΙίιιεηιο

887 2604 893 2617 ’
1254 2637 1343 2700 reges
1358 2617 1453 2680 simul
1468 2618 1585 2681 babere
1600 2637 1664 2681 nou
1685 2618 1798 2699 potuit,
1815 2627 1847 2681 et
1862 2617 1985 2680 fratrici-

523 2716 663 2782 UAlllVlS
678 2735 763 2778 nuuc
779 2716 1017 2794 introducenda,
1033 2734 1146 2796 magna
1161 2735 1199 2778 ex
1253 2718 1306 2780 dio
1320 2716 1500 2794 dedicatum
1516 2736 1598 2779 uuus
1613 2717 1806 2798 guberuator
1821 2717 1854 2778 in
1868 2717 1947 2794 navi,
1958 2724 1985 2778 et

454 2716 519 2919 O
539 2824 626 2898 parte
642 2815 753 2877 sintin
769 2814 926 2896 prioribus
941 2815 1117 2877 tractatulis
1133 2834 1200 2876 seu·
1253 2835 1336 2878 unus
1350 2814 1578 2897 paterfamilias
1591 2815 1625 2876 in
1640 2815 1736 2878 domo
1752 2839 1760 2877 ι
1777 2824 1896 2897 ergoet
1913 2834 1983 2876 unus

450 2914 625 2979 tentialiter
639 2913 829 2992 introducta,
845 2923 960 2992 tamen,
977 2920 1012 2974 ut
1025 2913 1198 2976 adversarii
1254 2934 1397 2977 summus
1420 2913 1564 2977 Pontifex
1589 2913 1622 2976 in
1646 2913 1789 2976 Ecclesia
1813 2914 1933 2977 Christi.
1952 2913 1984 2974 Et

452 3012 591 3077 veritatis
612 3012 822 3075 veridicorum
842 3011 1045 3074 multitudine
1071 3011 1198 3074 testium
1214 3017 1236 3080 C
1254 3013 1333 3076 ratic
1356 3021 1415 3090 est,
1441 3011 1593 3094 quoniam
1616 3031 1655 3074 ex
1680 3011 1778 3094 regali
1802 3011 1984 3074 institutione

452 3113 636 3190 obruantur,
654 3111 796 3193 quandam
821 3110 860 3173 de
879 3110 1028 3174 omnibus
1048 3118 1080 3174 et
1097 3131 1199 3195 pauca
1253 3113 1360 3175 nullus
1374 3111 1618 3196 populus,nulla
1632 3110 1825 3174 universitas
1839 3111 1925 3174 aliter
1936 3109 1985 3171 du-

452 3212 491 3275 de
513 3211 622 3274 multis
645 3210 911 3281 commemorabo.
1254 3220 1312 3292 rat,
1337 3231 1435 3293 quum
1464 3210 1532 3273 sine
1558 3219 1679 3274 rectore
1703 3212 1772 3293 regi
1796 3230 1860 3274 uon
1885 3209 1982 3293 possit.

491 3311 529 3372 Et
545 3309 647 3391 primo
663 3309 802 3372 occurrit
816 3309 899 3389 quod
915 3308 1044 3390 quidam
1062 3310 1200 3372 devotis·
1254 3310 1395 3392 lienique
1433 3309 1628 3390 Aristoteles,
1665 3310 1811 3390 quamvis
1844 3327 1983 3391 paganm,
2104 3307 2106 3406 ζ

452 3410 551 3471 simus
567 3409 687 3486 doctor,
704 3407 825 3470 scilicet
839 3408 1047 3489 Hieronymus
1067 3409 1107 3470 de
1127 3408 1199 3469 Pra-
1253 3410 1337 3472 idem
1366 3408 1473 3489 sentit,
1499 3408 1635 3471 dicendo
1663 3431 1670 3469 :
1696 3408 1862 3470 Pluralitas
1882 3406 1985 3489 princi-
2104 3429 2105 3518 q

451 3528 502 3591 ga,
524 3508 556 3569 iu
578 3515 713 3569 tractatu
735 3525 792 3569 suo
818 3515 926 3569 contra
949 3506 1091 3569 Hussitas
1114 3507 1200 3570 dete·
1254 3508 1398 3590 pautium
1423 3507 1526 3583 mala3
1543 3527 1626 3569 unus
1649 3525 1725 3587 ergo
1743 3505 1984 3589 princepsfluc-
2104 3523 2105 3606 q

452 3605 674 3669 stabilissimos
698 3604 864 3667 hereticos
890 3603 1013 3684 scribit,
1033 3604 1196 3667 diceudo:
1256 3624 1357 3688 usque
1378 3624 1415 3668 ex
1437 3604 1638 3687 praeallegato
1658 3605 1800 3667 doctore.

450 3705 484 3767 B.
517 3704 625 3766 Petrus
653 3711 701 3765 est
735 3710 824 3785 petra
857 3702 1017 3779 Ecclesiae,
1048 3703 1199 3783 quoniam
1294 3705 1349 3767 Cui
1364 3704 1535 3767 concordat
1549 3702 1725 3765 Alexander
1739 3702 1779 3765 de
1794 3702 1986 3783 Hales,super
2104 3725 2105 3794 y

451 3802 574 3885 primus
595 3799 626 3862 in
647 3799 828 3862 nationibus
853 3800 958 3881 posuit
985 3798 1060 3861 fidei
1088 3799 1200 3863 funda·
1255 3804 1379 3866 tertium
1405 3800 1638 3864 Sententiarum
1662 3799 1865 3863 affirmans:
1890 3798 1985 3863 Omnis
1995 3808 2076 3865 vat-“-
2104 3797 2105 3880 ξ

452 3909 569 3980 menta,
585 3906 620 3960 ut
635 3908 783 3979 tanquam
799 3916 906 3959 saxum
923 3898 1085 3962 immobile
1105 3898 1200 3961 totius
1254 3902 1331 3965 ordo
1346 3899 1401 3981 qui
1421 3909 1574 3980 quantum
1593 3899 1633 3961 ad
1653 3899 1786 3980 gradum
1807 3899 1986 3982 principatus
2104 3943 2106 3984 ,

451 3997 600 4061 Ecclesia
620 4014 806 4079 compagem
827 3996 1006 4078 molemque
1027 3998 1198 4059 contiueat.
1255 4000 1287 4061 iu
1313 3998 1548 4061 irrationalibus
1572 3998 1826 4076 commendatur,
1850 4006 1896 4060 est
1920 3995 1986 4059 ordo
2104 4067 2106 4090 s

452 4096 497 4158 lta
511 4096 646 4157 habetur
659 4095 693 4155 in
709 4094 846 4174 Cauoue,
862 4094 1068 4157 distinctione
1082 4093 1132 4172 ὅθ,
1150 4114 1201 4157 ca·
1255 4098 1429 4160 secundum
1444 4095 1630 4159 instinctum
1646 4104 1768 4158 naturae
1782 4104 1813 4159 et
1828 4094 1985 4159 secuudum

309 4222 436 4275 necatas,
452 4194 554 4279 pitulo
578 4196 738 4257 Fidelior.
762 4193 848 4255 Unde
873 4192 903 4255 S.
930 4192 1094 4255 Marcellus
1117 4194 1201 4276 Papa
1215 4192 1240 4254 Ι)
1255 4195 1385 4259 rationis
1399 4195 1581 4274 dictameu3
1597 4195 1653 4257 sed
1668 4193 1701 4256 iu
1713 4194 1831 4277 apibus
1845 4210 1986 4258 commen-

304 4284 355 4327 ⁶⁵⁸²·
367 4285 400 4333 ⁵⁰·
417 4295 436 4326 ⁰·
453 4294 499 4357 sic
515 4294 558 4355 ait
570 4316 576 4354 :
590 4293 748 4373 Rogamus
764 4309 832 4371 vos,
846 4290 970 4369 fratres,
983 4300 1018 4353 ut
1033 4311 1097 4355 nou
1112 4281 1200 4355 aliud
1254 4295 1347 4357 datur
1360 4294 1465 4356 unitas
1480 4292 1690 4376 principatus
1707 4303 1804 4375 atque
1818 4294 1850 4356 in
1869 4291 1985 4376 gmibus

304 4349 338 4389 δι’
453 4392 593 4455 doceatis
608 4410 702 4471 quam
725 4390 810 4471 quod
825 4410 842 4452 a
857 4391 890 4453 B.
908 4390 998 4453 Petro
1017 4400 1049 4453 ct
1067 4391 1199 4473 reliquis
1255 4393 1358 4455 unitas
1379 4393 1536 4456 ducatus:
1554 4412 1630 4474 ergo
1650 4393 1689 4455 de
1708 4392 1864 4457 instinctu
1882 4400 1986 4454 natura

453 4491 523 4572 ejus
547 4488 785 4551 successoribus
814 4488 991 4569 accepistis.
1017 4489 1088 4572 Ipse
1112 4490 1199 4552 enim
1255 4499 1286 4554 et
1300 4490 1471 4554 dictamine
1486 4490 1619 4553 rationis
1634 4498 1682 4553 est
1696 4490 1803 4553 unitas
1817 4490 1943 4553 ducatus
1954 4506 1984 4549 ac

335 4614 423 4663 ιιιιιι.
453 4598 500 4653 est
515 4596 610 4668 caput
624 4586 772 4650 Ecclesia
790 4610 797 4649 ι
815 4587 866 4649 cui
881 4586 1033 4651 Dominus
1048 4587 1137 4667 dixit,
1154 4589 1199 4651 Tu
1255 4590 1463 4671 principatus.
1475 4589 1548 4652 Ideo
1563 4590 1596 4650 iu
1612 4590 1723 4652 ecdem
1738 4590 1839 4671 gradu
1854 4608 1919 4651 esse
1932 4604 1985 4648 non
2104 4655 2105 4668 χ

302 4693 346 4731 ¹¹¹·
364 4681 396 4721 ¹⁸·
452 4707 487 4750 es
511 4686 644 4748 Petrus:
662 4686 745 4767 quod
770 4685 995 4769 iuterpretatur
1019 4686 1149 4768 Cephea,
1168 4686 1199 4748 id
1255 4697 1388 4771 possunt
1402 4688 1465 4751 duo
1484 4688 1582 4750 duces
1597 4696 1652 4749 aut
1664 4687 1829 4769 principos
1847 4705 1909 4749 non
1925 4683 1987 4746 sub
2104 4685 2105 4766 l

453 4792 502 4848 est
516 4791 621 4865 caput.
634 4783 673 4845 Et
687 4782 820 4845 babetur
835 4782 867 4843 in
883 4783 1024 4862 Decreta,
1039 4803 1132 4845 causa
1147 4782 1197 4862 24,
1255 4786 1413 4865 alternati,
1433 4785 1583 4848 videlicet
1604 4786 1668 4847 duo
1692 4786 1809 4847 summi
1835 4782 1987 4847 Pontifices
2104 4795 2105 4860 ᾗ

317 4898 401 4943 baeer.
416 4914 436 4955 p.
453 4882 626 4965 quaestione
652 4881 681 4959 l,
698 4881 838 4962 capitulo
861 4884 1025 4959 Roparuaa
1051 4903 1115 4953 nos,
1129 4886 1202 4960 fra·
1255 4893 1308 4945 aut
1322 4884 1385 4945 duo
1400 4883 1618 4965 Imperatores.
1636 4882 1723 4945 Unde
1745 4881 1776 4943 iu
1797 4882 1866 4963 lege
1880 4880 1987 4943 iustitu-
2104 4863 2105 4884 ¹

303 4966 438 5079 2¹]wass
454 4992 531 5043 tres.
557 4981 600 5043 Ex
623 4980 738 5062 quibus
763 4980 867 5043 verbis
892 4988 1002 5042 contra
1030 4982 1200 5043 articulum
1256 4991 1306 5044 tus
1331 4982 1392 5044 fuit
1415 5002 1497 5043 uuus
1522 5001 1665 5045 summus
1691 4982 1850 5058 sacerdos,
1866 4990 1897 5043 et
1918 4996 1987 5041 unus
2104 4975 2105 5066 j

452 5078 664 5140 Bobemorum
680 5078 835 5139 concludo
853 5101 859 5138 :
878 5077 1000 5140 lustum
1016 5086 1064 5140 est
1083 5087 1118 5140 ut
1136 5088 1201 5141 tota
1256 5099 1320 5143 rex.
1338 5080 1452 5161 Sicquc
1467 5088 1532 5144 tota
1547 5079 1711 5142 christiani
1733 5079 1844 5161 populi
1862 5078 1988 5140 multitu-

453 5175 596 5238 Ecclesia
615 5175 772 5239 catholica
791 5195 846 5238 seu
867 5174 1055 5238 universalis
1077 5176 1118 5239 ab
1137 5196 1200 5240 uuo
1255 5178 1296 5241 do
1316 5198 1379 5241 uuo
1404 5197 1529 5241 summo
1548 5186 1680 5258 rectore,
1697 5178 1753 5260 qui
1772 5178 1888 5240 dicitur
1906 5176 1986 5256 Papa,

453 5280 581 5357 regatur
612 5273 715 5355 capite
749 5282 781 5335 et
814 5273 958 5356 principe
987 5276 1198 5355 sacerdotum,
1256 5284 1304 5339 est
1323 5277 1541 5361 gubernanda.
