4309 6250
418 482 479 549 iffi
657 500 697 548 DE
718 500 883 548 mombar!
903 498 940 545 Π
961 497 1110 545 tacemus
1131 498 1158 543 B.
1182 498 1211 543 V.
1234 496 1351 554 unuln,
1373 496 1461 543 LIBER
1482 497 1524 546 tv.
1546 516 1588 526 -
1606 497 1678 543 ΑΜ.
1700 496 1733 543 Xl

419 672 524 737 lorum
538 672 616 737 ordo
641 680 811 736 veneratur
833 679 865 734 et
888 671 999 734 adorat
1016 688 1114 752 super
1132 687 1167 733 se
1181 668 1207 731 A
1222 666 1360 750 gloriosa
1374 676 1506 751 apparet
1526 667 1560 730 in
1573 687 1710 731 ascensu
1724 685 1783 730 suo
1803 665 1895 747 virgo
1910 663 1981 727 lla-

420 768 578 833 elevatnm
594 788 667 832 cnm
688 770 788 833 Patre.
805 768 1039 849 Consequenter
1058 766 1168 830 lliero
1222 767 1280 847 ria,
1304 767 1397 849 cujus
1420 768 1621 831 ascendentis
1642 767 1828 849 dignitatem
1850 774 1882 827 et
1903 764 1980 845 glo·

420 885 535 948 nymus
554 868 666 949 probat
688 867 774 930 istud
799 886 856 949 per
873 868 980 931 locum
1000 885 1018 928 a
1038 865 1164 946 maiori,
1222 866 1299 929 riam
1328 865 1503 929 admiratur
1531 876 1640 948 partus
1673 885 1711 928 ac
1742 864 1842 928 llilius
1874 863 1978 945 ejus!

419 962 575 1044 adjiciens
595 987 604 1026 e
624 963 772 1046 Legimus
791 964 974 1047 frequenter
993 960 1032 1024 ad
1052 959 1167 1021 funere
1221 965 1301 1027 llinc
1325 965 1448 1030 Christo
1476 974 1664 1029 occurrente
1689 983 1755 1027 suae
1778 960 1979 1026 beatissimae

418 1062 605 1127 Sanctorum
632 1063 841 1145 quorumdam
876 1070 1002 1125 sanctos
1036 1058 1166 1141 angelos
1221 1061 1383 1144 Genitrici,
1403 1072 1469 1126 tota
1489 1064 1625 1126 Trinitas
1644 1062 1771 1127 obviam
1791 1060 1838 1124 illi
1858 1077 1980 1142 proce-

418 1162 597 1241 edvenisse‚
626 1170 659 1224 et
686 1161 725 1224 ed
753 1180 863 1225 eorum
892 1158 1059 1240 exsequias
1088 1175 1181 1237 praee'
1220 1161 1266 1223 dit
1288 1163 1320 1223 in
1339 1162 1429 1225 Filio.
1446 1161 1533 1236 Quod
1558 1162 1584 1225 si
1608 1162 1795 1243 angelorum
1815 1158 1978 1221 Dominus

418 1260 536 1325 stitisse
550 1260 713 1342 obsequia,
721 1260 830 1341 sicque
845 1259 967 1322 animas
978 1258 1165 1321 Sanctorum
1220 1259 1349 1323 obviam
1373 1260 1419 1321 illi
1445 1260 1590 1341 procedit
1613 1268 1697 1322 totns
1718 1255 1977 1340 gratulabundus

417 1378 491 1421 cum
516 1359 644 1442 hymnis
668 1367 699 1422 et
723 1358 856 1421 canticis
880 1378 916 1420 ac
940 1355 1087 1420 laudibus
1110 1355 1165 1416 de·
1221 1366 1315 1440 atque
1330 1358 1565 1440 congratulans,
1581 1358 1654 1439 quis
1675 1366 1768 1439 putas
1781 1354 1976 1437 angelorum

417 1458 529 1521 tulisse
553 1458 592 1521 ad
616 1458 726 1537 coelos,
747 1457 802 1520 ubi
830 1465 863 1519 et
886 1456 1049 1537 utriusque
1071 1472 1164 1516 sexus
1221 1464 1304 1520 rotro
1330 1457 1475 1536 tardavit,
1495 1457 1573 1538 quin
1597 1456 1724 1538 Reginae
1744 1474 1809 1517 suae
1830 1462 1862 1516 et
1878 1452 1975 1515 llatri

417 1554 507 1619 chori
535 1566 825 1620 commemorantur
851 1555 962 1633 auditi,
989 1572 1026 1616 ac
1053 1552 1164 1615 laudes
1220 1556 1315 1637 Regis
1338 1556 1447 1619 aterni
1473 1574 1546 1618 cum
1570 1554 1773 1618 festinatione
1796 1561 1828 1615 et
1850 1551 1976 1634 gaudio

417 1653 572 1717 cecinisse
597 1654 630 1717 in
652 1662 756 1733 terra3
782 1662 814 1717 et
837 1654 921 1735 quod
946 1651 1164 1736 perspicacius
1220 1654 1347 1717 obviam
1368 1674 1498 1717 currens
1518 1673 1583 1717 non
1602 1653 1777 1716 exsilieritl
1792 1651 1876 1714 'lalis
1898 1670 1977 1732 pro

415 1761 475 1831 est,
500 1753 629 1817 eosdem
654 1752 785 1816 Sanctos
809 1769 1039 1833 nonnunquam
1064 1748 1164 1811 multo
1221 1751 1525 1834 cessioaprincipio
1541 1770 1706 1834 nunquam
1721 1751 1806 1813 lacta
1821 1749 1891 1826 luit,
1907 1749 1975 1811 nisi

416 1849 538 1911 lumine
563 1848 819 1930 resplenduisse3
842 1848 984 1929 insuper,
1005 1854 1037 1909 et
1059 1845 1163 1908 adbuc
1179 1852 1202 1914 Β
1220 1859 1296 1917 tunc
1320 1851 1396 1914 dum
1422 1851 1564 1913 Christus
1590 1849 1709 1913 eoelurn
1734 1848 1888 1911 ascendit.
1910 1847 1976 1909 (lb-

415 1948 559 2011 viventes
573 1948 607 2009 in
622 1966 727 2028 carne,
744 1947 863 2010 ibidem
878 1946 950 2009 miri
971 1944 1079 2009 odoris
1093 1963 1165 2007 sen·
1221 1950 1306 2011 viam
1326 1951 1504 2032 procedunt
1527 1949 1678 2031 virgineae
1701 1948 1789 2011 Matri
1811 1948 1866 2009 Dei
1890 1946 1975 2009 Che-

415 2047 495 2110 sisse
523 2046 740 2129 fragrantiam.
767 2046 855 2121 Quod
884 2045 910 2107 si
935 2044 1095 2107 interdum
1123 2042 1162 2104 ad
1220 2047 1325 2110 rubim
1347 2067 1384 2110 ac
1405 2047 1584 2129 Seraphim,
1607 2066 1680 2110 cum
1702 2046 1836 2109 Thronis
1856 2054 1889 2107 et
1912 2045 1975 2107 llo-

414 2145 619 2209 recreandam
645 2153 677 2207 et
700 2144 967 2207 corroborandam
996 2161 1085 2224 spem
1109 2141 1164 2203 ad·
1220 2145 1446 2211 minationibus
1456 2146 1633 2227 ceterisque
1644 2146 1749 2209 choris
1764 2144 1975 2227 angelicis,et

415 2244 578 2323 stantium,
600 2243 744 2307 Salvator
766 2250 874 2307 noster
896 2243 938 2306 ob
963 2241 1076 2305 merita
1100 2240 1164 2302 ele-
1219 2253 1416 2325 assumptam
1430 2264 1467 2307 ac
1481 2245 1636 2307 elevatam
1654 2263 1751 2325 super
1764 2262 1799 2305 se
1812 2244 1972 2325 Reginam

413 2350 536 2407 ctorum
559 2360 688 2405 snorum
709 2340 846 2425 amplius
868 2339 1104 2423 comprobanda
1125 2357 1162 2401 ac
1219 2343 1395 2425 splendidis
1423 2343 1581 2407 honorant
1607 2341 1779 2424 obsequiis.
1801 2343 1972 2423 Quumque

414 2441 616 2520 declaranda,
646 2448 733 2503 iente
762 2448 793 2503 et
826 2440 903 2502 tolia
937 2439 1087 2521 dignatus
1114 2444 1164 2500 est
1219 2441 1420 2505 serenissima
1443 2442 1534 2523 virgo
1554 2441 1647 2505 Maria
1672 2441 1706 2503 in
1730 2440 1846 2505 coelum
1869 2441 1973 2503 dedu-

412 2540 563 2603 exhibere
588 2538 674 2602 circa
696 2540 898 2603 morientes:
920 2545 1038 2619 quanto
1060 2535 1163 2618 magis
1219 2540 1313 2621 citur,
1329 2560 1394 2622 prae
1408 2540 1509 2603 nimia
1524 2540 1732 2603 exsultatione
1747 2539 1891 2603 coelestes
1914 2558 1974 2601 cu-

414 2638 484 2720 ejus
498 2638 649 2702 Genitrici
665 2638 697 2701 in
712 2638 764 2702 die
778 2638 883 2701 obitus
898 2637 947 2727 sui
967 2637 1162 2699 credendum
1220 2638 1274 2701 riae
1294 2639 1358 2702 Deo
1378 2658 1451 2701 cum
1470 2639 1572 2721 jubilo
1592 2638 1814 2702 resonantibus
1836 2638 1971 2719 organis

413 2746 462 2800 est
476 2736 630 2801 caelorum
645 2736 793 2800 militiam
808 2755 882 2800 curn
898 2736 965 2799 suis
980 2734 1162 2817 agminibus
1218 2736 1352 2819 gloriam
1374 2737 1558 2802 concinunt.
1575 2738 1688 2820 Angeli
1710 2745 1742 2800 et
1762 2736 1969 2818 Archangeli,

411 2834 527 2899 festive
542 2836 670 2901 obviam
691 2836 869 2914 advenisse,
885 2854 1019 2915 eamque
1039 2833 1161 2915 ingenti
1218 2835 1416 2919 Principatus
1437 2844 1470 2899 et
1488 2836 1671 2914 Potestates,
1687 2853 1746 2918 pro
1764 2836 1971 2918 susceptione

411 2933 534 2998 lumine
557 2934 817 3015 circumfulsisse,
839 2942 871 2997 et
892 2952 992 3015 usque
1012 2934 1051 2997 ad
1077 2933 1163 2996 thro-
1217 2942 1312 2997 tanta
1326 2934 1437 2998 matris
1451 2954 1488 2997 ac
1503 2934 1651 3016 virginis,
1663 2935 1778 2997 choros
1791 2942 1865 2997 ante
1878 2933 1970 2996 illam

412 3052 489 3096 num
505 3033 567 3097 sibi
582 3032 659 3098 olim
674 3042 747 3098 ante
767 3033 878 3096 mundi
900 3032 1161 3096 constitutionem
1180 3032 1336 3098 Cdivinis
1351 3032 1558 3096 concentibus
1579 3041 1687 3115 agunt.
1704 3032 1789 3095 luter
1808 3050 1889 3113 quos
1909 3032 1972 3096 Ga-

411 3142 570 3215 paratum,
597 3153 671 3198 cum
697 3134 845 3197 laudibus
874 3142 906 3196 et
934 3132 1068 3196 canticis
1098 3130 1162 3212 spi·
1217 3133 1298 3196 briel
1312 3133 1524 3215 archangelus
1543 3132 1738 3196 felicissimae
1755 3132 1860 3195 hieriae
1873 3131 1972 3195 iami-

412 3231 579 3295 ritualibus
603 3232 810 3315 perduxisset
830 3231 915 3294 Nulli
941 3230 1075 3295 dubium
1100 3239 1160 3308 est,
1218 3227 1419 3310 lidrissimus,
1449 3240 1558 3314 utpote
1587 3231 1687 3314 ipsius
1715 3229 1967 3314 parinympbns,

413 3338 512 3394 totam
541 3330 630 3394 illam
659 3332 820 3394 coelestem
846 3330 1019 3394 Jerusalem
1047 3329 1163 3394 inella·
1217 3329 1263 3391 illi
1292 3338 1364 3412 post
1392 3329 1551 3393 Christum
1578 3330 1731 3393 nimirum
1759 3330 1910 3410 occurrit,
1936 3339 1970 3394 et

402 3421 469 3492 'hili
494 3437 570 3492 tunc
595 3429 704 3492 laetitia
726 3430 910 3510 exsultasse,
927 3439 1020 3512 atque
1046 3428 1163 3493 inaesti-
1217 3429 1308 3510 quasi
1332 3438 1443 3492 cantor
1468 3438 1592 3493 ceteros
1616 3430 1656 3492 ad
1680 3430 1873 3492 cantandum
1895 3449 1970 3512 pro·

412 3527 523 3592 mabill
538 3528 668 3591 caritate
688 3536 764 3591 tunc
784 3529 1002 3610 jucundatam.
1019 3527 1083 3592 Nec
1104 3529 1162 3592 im·
1218 3545 1347 3606 vocans,
1365 3527 1590 3591 suavissimum
1606 3527 1685 3591 illud
1703 3527 1850 3609 gloriosae
1863 3527 1968 3591 ldarim

412 3627 537 3692 merito.
553 3627 696 3690 Creditur
716 3627 801 3690 enim
822 3627 906 3708 quod
929 3627 997 3708 ipse
1019 3627 1163 3692 Salvator
1217 3626 1378 3688 canticum
1393 3626 1559 3706 inchoans,
1576 3626 1621 3688 ait
1633 3649 1640 3688 ι
1653 3628 1730 3704 Ave,
1744 3626 1849 3705 llario,
1864 3628 1968 3709 gratia
1985 3653 2103 3705 mer
2134 3644 2135 3655 ¹

412 3728 569 3809 omnium,
592 3745 651 3810 per
674 3746 720 3806 sa,
740 3733 825 3790 totus
849 3724 983 3789 festivus
1007 3727 1158 3807 occurrit,
1217 3726 1324 3808 plena,
1350 3725 1504 3788 Dominus
1532 3733 1650 3804 tecum,
1678 3733 1739 3788 etc.
1766 3725 1824 3800 Qui
1853 3735 1968 3790 cantus

412 3845 546 3908 eamque
561 3846 634 3890 cnm
649 3825 764 3908 gaudio
786 3843 894 3888 secum
916 3825 950 3887 in
966 3826 1080 3890 throno
1095 3827 1162 3909 glo
1217 3824 1293 3886 dum
1311 3825 1352 3888 ab
1376 3824 1448 3887 aliis
1473 3824 1626 3907 repetitur
1646 3823 1815 3888 modulatis
1834 3825 1969 3889 vocibus

412 3925 468 3988 rim
502 3924 683 3989 collocavit.
713 3922 810 4002 Alias,
843 3923 981 4007 qualiter
1015 3925 1162 4007 implevit
1217 3932 1249 3984 et
1272 3940 1391 4004 organo
1415 3924 1568 4000 variante,
1594 3924 1629 3984 in
1655 3922 1845 4005 jubilatione
1870 3924 1969 4006 Virgo

274 4054 352 4100 m,
365 4067 399 4108 :a
413 4024 497 4105 quod
526 4024 560 4086 in
592 4024 662 4105 lege
692 4022 853 4105 precepit,
883 4023 1009 4087 Honora
1038 4033 1159 4106 patrem
1217 4020 1313 4083 Mater
1333 4021 1513 4084 deducitur.

266 4121 400 4227 afflig·
412 4132 504 4186 tunm
525 4131 557 4185 et
571 4129 705 4185 matrem
727 4124 835 4184 tnaml
850 4121 921 4185 llaec
936 4122 1157 4205 Hieronymus,
1256 4119 1335 4182 Hinc
1351 4139 1460 4182 rursus
1474 4119 1519 4183 ait
1532 4120 1709 4184 Bernardus
1727 4143 1734 4182 ε
1752 4120 1868 4184 Felicia
1881 4141 1971 4204 pror-

265 4218 340 4300 „Jm
356 4215 399 4291 aa]
454 4220 539 4284 Unde
553 4220 731 4283 Remardus
748 4243 755 4281 :
772 4219 858 4298 Quis,
875 4221 928 4300 ait,
945 4221 1083 4303 cogitare
1097 4219 1199 4284 sul-l)
1218 4237 1272 4280 sus
1297 4219 1407 4280 oscula
1430 4219 1523 4282 labiis
1548 4218 1663 4282 Christi
1689 4219 1836 4282 lactentis
1858 4239 1877 4282 a
1904 4220 1970 4283 vir-

412 4319 501 4383 ficiat
514 4337 610 4400 quam
625 4318 763 4401 gloriose
784 4337 822 4380 aa
841 4318 893 4381 die
908 4320 1018 4382 mundi
1039 4321 1159 4402 Regina
1217 4315 1312 4396 ginea
1329 4317 1424 4379 Matre
1445 4317 1610 4398 impressa,
1628 4316 1680 4380 cui
1703 4317 1799 4380 ldater
1822 4317 1969 4400 piissima

413 4417 616 4500 processerit,
637 4424 670 4479 et
692 4423 811 4497 quanto
835 4417 1015 4480 devotionis
1039 4417 1160 4481 ellectu
1216 4413 1366 4495 virginali
1391 4415 1604 4496 applaudebat
1631 4416 1665 4476 in
1692 4415 1826 4496 gremio.
1849 4416 1967 4478 l'erum

412 4523 478 4578 tota
492 4515 524 4577 in
539 4514 609 4595 ejus
624 4532 791 4578 occursum
808 4514 984 4578 caelestium
1000 4516 1160 4597 legionum
1215 4521 1371 4603 numquid
1386 4540 1450 4584 non
1473 4521 1618 4585 feliciora
1638 4521 1840 4586 censebimus
1855 4523 1967 4586 oscula

412 4611 583 4676 multitudo
610 4612 774 4694 prodierit,
803 4613 918 4694 quibus
952 4615 1087 4677 canticis
1120 4616 1159 4678 ad
1215 4619 1270 4681 illa
1293 4639 1364 4700 quae
1387 4621 1427 4683 ab
1452 4640 1506 4683 ore
1529 4621 1668 4683 sedentis
1686 4621 1720 4682 in
1746 4622 1858 4685 throno
1877 4629 1909 4684 et
1930 4622 1965 4686 in

411 4713 562 4776 thronum
577 4711 686 4793 gloriae
701 4711 741 4774 sit
760 4713 905 4794 deducta,
922 4732 1018 4796 quam
1033 4715 1160 4794 placido
1214 4718 1341 4780 dextera
1355 4718 1466 4798 Patris,
1483 4718 1635 4782 hodierna
1650 4719 1702 4781 die
1716 4719 1811 4782 ldnria
1824 4718 1965 4801 gloriosa

411 4811 513 4892 vultu,
539 4829 633 4893 quam
662 4829 774 4874 serena
796 4809 890 4892 lacie,
916 4831 1012 4893 quem
1040 4812 1159 4876 divinis
1215 4817 1364 4898 suscepit,
1391 4836 1488 4899 quum
1513 4817 1700 4880 ascenderet
1723 4817 1872 4880 thronum
1894 4819 1966 4900 glo-

411 4909 609 4992 amplexibus
630 4928 648 4972 a
666 4908 747 4972 Filio
767 4909 810 4972 sit
830 4918 987 4992 suscepta,
1004 4929 1040 4973 ac
1062 4930 1160 4992 super
1215 4914 1280 4994 riae,
1290 4915 1531 4996 epithalamium
1546 4935 1677 4993 canens,
1685 4935 1722 4978 ac
1737 4916 1859 4995 dicens,
1869 4916 1964 4981 Oscu·
1978 4946 2103 4995 cmm,

385 5027 539 5100 „omnem
567 5017 743 5072 creaturam
772 5008 907 5072 exaltata
935 5027 1007 5072 cum
1035 5028 1074 5073 eo
1101 5011 1158 5074 ho
1214 5013 1296 5075 latur
1310 5032 1362 5075 me
1376 5013 1487 5077 osculo
1506 5014 1571 5077 oris
1590 5015 1659 5077 suit
1675 5014 1828 5095 Denique,
1846 5015 1962 5080 Christi
1988 5046 2109 5099 [gum

410 5127 488 5172 nore
512 5126 576 5189 quo
603 5115 722 5170 mutam
746 5107 875 5170 Matrem
899 5126 917 5169 a
941 5116 1028 5172 tanto
1051 5109 1158 5171 decuit
1212 5111 1451 5192 generationem
1466 5120 1496 5174 et
1507 5111 1610 5174 llariae
1624 5112 1875 5194 assumptionem
1889 5115 1962 5196 quis
1976 5109 2109 5155 “l-'¹2²²

409 5206 489 5272 Filio
510 5205 642 5270 exaltari
664 5224 702 5268 ac
723 5205 894 5270 honorarit
1212 5210 1392 5273 cnarrabitl
1407 5210 1564 5285 Quantum
1586 5211 1673 5273 enim
1694 5211 1802 5293 gratiae
1822 5231 1889 5295 prae
1909 5232 1963 5277 ce-

447 5305 528 5370 ilinc
548 5305 663 5368 iterum
684 5304 762 5367 dicit
779 5304 957 5369 Bemardus
980 5328 988 5370 ς
1011 5303 1035 5368 0
1057 5324 1155 5387 quam
1211 5307 1289 5371 teris
1311 5308 1427 5391 adepta
1449 5317 1499 5372 est
1522 5309 1555 5371 in
1581 5308 1686 5388 terris,
1711 5318 1835 5373 mutum
1863 5320 1896 5374 et
1924 5311 1961 5376 in
