4309 6250
455 497 516 561 578
539 516 580 563 nn
600 515 809 563 uneronrrnrn
830 514 926 561 suurn
945 512 1115 560 rournrcrs
1137 512 1174 557 nr
1195 512 1364 559 causatus
1387 509 1527 570 concini,
1548 512 1637 559 nmnn
1657 512 1678 558 r.
1701 530 1742 541 -
1762 510 1834 556 nur.
1857 508 1944 553 mu

455 683 629 746 concilium
662 684 750 747 illum
778 682 1002 765 exemplariter
1030 680 1242 764 repraesenh
1297 680 1448 745 Praeterea
1463 682 1513 744 his
1535 680 1705 744 coneordat
1719 680 1804 761 quod
1825 679 1917 742 etiam
1931 678 1986 740 hri·

456 790 538 862 tans,
554 801 652 863 quum
667 782 772 865 ipsum
794 782 941 863 generale
956 779 1128 844 concilium
1145 779 1202 840 rite
1257 780 1383 843 stoteles
1398 780 1533 843 naturali
1550 779 1669 841 ratione
1685 776 1939 857 inductus,tertio
1951 777 1987 837 ait

456 879 619 962 inceptum
634 888 665 943 et
683 864 826 943 ordinate
845 880 1021 962 procedens
1041 879 1073 940 in
1090 876 1203 959 implo-
1256 876 1456 941 Politieorum
1484 902 1491 940 ε
1515 878 1665 960 Princeps
1689 896 1746 939 seu
1769 895 1824 939 ren
1847 875 1985 938 associare

456 978 576 1042 ratione
592 979 728 1060 Spiritus
743 979 862 1056 Sancti,
879 997 952 1041 cum
966 976 1074 1040 debita
1088 994 1201 1039 consu·
1257 975 1317 1037 sibi
1345 976 1440 1039 debet
1476 976 1591 1039 multos
1620 975 1791 1057 sapientes,
1822 980 1857 1036 ut
1888 974 1986 1036 habut

454 1076 524 1139 lens
548 1077 703 1154 libertate,
721 1078 876 1158 dirigatur
899 1097 917 1139 a
942 1076 1060 1157 Spiritu
1086 1075 1200 1137 Sancto
1255 1073 1344 1155 quasi
1362 1074 1477 1137 multos
1491 1074 1601 1137 oculos
1622 1073 1854 1136 intellectuales
1868 1090 1984 1153 quorum

452 1182 606 1256 quantum
621 1175 661 1237 ad
676 1174 913 1256 agnoscendum
928 1194 966 1236 ac
980 1172 1200 1236 definiendum
1255 1180 1362 1233 utatur
1388 1172 1541 1235 consiliis.
1572 1172 1658 1235 Unde
1686 1189 1783 1251 quam
1813 1169 1902 1232 utilia
1933 1168 1985 1229 sint

452 1270 529 1351 quid
543 1270 699 1353 pertineat
718 1272 757 1333 ad
778 1271 856 1333 fidei
877 1271 1041 1333 veritatem
1062 1288 1201 1332 morum·
1256 1270 1400 1350 consilia,
1416 1270 1570 1333 Salomon
1596 1269 1629 1330 in
1655 1268 1734 1332 libro
1760 1266 1984 1331 Proverbiorun

451 1387 512 1450 que
536 1370 737 1450 aequitatem,
760 1369 836 1431 binc
861 1368 1009 1451 generale
1031 1368 1200 1430 concilium
1255 1368 1376 1449 pandit,
1404 1368 1539 1431 dicende
1570 1392 1576 1431 ι
1606 1366 1673 1429 Erit
1702 1367 1787 1429 salus
1816 1365 1868 1427 ubi
1901 1364 1984 1427 multa
2005 1391 2048 1431 ru.
2062 1404 2074 1430 x.

450 1466 696 1530 saluberrimum
721 1474 815 1548 atque
838 1467 1036 1547 aptissimum
1059 1465 1198 1527 medium
1254 1464 1398 1527 consilia.
1429 1466 1610 1546 Rursusque
1638 1464 1682 1526 ait
1708 1488 1715 1525 :
1742 1462 1868 1525 Custodi
1896 1458 2081 1557 legetnjtm

448 1565 556 1626 estad
583 1565 841 1629 reformationem
866 1564 1076 1628 ecelesiastici
1100 1571 1198 1624 status
1253 1570 1348 1644 atque
1371 1563 1553 1644 consilium,
1569 1570 1600 1625 et
1624 1562 1683 1625 erit
1707 1563 1772 1623 vita
1791 1561 1903 1623 anhnae
1922 1570 2018 1635 tumn.

449 1660 483 1724 in
503 1662 607 1744 eapite
629 1670 661 1725 et
683 1662 716 1724 in
741 1663 904 1741 membris,
921 1672 1014 1743 atque
1033 1662 1073 1724 ad
1094 1670 1198 1723 cetera
1253 1670 1285 1723 et
1299 1661 1476 1724 ambulabis
1499 1662 1703 1737 fiducialiter,
1719 1668 1752 1723 et
1766 1679 1822 1742 pes
1842 1668 1911 1721 tuus
1931 1678 1982 1721 non

449 1768 578 1841 pmpter
605 1778 675 1841 que
699 1759 879 1822 celebratur
904 1759 1079 1823 concilium
1104 1778 1198 1841 expe·
1254 1759 1426 1841 impinget,
1442 1760 1581 1840 itemque
1598 1784 1605 1821 z
1622 1759 1678 1835 Qui
1694 1759 1823 1840 sapiens
1839 1766 1894 1833 est,
1911 1758 1984 1819 audit
1995 1774 2081 1815 nnnc.

448 1858 576 1937 diendo,
600 1877 637 1921 eo
666 1857 750 1939 quod
774 1857 914 1919 Christus
940 1857 972 1919 in
997 1857 1102 1920 medio
1127 1857 1234 1938 ejnsB
1254 1858 1397 1920 consilia.
1415 1858 1524 1939 Magna
1538 1866 1586 1921 est
1600 1876 1675 1939 ergo
1691 1856 1881 1939 sapientium
1896 1856 1984 1919 eonsi-

448 1955 500 2033 sit,
516 1963 547 2017 et
562 1956 796 2037 presidentem,
813 1954 1002 2036 dirigentem
1019 1955 1197 2017 infallibili·
1253 1956 1415 2018 liariorum
1436 1956 1567 2036 utilitas,
1584 1956 1759 2019 seeundum
1778 1956 1862 2036 quod
1881 1955 1911 2017 in
1924 1955 1985 2017 l’re

447 2061 557 2133 terque
571 2054 734 2134 juvantem
751 2054 864 2115 habeat
878 2054 1030 2135 Spiritum
1046 2054 1195 2115 Sanctum
1253 2055 1371 2117 verbiis
1396 2054 1543 2118 Salomon
1571 2054 1673 2117 fassus
1696 2062 1744 2116 est
1765 2078 1772 2115 ε
1796 2054 1912 2135 Lingua
1932 2054 2064 2133 (in-nnn.

448 2151 482 2212 in
496 2151 547 2213 his
561 2170 632 2232 quae
647 2151 706 2213 rite
722 2171 758 2214 ac
775 2152 988 2214 conciliariter
1002 2160 1197 2232 pertractan·
1252 2154 1379 2233 quiens)
1401 2154 1592 2236 sapientium
1617 2154 1735 2216 sanitas
1758 2160 1806 2215 est
1819 2176 1827 2231 ;
1842 2171 1946 2214 aumm
1959 2160 1984 2212 et
1995 2175 2080 2217 rumne

448 2257 511 2313 tur.
532 2248 607 2323 Quis
631 2250 717 2312 enim
742 2268 807 2313 non
828 2249 949 2312 diceret
972 2251 1196 2332 quodcumque
1253 2250 1421 2314 multitudo
1449 2270 1647 2331 gemmarum
1682 2258 1713 2313 et
1741 2269 1797 2312 vas
1826 2249 1982 2332 pretiosum

448 2347 657 2431 provinciale,
690 2348 892 2430 particulare,
931 2349 1095 2430 collegiale
1131 2350 1196 2412 sive
1253 2356 1326 2409 sunt
1340 2348 1424 2411 labia
1438 2348 1590 2433 scientiae.
1609 2348 1693 2411 Unde
1709 2356 1741 2410 et
1755 2348 1917 2429 Sapientiae
1931 2366 1985 2408 sen·

448 2446 616 2509 claustrale
644 2446 818 2509 concilium
847 2445 1091 2507 saluberrimum
1126 2465 1197 2509 esse
1252 2453 1283 2508 to
1305 2445 1438 2508 babetur
1455 2469 1461 2507 :
1480 2446 1643 2509 Multitudo
1666 2446 1858 2527 sapientium
1881 2446 1984 2507 sanitas
1995 2463 2079 2515 sapen

447 2553 541 2627 atque
566 2554 850 2627 peropportunum,
867 2544 894 2605 si
918 2543 952 2605 in
975 2562 1013 2607 eo
1037 2544 1197 2627 certitudi·
1252 2553 1300 2607 est
1334 2544 1420 2607 orbis
1456 2552 1622 2608 terrarum.
1653 2545 1821 2628 Propterea
1852 2544 1984 2627 generale

447 2643 561 2706 naliter
575 2650 802 2724 agnosceretur
822 2641 992 2725 presidere
1007 2642 1122 2723 aliquis
1141 2643 1197 2704 ho·
1253 2644 1425 2707 concilium
1445 2644 1623 2726 appellatur
1647 2644 1737 2727 quasi
1762 2645 1873 2708 oculus
1891 2645 1986 2706 denter

447 2760 500 2804 mo
524 2750 618 2804 tantae
643 2740 807 2823 sapientiae
832 2760 868 2803 ae
890 2740 1028 2817 virtutis,
1052 2741 1136 2822 quod
1163 2740 1195 2802 in
1251 2742 1411 2805 Ecclesiae.
1437 2742 1558 2806 idcireo
1582 2744 1636 2824 qui
1661 2742 1740 2805 illud
1768 2743 1920 2825 impedire
1941 2760 1985 2803 ee

446 2839 621 2903 directione
656 2839 911 2903 consiliariorum
944 2858 1000 2901 seu
1029 2840 1198 2901 eonsulen-
1253 2850 1379 2921 uantur,
1396 2860 1455 2905 nee
1475 2840 1590 2904 Christi
1610 2861 1668 2905 nec
1684 2842 1834 2905 Ecclesiae
1853 2842 1986 2904 ridentur

447 2938 525 3000 tium
547 2957 611 3000 non
633 2945 741 3020 posset
760 2940 888 2999 erraret
1252 2940 1358 3017 amici,
1390 2940 1445 3002 sed
1473 2941 1591 3020 hostes,
1618 2948 1650 3002 et
1676 2940 1807 3023 propria
1834 2939 1985 3004 commoda

310 3066 352 3108 nu.
366 3074 432 3107 ιιιιι.
486 3036 640 3118 Denique,
665 3035 749 3098 sicut
773 3043 958 3117 praetactum
983 3043 1042 3115 est,
1070 3034 1154 3116 quod
1179 3054 1197 3097 a
1214 3042 1236 3104 C
1252 3046 1283 3101 et
1298 3038 1437 3121 privatos
1451 3038 1588 3101 honores
1609 3038 1724 3101 divinae
1743 3039 1938 3102 honorationi
1954 3056 1984 3099 ae

446 3136 592 3219 pluribus
606 3135 769 3216 quaeritur,
785 3132 914 3198 facilius
935 3136 1119 3212 invenitur3
1138 3153 1196 3197 nec
1253 3139 1336 3201 bono
1356 3139 1518 3201 communi
1540 3137 1637 3220 impie
1660 3138 1877 3221 preferentes.

446 3255 529 3297 unus
543 3235 651 3298 omnia
665 3241 769 3316 potest
783 3233 997 3311 considerare,
1014 3234 1088 3315 quia
1109 3253 1198 3296 vera·
1292 3236 1369 3299 hinc
1394 3254 1521 3317 quoque
1549 3236 1582 3298 in
1606 3237 1744 3318 quodam
1769 3239 1895 3300 decreto
1919 3236 1986 3298 Con-

448 3332 528 3395 citer
542 3331 632 3413 quasi
648 3350 705 3414 pre
721 3330 890 3413 proverbio
904 3331 1045 3393 dicitur:
1253 3334 1436 3397 stantiensis
1461 3335 1589 3397 concilii
1615 3335 1714 3397 fertur
1735 3359 1741 3396 :
1764 3335 1920 3416 Frequens
1942 3353 1986 3414 ge

518 3491 522 3500 .
597 3491 603 3500 .
765 3490 770 3500 .
971 3491 976 3500 .
1254 3431 1410 3495 ueralium
1433 3432 1642 3497 conciliorum
1663 3433 1844 3512 celebratio,
1863 3432 1927 3515 agri
1941 3433 1986 3492 do

446 3490 579 3542 Pluribus
596 3494 719 3542 intentus
734 3503 826 3542 mmor
841 3495 886 3540 eat
902 3491 938 3542 ad
953 3491 1066 3554 amgule
1083 3504 1195 3541 sensus.
1253 3529 1363 3592 minici
1384 3530 1544 3613 praecipua
1562 3538 1610 3592 est
1630 3531 1754 3593 cultum
1782 3549 1849 3612 ω
1874 3547 1975 3610 vepres

1693 3580 1695 3582 ,
1756 3578 1765 3608 ,
1977 3575 1984 3596 ‚

446 3625 548 3700 Quum
563 3645 638 3707 ergo
653 3628 692 3690 ad
707 3626 855 3708 generale
870 3626 1046 3690 concilium
1060 3625 1195 3709 plurimi
1253 3628 1360 3710 spinas
1386 3637 1418 3690 et
1446 3627 1579 3692 tribulos
1607 3629 1775 3706 haeresum,
1802 3647 1940 3692 errorum
1961 3635 1986 3688 et

447 3725 487 3786 de
501 3724 588 3788 omni
604 3732 687 3787 statu
706 3723 857 3787 Ecclesiae
879 3725 975 3787 totius
996 3725 1197 3788 hierarchice
1254 3727 1461 3789 schismatum
1489 3726 1651 3807 exstirpat,
1682 3746 1829 3790 excessus
1856 3725 1985 3806 corrigit,

447 3822 624 3903 confluant,
640 3831 762 3886 certum
782 3831 830 3884 est
850 3823 934 3885 viros
949 3823 1065 3885 multos
1081 3823 1198 3886 doctis·
1252 3824 1429 3887 deformata
1449 3822 1611 3903 reformat,
1627 3833 1658 3886 et
1679 3825 1806 3888 vineam
1821 3824 1939 3888 bomini
1953 3822 1985 3883 ad

447 3920 545 3984 simos
572 3930 605 3984 et
632 3929 776 4004 expertes
805 3920 881 3983 illuc
910 3940 1112 3998 concurrere,
1142 3921 1196 4003 qui
1253 3922 1377 4003 frugem
1393 3920 1559 3984 uberrimae
1573 3921 1746 3986 fertilitatis
1766 3923 1911 4000 adducit;
1927 3921 1986 3982 illo
2104 4005 2105 4008 Ἴ

447 4019 548 4081 multa
575 4019 683 4082 valent
710 4020 909 4096 denuntiare,
936 4020 1138 4084 considerare
1167 4027 1198 4083 et
1253 4039 1323 4084 rum
1344 4039 1419 4084 vero
1439 4021 1602 4101 neglectus
1621 4022 1785 4102 praemissa
1806 4021 1887 4084 mala
1900 4020 1986 4082 disse
2104 4011 2105 4014 ’

447 4118 671 4180 determinare.
696 4117 862 4198 Quumque
886 4118 1119 4200 supernaturali
1145 4120 1199 4181 ad·
1253 4119 1353 4182 minat
1373 4127 1469 4200 atque
1491 4119 1589 4182 fovet.

446 4216 566 4297 jutorio
588 4215 723 4298 Spiritus
747 4216 855 4278 Sancti
880 4216 1055 4279 innitantur
1077 4236 1115 4279 ac
1137 4216 1239 4279 ful-D

449 4314 574 4377 ciantur
597 4314 630 4376 in
653 4315 702 4378 bis
721 4333 793 4396 qnae
812 4315 1026 4378 conciliariter
1049 4322 1195 4394 tractant,

450 4420 573 4475 constat
595 4431 691 4493 quam
718 4432 793 4475 vere
819 4413 944 4476 salubre
969 4414 1007 4475 sit
1036 4414 1198 4495 generalia
1412 4391 1657 4457 ARTICULUS
1681 4393 1840 4458 XXXVI·

449 4511 603 4573 celebrari
627 4511 773 4574 ⁰⁰¹¹⁰i¹i¹h
790 4511 869 4574 ffi¹¹⁰
895 4511 1024 4592 quidam
1048 4530 1148 4592 gener
1148 4512 1197 4574 ³¹0
1255 4531 1372 4597 erah'u
1387 4533 1473 4589 decet
1489 4549 1554 4590 csse
1564 4533 1773 4607 peuerah'um
1788 4532 1985 4592 conciliorum

449 4607 640 4671 definientes
663 4609 845 4686 concilium,
863 4609 973 4672 dicunt
993 4609 1077 4691 qnod
1101 4611 1140 4671 sit
1159 4609 1198 4670 fi·
1537 4622 1712 4696 supposita,

449 4707 569 4770 delium
598 4707 802 4789 congregatio
836 4707 975 4788 legitima
1010 4707 1197 4770 auctoritate

450 4805 534 4868 faeta
557 4806 596 4868 ad
621 4813 743 4868 eertum
767 4805 882 4883 locum,
904 4826 942 4868 ex
965 4806 1052 4869 omni
1079 4805 1197 4883 hierar·
1324 4805 1474 4882 Uhhll'lS,
1491 4813 1527 4867 ut
1551 4813 1668 4868 tactum
1689 4815 1747 4882 est,
1764 4806 1903 4887 generali
1921 4823 1986 4867 con·
2006 4818 2035 4856 u
2048 4819 2081 4850 m

450 4903 543 4967 chieo
569 4904 664 4966 totius
692 4903 842 4966 Ecclesiae
871 4912 964 4984 statu,
991 4904 1079 4966 nulla
1108 4905 1196 4967 fideli
1255 4804 1412 5003 Ocilia
1438 4903 1608 4985 praesidens
1632 4904 1818 4986 principalis
1841 4905 1880 4966 sit
1901 4889 2043 4986 Spin-'‘i''

450 5021 668 5084 personaque
689 5001 792 5064 audiri
814 5002 904 5084 eupit
917 5003 1056 5079 exclusa,
1074 5003 1112 5064 ad
1135 5011 1197 5065 tra-
1252 5011 1301 5065 tus
1321 5003 1501 5079 Sanetus,a
1524 5020 1588 5083 quo
1613 5011 1757 5082 speratur
1780 5003 1847 5065 dari
1866 5001 1985 5064 directio

450 5101 600 5163 cundum
629 5108 660 5161 et
687 5100 899 5163 ordinandum
928 5101 1097 5162 salubriter
1125 5119 1196 5182 quae
1252 5102 1284 5163 in
1300 5100 1504 5178 definiendis,
1521 5099 1616 5162 etiarn
1632 5100 1658 5162 si
1675 5100 1734 5182 ipsi
1751 5102 1805 5183 qui
1825 5101 1984 5165 eonciliuru

449 5198 593 5279 ejusdem
608 5198 756 5261 Ecclesiae
774 5198 915 5260 debiturn
936 5199 1077 5280 regimen
1097 5201 1197 5281 respi-
1252 5199 1424 5278 celebrant,
1440 5199 1540 5279 gratia
1563 5206 1691 5262 careant
1711 5207 1837 5279 gratum
1860 5199 1984 5262 faciente

450 5297 540 5362 ciunt
561 5297 594 5358 in
615 5296 681 5359 fide
702 5316 739 5359 ae
760 5296 912 5360 moribus.
1252 5307 1284 5361 et
1301 5297 1408 5361 vitiosi
1431 5296 1627 5376 consistant,
1643 5296 1745 5360 nihilo
1766 5298 1871 5361 minus
1890 5299 1938 5381 pie
1960 5303 1985 5357 et
