4309 6250
488 504 609 554 course
629 507 800 556 ιιιιιιιιι
819 505 993 572 assensu,
1015 506 1105 556 aman
1127 509 1158 554 ιι.
1182 523 1223 538 -
1245 509 1315 557 ιιι.
1339 509 1425 558 rxvn
1674 490 1734 556 328

178 671 370 756 sapientiam
385 681 472 737 tuam
487 673 520 736 in
534 673 649 737 decore
665 683 730 751 tuo,
746 681 779 738 et
796 675 879 756 ejeci
900 683 930 738 te
944 675 969 738 h
984 695 1043 758 per
1066 676 1310 740 similitudinem
1335 679 1504 759 quamdam
1528 677 1683 758 efficitur,
1699 685 1735 741 nt

177 771 341 835 demente
361 780 471 835 sancto
486 772 553 835 llei.
570 771 652 836 Ecce
673 772 740 836 hec
762 781 810 836 est
832 792 930 836 sacras
984 772 1121 853 probant
1142 773 1336 856 philosophi.
1351 774 1461 838 Omnis
1485 775 1572 838 enim
1595 775 1733 840 effectus

178 869 350 950 Scriptura
373 869 528 933 doctrina.
546 868 664 933 Nullibi
689 889 767 934 vero
788 870 821 932 in
846 871 929 933 divi·
984 878 1033 932 est
1058 871 1204 953 quedam
1236 873 1426 955 participata
1460 873 1634 937 similitudo
1669 893 1733 937 snm

177 985 221 1028 na
246 966 409 1030 invenitur
432 967 605 1049 Scriptura,
631 966 714 1049 qnod
740 968 823 1031 Dens
848 987 930 1052 pre·
984 987 1112 1032 cause:
1136 988 1210 1032 nam
1234 988 1332 1051 agens
1357 971 1505 1053 producit
1529 971 1634 1034 simile
1659 969 1730 1034 sibi.

177 1065 267 1147 cepit
287 1065 409 1146 angelis
433 1074 469 1128 nt
490 1065 535 1127 ita
557 1065 763 1128 humiliarent
782 1083 817 1128 se
841 1067 927 1146 Adae,
983 1066 1085 1142 Quum
1107 1085 1182 1149 ergo
1204 1068 1286 1131 Deus
1307 1068 1349 1130 sit
1366 1067 1502 1132 infinite
1523 1069 1733 1152 simplicitatis

176 1172 234 1226 ant
246 1163 332 1245 quod
347 1163 433 1226 istud
447 1163 511 1226 fuit
523 1171 691 1245 peecatum
711 1163 816 1244 angeli
831 1163 926 1246 primi
982 1183 1020 1226 ιο
1044 1163 1203 1246 puritatis,
1220 1163 1370 1228 videlicet
1392 1184 1490 1250 purus
1512 1175 1543 1230 et
1563 1165 1733 1232 incircum-

176 1269 342 1344 apostate,
358 1261 443 1343 qnod
466 1261 569 1325 noluit
591 1279 626 1324 se
646 1262 721 1327 uua
744 1261 925 1326 humiliare.
983 1262 1170 1344 scriptibilis
1194 1271 1295 1342 sotus,
1312 1263 1345 1324 in
1365 1281 1429 1344 quo
1449 1283 1508 1328 nec
1528 1273 1577 1329 ιιι
1601 1263 1733 1328 materis

123 1389 163 1419 ,a
178 1362 261 1424 Ante
284 1377 413 1442 quoque
438 1360 640 1442 reprobatum
662 1368 711 1422 est
738 1357 928 1422 fundamen·
983 1359 1168 1440 terminans,
1199 1379 1304 1443 neque
1332 1361 1547 1444 potentialius
1577 1363 1731 1444 limitans,

177 1467 246 1521 tum
271 1457 350 1522 dicti
375 1457 477 1521 istius.
497 1456 576 1521 Nam
596 1458 668 1522 ideo
681 1457 837 1522 llahomet
850 1457 929 1521 dixit
982 1477 1043 1522 nec
1066 1459 1252 1524 differentia
1277 1460 1480 1542 contrahens,
1497 1481 1561 1526 non
1587 1461 1733 1545 congruit

177 1557 276 1636 istud,
287 1555 362 1638 quia
376 1556 501 1638 putavit
513 1557 598 1637 qnod
612 1555 713 1618 Adam
727 1565 803 1618 tunc
817 1555 928 1618 hahuit
982 1557 1209 1622 decentissimo
1227 1558 1332 1622 ordini
1352 1559 1504 1640 universi,
1521 1567 1557 1623 ut
1576 1560 1687 1642 primae
1701 1569 1733 1624 ιι

177 1655 335 1736 maiorem
366 1653 513 1718 notitiam
545 1673 651 1717 rerum
680 1673 776 1736 quam
807 1655 926 1736 augeli,
983 1655 1191 1720 nobilissime
1226 1666 1390 1738 ornatuum,
1425 1657 1562 1721 Creatori
1602 1659 1732 1742 propin·

176 1755 234 1835 qui
256 1753 377 1817 idcirco
397 1753 479 1835 jussi
493 1761 568 1815 sunt
588 1753 618 1816 ei
639 1771 674 1816 se
695 1751 875 1815 humiliare.
983 1755 1154 1837 quissirne‚
1172 1756 1237 1819 sint
1255 1775 1292 1819 ιι
1311 1755 1385 1838 igne
1403 1756 1577 1840 plasmate,
1594 1767 1648 1820 sut
1667 1767 1732 1821 tam

220 1852 374 1934 Denique,
390 1853 417 1914 si
440 1856 490 1931 (nt
511 1852 633 1915 dictum
658 1853 720 1931 est)
740 1870 852 1914 ornnes
873 1859 965 1923 ιιι-Β
984 1853 1175 1932 materiales,
1191 1856 1400 1918 elementares
1420 1863 1513 1936 atque
1535 1856 1728 1939 composite.

176 1951 242 2032 geli
264 1951 329 2014 Deo
346 1949 545 2029 obedierunt,
561 1949 760 2014 humiliando
785 1969 819 2013 se
841 1951 926 2032 Adse,
983 1952 1055 2030 Sed,
1073 1952 1157 2015 sicut
1175 1951 1305 2014 divinus
1329 1971 1366 2014 ae
1392 1953 1592 2017 beatissimus
1617 1953 1731 2036 lliony·

176 2058 294 2132 praeter
303 2049 477 2112 Beelzebub
490 2049 670 2132 principem
683 2049 926 2113 demoniorum:
983 2051 1050 2113 sins
1063 2070 1082 2113 a
1097 2059 1207 2114 sancto
1221 2050 1365 2132 apostolo
1384 2050 1479 2115 Paulo
1494 2052 1679 2132 instructus,
1696 2051 1728 2114 in

175 2167 255 2230 ergo
275 2149 361 2213 solus
380 2149 435 2212 ille
454 2157 530 2212 tnnc
550 2150 676 2213 demon
696 2146 838 2230 ,effectus
857 2157 926 2228 est;
982 2149 1066 2212 libro
1084 2150 1123 2213 de
1144 2148 1296 2231 angelica
1315 2149 1494 2215 hierarchia
1514 2157 1658 2230 testatur,
1675 2171 1731 2214 an·
1745 2185 1792 2227 eq.
1808 2184 1830 2214 n.

175 2256 209 2310 et
238 2265 303 2311 non
331 2248 393 2310 erit
419 2247 482 2309 nisi
510 2265 592 2309 unus
618 2245 777 2326 diabolus,
804 2246 928 2310 scilicet
982 2248 1046 2330 geli
1062 2255 1136 2310 sunt
1150 2247 1322 2312 deiformes
1341 2247 1523 2312 intellectus
1542 2268 1732 2332 supermun-

174 2345 312 2428 angelus
335 2345 401 2408 ille.
422 2343 627 2427 Nequaquam
651 2345 738 2408 enim
764 2343 928 2427 probabile
982 2345 1122 2427 danique
1140 2345 1251 2423 animi,
1269 2345 1484 2427 incorporales
1506 2365 1543 2410 ac
1569 2347 1731 2430 simplices

174 2452 238 2521 est,
261 2444 348 2524 quod
376 2442 476 2526 aliqui
500 2443 606 2525 angeli
631 2443 699 2507 viso
728 2462 805 2506 casu
833 2461 929 2525 ange-
984 2452 1117 2507 mentes.
1131 2444 1353 2506 Verumtamen
1368 2463 1388 2506 a
1402 2443 1513 2507 divina
1527 2445 1732 2526 simplicitate

175 2541 198 2604 li
225 2541 324 2624 hujus
352 2541 557 2623 peccaverint
579 2541 754 2624 pestanus
777 2541 804 2604 si
828 2541 926 2623 aliqui
982 2561 1019 2605 ac
1044 2542 1181 2625 puritate
1206 2542 1401 2606 occumbunt
1425 2541 1552 2606 infinite
1573 2545 1673 2625 :quia
1698 2545 1731 2606 in

177 2649 291 2724 postea
321 2649 545 2723 peccaverunt,
560 2641 713 2724 quaritur
740 2640 879 2722 quando,
896 2650 929 2704 et
982 2641 1029 2704 eis
1054 2649 1223 2720 suntque
1247 2649 1292 2701 est
1317 2649 1350 2704 et
1372 2645 1459 2722 quod
1482 2652 1540 2712 est,
1560 2660 1617 2705 seu
1641 2651 1732 2706 actus

173 2740 257 2822 qnid
281 2739 344 2804 fuit
365 2739 411 2804 ιιι
432 2739 586 2823 peccandi
606 2739 745 2804 occasio.
762 2739 926 2818 Praeterea,
982 2747 1015 2802 ιι
1028 2739 1191 2822 potentia,
1207 2738 1363 2802 differunt
1381 2757 1508 2821 quoque
1524 2740 1557 2802 in
1573 2741 1631 2821 eis,
1648 2759 1730 2820 esse,

175 2838 285 2922 angeli
300 2838 356 2921 qni
372 2847 444 2922 post
457 2858 548 2903 snam
566 2838 761 2902 creationem
775 2839 814 2900 ad
833 2855 928 2900 snum
983 2856 1077 2921 posse
1106 2845 1138 2900 et
1165 2855 1280 2919 agere3
1307 2845 1339 2899 et
1367 2837 1486 2900 hahent
1514 2838 1730 2903 differentiam

175 2957 212 3002 se
236 2945 463 3001 converterunt
486 2936 677 3017 Creatorem,
693 2937 839 3019 protinus
862 2955 930 2998 me-
983 2935 1234 3000 contrahentcm.
1257 2934 1302 2998 Ad
1328 2935 1412 2997 istud
1437 2935 1635 3018 probandum
1661 2957 1733 3019 pos·

176 3044 313 3100 ruerunt
328 3035 504 3100 beatificari
524 3036 621 3100 allec
639 3043 672 3098 et
690 3035 874 3100 confirmari
894 3035 965 3102 ind
984 3054 1051 3098 seru
1086 3035 1197 3116 utique
1233 3033 1386 3116 plurimas
1426 3033 1564 3098 rationes
1600 3036 1732 3100 subtiles

176 3137 276 3217 hono,
300 3137 346 3199 ita
370 3137 455 3217 qnod
477 3144 587 3219 postea
608 3136 790 3199 nullatenus
815 3154 929 3218 pecca·
984 3134 1178 3215 theologicas
1214 3132 1516 3215 philosophicaeque
1550 3134 1730 3214 inducere;

176 3243 306 3299 verunt.
336 3234 456 3316 ltaque,
485 3233 513 3297 si
548 3234 655 3317 angeli
690 3234 831 3297 universi
864 3234 929 3297 ileo
983 3234 1038 3297 sed
1053 3232 1198 3297 brevitati
1215 3232 1247 3293 in
1262 3231 1410 3293 omnibus
1425 3232 1567 3309 studens,
1577 3242 1734 3314 pertrans·

176 3335 287 3398 taliter
306 3334 497 3397 obedierunt
519 3342 635 3415 preter
657 3332 846 3413 Beelzebub,
861 3351 930 3395 om·
982 3349 1032 3394 eo.
1059 3330 1283 3393 Verumtamen
1308 3336 1403 3413 tango
1426 3328 1499 3408 hoc,
1522 3331 1607 3412 quod
1627 3332 1732 3413 angeli

177 3452 238 3495 nes
258 3430 435 3495 beatificati
456 3439 488 3493 ιι
506 3431 689 3494 confirmati
711 3430 852 3511 fuerunt,
868 3447 928 3493 nec
982 3429 1016 3491 in
1049 3428 1221 3511 Scripturis
1255 3428 1385 3511 spiritus
1422 3427 1634 3511 appellantur,
1664 3437 1732 3492 tan·

178 3529 385 3613 postmodnm
409 3528 491 3610 lapsi
514 3538 599 3607 sunt,
616 3547 676 3592 nec
700 3530 761 3592 erit
782 3529 929 3593 diabolus
982 3544 1078 3608 quam
1101 3525 1317 3610 incorporales
1339 3526 1565 3609 simplicesque
1587 3528 1732 3590 substan·

178 3629 241 3692 nisi
261 3647 357 3692 unns.
374 3627 471 3709 Cujus
491 3628 674 3710 oppositum
696 3626 811 3692 docent
835 3647 929 3712 expe-
983 3626 1043 3689 tin.
1068 3625 1106 3689 Et
1134 3626 1161 3688 ιι
1189 3625 1233 3687 ιιι
1261 3642 1327 3688 non
1355 3633 1413 3703 est,
1440 3626 1600 3707 quomodo
1629 3626 1732 3707 potuit

178 3728 343 3791 mentiret
360 3726 534 3808 Scriptura.
551 3726 713 3808 Siquidem
732 3726 875 3790 Christus
894 3728 929 3790 in
982 3727 1163 3788 daemonnm
1185 3722 1268 3805 legio
1289 3741 1359 3785 esse
1379 3723 1413 3784 in
1434 3722 1565 3787 homine
1586 3726 1670 3786 nnof
1755 3798 1758 3805 Ι

43 3849 163 3899 ames.
177 3826 355 3908 Evangelio
379 3826 421 3889 ah
441 3843 506 3889 uno
530 3826 661 3890 obsesso
685 3826 842 3908 legionem
867 3828 930 3890 de
1023 3823 1085 3885 Sed
1100 3821 1207 3885 forsan
1229 3820 1289 3885 hoc
1308 3820 1447 3901 ahquem
1467 3829 1571 3904 potest
1589 3839 1730 3902 movere,

179 3944 314 3989 monum
332 3924 483 3987 scribitur
499 3924 644 4006 ejecisse.
660 3924 699 3987 Et
716 3924 748 3987 in
769 3925 827 3988 lob
845 3944 930 3989 asse-
983 3920 1068 4003 quod
1084 3920 1185 3983 fertur
1199 3919 1231 3981 in
1244 3918 1371 3982 Psalmo
1388 3943 1395 3980 ι
1412 3919 1494 3983 fleus
1508 3917 1588 3982 facit
1602 3920 1732 4003 angelos
1747 3938 1863 3990 maur.

56 4044 164 4092 terens.
179 4026 273 4102 ritur,
299 4024 385 4106 quod
409 4024 492 4086 Dens
514 4022 547 4085 in
572 4023 695 4105 angelis
719 4023 784 4086 suis
812 4024 930 4107 reperit
983 4038 1059 4083 suos
1087 4018 1228 4101 spiritus,
1259 4024 1290 4079 et
1318 4016 1482 4081 ministros
1516 4035 1591 4082 suos
1624 4018 1731 4100 ignem

178 4123 382 4207 pravitatem.
983 4126 1140 4181 urentem.
1166 4116 1212 4178 Ad
1239 4115 1323 4197 quod
1346 4114 1486 4179 faciliter
1510 4118 1731 4199 respondetur,

217 4220 341 4286 Deinde
364 4220 399 4283 in
420 4220 482 4284 isto
506 4220 646 4303 capitulo
670 4220 819 4286 subditur
839 4227 929 4285 :Deo
944 4221 969 4286 u
982 4216 1067 4298 quod
1083 4215 1165 4278 licus
1185 4212 1302 4277 dieitur
1321 4214 1451 4296 angelos
1471 4212 1532 4277 sibi
1552 4214 1733 4279 ministran-

176 4331 290 4383 autem
304 4322 415 4391 ittam,
430 4326 508 4402 puta
521 4318 710 4401 Beelzebub,
726 4322 930 4400 interrepere·
983 4324 1031 4379 ιιι
1055 4312 1161 4377 ιιοιιι
1186 4312 1294 4394 ignem
1319 4320 1477 4393 urentem,
1494 4321 1624 4395 propter
1648 4312 1731 4396 ignis

177 4430 291 4501 tepea
305 4422 459 4479 decem
477 4438 544 4479 noe
561 4420 719 4491 obediret,
735 4421 930 4497 respondit:
984 4410 1204 4497 proprietates,
1241 4409 1390 4474 videlicet
1428 4420 1559 4495 propter
1592 4411 1733 4476 cantatis
1839 4406 1844 4417 '

175 4522 250 4597 qu
273 4520 384 4595 factus
405 4518 447 4577 de
470 4518 558 4595 thee,
581 4518 637 4577 itti
658 4520 700 4577 de
728 4528 827 4579 terroe
851 4520 930 4581 limo
984 4530 1095 4577 corum
1124 4510 1281 4589 ardorem,
1311 4518 1494 4592 natumque
1523 4510 1730 4575 activitatem.

173 4622 340 4695 ptaennte
356 4619 531 4692 praevaleo.
984 4612 1073 4676 Unde
1098 4618 1130 4674 et
1153 4608 1267 4673 Paulus
1292 4609 1335 4673 ait
1358 4609 1520 4692 apostolus
1544 4611 1652 4673 :fleus
1676 4630 1734 4675 no-
1762 4638 1829 4686 nee.
1843 4652 1879 4693 sn,

217 4714 303 4778 Ecce
323 4714 507 4797 imperitum
527 4714 670 4777 verbum.
687 4714 824 4778 Probent
841 4715 929 4779 enim
985 4718 1050 4774 ster
1064 4709 1147 4791 ignis
1163 4726 1355 4772 consumens
1375 4716 1433 4771 est.
1451 4708 1591 4772 Christus
1606 4728 1733 4793 quoque
1748 4706 1782 4749 ²⁹·

177 4812 393 4897 Peripatetici,
425 4812 622 4892 Aristoteles,
655 4815 822 4895 averroes,
857 4815 931 4878 dvi·
985 4811 1018 4872 in
1033 4807 1207 4890 llvangelio
1224 4830 1231 4870 ι
1247 4807 1357 4889 Ignem
1373 4807 1503 4889 (inquit)
1519 4808 1592 4871 veni
1608 4808 1734 4871 mittere
1748 4828 1871 4880 manto.

178 4932 295 4991 cenna,
322 4919 491 4975 eteorum
516 4930 680 4993 sequaces,
705 4914 790 4994 qnod
814 4913 931 4976 intelli·
985 4910 1019 4971 in
1045 4916 1173 4987 terram,
1189 4914 1221 4969 et
1243 4906 1319 4987 quid
1339 4906 1424 4984 volo,
1441 4906 1504 4968 nisi
1526 4913 1561 4969 ut
1580 4908 1735 4969 accenda-

176 5010 308 5094 gentiae,
333 5028 414 5092 qnos
438 5011 568 5092 angelos
596 5030 829 5094 nuncupamus,
857 5020 931 5075 sunt
984 5012 1058 5072 turi
1081 5006 1266 5089 perignem
1288 5004 1473 5087 intelligens
1495 5004 1671 5069 caritatem.

178 5118 334 5194 separate
348 5109 545 5191 substantie,
560 5118 711 5193 tanquam
730 5110 890 5173 immunes
912 5130 931 5174 a
1025 5106 1147 5170 Dicitur
1171 5120 1296 5187 quoque
1320 5102 1383 5183 hic,
1400 5103 1484 5183 quod
1508 5108 1595 5166 Deus
1616 5120 1736 5179 praece·

178 5210 326 5273 materia.
352 5208 422 5271 Non
448 5227 525 5291 ergo
552 5219 628 5272 sunt
654 5208 746 5273 factae
773 5210 814 5273 de
843 5210 929 5293 igne.
981 5208 1035 5285 pit
1053 5206 1124 5268 Noc
1143 5213 1179 5265 ut
1197 5204 1382 5263 hominibus
1398 5204 1611 5279 persuaderet
1631 5220 1735 5262 unum

178 5309 347 5391 Putem,
372 5325 542 5390 processus
569 5317 786 5373 ereaturarum
811 5328 830 5372 ι
853 5310 929 5391 Deo,
987 5308 1091 5367 solum
1106 5306 1258 5365 invocare
1271 5304 1473 5381 adorareque
1482 5302 1598 5371 Deum,
1609 5307 1642 5363 ιι
1650 5298 1736 5385 quod
