4309 6250
439 472 502 537 tlte
522 490 563 536 on
578 487 793 537 uocrourmrs
813 487 906 535 suut
927 487 1095 535 ronrrrrcrs
1116 486 1343 534 mormanus
1364 486 1503 547 concini,
1525 490 1614 537 uram
1634 492 1655 537 ι.
1679 510 1719 523 -
1738 494 1808 539 aar.
1831 494 1922 540 mm

443 668 549 724 tamen
564 657 695 741 imparis
716 657 893 741 potestatis.
908 657 1002 720 Aliud
1025 656 1111 720 enirn
1126 656 1188 737 (in-
1204 656 1230 718 A
1245 656 1294 721 vis
1314 658 1345 719 in
1365 677 1402 720 ea
1420 678 1454 722 re
1476 660 1682 741 presidentes
1697 681 1754 727 suo
1769 665 1895 728 nomine
1913 666 1975 729 sub

442 758 514 841 quit
534 757 733 822 beatissimus
750 757 826 837 Leo)
844 763 919 818 sunt
940 753 1052 819 merita
1073 774 1191 838 praesu·
1246 756 1461 837 scripsissent,
1476 767 1627 839 tanquam
1642 760 1811 842 indignum
1825 762 1975 844 injustum

443 856 621 934 lum,aliud
635 854 753 936 juraet
766 854 933 936 privilegia
948 853 1084 917 sedium.
1100 852 1191 915 Dedit
1246 872 1307 936 que
1336 854 1460 935 rejecit,
1489 874 1635 920 asserens
1667 877 1737 921 cam
1770 860 1919 941 synodum
1942 862 1974 925 ad

443 954 578 1018 Nicenae
602 954 722 1036 synodo
745 951 963 1016 auctoritatem
987 950 1191 1015 beatissimus
1246 952 1508 1034 exstinguendam
1541 954 1642 1017 solam
1676 955 1820 1019 heresim
1848 960 1884 1021 ad
1913 980 1975 1023 con·

443 1054 606 1131 silvester,
622 1052 779 1135 synodum
793 1051 1011 1128 convocando,
1024 1050 1192 1132 praesideo·
1246 1049 1439 1115 formitatem
1462 1049 1540 1115 frdei
1568 1052 1733 1117 catholice
1757 1066 1974 1139 congregatam,

443 1161 490 1215 tes
518 1151 589 1215 vice
617 1170 675 1213 sna
710 1148 829 1211 ibidem
862 1146 1062 1227 destinando,
1092 1147 1191 1229 gestis
1246 1156 1278 1211 et
1292 1147 1535 1229 presidentibus
1550 1148 1617 1213 suis
1637 1150 1821 1216 facultatem
1844 1153 1976 1218 inesse

442 1249 637 1315 conciliariis
658 1247 844 1311 firmitatem
858 1247 1017 1328 roburque
1040 1254 1192 1329 praestan·
1246 1246 1277 1309 la
1291 1266 1325 1309 re
1339 1246 1440 1309 fuisse
1455 1265 1652 1312 concessam.
1664 1250 1796 1313 Exstant
1809 1251 1905 1333 ipsius
1918 1253 1976 1317 bea·

441 1350 494 1414 do.
510 1349 640 1412 Exstant
661 1348 701 1409 ad
723 1346 828 1429 ipsum
847 1344 983 1409 Nicene
1006 1346 1118 1428 synodi
1141 1345 1192 1408 lit·
1246 1344 1360 1408 tissimi
1375 1345 1490 1409 leoms
1509 1346 1632 1425 littere,
1649 1367 1720 1430 que
1739 1349 1807 1412 hec
1825 1350 1925 1414 omnia
1940 1352 1975 1414 ita

442 1456 527 1526 terte,
544 1446 661 1529 quibus
686 1445 792 1507 Patres
818 1462 892 1507 cum
917 1463 1042 1507 summa
1062 1432 1211 1506 humili-'
1247 1463 1281 1506 se
1306 1443 1423 1507 habere
1451 1452 1615 1508 testantur.
1639 1446 1684 1507 Ex
1717 1446 1834 1529 quibus
1863 1450 1975 1513 eviden-

442 1554 506 1609 tate
520 1546 698 1628 deposcunt
718 1551 753 1606 ut
766 1542 885 1605 ibidem
900 1550 988 1624 gesta
1008 1541 1190 1623 apostolica
1247 1550 1294 1605 ter
1312 1540 1427 1622 elucet,
1445 1542 1581 1605 concilia
1599 1544 1775 1625 plenariam
1795 1564 1915 1628 semper
1930 1568 1976 1611 au·

442 1644 532 1708 Sedis
557 1642 745 1706 auctoritate
765 1639 946 1704 confirmet.
963 1640 1093 1702 Exstant
1114 1640 1191 1722 ipsi·
1247 1639 1424 1703 ctoritatcm
1453 1660 1471 1703 a
1495 1641 1574 1704 Sede
1598 1642 1775 1725 apostolica
1803 1646 1974 1728 suscepisse,

441 1763 480 1806 ns
501 1741 625 1819 littere,
641 1740 758 1822 quibus
781 1739 814 1801 in
837 1740 958 1821 synodo
981 1738 1087 1801 Rornae
1109 1740 1191 1803 cele-
1246 1757 1306 1802 nec
1321 1738 1390 1801 sine
1415 1739 1471 1802 illa
1492 1740 1613 1823 aliquid
1643 1740 1768 1805 virtutis
1793 1752 1847 1807 aut
1869 1745 1975 1809 roboris

442 1842 542 1919 brata,
572 1839 682 1921 habito
710 1838 857 1920 diligenti
884 1837 1096 1901 discussionis
1121 1857 1191 1901 exa·
1207 1838 1230 1901 B
1246 1838 1405 1919 habuisse,
1420 1846 1451 1901 et
1470 1838 1509 1901 de
1529 1838 1607 1921 ipsis
1625 1839 1792 1920 judicandi
1812 1844 1890 1924 apud
1904 1864 1977 1907 earn-

442 1940 540 2017 mine,
571 1938 707 2001 Nicaenre
741 1936 853 2018 synodi
884 1945 973 2017 gesta
1007 1935 1188 1999 confirmat.
1246 1937 1319 2000 dem
1334 1956 1461 2019 semper
1474 1936 1659 2001 facultatem
1677 1938 1978 2024 judiciumqucresc·

442 2038 562 2102 Pariter
586 2038 684 2100 beate
709 2035 871 2098 memorie
895 2034 1084 2097 Goelestinus
1108 2035 1191 2116 Papa
1246 2034 1342 2098 disse.

442 2138 580 2220 primam
608 2134 801 2217 Ephesinam
829 2133 986 2215 synodum
1014 2132 1192 2216 apostolica
1285 2132 1380 2195 llulta
1402 2132 1533 2215 insuper
1554 2132 1603 2197 his
1626 2135 1743 2198 similia
1767 2137 1880 2219 allegat
1892 2137 1979 2221 Euge

443 2234 630 2298 auctoritate
641 2232 793 2309 firmavit,
809 2231 938 2295 nomine
953 2250 1011 2295 suo
1026 2240 1130 2295 certos
1146 2230 1190 2294 ibi
1246 2230 1331 2311 nius,
1348 2250 1494 2293 asserens
1514 2231 1651 2315 synodos
1671 2232 1790 2297 multas
1811 2236 1926 2317 magnis
1944 2236 1980 2298 si-

443 2341 583 2396 statuens
605 2331 783 2414 presidere.
873 2316 878 2325 ’
1246 2329 1432 2392 multatibus
1446 2349 1483 2392 ac
1498 2329 1752 2394 dissensionibus
1768 2332 1931 2413 laborasse,
1942 2344 1979 2396 at-

482 2432 584 2507 Quum
608 2448 684 2493 vero
707 2427 893 2492 Nestorisue
916 2436 1006 2510 peste
1030 2428 1189 2507 damnata,
1246 2448 1307 2511 que
1327 2428 1360 2490 in
1380 2427 1489 2491 multis
1505 2447 1638 2509 errasse,
1655 2429 1698 2491 ita
1719 2432 1804 2513 qnod
1823 2433 1979 2515 apostolica

441 2527 638 2611 Eutychiana
665 2525 886 2589 insurrexisset
912 2524 1071 2607 impietas,
1095 2532 1127 2587 et
1151 2526 1189 2587 ad
1246 2527 1354 2606 Sedes,
1380 2526 1469 2589 nulla
1493 2528 1614 2610 synodo
1641 2529 1841 2610 presidente,
1867 2532 1979 2613 propria

442 2628 530 2691 illam
554 2625 698 2689 funditus
723 2624 913 2687 abluendam
938 2624 1077 2687 secundo
1106 2625 1190 2705 apud
1246 2625 1432 2688 anctoritate
1456 2624 1592 2689 absolvit
1617 2644 1697 2708 quos
1722 2628 1861 2710 synodus
1882 2630 1978 2709 inique

442 2726 602 2808 Ephesum
617 2722 785 2786 Theodosii
806 2721 942 2803 junioris
957 2731 1100 2804 tempore
1120 2740 1193 2803 syn·
1246 2722 1421 2786 damnavit.
1438 2722 1475 2785 Et
1489 2723 1580 2805 ponit
1594 2724 1776 2807 exemplum
1798 2726 1837 2789 de
1850 2727 1883 2790 B.
1898 2728 1981 2789 Atha-

443 2824 523 2888 odus
538 2829 714 2900 vocaretur,
732 2839 802 2884 carn
816 2820 1018 2883 beatissimus
1038 2819 1101 2883 Leo
1120 2838 1193 2902 apo
1246 2820 1347 2901 nasio,
1364 2838 1459 2902 quem
1478 2822 1642 2896 orientalis
1662 2824 1803 2904 synodus
1822 2826 1978 2899 damnavit,

444 2922 556 2986 stolica
583 2920 772 2983 auctoritate
801 2918 953 3000 firmavit,
980 2918 1085 2981 missis
1110 2917 1191 2982 iulio
1247 2920 1301 2982 sed
1326 2919 1501 3000 apostolica
1529 2920 1625 2983 Sedes
1653 2922 1797 3003 suscepit
1823 2932 1853 2985 et
1876 2923 1982 3004 justifi-

443 3019 606 3103 episcopo,
622 3019 742 3082 llcnato
765 3017 961 3102 presbytero,
983 3017 1103 3081 Hilario
1125 3016 1228 3083 dia-C
1247 3016 1352 3095 cavit;
1378 3015 1524 3079 similiter
1547 3018 1587 3079 de
1611 3018 1731 3081 loanne
1761 3019 1979 3103 chrysostomo,

443 3138 536 3200 cono,
553 3116 607 3201 qui
622 3137 679 3182 suo
694 3117 824 3181 nomine
843 3116 1059 3199 praesiderent.
1075 3116 1193 3192 Ouum·
1246 3134 1341 3198 quem
1380 3115 1611 3180 catholicorum
1645 3118 1819 3199 praesulum
1857 3120 1981 3202 synodus

443 3237 505 3300 que
527 3217 694 3280 Dioscorus
715 3215 947 3278 Alexandrinus
966 3214 1100 3277 antistes
1121 3234 1192 3278 eam
1247 3215 1480 3293 condemnavit,
1511 3214 1566 3278 scd
1598 3217 1774 3296 apostolica
1802 3218 1896 3282 Sedes
1924 3217 1981 3281 sola

444 3317 600 3399 synodum
614 3316 654 3377 ad
669 3313 929 3397 approbationem
944 3312 1132 3394 Eutychiani
1148 3332 1194 3375 er·
1247 3312 1392 3376 absolvit.
1408 3312 1542 3394 lnsuper
1565 3313 1689 3392 scribit,
1704 3317 1791 3396 quod
1812 3336 1830 3378 a
1850 3317 1979 3380 christia-

443 3414 525 3478 roris
554 3414 586 3476 vi
613 3421 646 3475 et
673 3420 739 3475 arte
767 3411 923 3490 traxisset,
949 3420 981 3474 et
1007 3411 1192 3493 apostolicis
1247 3431 1295 3474 nae
1311 3410 1474 3492 religionis
1488 3411 1615 3474 exordio
1630 3431 1756 3496 semper
1770 3415 1853 3496 apud
1868 3423 1979 3496 aposto

443 3511 689 3596 presidentibus
703 3509 769 3572 vim
783 3517 819 3572 ut
837 3510 1076 3572 subscriberent
1096 3509 1194 3572 infer·
1247 3509 1341 3572 licam
1354 3509 1466 3572 Sedcm
1482 3511 1600 3572 mansit
1613 3511 1786 3574 auctoritas
1800 3512 1980 3592 declarandi,

445 3631 478 3674 re
492 3610 658 3688 voluisset,
674 3629 711 3672 ac
726 3607 835 3690 fugam
850 3626 905 3670 eos
919 3608 1001 3670 inire
1018 3607 1190 3689 coegisset;
1248 3607 1477 3689 interpretandi
1491 3626 1529 3670 ac
1543 3607 1750 3690 dispensandi
1765 3611 1873 3674 omnia
1887 3613 1981 3675 decre

445 3708 650 3774 beatissimus
663 3708 726 3771 Leo
746 3707 866 3769 dictam
888 3707 1043 3787 synodum
1064 3706 1194 3769 univer·
1248 3699 1280 3768 ta
1307 3705 1481 3788 synodalia,
1507 3725 1572 3769 non
1601 3726 1639 3770 ex
1666 3717 1822 3790 potestate
1849 3710 1908 3773 sibi
1933 3729 1981 3792 per

444 3807 544 3870 salem
568 3814 663 3888 atque
687 3803 863 3888 plenariam
887 3813 921 3867 et
944 3802 1118 3886 apostolica
1139 3823 1193 3866 an·
1249 3805 1403 3888 synodum
1419 3823 1619 3888 quacumque
1638 3825 1801 3888 concessa,
1817 3808 1871 3872 sed
1890 3827 1980 3871 exso

444 3905 589 3970 ctoritate
613 3911 832 3982 convocatam,
849 3903 905 3965 sed
929 3922 948 3964 a
973 3921 1048 3966 vera
1072 3901 1138 3964 fide
1162 3910 1194 3965 et
1249 3904 1279 3966 la
1294 3903 1491 3987 plenitudine
1506 3905 1671 3985 potestatis
1687 3906 1720 3968 in
1734 3906 1769 3970 Β.
1777 3907 1867 3972 Petro
1880 3907 1981 3971 Christi

444 4002 671 4066 ecclesiasticis
686 4000 802 4082 regulis
816 4000 1127 4080 deviantem,eadem
1143 4021 1194 4063 au·
1248 4021 1327 4066 voce
1348 4000 1473 4065 collata.

445 4103 589 4167 ctoritate
608 4100 780 4176 submovit,
797 4106 829 4162 et
845 4100 1003 4162 damnatis
1022 4099 1128 4181 impiae
1148 4099 1194 4162 fa·
1288 4101 1395 4182 ltaque
1419 4099 1579 4182 Eugenius
1603 4102 1716 4166 asserit
1739 4123 1774 4166 se
1800 4103 1982 4168 transtulisse

445 4201 558 4264 ctionis
585 4198 780 4276 auctoribus,
805 4197 1096 4260 chalcedonensem
1122 4217 1193 4281 syn·
1208 4199 1234 4261 ll
1248 4199 1428 4263 Basileense
1450 4198 1635 4281 concilium,
1652 4209 1684 4263 et
1703 4199 1900 4266 ferrariense
1920 4200 1982 4264 sub

443 4300 539 4364 edum
555 4298 588 4360 in
603 4296 831 4361 correctionem
846 4296 931 4360 illius
946 4297 1193 4360 convocavitzin
1249 4297 1402 4376 suluisse,
1425 4306 1555 4379 propter
1579 4317 1691 4361 causas
1716 4299 1795 4363 tales
1818 4321 1856 4365 ac
1878 4309 1979 4380 uuus,

444 4419 508 4481 qua
528 4396 692 4460 eliminata
709 4395 897 4478 Eutychiani
916 4395 1032 4459 erroris
1055 4395 1191 4477 insania,
1248 4398 1332 4479 quod
1360 4395 1498 4478 majores
1526 4395 1558 4458 in
1588 4396 1643 4460 Dei
1668 4395 1811 4462 Ecclesia
1835 4417 1979 4463 essenon

443 4497 613 4561 Dioscorus
634 4513 692 4576 pro
711 4513 769 4556 sua
787 4494 962 4557 temeritate
984 4503 1016 4556 et
1030 4493 1193 4576 impietate
1248 4503 1430 4578 potnerunt.
1446 4493 1484 4557 Et
1505 4513 1543 4556 ex
1564 4495 1624 4557 hac
1647 4496 1852 4562 translatione
1870 4517 1905 4562 ac
1919 4497 1982 4560 sub-

444 4595 616 4660 mulctatns
630 4593 928 4674 est.Verum,quum
943 4593 1112 4656 terminato
1122 4611 1194 4656 con·
1249 4593 1412 4657 stitutione
1427 4592 1554 4657 concilii
1568 4594 1647 4658 dicit
1659 4595 1834 4659 maximum
1845 4596 1982 4660 Ecclesia

445 4693 531 4771 cilio,
547 4700 618 4755 acta
632 4691 794 4773 synodalia
809 4690 993 4755 confirmari
1007 4691 1193 4755 anctoritate
1248 4693 1304 4756 Dei
1322 4692 1476 4755 honorem
1497 4699 1529 4754 et
1547 4691 1687 4781 fructum
1705 4693 1772 4775 jam
1796 4694 1980 4778 provenisse.

445 4790 621 4875 apostolica
638 4789 745 4853 Patres
769 4789 882 4872 synodi
902 4789 1068 4852 humiliter
1086 4797 1194 4872 postu·
1248 4791 1362 4855 Secuta
1375 4799 1424 4853 est
1442 4789 1571 4872 quippe,
1588 4799 1623 4854 ut
1640 4793 1696 4871 ait,
1712 4791 1891 4858 Graecorum
1904 4794 1980 4872 unic,

445 4891 575 4969 lassent,
592 4889 795 4952 beatissimus
815 4889 878 4951 Leo
893 4909 931 4952 ca
944 4889 1106 4951 dumtaxat
1120 4907 1195 4951 cen·
1248 4896 1280 4953 et
1302 4888 1522 4952 Armeniorum
1548 4889 1735 4953 diuturnum
1761 4891 1900 4956 schisma
1920 4893 1983 4955 suh

446 4989 511 5054 suit
535 4988 755 5053 confirmanda
777 5006 847 5068 quae
868 4986 908 5049 ad
930 4987 1093 5049 materiam
1114 4986 1192 5050 fidei
1247 4988 1347 5050 latum
1370 4994 1428 5066 est,
1452 5005 1551 5068 quurn
1576 4987 1674 5051 Graeci
1699 4991 1789 5071 quasi
1811 4991 1981 5073 quingentis

445 5088 652 5172 pertinerent.
679 5085 767 5160 Quod
797 5093 903 5150 autem
930 5086 1194 5168 Constantinopo
1248 5084 1352 5163 annis,
1376 5093 1407 5148 et
1427 5084 1569 5147 Armenii
1591 5084 1658 5149 fere
1679 5086 1769 5151 mille
1790 5090 1883 5152 annis
1903 5089 1983 5151 allo-

446 5187 553 5250 litanae
568 5186 635 5249 sedi
650 5185 683 5246 in
699 5183 917 5247 Alexandrina
936 5192 968 5246 et
986 5183 1193 5249 Antiocheae
1249 5202 1351 5246 manae
1378 5182 1530 5246 Ecclesiae
1557 5183 1737 5249 obedientia
1762 5187 1982 5268 devotioneque

445 5285 530 5351 sedis
544 5284 766 5370 prejudicium
780 5284 795 5346 f
797 5283 895 5347 uisset
908 5282 1078 5365 indultum,
1086 5302 1193 5366 quam·
1250 5289 1459 5347 recesserunt.
