4309 6250
468 537 588 586 eourns
608 539 779 588 rrnrrnrarr
799 541 971 600 unocurt,
993 541 1082 590 nunu
1104 543 1135 590 rr.
1158 561 1199 574 -
1219 541 1288 589 aar.
1311 543 1431 590 xxxvru
1661 519 1720 589 343

173 710 329 788 laterent3
343 708 501 792 iussitque
522 729 558 774 os
580 712 740 794 speluncae
761 712 960 796 lapidibush
1015 714 1188 777 Audientes
1204 714 1265 776 ista
1285 715 1455 798 episcopus
1469 713 1584 797 Ephesi
1605 723 1638 779 et
1652 731 1723 798 pro·

175 807 308 885 obstrui,
334 815 370 870 ut
391 807 476 872 fame
499 818 700 874 morerentur
720 811 764 874 ibi
789 812 918 875 reclusi.
976 811 1100 892 consul,
1114 813 1277 894 jusserunt
1297 813 1449 896 juvenem
1472 814 1533 877 sibi
1555 813 1724 877 adducirl

213 908 369 990 Deinceps
390 917 514 972 mortuo
535 909 643 988 Decio,
659 918 802 992 ternpore
820 911 922 975 unse
975 911 1092 993 quibus
1108 911 1318 994 interrogatus
1333 912 1386 975 ubi
1410 911 1585 976 invenisset
1599 913 1725 977 thesau-
1826 971 1832 984 ,

174 1005 266 1084 dosii,
282 1003 538 1069 christianissimi
558 1007 769 1089 imperaturis,
785 1016 856 1072 orta
873 1017 921 1072 est
976 1028 1058 1086 rum,
1075 1009 1238 1090 respoudit
1253 1029 1286 1072 se
1302 1009 1471 1091 pecuniam
1492 1010 1585 1072 istam
1604 1010 1644 1072 de
1658 1028 1726 1072 sac·

174 1104 301 1167 heresis
320 1105 532 1185 quorumdam
556 1104 696 1168 futuram
717 1107 922 1171 resurrectio-
976 1107 1049 1170 culo
1077 1125 1207 1170 suorum
1235 1107 1353 1170 babere
1381 1115 1561 1190 parentum.
1589 1107 1626 1170 Et
1654 1126 1726 1190 pre

174 1223 246 1267 nern
260 1202 458 1284 negantium.
473 1203 603 1284 Propter
623 1204 708 1286 quod
724 1215 852 1269 sanctus
867 1205 921 1270 ille
976 1205 1089 1268 consul
1114 1229 1121 1267 :
1143 1205 1203 1268 Pac
1227 1205 1337 1268 venire
1362 1215 1509 1288 parentes
1534 1213 1615 1269 tuos.
1642 1204 1726 1279 Quos

174 1302 345 1384 imperator
357 1301 499 1383 quotidie
519 1302 649 1366 indutus
664 1303 772 1366 cilicio
787 1303 918 1388 planxit,
975 1323 1075 1385 quum
1098 1303 1292 1366 nominasset
1315 1311 1346 1366 et
1367 1303 1474 1366 nullus
1499 1323 1553 1368 eos
1575 1321 1727 1386 agnusce-

175 1419 230 1482 pro
245 1408 309 1462 tam
324 1399 430 1482 impiae
439 1400 569 1464 heresis
584 1401 811 1484 exstirpatione
821 1403 920 1466 Deum
977 1409 1036 1482 ret,
1051 1401 1129 1464 dixit
1142 1401 1313 1483 proconsul
1326 1426 1333 1464 :
1346 1400 1497 1483 Decipere
1513 1419 1571 1465 nos
1586 1401 1724 1480 conaris,

175 1518 317 1562 exorans.
351 1498 450 1573 Quem
486 1499 736 1582 benignissimus
768 1500 921 1564 Dominus
975 1509 1008 1563 et
1022 1499 1178 1577 mentiris,
1195 1518 1293 1581 quum
1315 1499 1423 1562 nullus
1444 1500 1557 1564 horum
1580 1508 1651 1564 tuos
1672 1518 1727 1581 pa·

176 1597 332 1660 consolari
351 1604 384 1660 et
397 1596 574 1660 Ecclesiam
592 1617 612 1659 a
630 1605 718 1662 tauto
736 1618 842 1663 errore
860 1599 922 1662 eri-
976 1607 1082 1662 rentes
1106 1606 1267 1680 agnoscat,
1290 1607 1322 1661 et
1342 1598 1478 1680 pecunia
1498 1598 1558 1661 ista
1582 1598 1623 1661 sit
1648 1605 1727 1661 tenr-

176 1715 250 1778 pere
273 1696 396 1774 volens,
422 1695 590 1777 inspiravit
611 1695 668 1759 uui
697 1697 761 1760 civi
785 1698 923 1780 Ephesio
976 1697 1063 1781 poris
1077 1695 1164 1760 Decii
1180 1696 1382 1779 imperatoris
1399 1719 1406 1759 :
1424 1695 1542 1760 idcirco
1557 1704 1587 1759 te
1603 1696 1727 1778 legibus

177 1794 256 1857 utin
270 1803 379 1858 monte
393 1793 501 1857 Celiou
520 1794 644 1857 stabula
662 1795 729 1858 suis
747 1795 922 1860 edificaret
976 1797 1097 1859 tradam
1122 1814 1287 1878 quousque
1310 1796 1394 1877 quod
1420 1814 1529 1859 verum
1553 1803 1600 1859 ost
1625 1795 1724 1859 dicas.

176 1893 353 1976 pecoribus.
384 1889 600 1956 cementariis
627 1913 704 1976 ergo
735 1894 920 1977 speluncam
940 1895 1065 1958 BTunc
1090 1894 1229 1958 Malchus
1258 1895 1428 1977 procidens
1454 1903 1527 1957 ante
1555 1912 1621 1974 eos,
1647 1894 1690 1957 ait
1717 1916 1724 1955 :

176 1991 400 2074 aperientibus,
432 1999 637 2054 surrexerunt
670 1993 790 2072 Sancti,
824 2013 921 2075 seque
977 1994 1108 2075 Propter
1121 1991 1220 2056 Deum
1242 1993 1338 2056 dicite
1360 1993 1438 2054 mibi
1460 1991 1545 2075 quod
1559 2010 1680 2075 quero,
1697 1999 1728 2055 et

177 2097 286 2152 mutuo
310 2089 496 2168 saluuntes,
513 2089 668 2172 putabant
692 2110 727 2153 se
748 2110 811 2154 una
831 2093 924 2154 dum·
977 2110 1037 2172 ego
1056 2091 1148 2155 vobis
1172 2091 1276 2154 dicam
1301 2091 1386 2173 quod
1411 2091 1509 2154 estin
1529 2091 1725 2154 cordemeo.

176 2196 260 2250 taxat
282 2196 375 2251 nocte
399 2188 575 2267 dormisse;
596 2189 851 2272 preteritamque
876 2209 923 2252 re
978 2188 1091 2252 Decius
1107 2188 1290 2270 imperator,
1306 2188 1360 2270 qui
1376 2187 1436 2250 tuit
1458 2187 1491 2251 in
1510 2187 1639 2250 civitate
1655 2187 1726 2267 hac,

175 2287 341 2350 cordautes
361 2286 535 2368 tristitiam,
550 2297 785 2370 proposuerunt
806 2307 924 2369 nequa·
978 2287 1032 2350 ubi
1055 2287 1122 2369 jam
1147 2291 1217 2350 estl
1235 2287 1411 2368 Respondit
1435 2285 1604 2369 episcopus
1626 2309 1633 2348 :
1655 2285 1727 2364 Sili,

175 2370 271 2467 quarn
295 2384 390 2449 idolis
414 2384 601 2463 immolare3
622 2385 678 2448 sed
703 2385 858 2448 blalcbum
883 2386 923 2448 ad
978 2394 1112 2449 nonest
1134 2385 1227 2448 hodie
1252 2385 1285 2447 in
1306 2393 1390 2448 terra
1409 2385 1524 2448 Decius
1544 2385 1727 2466 imperator,

175 2483 343 2546 emendum
368 2501 467 2564 panes
492 2483 658 2546 miserunt.
677 2481 735 2556 Qui
759 2484 869 2546 exiens
892 2491 924 2554 et
979 2484 1035 2548 sed
1057 2485 1129 2567 plus
1151 2502 1246 2565 quarn
1269 2491 1342 2547 ante
1364 2484 1519 2547 ducentos
1541 2482 1661 2545 exstitit
1674 2500 1729 2546 an-

176 2580 296 2663 lapides
317 2581 441 2659 videus,
457 2582 590 2645 miratus
611 2589 669 2644 est.
687 2581 826 2644 Veniens
846 2600 925 2663 quo·
979 2601 1048 2646 uos.
1065 2581 1210 2664 Dixitque
1229 2581 1369 2645 llalchus
1387 2605 1393 2642 :
1410 2581 1503 2661 lliuc,
1519 2581 1660 2661 domiue,
1677 2598 1730 2642 ve·

177 2699 237 2761 que
261 2680 298 2742 ad
314 2678 431 2762 Ephesi
453 2688 588 2762 portam,
605 2679 696 2743 valde
710 2680 844 2742 miratus
863 2689 922 2758 est,
979 2679 1217 2742 hementissime
1236 2688 1365 2762 stupeo;
1382 2687 1414 2742 et
1435 2679 1542 2742 nullus
1563 2677 1643 2740 mihi
1663 2696 1730 2741 ere·

177 2778 303 2858 signum
330 2785 449 2840 sanctae
477 2778 581 2841 crucis
610 2777 654 2842 ibi
688 2779 923 2861 superpositum
978 2778 1037 2856 dit,
1053 2779 1109 2840 sed
1131 2777 1300 2858 sequimini
1319 2797 1382 2858 me,
1398 2785 1430 2842 et
1452 2778 1616 2841 ostendam
1639 2775 1730 2840 vobis

178 2875 299 2958 sidens.
321 2875 438 2938 Omnes
461 2895 538 2958 ergo
566 2884 671 2958 portas
696 2877 866 2954 circuiens,
893 2886 925 2940 et
979 2877 1084 2940 socios
1104 2895 1193 2940 meos
1214 2875 1247 2938 in
1270 2885 1377 2939 moute
1396 2875 1516 2956 Celiuu,
1532 2875 1642 2957 eisque
1664 2893 1731 2937 ere·

177 2974 294 3057 ubique
307 2975 413 3037 crucis
427 2975 553 3056 signum
568 2975 924 3057 reperiens,urbemque
979 2975 1136 3039 dite.Scio
1150 2975 1236 3038 eninr
1247 2975 1331 3056 quod
1346 2994 1364 3037 a
1380 2973 1462 3037 lacie
1474 2973 1559 3037 Decii
1577 2973 1728 3056 fugimus,

177 3081 328 3136 mutatam
356 3072 568 3155 conspiciens,
597 3073 636 3136 ad
666 3073 801 3158 primaru
831 3074 925 3137 rediit
942 3081 1011 3144 cet
1033 3074 1102 3137 beri
1133 3092 1203 3138 sero
1229 3073 1292 3137 vidi
1317 3092 1391 3137 eum
1416 3074 1498 3137 banc
1524 3072 1634 3136 urbem
1659 3089 1730 3135 esse

177 3180 299 3255 portam
320 3171 464 3253 stupidus
492 3179 524 3235 et
551 3172 710 3235 somniare
733 3192 766 3235 se
795 3182 921 3255 putans.
979 3174 1170 3253 ingressum,
1180 3173 1207 3236 si
1223 3179 1330 3235 tamen
1346 3172 1406 3235 ista
1421 3182 1470 3235 est
1480 3171 1730 3255 Ephesus.'luue

176 3271 235 3332 Sed
250 3272 366 3333 iterum
387 3288 422 3333 se
444 3267 640 3332 confirmans
655 3279 686 3332 et
708 3270 830 3332 vultum
850 3290 924 3351 ope·
979 3270 1148 3352 episcopus
1164 3270 1242 3333 dixit
1256 3269 1439 3352 proconsuli
1458 3294 1464 3331 :
1482 3268 1661 3351 Mysten'um
1683 3275 1732 3331 est

178 3367 275 3447 ricus,
290 3367 401 3431 urbem
418 3366 559 3446 intravit,
575 3368 755 3430 etaudiens
776 3369 924 3432 homines
978 3370 1063 3451 quud
1092 3368 1161 3431 vult
1189 3369 1271 3432 Deus
1301 3387 1452 3431 reserare.
1484 3366 1623 3430 Perrexit
1654 3383 1730 3447 ergo

178 3466 265 3548 loqui
287 3467 327 3530 de
350 3466 488 3544 Christo,
507 3466 644 3549 amplius
669 3474 800 3548 stupens
821 3466 923 3541 :Quid
979 3486 1052 3530 curu
1075 3468 1209 3547 Malcho,
1235 3467 1289 3550 qui
1316 3467 1438 3548 primus
1462 3466 1501 3530 ad
1526 3465 1630 3529 socios
1656 3482 1730 3527 suos

179 3575 236 3645 est,
252 3566 366 3648 inquit,
383 3565 469 3646 quod
489 3564 557 3627 heri
580 3583 675 3628 nemo
688 3565 825 3628 audebat
838 3564 924 3627 Chri·
979 3566 1143 3647 ingressus
1167 3574 1224 3627 est.
1247 3564 1318 3628 Post
1341 3583 1435 3645 quem
1461 3564 1582 3627 intrans
1607 3562 1730 3645 episco-

180 3673 261 3726 stum
284 3664 337 3727 hic
361 3664 538 3743 nominare,
553 3671 585 3726 et
608 3682 682 3726 eum
705 3683 791 3726 nunc
812 3682 924 3727 omues
978 3686 1050 3749 pus,
1067 3664 1191 3728 invenit
1206 3663 1289 3725 inter
1304 3664 1425 3744 lapides
1440 3663 1561 3725 litteras
1576 3662 1728 3746 sigillatas

180 3762 393 3826 confitenturl
417 3761 495 3824 Puto
522 3763 607 3843 quod
635 3763 702 3825 haec
726 3781 790 3824 nun
814 3762 856 3824 sit
880 3762 925 3823 ci·
979 3764 1103 3827 duobus
1118 3761 1232 3843 sigillis
1247 3760 1467 3842 argenteisziu
1483 3759 1600 3842 quibus
1616 3761 1727 3825 litteris

180 3862 260 3923 vitas
274 3860 443 3943 Ephesius.
458 3859 660 3942 Interrogans
673 3870 781 3923 autem
795 3862 835 3923 de
849 3861 922 3940 hoe,
978 3866 1042 3928 duo
1057 3860 1227 3926 Christiani
1247 3861 1414 3942 legendam
1435 3859 1568 3924 istorum
1589 3863 1729 3925 conscri-

180 3959 373 4041 audiensque
386 3959 472 4042 quod
486 3959 562 4039 imo,
579 3978 643 4022 non
658 3959 802 4023 credidit.
814 3961 925 4022 Acces—
979 3970 1242 4045 pseraut,easque
1259 3968 1345 4021 caute
1362 3957 1445 4021 inter
1456 3978 1529 4020 saxa
1546 3969 1726 4041 posuerant,

180 4059 221 4121 sit
243 4067 348 4121 tamen
374 4076 482 4122 emere
506 4076 616 4139 panes.
639 4057 825 4121 venditores
848 4077 924 4121 vero
979 4061 1106 4143 quando
1121 4058 1235 4121 Decius
1254 4058 1427 4138 imperator
1446 4056 1523 4119 lecit
1543 4076 1579 4120 os
1602 4059 1729 4139 spelun-

180 4157 312 4240 pecunia
326 4158 397 4239 ejus
417 4158 572 4239 inspecta,
587 4157 736 4219 dicebant
750 4176 822 4219 eum
844 4157 924 4219 anti·
979 4179 1024 4223 ce
1049 4157 1206 4240 lapidibus
1229 4154 1362 4218 obstrui.
1388 4155 1449 4217 llas
1475 4155 1580 4236 itaque
1609 4154 1729 4219 litteras

180 4276 277 4337 quum
305 4254 467 4319 invenisse
491 4256 687 4318 thesaurum.
713 4255 751 4317 Et
778 4255 925 4319 dixerunt
941 4259 965 4321 D
980 4276 1087 4321 coram
1111 4254 1261 4319 omnibus
1285 4254 1360 4334 legit
1385 4254 1555 4335 episcopus
1574 4278 1580 4315 :
1597 4254 1651 4336 qui
1677 4256 1730 4318 ad·

180 4355 281 4417 eidern
302 4355 417 4418 :Unde
442 4362 474 4416 et
496 4353 569 4435 quis
594 4372 629 4417 es
654 4356 707 4416 tul
726 4353 765 4415 Et
788 4375 922 4417 rursus:
980 4355 1084 4419 mirati
1100 4352 1334 4431 suntvalde3et
1348 4352 1493 4415 videntes
1510 4352 1642 4416 Sanctus
1659 4352 1729 4417 illos

180 4453 296 4531 budica,
319 4452 480 4534 inquiunt,
506 4453 688 4515 thesaurum
713 4472 808 4534 quern
837 4454 926 4517 inve-
981 4455 1013 4517 in
1029 4453 1182 4535 spelunca
1198 4452 1356 4527 sedentes,
1372 4460 1469 4531 atque
1489 4470 1600 4513 eorum
1623 4452 1729 4515 vultus

182 4552 269 4629 nisti,
288 4560 320 4615 et
341 4552 461 4613 erimus
485 4550 565 4613 socii
589 4558 707 4630 tecum,
729 4572 788 4615 nec
813 4572 926 4634 propa·
981 4554 1080 4616 instar
1101 4570 1243 4613 rosarum
1268 4549 1430 4626 florentes,
1448 4558 1635 4612 corruerunt
1656 4559 1729 4613 ante

182 4649 316 4713 labimus
336 4658 379 4713 te.
400 4648 567 4731 Quumque
589 4669 653 4732 pne
675 4649 788 4713 t'nnore
809 4650 855 4713 nil
877 4670 926 4714 re·
980 4671 1035 4714 eos
1060 4651 1093 4712 in
1119 4658 1246 4726 terram,
1271 4648 1371 4710 Deum
1401 4648 1433 4709 in
1459 4648 1606 4711 omnibus
1634 4649 1730 4731 glori·

183 4749 360 4831 sponderet,
377 4756 493 4831 putans
506 4748 591 4830 quud
605 4766 678 4810 eum
698 4748 816 4811 vellent
830 4749 924 4812 Decio
981 4750 1128 4814 ficantes.

183 4857 380 4929 presentare,
406 4846 505 4910 misso
533 4847 611 4910 lune
639 4846 671 4909 in
699 4848 782 4912 collo
811 4848 923 4930 ipsius,
1020 4849 1108 4909 Tune
1124 4845 1293 4927 episcopus
1305 4852 1335 4906 et
1347 4844 1517 4925 proconsul
1534 4845 1729 4926 scripserunt

183 4956 341 5011 traxerunt
364 4966 437 5011 eum
461 4945 502 5008 ad
524 4945 666 5009 medium
695 4946 842 5010 civitatis.
868 4948 926 5009 Ex·
980 4947 1047 5009 hee
1062 4944 1169 5008 omnia
1184 4942 1360 5005 Theodosio
1376 4942 1569 5024 imperatori,
1582 4952 1728 5023 rogantes

184 5044 302 5126 ivitque
319 5063 429 5107 rumor
446 5043 531 5125 quod
551 5044 679 5125 quidam
696 5044 826 5126 juvenis
846 5046 927 5107 anti·
980 5053 1015 5107 ut
1038 5042 1163 5106 veniret
1190 5050 1224 5105 et
1247 5039 1404 5103 mirabilia
1432 5040 1486 5102 Dei
1513 5039 1644 5103 videret.
1670 5041 1727 5115 Qui

184 5162 314 5224 quorum
327 5144 551 5223 imperatorum
562 5140 738 5203 invenisset
751 5143 923 5207 thesauros.
980 5162 1053 5205 mox
1071 5162 1091 5204 a
1110 5138 1382 5220 Constantinopoli
1403 5138 1499 5215 venit,
1516 5146 1547 5199 et
1568 5157 1640 5200 curn
1662 5140 1729 5221 epi·

184 5242 409 5305 llalchusveru
424 5240 686 5323 circumspiciens
701 5243 926 5325 neminemque
981 5260 1078 5322 scopo
1107 5260 1143 5303 ec
1168 5238 1239 5301 aliis
1264 5238 1448 5319 speluncam
1479 5236 1640 5318 ingressus
1668 5246 1727 5301 est.

185 5358 388 5422 cognoscens,
404 5338 491 5403 stetit
510 5338 600 5420 quasi
622 5337 764 5403 insanus.
982 5341 1051 5405 Mox
1065 5358 1139 5403 vero
1157 5348 1191 5401 ut
1206 5336 1311 5400 Sancti
1327 5336 1549 5419 imperatorem
1569 5335 1728 5419 viderunt,
