4309 6250
461 456 521 521 eol
803 469 922 517 oournr
942 468 1111 517 nnnmnmrr
1131 467 1302 527 ιιιιιοιιιιι,
1325 469 1414 519 amru
1435 470 1479 517 ιιι.
1502 489 1543 501 -
1562 473 1633 519 ιιι.
1655 474 1678 521 x

463 644 534 726 ejus
555 663 658 725 nsque
682 643 716 705 in
741 649 934 724 praesentem·
951 640 1048 704 diem.
1069 640 1141 703 Huc
1165 648 1214 703 est
1227 642 1252 703 A
1267 640 1429 705 adificare
1444 642 1477 704 in
1491 652 1575 707 terra
1594 644 1737 708 Sennaar
1754 646 1788 708 in
1802 666 1899 731 campo
1916 647 1982 711 ciri·
2000 675 2085 722 um.

464 763 553 807 sacra
567 742 710 806 veritatis
724 741 917 805 bistoriazex
932 758 994 822 qua
1008 739 1213 821 praeinductar
1267 747 1363 801 tatem
1379 748 1411 803 et
1431 742 1555 821 turrim,
1572 741 1782 825 conluditque
1800 745 1934 810 Dominus
1945 747 1981 809 ibi
1991 740 2008 781 ⁸·

461 841 579 906 iabulae
593 849 703 925 patent
716 839 893 904 mendacia.
907 838 975 903 Non
990 837 1077 901 enirn
1092 836 1212 918 Moyses
1268 836 1394 918 linguas
1409 856 1531 919 eorum,
1547 839 1593 902 ιιι
1613 842 1698 922 quod
1712 860 1748 903 se
1762 842 1887 906 invicem
1906 844 1983 907 intel

463 958 520 1021 per
533 939 694 1003 desertum
709 939 795 1002 solus
809 945 886 1001 tunc
901 936 1085 1017 vagabatur,
1098 953 1157 998 nec
1172 931 1211 997 ad
1269 933 1367 1015 ligere
1382 928 1626 1018 non'valebant,
1642 947 1676 1002 et
1695 938 1771 1003 inde
1791 940 1924 1023 dispersit
1938 962 1982 1005 eos

463 1058 537 1101 eum
562 1039 606 1101 ita
629 1045 797 1120 vagantem
821 1036 910 1099 venit
933 1034 1066 1116 augelus
1088 1032 1209 1111 mortis,
1268 1052 1365 1116 super
1387 1033 1504 1097 laciem
1528 1045 1715 1101 cunctsrum
1740 1038 1902 1120 regionum.
1917 1041 1983 1115 Quo

462 1156 522 1202 nec
542 1136 575 1200 in
594 1137 719 1199 deserto
743 1135 861 1216 Moyses
885 1132 1004 1215 reperit
1024 1150 1213 1195 monumen·
1268 1132 1363 1195 modo
1381 1150 1458 1215 ergo
1481 1132 1534 1196 bic
1557 1134 1676 1197 dieitur
1693 1136 1781 1218 quod
1803 1138 1984 1201 alemsalen

462 1246 542 1317 turn,
558 1255 618 1300 nec
639 1235 685 1298 ibi
707 1233 850 1316 sepultus
865 1239 934 1311 est3
952 1231 1006 1295 sed
1028 1233 1139 1295 eadem
1161 1231 1211 1294 die
1267 1230 1418 1311 dispersu
1446 1240 1521 1294 sunt
1547 1236 1680 1313 gentesl
1708 1234 1803 1299 Porro
1829 1256 1923 1301 verum
1946 1247 1984 1300 est

380 1354 525 1419 ⁸rme-qua
550 1334 650 1397 multe
672 1332 751 1396 liliis
775 1330 872 1395 lsrael
896 1329 1131 1414 prenuntiavit,
1147 1330 1211 1393 Deo
1268 1329 1352 1409 quod
1381 1328 1414 1389 in
1443 1328 1703 1413 vallelosapbat
1731 1332 1817 1397 circa
1837 1334 1984 1399 Jerusalem

459 1434 604 1517 jubente,
631 1432 664 1495 in
688 1438 831 1495 montem·
854 1428 998 1493 ascendit
1021 1428 1209 1511 prelatum,
1268 1427 1481 1509 congregandi
1508 1436 1581 1491 sunt
1608 1429 1756 1493 homines
1783 1431 1855 1496 bora
1876 1434 1983 1516 judicii.

461 1533 595 1615 visaque
614 1539 699 1594 terra
718 1528 949 1612 promissionis,
967 1536 998 1589 et
1018 1527 1211 1590 allocutione
1266 1525 1354 1600 Quod
1381 1533 1488 1589 autern
1516 1528 1555 1589 de
1580 1537 1678 1611 ponte
1704 1538 1801 1611 etque
1824 1540 1923 1595 statera
1941 1532 1984 1595 bic

461 1650 534 1695 eum
559 1632 623 1693 Deo
646 1628 752 1707 linito,
778 1627 923 1709 protinus
947 1625 1084 1688 feliciter
1108 1625 1212 1706 exspi-
1266 1622 1395 1702 dicitur,
1412 1624 1438 1685 si
1455 1626 1663 1707 corporaliter
1676 1638 1772 1710 prout
1790 1630 1876 1693 verba
1889 1640 1986 1693 sonant

460 1731 552 1794 ravit.
570 1730 608 1794 Et
633 1728 782 1811 sepelivit
806 1746 878 1790 curn
904 1726 998 1805 Deus,
1015 1744 1079 1789 non
1101 1724 1210 1806 utique
1266 1720 1473 1803 intelligetur,
1501 1742 1700 1806 nequaquam
1729 1728 1885 1791 veritatem
1910 1730 1986 1792 sorti-

460 1850 518 1913 per
545 1849 579 1893 se
608 1829 725 1911 ipsum,
752 1827 807 1889 sed
833 1824 1010 1888 ministerio
1033 1824 1151 1905 singoli,
1177 1824 1209 1886 in
1227 1826 1252 1890 B
1268 1827 1328 1882 tur.
1344 1819 1452 1902 Neque
1466 1821 1553 1885 enirn
1567 1821 1738 1904 injudicio
1758 1825 1824 1907 illo,
1836 1828 1986 1908 quodlsic·

460 1928 543 1993 valle
566 1926 727 2009 praedicta.
1265 1926 1299 1980 ut
1325 1919 1491 1999 probatum
1515 1922 1577 2000 est)
1600 1921 1768 1987 celerrime
1792 1923 1922 2004 finietur,
1938 1926 1988 1989 erit
2001 1944 2086 1992 ιιιιι,

500 2025 655 2108 Denique,
684 2023 762 2105 quid
791 2021 943 2086 allocutio
971 2020 1025 2083 Dei
1061 2028 1095 2083 et
1129 2020 1210 2084 visio
1264 2018 1452 2099 ponderatio
1473 2018 1507 2081 in
1522 2026 1638 2083 stetere
1653 2040 1816 2104 corporea,
1830 2043 1885 2088 nec
1903 2010 2084 2115 uansfffl

460 2134 554 2205 atque
577 2122 697 2187 auditio
718 2121 788 2202 ejus
809 2118 1024 2202 impediebant
1045 2135 1209 2198 egressum
1265 2115 1328 2178 itus
1352 2135 1448 2198 super
1469 2126 1615 2199 pontem;
1633 2128 1717 2183 terra
1739 2131 1843 2186 autem
1859 2143 1894 2186 os
1910 2143 1986 2186 suum
2018 2104 2023 2123 ’

461 2222 575 2287 animae
604 2220 717 2303 llopsis
745 2239 803 2301 per
830 2237 865 2282 os
900 2218 981 2299 ejus,
1011 2216 1121 2279 oculos
1156 2223 1210 2277 aut
1264 2214 1395 2297 aperiet,
1412 2214 1456 2278 ita
1477 2224 1512 2277 ut
1533 2215 1654 2281 inferus
1675 2227 1793 2300 pateat,
1812 2222 1922 2303 prolate
1940 2221 1985 2284 ills

460 2324 574 2386 aurosi
590 2320 701 2384 Nonne
715 2337 789 2382 curn
804 2316 973 2395 Abrabam,
989 2315 1087 2393 lseao,
1099 2314 1207 2394 Jacob,
1264 2313 1384 2376 iudicis
1398 2315 1555 2378 sententia
1571 2340 1578 2377 :
1599 2316 1656 2396 lte,
1668 2318 1839 2398 maledicti,
1853 2319 1883 2381 in
1895 2321 1985 2402 ignem
2005 2339 2063 2384 ιιι.

459 2421 565 2499 losue,
581 2418 738 2495 Samuele,
755 2416 866 2494 David,
882 2414 973 2494 lsaia,
990 2433 1026 2477 ac
1041 2414 1113 2475 aliis
1128 2411 1209 2475 mul·
1263 2420 1428 2475 internum.
1444 2413 1617 2496 Postremo,
1632 2417 1780 2499 quamvis
1799 2436 1873 2499 pons
1889 2428 1919 2481 et
1935 2428 1985 2481 ste
1996 2406 2062 2449 ¹¹⁸¹st

459 2520 511 2601 tis,
529 2519 654 2582 locutus
676 2524 724 2580 est
738 2516 831 2593 Deus,
847 2514 902 2596 qui
918 2522 949 2577 et
971 2512 1067 2575 verba
1082 2511 1207 2575 Domini
1262 2519 1331 2573 tere
1345 2512 1552 2593 corporaliter
1571 2522 1680 2577 essent
1700 2515 1910 2598 intelligenda,
1923 2516 1986 2598 quid

459 2618 630 2681 audierunt
657 2615 868 2696 videruntque
896 2631 968 2674 eum
999 2611 1031 2673 in
1065 2619 1210 2673 creatura
1263 2629 1394 2673 necesse
1408 2618 1493 2673 esset
1513 2631 1551 2674 ea
1572 2630 1629 2693 per
1643 2621 1689 2676 tot
1707 2615 1810 2677 millia
1828 2616 1987 2697 angelorum

460 2716 614 2798 subjecta,
642 2714 726 2776 sicut
753 2722 785 2775 et
812 2712 943 2794 lloysos,
972 2710 1073 2772 nihilo
1101 2709 1208 2772 minus
1263 2708 1496 2791 adduci‚quum
1510 2719 1597 2774 tanta
1607 2712 1796 2794 angelorum
1807 2714 1847 2777 sit
1860 2714 1988 2778 lortitudo

459 2816 560 2879 instar
582 2814 718 2877 alioruin
743 2818 817 2875 sunt
839 2809 977 2874 mortuil
992 2810 1100 2889 Porro,
1124 2808 1208 2889 quod
1262 2808 1347 2888 quod
1361 2807 1402 2870 nb
1423 2828 1487 2873 uno
1502 2809 1570 2872 solo
1590 2811 1706 2873 adduci
1725 2822 1865 2894 possent,
1879 2832 1989 2895 pruses

458 2915 505 2977 ιιι
532 2912 682 2995 angelum
709 2909 958 2994 apprehendisse
992 2907 1118 2988 Moysen
1152 2925 1210 2989 per
1263 2906 1321 2968 tim
1341 2906 1405 2970 Deo
1427 2910 1474 2971 sic
1494 2908 1723 2990 precipientel
2100 2899 2101 2910 ’

458 3032 564 3092 nares,
590 3012 699 3092 sicque
724 3010 794 3091 ejus
818 3008 958 3071 animam
981 3005 1073 3089 quasi
1098 3014 1245 3077 emon-(1
1301 3008 1361 3067 Ait
1377 3026 1389 3065 .·
1405 3008 1513 3075 Quare
1525 3009 1709 3069 Jerusalem
1728 3012 1819 3072 dictu
1838 3013 1988 3071 estdonur

458 3113 563 3196 gendo
587 3109 768 3186 extorsisse,
785 3108 832 3170 sio
854 3113 955 3186 sonet,
972 3104 1063 3188 quasi
1089 3104 1206 3185 anima,
1263 3104 1457 3166 benedicta?
1478 3107 1659 3183 Respondit
1682 3129 1694 3168 .·
1717 3111 1805 3179 Quia
1828 3112 1864 3171 in
1883 3111 1988 3171 directo

458 3230 530 3293 quae
553 3208 689 3292 simplex
709 3215 741 3269 et
762 3205 969 3286 incorporeus
993 3203 1124 3287 spiritus
1147 3209 1207 3280 est,
1262 3212 1309 3263 est
1332 3205 1467 3264 coelestis
1492 3207 1688 3277 Jerusalem,
1714 3211 1862 3288 quodque
1884 3212 1989 3269 locutus

459 3309 559 3371 instar
573 3307 619 3370 rei
634 3305 876 3368 dimensionatae
890 3303 1072 3366 extrahatur
1086 3301 1126 3363 de
1140 3318 1209 3363 cor·
1262 3310 1308 3361 est
1324 3302 1372 3360 ibi
1385 3304 1473 3363 Deus
1486 3311 1516 3362 et
1537 3306 1650 3381 anpeti
1667 3325 1741 3365 eum
1756 3307 1954 3368 Patriorcltis
1964 3312 1988 3362 et
2099 3334 2100 3345 ι

459 3426 546 3490 pore.
572 3406 611 3468 Et
635 3424 692 3467 cur
715 3403 846 3484 angelus
870 3401 980 3465 mortis
1004 3419 1068 3464 non
1096 3417 1209 3481 uppre-
1262 3400 1449 3475 Prophetis,
1463 3402 1619 3480 deditque
1640 3405 1689 3463 ibi
1707 3407 1796 3466 Deus
1809 3407 1989 3483 Moysipre·
2099 3420 2100 3473 ι

457 3505 570 3569 bendit
583 3504 710 3584 Moysen
724 3521 782 3584 per
796 3520 888 3564 nares
903 3500 937 3562 in
959 3498 1062 3580 primo
1076 3516 1209 3561 accessu
1263 3507 1363 3574 cepto.
1385 3497 1466 3572 Quid
1491 3506 1540 3561 est
1564 3499 1647 3562 bocl
1670 3499 1791 3582 bloyses
1815 3521 1942 3584 namquo
1961 3500 1987 3561 in
2099 3504 2100 3513 ’

458 3605 497 3668 ιιι
513 3623 597 3684 eum,
616 3621 671 3665 seu
694 3609 766 3664 anto
788 3598 1037 3682 applicationem
1058 3597 1146 3680 pomi
1167 3596 1208 3658 sd
1263 3603 1372 3658 monte
1388 3595 1474 3658 Sinai
1495 3597 1621 3679 accepit
1641 3598 1737 3662 aDeo
1760 3609 1927 3682 precepta;
1940 3615 1987 3660 nec

458 3704 593 3767 nasnmi
617 3701 790 3778 Postremo,
816 3717 923 3762 nonne
948 3697 1008 3760 boc
1034 3697 1073 3759 sd
1099 3696 1209 3759 inobe-
1262 3702 1379 3756 terram
1393 3694 1628 3775 promissionis,
1646 3695 1680 3758 in
1695 3715 1760 3779 qua
1773 3706 1873 3761 exstat
1885 3698 1988 3761 Jemsr·

457 3801 610 3866 dientism
625 3797 841 3881 pertinuisset,
858 3797 943 3879 quod
957 3795 1077 3877 Moyses
1098 3794 1131 3857 in
1146 3794 1209 3876 pri·
1263 3793 1337 3873 lem,
1354 3801 1402 3855 est
1423 3792 1597 3874 ingressus,
1614 3804 1647 3858 et
1660 3805 1696 3858 ut
1709 3797 1835 3860 videtur
1849 3797 1987 3879 Scriptum

458 3919 511 3964 mo
533 3916 666 3963 accessu
686 3895 792 3978 angeli
812 3915 831 3957 ι
853 3895 917 3958 Deo
932 3893 1034 3972 missi,
1051 3911 1116 3956 non
1137 3911 1208 3976 per·
1263 3890 1408 3971 innuere,
1418 3911 1582 3974 nunquam
1596 3892 1659 3956 luit
1672 3893 1706 3957 in
1720 3913 1768 3959 ee.
1777 3895 1864 3960 Unde
1877 3895 1987 3978 cupiens

458 3998 599 4062 misisset
626 3995 766 4059 animam
795 4011 885 4056 suam
914 3992 953 4055 ab
982 3991 1096 4074 angelo
1119 3991 1208 4073 juxte
1263 4009 1333 4054 eam
1349 3990 1457 4054 vidoro
1471 4010 1509 4054 ao
1524 3991 1658 4074 ingredi,
1672 3993 1751 4056 dixit
1764 3995 1804 4058 ad
1819 3995 1985 4059 Dominum:

458 4097 513 4161 Dei
530 4093 789 4160 commissionem
811 4091 926 4154 educit
942 4090 994 4154 Sic
1015 4109 1142 4172 quoque
1163 4089 1209 4154 lo·
1263 4089 1381 4153 Vadam
1401 4099 1433 4154 et
1450 4091 1566 4156 videbo
1588 4101 1705 4155 terram
1722 4092 1818 4157 istem
1837 4094 1985 4177 egregiam.
2005 4109 2075 4152 nun

458 4196 567 4278 quitur
581 4192 689 4256 subula
711 4192 783 4270 ists,
798 4190 891 4273 quasi
906 4189 1012 4253 anima
1027 4208 1092 4252 non
1107 4187 1209 4270 possit
1223 4195 1249 4258 [ι
1262 4189 1500 4273 Responditqno
1524 4190 1677 4253 Dominus
1702 4214 1711 4254 ι
1736 4189 1932 4275 Nequaquam
1952 4173 2049 4254 low*

458 4292 552 4358 educi
576 4291 615 4354 de
640 4308 772 4372 corpore
796 4288 867 4370 ojus
891 4308 948 4371 per
972 4287 1115 4369 singulas
1140 4305 1210 4349 cor·
1263 4287 1370 4370 quaris
1395 4289 1479 4351 ultra
1505 4288 1545 4351 ad
1570 4308 1621 4351 me
1644 4290 1684 4353 de
1708 4290 1768 4354 bac
1791 4311 1836 4354 re.
1860 4291 1986 4356 Dominus

458 4392 546 4477 poris
568 4398 672 4473 partes
694 4388 789 4452 etiarn
810 4387 959 4468 integras,
980 4405 1078 4468 quum
1101 4393 1208 4448 tamen
1263 4405 1339 4450 vero
1353 4387 1494 4450 ostendit
1506 4407 1577 4450 eam
1587 4386 1685 4470 lloysi
1699 4389 1732 4450 in
1747 4390 1985 4472 verticePbssga,
2004 4400 2044 4448 ιιι

459 4507 611 4572 corporee
639 4488 899 4576 incorporeorum
934 4484 1077 4548 introitui
1112 4493 1207 4567 utque
1262 4495 1298 4548 ut
1315 4486 1350 4547 in
1369 4485 1613 4551 Deuteronomio
1634 4485 1794 4551 scribitur.
1995 4466 2063 4511 Μ’·

458 4588 554 4652 exitui
579 4604 643 4652 non
665 4586 823 4650 resistant.
1301 4585 1376 4656 Dic,
1391 4588 1547 4664 quomodo
1567 4586 1658 4662 facta
1677 4595 1724 4646 est
1743 4607 1824 4647 arcu
1844 4589 1987 4654 Noeiltc·
2096 4584 2097 4643 l

495 4689 570 4758 Dic,
586 4689 644 4747 ubi
657 4695 702 4746 est
717 4687 861 4746 medium
877 4685 1184 4759 terroeiRespondit
1196 4705 1208 4744 .·
1262 4685 1393 4771 spondit
1415 4704 1427 4742 .·
1447 4685 1573 4747 Nauem
1596 4683 1644 4764 (id
1671 4693 1720 4748 est
1742 4689 1865 4767 arcam)
1890 4687 1986 4763 incepit
2096 4700 2097 4743 l

454 4788 648 4850 Jerusalem.
675 4787 758 4847 Inde
787 4803 928 4862 namque
951 4786 1106 4861 disperse
1130 4792 1208 4844 sunt
1257 4785 1357 4861 prius
1370 4785 1452 4853 Noe,
1467 4785 1573 4842 clauos
1586 4785 1679 4843 dedit
1694 4787 1837 4847 Gabmel.
1852 4786 1988 4849 Intravit·
2096 4768 2097 4785 ¹

452 4896 577 4966 pentes,
601 4895 632 4946 et
660 4887 742 4944 illuc
762 4884 1041 4960 apprepabuntur.
1067 4882 1121 4943 Ibi
1143 4883 1207 4942 erit
1261 4903 1323 4962 que
1332 4884 1402 4946 Noe
1416 4901 1490 4943 cunr
1503 4882 1634 4959 filiis,et
1640 4885 1820 4959 procedens
1834 4885 1987 4948 evdrabio

343 4997 362 5006 “
451 4993 592 5064 penset
621 4991 744 5044 statera
773 4999 872 5058 super
899 4983 1084 5058 infernum,
1109 5000 1207 5059 quom
1261 5001 1358 5058 super
1371 4981 1693 5051 Mecium,circuioit
1706 5001 1778 5042 eom
1791 4983 1987 5061 septierrinde
2095 5050 2096 5069 χ

456 5085 677 5162 apportabunt
691 5083 773 5141 illuc
793 5081 1002 5157 septudpintu
1022 5081 1132 5140 miliia
1151 5099 1209 5140 on·
1261 5081 1423 5157 naoipons
1442 5099 1542 5156 super
1553 5081 1747 5150 Jerusalem,
1761 5090 1794 5141 et
1811 5102 1886 5143 eam
1897 5082 1987 5159 septies
2095 5074 2096 5119 l

454 5185 612 5262 pelorum.
638 5180 674 5243 ln
698 5177 811 5242 Genesi
837 5177 953 5259 legitur
976 5176 1113 5259 qualiter
1136 5184 1209 5261 post
1261 5179 1429 5250 circuivit,
1440 5178 1655 5256 pervenitque
1669 5179 1705 5238 in
1720 5188 1863 5242 montem
1875 5183 1985 5244 duduc.
2004 5221 2076 5273 m„

458 5280 613 5346 diluvium
640 5277 759 5364 posteri
783 5275 925 5342 liliorum
952 5274 1016 5340 Noe
1041 5284 1208 5359 coeperunt
1262 5276 1297 5338 ln
1311 5274 1425 5339 Genesi
1439 5273 1660 5357 legitur,quod
1674 5274 1739 5340 Deo
1751 5275 2017 5363 jubente,arctna
