<?xml version="1.0" encoding="UTF-8"?>
<!DOCTYPE html PUBLIC "-//W3C//DTD XHTML 1.0 Transitional//EN"
    "http://www.w3.org/TR/xhtml1/DTD/xhtml1-transitional.dtd">
<html xmlns="http://www.w3.org/1999/xhtml" xml:lang="en" lang="en">
 <head>
  <title>
</title>
<meta http-equiv="Content-Type" content="text/html;charset=utf-8" />
  <meta name='ocr-system' content='tesseract 3.04.00' />
  <meta name='ocr-capabilities' content='ocr_page ocr_carea ocr_par ocr_line ocrx_word'/>
</head>
<body>
  <div class='ocr_page' id='page_1' title='image "./doctorisecstati03unkngoog_0508.png"; bbox 0 0 4309 6250; ppageno 0'>
   <div class='ocr_carea' id='block_1_1' title="bbox 450 498 1864 567">
    <p class='ocr_par' dir='ltr' id='par_1_1' title="bbox 450 498 1864 567">
     <span class='ocr_line' id='line_1_1' title="bbox 450 498 1864 567; baseline -0.006 0"><span class='ocrx_word' id='word_1_1' title='bbox 450 498 511 567; x_wconf 54' lang='lat' dir='ltr'><strong>⁸8ss</strong></span> <span class='ocrx_word' id='word_1_2' title='bbox 589 517 739 566; x_wconf 77' lang='lat' dir='ltr'><strong>blamont</strong></span> <span class='ocrx_word' id='word_1_3' title='bbox 760 516 989 565; x_wconf 67' lang='lat' dir='ltr'><strong>elaborationis</strong></span> <span class='ocrx_word' id='word_1_4' title='bbox 1011 514 1103 562; x_wconf 75' lang='lat' dir='ltr'><strong>imit</strong></span> <span class='ocrx_word' id='word_1_5' title='bbox 1124 514 1330 563; x_wconf 70' lang='lat' dir='ltr'><strong>conmutatio!</strong></span> <span class='ocrx_word' id='word_1_6' title='bbox 1351 516 1389 561; x_wconf 75' lang='lat' dir='ltr'><strong>ltu</strong></span> <span class='ocrx_word' id='word_1_7' title='bbox 1410 514 1625 563; x_wconf 78' lang='lat' dir='ltr'><strong>sauuacutlblt.</strong></span> <span class='ocrx_word' id='word_1_8' title='bbox 1647 533 1688 545; x_wconf 89' lang='lat'><em>-</em></span> <span class='ocrx_word' id='word_1_9' title='bbox 1708 516 1778 563; x_wconf 74' lang='lat' dir='ltr'><strong>aar.</strong></span> <span class='ocrx_word' id='word_1_10' title='bbox 1801 508 1864 559; x_wconf 79' lang='lat' dir='ltr'><strong>xvn</strong></span> 
     </span>
    </p>
   </div>
   <div class='ocr_carea' id='block_1_2' title="bbox 449 674 2094 5390">
    <p class='ocr_par' dir='ltr' id='par_1_2' title="bbox 449 674 2094 5390">
     <span class='ocr_line' id='line_1_2' title="bbox 451 674 1977 770; baseline -0.005 -18"><span class='ocrx_word' id='word_1_11' title='bbox 451 687 605 767; x_wconf 90' lang='lat' dir='ltr'><strong>naturale,</strong></span> <span class='ocrx_word' id='word_1_12' title='bbox 621 688 828 769; x_wconf 90' lang='lat' dir='ltr'><strong>conveniens,</strong></span> <span class='ocrx_word' id='word_1_13' title='bbox 842 688 1032 770; x_wconf 84' lang='lat' dir='ltr'><strong>jucundum,</strong></span> <span class='ocrx_word' id='word_1_14' title='bbox 1044 687 1199 769; x_wconf 88' lang='lat' dir='ltr'><strong>produce·</strong></span> <span class='ocrx_word' id='word_1_15' title='bbox 1213 685 1238 748; x_wconf 84' lang='grc' dir='ltr'><strong>Α</strong></span> <span class='ocrx_word' id='word_1_16' title='bbox 1254 693 1308 748; x_wconf 87' lang='lat' dir='ltr'><strong>tua</strong></span> <span class='ocrx_word' id='word_1_17' title='bbox 1322 684 1463 767; x_wconf 78' lang='lat' dir='ltr'>cognitio</span> <span class='ocrx_word' id='word_1_18' title='bbox 1477 674 1765 767; x_wconf 83' lang='lat' dir='ltr'><strong>superclarissima,</strong></span> <span class='ocrx_word' id='word_1_19' title='bbox 1781 703 1903 747; x_wconf 90' lang='lat' dir='ltr'><strong>summa</strong></span> <span class='ocrx_word' id='word_1_20' title='bbox 1920 700 1977 745; x_wconf 91' lang='lat' dir='ltr'><strong>cou-</strong></span> 
     </span>
     <span class='ocr_line' id='line_1_3' title="bbox 451 782 1977 870; baseline -0.005 -21"><span class='ocrx_word' id='word_1_21' title='bbox 451 796 616 851; x_wconf 86' lang='lat' dir='ltr'><strong>reectum</strong></span> <span class='ocrx_word' id='word_1_22' title='bbox 641 796 672 851; x_wconf 92' lang='lat' dir='ltr'><strong>et</strong></span> <span class='ocrx_word' id='word_1_23' title='bbox 695 807 826 870; x_wconf 79' lang='lat' dir='ltr'>germen</span> <span class='ocrx_word' id='word_1_24' title='bbox 848 788 887 851; x_wconf 91' lang='lat' dir='ltr'><strong>ad</strong></span> <span class='ocrx_word' id='word_1_25' title='bbox 912 788 996 869; x_wconf 88' lang='lat' dir='ltr'><strong>quod</strong></span> <span class='ocrx_word' id='word_1_26' title='bbox 1020 787 1198 849; x_wconf 74' lang='lat' dir='ltr'><strong>naturalem</strong></span> <span class='ocrx_word' id='word_1_27' title='bbox 1253 783 1410 864; x_wconf 87' lang='lat' dir='ltr'><strong>lormitas,</strong></span> <span class='ocrx_word' id='word_1_28' title='bbox 1435 784 1655 868; x_wconf 80' lang='lat' dir='ltr'><strong>propinquitas</strong></span> <span class='ocrx_word' id='word_1_29' title='bbox 1679 784 1827 862; x_wconf 84' lang='lat' dir='ltr'><strong>maxima,</strong></span> <span class='ocrx_word' id='word_1_30' title='bbox 1853 782 1977 845; x_wconf 70' lang='lat' dir='ltr'><strong>identitas</strong></span> 
     </span>
     <span class='ocr_line' id='line_1_4' title="bbox 451 880 1975 969; baseline -0.005 -20"><span class='ocrx_word' id='word_1_31' title='bbox 451 885 674 969; x_wconf 79' lang='lat' dir='ltr'><strong>aptitudinem,</strong></span> <span class='ocrx_word' id='word_1_32' title='bbox 695 884 881 967; x_wconf 86' lang='lat' dir='ltr'><strong>potentiam,</strong></span> <span class='ocrx_word' id='word_1_33' title='bbox 902 885 1142 948; x_wconf 89' lang='lat' dir='ltr'><strong>inclinationem</strong></span> <span class='ocrx_word' id='word_1_34' title='bbox 1167 890 1198 945; x_wconf 92' lang='lat' dir='ltr'><strong>et</strong></span> <span class='ocrx_word' id='word_1_35' title='bbox 1254 882 1287 945; x_wconf 92' lang='lat' dir='ltr'><strong>in</strong></span> <span class='ocrx_word' id='word_1_36' title='bbox 1316 891 1439 964; x_wconf 88' lang='lat' dir='ltr'><strong>natura,</strong></span> <span class='ocrx_word' id='word_1_37' title='bbox 1469 882 1595 947; x_wconf 89' lang='lat' dir='ltr'><strong>bouitas</strong></span> <span class='ocrx_word' id='word_1_38' title='bbox 1621 881 1758 961; x_wconf 77' lang='lat' dir='ltr'><strong>infinita,</strong></span> <span class='ocrx_word' id='word_1_39' title='bbox 1784 880 1975 965; x_wconf 80' lang='lat' dir='ltr'><strong>pulchritudo,</strong></span> 
     </span>
     <span class='ocr_line' id='line_1_5' title="bbox 450 980 2092 1066; baseline -0.006 -18"><span class='ocrx_word' id='word_1_40' title='bbox 450 985 594 1048; x_wconf 89' lang='lat' dir='ltr'><strong>ordinem</strong></span> <span class='ocrx_word' id='word_1_41' title='bbox 615 984 710 1047; x_wconf 91' lang='lat' dir='ltr'><strong>babet</strong></span> <span class='ocrx_word' id='word_1_42' title='bbox 727 1008 733 1045; x_wconf 82' lang='lat' dir='ltr'>z</span> <span class='ocrx_word' id='word_1_43' title='bbox 751 984 829 1047; x_wconf 90' lang='lat' dir='ltr'><strong>alias</strong></span> <span class='ocrx_word' id='word_1_44' title='bbox 849 983 1005 1066; x_wconf 91' lang='lat' dir='ltr'><strong>aptitudo,</strong></span> <span class='ocrx_word' id='word_1_45' title='bbox 1021 982 1199 1046; x_wconf 90' lang='lat' dir='ltr'><strong>communi·</strong></span> <span class='ocrx_word' id='word_1_46' title='bbox 1253 981 1400 1060; x_wconf 81' lang='lat' dir='ltr'><strong>dulcedo,</strong></span> <span class='ocrx_word' id='word_1_47' title='bbox 1417 982 1572 1064; x_wconf 78' lang='lat' dir='ltr'><strong>perfectio</strong></span> <span class='ocrx_word' id='word_1_48' title='bbox 1587 980 1769 1060; x_wconf 87' lang='lat' dir='ltr'><strong>illimitata;</strong></span> <span class='ocrx_word' id='word_1_49' title='bbox 1786 980 1895 1061; x_wconf 89' lang='lat' dir='ltr'><strong>inqua</strong></span> <span class='ocrx_word' id='word_1_50' title='bbox 1913 998 1977 1059; x_wconf 77' lang='lat' dir='ltr'><strong>qua</strong></span> <span class='ocrx_word' id='word_1_51' title='bbox 2091 1022 2092 1039; x_wconf 62' lang='grc'>,</span> 
     </span>
     <span class='ocr_line' id='line_1_6' title="bbox 451 1076 1976 1165; baseline -0.006 -19"><span class='ocrx_word' id='word_1_52' title='bbox 451 1083 598 1146; x_wconf 83' lang='lat' dir='ltr'><strong>nobilitas</strong></span> <span class='ocrx_word' id='word_1_53' title='bbox 612 1102 669 1145; x_wconf 91' lang='lat' dir='ltr'><strong>seu</strong></span> <span class='ocrx_word' id='word_1_54' title='bbox 685 1083 826 1165; x_wconf 89' lang='lat' dir='ltr'><strong>potentia</strong></span> <span class='ocrx_word' id='word_1_55' title='bbox 841 1082 896 1144; x_wconf 92' lang='lat' dir='ltr'><strong>illa</strong></span> <span class='ocrx_word' id='word_1_56' title='bbox 911 1081 1061 1145; x_wconf 88' lang='lat' dir='ltr'><strong>videntur</strong></span> <span class='ocrx_word' id='word_1_57' title='bbox 1080 1080 1195 1157; x_wconf 90' lang='lat' dir='ltr'><strong>inanis,</strong></span> <span class='ocrx_word' id='word_1_58' title='bbox 1253 1079 1333 1142; x_wconf 93' lang='lat' dir='ltr'><strong>libet</strong></span> <span class='ocrx_word' id='word_1_59' title='bbox 1350 1076 1486 1163; x_wconf 85' lang='lat' dir='ltr'><strong>persona</strong></span> <span class='ocrx_word' id='word_1_60' title='bbox 1505 1080 1665 1143; x_wconf 88' lang='lat' dir='ltr'><strong>adoranda</strong></span> <span class='ocrx_word' id='word_1_61' title='bbox 1687 1098 1722 1142; x_wconf 90' lang='lat' dir='ltr'><strong>se</strong></span> <span class='ocrx_word' id='word_1_62' title='bbox 1741 1079 1843 1162; x_wconf 89' lang='lat' dir='ltr'><strong>ipsam</strong></span> <span class='ocrx_word' id='word_1_63' title='bbox 1867 1086 1897 1141; x_wconf 90' lang='lat' dir='ltr'><strong>et</strong></span> <span class='ocrx_word' id='word_1_64' title='bbox 1916 1076 1976 1138; x_wconf 87' lang='lat' dir='ltr'><strong>alias</strong></span> 
     </span>
     <span class='ocr_line' id='line_1_7' title="bbox 450 1177 1977 1261; baseline -0.003 -19"><span class='ocrx_word' id='word_1_65' title='bbox 450 1178 569 1242; x_wconf 86' lang='lat' dir='ltr'><strong>lrustra</strong></span> <span class='ocrx_word' id='word_1_66' title='bbox 587 1188 619 1242; x_wconf 92' lang='lat' dir='ltr'><strong>et</strong></span> <span class='ocrx_word' id='word_1_67' title='bbox 639 1181 809 1261; x_wconf 87' lang='lat' dir='ltr'><strong>impotens.</strong></span> <span class='ocrx_word' id='word_1_68' title='bbox 826 1179 978 1260; x_wconf 78' lang='lat' dir='ltr'><strong>lienique,</strong></span> <span class='ocrx_word' id='word_1_69' title='bbox 995 1197 1093 1259; x_wconf 89' lang='lat' dir='ltr'><strong>quum</strong></span> <span class='ocrx_word' id='word_1_70' title='bbox 1116 1177 1198 1239; x_wconf 78' lang='lat' dir='ltr'><strong>oeus</strong></span> <span class='ocrx_word' id='word_1_71' title='bbox 1254 1179 1363 1241; x_wconf 88' lang='lat' dir='ltr'><strong>ambas</strong></span> <span class='ocrx_word' id='word_1_72' title='bbox 1378 1178 1554 1242; x_wconf 87' lang='lat' dir='ltr'><strong>clarissime</strong></span> <span class='ocrx_word' id='word_1_73' title='bbox 1569 1198 1606 1241; x_wconf 90' lang='lat' dir='ltr'><strong>ae</strong></span> <span class='ocrx_word' id='word_1_74' title='bbox 1620 1178 1852 1260; x_wconf 89' lang='lat' dir='ltr'><strong>jucundissime</strong></span> <span class='ocrx_word' id='word_1_75' title='bbox 1870 1186 1977 1239; x_wconf 78' lang='lat' dir='ltr'><strong>aeroa-</strong></span> 
     </span>
     <span class='ocr_line' id='line_1_8' title="bbox 452 1273 1975 1359; baseline -0.003 -19"><span class='ocrx_word' id='word_1_76' title='bbox 452 1278 492 1341; x_wconf 89' lang='lat' dir='ltr'><strong>sit</strong></span> <span class='ocrx_word' id='word_1_77' title='bbox 515 1298 638 1340; x_wconf 89' lang='lat' dir='ltr'><strong>summe</strong></span> <span class='ocrx_word' id='word_1_78' title='bbox 662 1286 695 1340; x_wconf 92' lang='lat' dir='ltr'><strong>et</strong></span> <span class='ocrx_word' id='word_1_79' title='bbox 717 1277 845 1340; x_wconf 80' lang='lat' dir='ltr'><strong>infinite</strong></span> <span class='ocrx_word' id='word_1_80' title='bbox 873 1277 1045 1359; x_wconf 87' lang='lat' dir='ltr'><strong>perlectus,</strong></span> <span class='ocrx_word' id='word_1_81' title='bbox 1067 1275 1145 1339; x_wconf 84' lang='lat' dir='ltr'><strong>felix</strong></span> <span class='ocrx_word' id='word_1_82' title='bbox 1168 1282 1200 1337; x_wconf 89' lang='lat' dir='ltr'><strong>et</strong></span> <span class='ocrx_word' id='word_1_83' title='bbox 1254 1277 1327 1339; x_wconf 91' lang='lat' dir='ltr'><strong>liter</strong></span> <span class='ocrx_word' id='word_1_84' title='bbox 1341 1279 1492 1358; x_wconf 89' lang='lat' dir='ltr'><strong>intuetur,</strong></span> <span class='ocrx_word' id='word_1_85' title='bbox 1509 1297 1546 1340; x_wconf 90' lang='lat' dir='ltr'><strong>ae</strong></span> <span class='ocrx_word' id='word_1_86' title='bbox 1562 1296 1634 1340; x_wconf 90' lang='lat' dir='ltr'><strong>cum</strong></span> <span class='ocrx_word' id='word_1_87' title='bbox 1650 1276 1822 1341; x_wconf 82' lang='lat' dir='ltr'><strong>dilectione</strong></span> <span class='ocrx_word' id='word_1_88' title='bbox 1844 1273 1975 1337; x_wconf 80' lang='lat' dir='ltr'><strong>intensive</strong></span> 
     </span>
     <span class='ocr_line' id='line_1_9' title="bbox 451 1372 1976 1457; baseline -0.003 -19"><span class='ocrx_word' id='word_1_89' title='bbox 451 1375 661 1453; x_wconf 88' lang='lat' dir='ltr'><strong>invariabilis,</strong></span> <span class='ocrx_word' id='word_1_90' title='bbox 681 1383 804 1438; x_wconf 91' lang='lat' dir='ltr'><strong>certum</strong></span> <span class='ocrx_word' id='word_1_91' title='bbox 827 1383 876 1437; x_wconf 89' lang='lat' dir='ltr'><strong>est</strong></span> <span class='ocrx_word' id='word_1_92' title='bbox 899 1376 984 1456; x_wconf 90' lang='lat' dir='ltr'><strong>quod</strong></span> <span class='ocrx_word' id='word_1_93' title='bbox 1007 1373 1201 1436; x_wconf 70' lang='lat' dir='ltr'><strong>eternaliter</strong></span> <span class='ocrx_word' id='word_1_94' title='bbox 1253 1374 1408 1438; x_wconf 86' lang='lat' dir='ltr'><strong>immensa</strong></span> <span class='ocrx_word' id='word_1_95' title='bbox 1423 1375 1526 1457; x_wconf 81' lang='lat' dir='ltr'><strong>diligit</strong></span> <span class='ocrx_word' id='word_1_96' title='bbox 1541 1384 1634 1457; x_wconf 88' lang='lat' dir='ltr'><strong>atque</strong></span> <span class='ocrx_word' id='word_1_97' title='bbox 1649 1374 1853 1457; x_wconf 89' lang='lat' dir='ltr'><strong>amplectitur</strong></span> <span class='ocrx_word' id='word_1_98' title='bbox 1868 1397 1874 1435; x_wconf 94' lang='lat'><strong>:</strong></span> <span class='ocrx_word' id='word_1_99' title='bbox 1891 1372 1976 1453; x_wconf 87' lang='lat' dir='ltr'><strong>sicque</strong></span> 
     </span>
     <span class='ocr_line' id='line_1_10' title="bbox 451 1470 1975 1556; baseline -0.004 -19"><span class='ocrx_word' id='word_1_100' title='bbox 451 1474 485 1537; x_wconf 96' lang='lat' dir='ltr'><strong>in</strong></span> <span class='ocrx_word' id='word_1_101' title='bbox 510 1473 630 1555; x_wconf 89' lang='lat' dir='ltr'><strong>optima</strong></span> <span class='ocrx_word' id='word_1_102' title='bbox 654 1473 702 1535; x_wconf 93' lang='lat' dir='ltr'><strong>sui</strong></span> <span class='ocrx_word' id='word_1_103' title='bbox 727 1472 936 1555; x_wconf 88' lang='lat' dir='ltr'><strong>dispositione</strong></span> <span class='ocrx_word' id='word_1_104' title='bbox 960 1472 1135 1535; x_wconf 87' lang='lat' dir='ltr'><strong>consistat:</strong></span> <span class='ocrx_word' id='word_1_105' title='bbox 1153 1472 1201 1533; x_wconf 88' lang='lat' dir='ltr'><strong>id·</strong></span> <span class='ocrx_word' id='word_1_106' title='bbox 1254 1492 1397 1556; x_wconf 84' lang='lat' dir='ltr'><strong>persone</strong></span> <span class='ocrx_word' id='word_1_107' title='bbox 1413 1474 1475 1537; x_wconf 82' lang='lat' dir='ltr'><strong>illae</strong></span> <span class='ocrx_word' id='word_1_108' title='bbox 1494 1472 1787 1556; x_wconf 85' lang='lat' dir='ltr'><strong>superdignissimae</strong></span> <span class='ocrx_word' id='word_1_109' title='bbox 1810 1470 1975 1535; x_wconf 83' lang='lat' dir='ltr'><strong>seinvicem</strong></span> 
     </span>
     <span class='ocr_line' id='line_1_11' title="bbox 451 1568 1978 1654; baseline -0.005 -19"><span class='ocrx_word' id='word_1_110' title='bbox 451 1572 537 1635; x_wconf 88' lang='lat' dir='ltr'><strong>circo</strong></span> <span class='ocrx_word' id='word_1_111' title='bbox 552 1571 683 1635; x_wconf 89' lang='lat' dir='ltr'><strong>dillusio</strong></span> <span class='ocrx_word' id='word_1_112' title='bbox 697 1570 781 1648; x_wconf 90' lang='lat' dir='ltr'><strong>talis,</strong></span> <span class='ocrx_word' id='word_1_113' title='bbox 792 1579 856 1633; x_wconf 90' lang='lat' dir='ltr'><strong>tam</strong></span> <span class='ocrx_word' id='word_1_114' title='bbox 871 1570 1036 1646; x_wconf 90' lang='lat' dir='ltr'><strong>naturalis,</strong></span> <span class='ocrx_word' id='word_1_115' title='bbox 1043 1570 1197 1650; x_wconf 87' lang='lat' dir='ltr'><strong>jucunda,</strong></span> <span class='ocrx_word' id='word_1_116' title='bbox 1255 1572 1442 1634; x_wconf 87' lang='lat' dir='ltr'><strong>suavissime</strong></span> <span class='ocrx_word' id='word_1_117' title='bbox 1457 1571 1676 1654; x_wconf 87' lang='lat' dir='ltr'><strong>perfruuntur,</strong></span> <span class='ocrx_word' id='word_1_118' title='bbox 1694 1590 1768 1634; x_wconf 90' lang='lat' dir='ltr'><strong>cum</strong></span> <span class='ocrx_word' id='word_1_119' title='bbox 1789 1578 1893 1633; x_wconf 86' lang='lat' dir='ltr'><strong>sancta</strong></span> <span class='ocrx_word' id='word_1_120' title='bbox 1906 1578 1932 1631; x_wconf 85' lang='lat' dir='ltr'><strong>et</strong></span> <span class='ocrx_word' id='word_1_121' title='bbox 1943 1568 1978 1630; x_wconf 91' lang='lat' dir='ltr'><strong>in·</strong></span> 
     </span>
     <span class='ocr_line' id='line_1_12' title="bbox 450 1667 1979 1753; baseline -0.004 -20"><span class='ocrx_word' id='word_1_122' title='bbox 450 1669 781 1751; x_wconf 88' lang='lat' dir='ltr'><strong>liberalissimaatque</strong></span> <span class='ocrx_word' id='word_1_123' title='bbox 796 1668 992 1750; x_wconf 89' lang='lat' dir='ltr'><strong>plenissima,</strong></span> <span class='ocrx_word' id='word_1_124' title='bbox 1008 1667 1200 1731; x_wconf 75' lang='lat' dir='ltr'><strong>eternaliter</strong></span> <span class='ocrx_word' id='word_1_125' title='bbox 1255 1670 1473 1733; x_wconf 80' lang='lat' dir='ltr'><strong>commutabili</strong></span> <span class='ocrx_word' id='word_1_126' title='bbox 1513 1669 1747 1753; x_wconf 84' lang='lat' dir='ltr'><strong>complacentia</strong></span> <span class='ocrx_word' id='word_1_127' title='bbox 1782 1687 1905 1751; x_wconf 89' lang='lat' dir='ltr'><strong>prorsus</strong></span> <span class='ocrx_word' id='word_1_128' title='bbox 1934 1668 1979 1728; x_wconf 89' lang='lat' dir='ltr'><strong>im·</strong></span> 
     </span>
     <span class='ocr_line' id='line_1_13' title="bbox 451 1767 2093 1849; baseline 0 -18"><span class='ocrx_word' id='word_1_129' title='bbox 451 1768 617 1832; x_wconf 84' lang='lat' dir='ltr'><strong>actualiter</strong></span> <span class='ocrx_word' id='word_1_130' title='bbox 630 1776 678 1832; x_wconf 89' lang='lat' dir='ltr'><strong>est</strong></span> <span class='ocrx_word' id='word_1_131' title='bbox 692 1767 725 1829; x_wconf 92' lang='lat' dir='ltr'><strong>in</strong></span> <span class='ocrx_word' id='word_1_132' title='bbox 741 1768 822 1849; x_wconf 91' lang='lat' dir='ltr'><strong>ipso.</strong></span> <span class='ocrx_word' id='word_1_133' title='bbox 839 1768 962 1831; x_wconf 89' lang='lat' dir='ltr'><strong>Bonum</strong></span> <span class='ocrx_word' id='word_1_134' title='bbox 976 1785 1115 1847; x_wconf 89' lang='lat' dir='ltr'><strong>namque</strong></span> <span class='ocrx_word' id='word_1_135' title='bbox 1135 1774 1198 1827; x_wconf 90' lang='lat' dir='ltr'><strong>tam</strong></span> <span class='ocrx_word' id='word_1_136' title='bbox 1256 1788 1378 1833; x_wconf 92' lang='lat' dir='ltr'><strong>mensa.</strong></span> <span class='ocrx_word' id='word_1_137' title='bbox 2092 1772 2093 1831; x_wconf 92' lang='lat' dir='ltr'><strong>l</strong></span> 
     </span>
     <span class='ocr_line' id='line_1_14' title="bbox 451 1860 2093 1949; baseline -0.003 -20"><span class='ocrx_word' id='word_1_138' title='bbox 451 1866 716 1949; x_wconf 86' lang='lat' dir='ltr'><strong>superoptimum,</strong></span> <span class='ocrx_word' id='word_1_139' title='bbox 740 1874 805 1928; x_wconf 88' lang='lat' dir='ltr'><strong>tam</strong></span> <span class='ocrx_word' id='word_1_140' title='bbox 829 1862 1237 1947; x_wconf 88' lang='lat' dir='ltr'><strong>superliberalissimum,B</strong></span> <span class='ocrx_word' id='word_1_141' title='bbox 1295 1869 1466 1945; x_wconf 89' lang='lat' dir='ltr'><strong>Postremo,</strong></span> <span class='ocrx_word' id='word_1_142' title='bbox 1491 1873 1526 1929; x_wconf 91' lang='lat' dir='ltr'><strong>ut</strong></span> <span class='ocrx_word' id='word_1_143' title='bbox 1550 1866 1764 1931; x_wconf 88' lang='lat' dir='ltr'><strong>communiter</strong></span> <span class='ocrx_word' id='word_1_144' title='bbox 1789 1865 1911 1943; x_wconf 89' lang='lat' dir='ltr'><strong>dicitur,</strong></span> <span class='ocrx_word' id='word_1_145' title='bbox 1926 1863 1979 1925; x_wconf 92' lang='lat' dir='ltr'><strong>nul·</strong></span> <span class='ocrx_word' id='word_1_146' title='bbox 2092 1860 2093 1863; x_wconf 68' lang='grc'>’</span> 
     </span>
     <span class='ocr_line' id='line_1_15' title="bbox 450 1962 1978 2048; baseline -0.003 -19"><span class='ocrx_word' id='word_1_147' title='bbox 450 1975 482 2029; x_wconf 91' lang='lat' dir='ltr'><strong>et</strong></span> <span class='ocrx_word' id='word_1_148' title='bbox 506 1966 541 2027; x_wconf 94' lang='lat' dir='ltr'><strong>in</strong></span> <span class='ocrx_word' id='word_1_149' title='bbox 565 1965 695 2028; x_wconf 89' lang='lat' dir='ltr'><strong>caritate</strong></span> <span class='ocrx_word' id='word_1_150' title='bbox 719 1972 782 2027; x_wconf 91' lang='lat' dir='ltr'><strong>tam</strong></span> <span class='ocrx_word' id='word_1_151' title='bbox 808 1962 1196 2046; x_wconf 62' lang='lat' dir='ltr'><strong>supereminentissimum,</strong></span> <span class='ocrx_word' id='word_1_152' title='bbox 1255 1965 1317 2027; x_wconf 94' lang='lat' dir='ltr'><strong>lius</strong></span> <span class='ocrx_word' id='word_1_153' title='bbox 1332 1966 1407 2030; x_wconf 94' lang='lat' dir='ltr'><strong>boui</strong></span> <span class='ocrx_word' id='word_1_154' title='bbox 1424 1966 1583 2048; x_wconf 91' lang='lat' dir='ltr'><strong>possessio</strong></span> <span class='ocrx_word' id='word_1_155' title='bbox 1598 1965 1693 2047; x_wconf 91' lang='lat' dir='ltr'><strong>plene</strong></span> <span class='ocrx_word' id='word_1_156' title='bbox 1706 1964 1848 2046; x_wconf 87' lang='lat' dir='ltr'><strong>jucunda</strong></span> <span class='ocrx_word' id='word_1_157' title='bbox 1861 1973 1906 2026; x_wconf 90' lang='lat' dir='ltr'><strong>est</strong></span> <span class='ocrx_word' id='word_1_158' title='bbox 1923 1962 1978 2025; x_wconf 75' lang='lat' dir='ltr'><strong>ala</strong></span> 
     </span>
     <span class='ocr_line' id='line_1_16' title="bbox 451 2061 1977 2146; baseline -0.002 -21"><span class='ocrx_word' id='word_1_159' title='bbox 451 2063 497 2125; x_wconf 92' lang='lat' dir='ltr'><strong>nil</strong></span> <span class='ocrx_word' id='word_1_160' title='bbox 520 2063 684 2145; x_wconf 91' lang='lat' dir='ltr'><strong>proprium</strong></span> <span class='ocrx_word' id='word_1_161' title='bbox 704 2062 764 2124; x_wconf 91' lang='lat' dir='ltr'><strong>sibi</strong></span> <span class='ocrx_word' id='word_1_162' title='bbox 786 2070 937 2141; x_wconf 89' lang='lat' dir='ltr'><strong>reservat,</strong></span> <span class='ocrx_word' id='word_1_163' title='bbox 957 2061 1022 2124; x_wconf 94' lang='lat' dir='ltr'><strong>imo</strong></span> <span class='ocrx_word' id='word_1_164' title='bbox 1043 2080 1077 2123; x_wconf 92' lang='lat' dir='ltr'><strong>se</strong></span> <span class='ocrx_word' id='word_1_165' title='bbox 1099 2069 1198 2123; x_wconf 90' lang='lat' dir='ltr'><strong>totum</strong></span> <span class='ocrx_word' id='word_1_166' title='bbox 1254 2084 1315 2145; x_wconf 90' lang='lat' dir='ltr'><strong>que</strong></span> <span class='ocrx_word' id='word_1_167' title='bbox 1330 2064 1601 2146; x_wconf 78' lang='lat' dir='ltr'><strong>consortiozquod</strong></span> <span class='ocrx_word' id='word_1_168' title='bbox 1616 2083 1680 2127; x_wconf 92' lang='lat' dir='ltr'><strong>non</strong></span> <span class='ocrx_word' id='word_1_169' title='bbox 1697 2064 1801 2125; x_wconf 91' lang='lat' dir='ltr'><strong>solum</strong></span> <span class='ocrx_word' id='word_1_170' title='bbox 1818 2061 1977 2125; x_wconf 81' lang='lat' dir='ltr'><strong>verificatur</strong></span> 
     </span>
     <span class='ocr_line' id='line_1_17' title="bbox 451 2158 1976 2244; baseline -0.003 -21"><span class='ocrx_word' id='word_1_171' title='bbox 451 2159 790 2244; x_wconf 75' lang='lat' dir='ltr'><strong>supereffluentissime</strong></span> <span class='ocrx_word' id='word_1_172' title='bbox 806 2160 874 2222; x_wconf 91' lang='lat' dir='ltr'><strong>sine</strong></span> <span class='ocrx_word' id='word_1_173' title='bbox 889 2158 957 2221; x_wconf 89' lang='lat' dir='ltr'><strong>line</strong></span> <span class='ocrx_word' id='word_1_174' title='bbox 972 2158 1197 2222; x_wconf 89' lang='lat' dir='ltr'><strong>communicat.</strong></span> <span class='ocrx_word' id='word_1_175' title='bbox 1254 2162 1293 2225; x_wconf 90' lang='lat' dir='ltr'><strong>de</strong></span> <span class='ocrx_word' id='word_1_176' title='bbox 1308 2162 1358 2224; x_wconf 93' lang='lat' dir='ltr'><strong>bis</strong></span> <span class='ocrx_word' id='word_1_177' title='bbox 1374 2180 1507 2243; x_wconf 88' lang='lat' dir='ltr'><strong>quorum</strong></span> <span class='ocrx_word' id='word_1_178' title='bbox 1528 2162 1670 2244; x_wconf 88' lang='lat' dir='ltr'><strong>operatio</strong></span> <span class='ocrx_word' id='word_1_179' title='bbox 1690 2160 1875 2244; x_wconf 79' lang='lat' dir='ltr'><strong>imperfecta</strong></span> <span class='ocrx_word' id='word_1_180' title='bbox 1895 2168 1934 2223; x_wconf 88' lang='lat' dir='ltr'><strong>est</strong></span> <span class='ocrx_word' id='word_1_181' title='bbox 1952 2158 1976 2220; x_wconf 90' lang='lat' dir='ltr'><strong>ia</strong></span> 
     </span>
     <span class='ocr_line' id='line_1_18' title="bbox 490 2257 1978 2343; baseline -0.002 -22"><span class='ocrx_word' id='word_1_182' title='bbox 490 2260 653 2338; x_wconf 82' lang='lat' dir='ltr'><strong>Praeterea,</strong></span> <span class='ocrx_word' id='word_1_183' title='bbox 679 2279 778 2341; x_wconf 89' lang='lat' dir='ltr'><strong>quum</strong></span> <span class='ocrx_word' id='word_1_184' title='bbox 808 2259 947 2340; x_wconf 91' lang='lat' dir='ltr'><strong>primum</strong></span> <span class='ocrx_word' id='word_1_185' title='bbox 976 2266 1009 2319; x_wconf 93' lang='lat' dir='ltr'><strong>et</strong></span> <span class='ocrx_word' id='word_1_186' title='bbox 1037 2276 1198 2319; x_wconf 88' lang='lat' dir='ltr'><strong>summum</strong></span> <span class='ocrx_word' id='word_1_187' title='bbox 1255 2280 1289 2324; x_wconf 88' lang='lat' dir='ltr'><strong>se</strong></span> <span class='ocrx_word' id='word_1_188' title='bbox 1304 2260 1392 2343; x_wconf 91' lang='lat' dir='ltr'><strong>ipsis,</strong></span> <span class='ocrx_word' id='word_1_189' title='bbox 1406 2269 1436 2323; x_wconf 91' lang='lat' dir='ltr'><strong>et</strong></span> <span class='ocrx_word' id='word_1_190' title='bbox 1451 2280 1520 2342; x_wconf 79' lang='lat' dir='ltr'><strong>qum</strong></span> <span class='ocrx_word' id='word_1_191' title='bbox 1535 2262 1574 2323; x_wconf 91' lang='lat' dir='ltr'><strong>ad</strong></span> <span class='ocrx_word' id='word_1_192' title='bbox 1589 2260 1675 2323; x_wconf 92' lang='lat' dir='ltr'><strong>aliud</strong></span> <span class='ocrx_word' id='word_1_193' title='bbox 1691 2260 1886 2339; x_wconf 89' lang='lat' dir='ltr'><strong>ordinantur,</strong></span> <span class='ocrx_word' id='word_1_194' title='bbox 1897 2257 1942 2320; x_wconf 89' lang='lat' dir='ltr'><strong>sed</strong></span> <span class='ocrx_word' id='word_1_195' title='bbox 1955 2264 1978 2317; x_wconf 90' lang='lat' dir='ltr'><strong>et</strong></span> 
     </span>
     <span class='ocr_line' id='line_1_19' title="bbox 449 2354 1977 2441; baseline -0.003 -21"><span class='ocrx_word' id='word_1_196' title='bbox 449 2357 569 2421; x_wconf 87' lang='lat' dir='ltr'><strong>bonum</strong></span> <span class='ocrx_word' id='word_1_197' title='bbox 595 2357 637 2419; x_wconf 92' lang='lat' dir='ltr'><strong>sit</strong></span> <span class='ocrx_word' id='word_1_198' title='bbox 660 2356 845 2420; x_wconf 86' lang='lat' dir='ltr'><strong>naturaliter</strong></span> <span class='ocrx_word' id='word_1_199' title='bbox 872 2357 921 2419; x_wconf 91' lang='lat' dir='ltr'><strong>sni</strong></span> <span class='ocrx_word' id='word_1_200' title='bbox 948 2354 1139 2418; x_wconf 86' lang='lat' dir='ltr'><strong>dillusivum</strong></span> <span class='ocrx_word' id='word_1_201' title='bbox 1168 2364 1200 2418; x_wconf 89' lang='lat' dir='ltr'><strong>et</strong></span> <span class='ocrx_word' id='word_1_202' title='bbox 1254 2358 1420 2441; x_wconf 70' lang='lat' dir='ltr'><strong>potissime</strong></span> <span class='ocrx_word' id='word_1_203' title='bbox 1436 2361 1475 2422; x_wconf 92' lang='lat' dir='ltr'><strong>de</strong></span> <span class='ocrx_word' id='word_1_204' title='bbox 1489 2359 1541 2421; x_wconf 90' lang='lat' dir='ltr'><strong>bis</strong></span> <span class='ocrx_word' id='word_1_205' title='bbox 1555 2378 1624 2440; x_wconf 85' lang='lat' dir='ltr'><strong>quae</strong></span> <span class='ocrx_word' id='word_1_206' title='bbox 1640 2358 1673 2420; x_wconf 92' lang='lat' dir='ltr'><strong>in</strong></span> <span class='ocrx_word' id='word_1_207' title='bbox 1696 2378 1729 2422; x_wconf 91' lang='lat' dir='ltr'><strong>se</strong></span> <span class='ocrx_word' id='word_1_208' title='bbox 1751 2358 1830 2439; x_wconf 91' lang='lat' dir='ltr'><strong>ipsis</strong></span> <span class='ocrx_word' id='word_1_209' title='bbox 1850 2356 1977 2433; x_wconf 87' lang='lat' dir='ltr'><strong>bonitate,</strong></span> 
     </span>
     <span class='ocr_line' id='line_1_20' title="bbox 452 2452 1979 2540; baseline -0.005 -18"><span class='ocrx_word' id='word_1_210' title='bbox 452 2456 754 2519; x_wconf 87' lang='lat' dir='ltr'><strong>communicativum</strong></span> <span class='ocrx_word' id='word_1_211' title='bbox 781 2454 1070 2517; x_wconf 82' lang='lat' dir='ltr'><strong>communicatione</strong></span> <span class='ocrx_word' id='word_1_212' title='bbox 1095 2452 1199 2534; x_wconf 77' lang='lat' dir='ltr'><strong>perte</strong></span> <span class='ocrx_word' id='word_1_213' title='bbox 1255 2458 1395 2537; x_wconf 79' lang='lat' dir='ltr'><strong>cadule,</strong></span> <span class='ocrx_word' id='word_1_214' title='bbox 1418 2456 1627 2540; x_wconf 81' lang='lat' dir='ltr'><strong>perfectione,</strong></span> <span class='ocrx_word' id='word_1_215' title='bbox 1655 2457 1820 2539; x_wconf 87' lang='lat' dir='ltr'><strong>opulentia</strong></span> <span class='ocrx_word' id='word_1_216' title='bbox 1845 2464 1874 2519; x_wconf 84' lang='lat' dir='ltr'><strong>et.</strong></span> <span class='ocrx_word' id='word_1_217' title='bbox 1897 2452 1979 2517; x_wconf 85' lang='lat' dir='ltr'><strong>letici-</strong></span> 
     </span>
     <span class='ocr_line' id='line_1_21' title="bbox 451 2551 2094 2635; baseline -0.004 -18"><span class='ocrx_word' id='word_1_218' title='bbox 451 2562 546 2617; x_wconf 87' lang='lat' dir='ltr'><strong>ctaet</strong></span> <span class='ocrx_word' id='word_1_219' title='bbox 561 2552 885 2616; x_wconf 90' lang='lat' dir='ltr'><strong>communicabilitate</strong></span> <span class='ocrx_word' id='word_1_220' title='bbox 901 2552 1114 2630; x_wconf 88' lang='lat' dir='ltr'><strong>immensa,ad</strong></span> <span class='ocrx_word' id='word_1_221' title='bbox 1130 2551 1200 2614; x_wconf 89' lang='lat' dir='ltr'><strong>bea·</strong></span> <span class='ocrx_word' id='word_1_222' title='bbox 1254 2564 1317 2618; x_wconf 91' lang='lat' dir='ltr'><strong>tate</strong></span> <span class='ocrx_word' id='word_1_223' title='bbox 1337 2554 1610 2619; x_wconf 81' lang='lat' dir='ltr'><strong>abuudant&#39;lalia</strong></span> <span class='ocrx_word' id='word_1_224' title='bbox 1630 2556 1718 2618; x_wconf 90' lang='lat' dir='ltr'><strong>enim</strong></span> <span class='ocrx_word' id='word_1_225' title='bbox 1737 2557 1787 2635; x_wconf 88' lang='lat' dir='ltr'><strong>(ut</strong></span> <span class='ocrx_word' id='word_1_226' title='bbox 1805 2554 1916 2617; x_wconf 90' lang='lat' dir='ltr'><strong>dictum</strong></span> <span class='ocrx_word' id='word_1_227' title='bbox 1932 2552 1978 2629; x_wconf 78' lang='lat' dir='ltr'><strong>esti</strong></span> <span class='ocrx_word' id='word_1_228' title='bbox 2093 2584 2094 2633; x_wconf 61' lang='lat' dir='ltr'>fi</span> 
     </span>
     <span class='ocr_line' id='line_1_22' title="bbox 451 2644 2094 2736; baseline -0.002 -21"><span class='ocrx_word' id='word_1_229' title='bbox 451 2652 620 2715; x_wconf 86' lang='lat' dir='ltr'><strong>titudinem</strong></span> <span class='ocrx_word' id='word_1_230' title='bbox 635 2659 667 2714; x_wconf 90' lang='lat' dir='ltr'><strong>et</strong></span> <span class='ocrx_word' id='word_1_231' title='bbox 685 2650 915 2733; x_wconf 88' lang='lat' dir='ltr'><strong>perlectionem</strong></span> <span class='ocrx_word' id='word_1_232' title='bbox 938 2650 1039 2731; x_wconf 91' lang='lat' dir='ltr'><strong>ipsius</strong></span> <span class='ocrx_word' id='word_1_233' title='bbox 1060 2658 1109 2712; x_wconf 88' lang='lat' dir='ltr'><strong>est</strong></span> <span class='ocrx_word' id='word_1_234' title='bbox 1129 2670 1200 2733; x_wconf 89' lang='lat' dir='ltr'><strong>per·</strong></span> <span class='ocrx_word' id='word_1_235' title='bbox 1255 2674 1348 2718; x_wconf 83' lang='lat' dir='ltr'><strong>exse</strong></span> <span class='ocrx_word' id='word_1_236' title='bbox 1371 2654 1459 2735; x_wconf 91' lang='lat' dir='ltr'><strong>ipsis,</strong></span> <span class='ocrx_word' id='word_1_237' title='bbox 1484 2655 1544 2718; x_wconf 91' lang='lat' dir='ltr'><strong>boe</strong></span> <span class='ocrx_word' id='word_1_238' title='bbox 1567 2663 1615 2717; x_wconf 92' lang='lat' dir='ltr'><strong>est</strong></span> <span class='ocrx_word' id='word_1_239' title='bbox 1635 2674 1673 2716; x_wconf 84' lang='lat' dir='ltr'><strong>ex</strong></span> <span class='ocrx_word' id='word_1_240' title='bbox 1699 2654 1828 2736; x_wconf 90' lang='lat' dir='ltr'><strong>propria</strong></span> <span class='ocrx_word' id='word_1_241' title='bbox 1850 2650 1978 2725; x_wconf 82' lang='lat' dir='ltr'><strong>bonitate,</strong></span> <span class='ocrx_word' id='word_1_242' title='bbox 2093 2644 2094 2669; x_wconf 66' lang='lat'><strong>³</strong></span> 
     </span>
     <span class='ocr_line' id='line_1_23' title="bbox 450 2747 1980 2834; baseline -0.004 -21"><span class='ocrx_word' id='word_1_243' title='bbox 450 2752 556 2813; x_wconf 88' lang='lat' dir='ltr'><strong>tineus</strong></span> <span class='ocrx_word' id='word_1_244' title='bbox 571 2758 605 2811; x_wconf 88' lang='lat' dir='ltr'><strong>ut</strong></span> <span class='ocrx_word' id='word_1_245' title='bbox 620 2770 653 2812; x_wconf 91' lang='lat' dir='ltr'><strong>se</strong></span> <span class='ocrx_word' id='word_1_246' title='bbox 672 2748 891 2811; x_wconf 85' lang='lat' dir='ltr'><strong>indesinenter</strong></span> <span class='ocrx_word' id='word_1_247' title='bbox 909 2748 952 2810; x_wconf 87' lang='lat' dir='ltr'><strong>ita</strong></span> <span class='ocrx_word' id='word_1_248' title='bbox 971 2749 1196 2811; x_wconf 89' lang='lat' dir='ltr'><strong>communicet.</strong></span> <span class='ocrx_word' id='word_1_249' title='bbox 1256 2750 1813 2834; x_wconf 85' lang='lat' dir='ltr'><strong>caritate,liberalitate,perleclione</strong></span> <span class='ocrx_word' id='word_1_250' title='bbox 1827 2758 1857 2813; x_wconf 88' lang='lat' dir='ltr'><strong>et</strong></span> <span class='ocrx_word' id='word_1_251' title='bbox 1869 2747 1980 2830; x_wconf 91' lang='lat' dir='ltr'><strong>opulen-</strong></span> 
     </span>
     <span class='ocr_line' id='line_1_24' title="bbox 451 2844 1981 2929; baseline -0.004 -18"><span class='ocrx_word' id='word_1_252' title='bbox 451 2848 544 2912; x_wconf 90' lang='lat' dir='ltr'><strong>Nulla</strong></span> <span class='ocrx_word' id='word_1_253' title='bbox 581 2866 719 2929; x_wconf 88' lang='lat' dir='ltr'><strong>namque</strong></span> <span class='ocrx_word' id='word_1_254' title='bbox 758 2846 983 2909; x_wconf 89' lang='lat' dir='ltr'><strong>intellectualis</strong></span> <span class='ocrx_word' id='word_1_255' title='bbox 1022 2846 1200 2908; x_wconf 88' lang='lat' dir='ltr'><strong>substantia</strong></span> <span class='ocrx_word' id='word_1_256' title='bbox 1255 2852 1309 2929; x_wconf 87' lang='lat' dir='ltr'><strong>tia,</strong></span> <span class='ocrx_word' id='word_1_257' title='bbox 1327 2851 1547 2913; x_wconf 90' lang='lat' dir='ltr'><strong>moventurad</strong></span> <span class='ocrx_word' id='word_1_258' title='bbox 1563 2849 1813 2914; x_wconf 83' lang='lat' dir='ltr'><strong>diffundendum</strong></span> <span class='ocrx_word' id='word_1_259' title='bbox 1829 2844 1981 2912; x_wconf 90' lang='lat' dir='ltr'><strong>eommuni-</strong></span> 
     </span>
     <span class='ocr_line' id='line_1_25' title="bbox 452 2942 1982 3029; baseline -0.001 -24"><span class='ocrx_word' id='word_1_260' title='bbox 452 2948 544 3010; x_wconf 84' lang='lat' dir='ltr'><strong>beata</strong></span> <span class='ocrx_word' id='word_1_261' title='bbox 562 2954 611 3007; x_wconf 89' lang='lat' dir='ltr'><strong>est</strong></span> <span class='ocrx_word' id='word_1_262' title='bbox 634 2953 689 3007; x_wconf 91' lang='lat' dir='ltr'><strong>aut</strong></span> <span class='ocrx_word' id='word_1_263' title='bbox 707 2944 848 3025; x_wconf 87' lang='lat' dir='ltr'><strong>perlecta</strong></span> <span class='ocrx_word' id='word_1_264' title='bbox 871 2945 921 3006; x_wconf 91' lang='lat' dir='ltr'><strong>vel</strong></span> <span class='ocrx_word' id='word_1_265' title='bbox 947 2944 980 3005; x_wconf 95' lang='lat' dir='ltr'><strong>in</strong></span> <span class='ocrx_word' id='word_1_266' title='bbox 1006 2944 1127 3027; x_wconf 90' lang='lat' dir='ltr'><strong>optima</strong></span> <span class='ocrx_word' id='word_1_267' title='bbox 1151 2944 1199 3006; x_wconf 91' lang='lat' dir='ltr'><strong>sui</strong></span> <span class='ocrx_word' id='word_1_268' title='bbox 1257 2948 1456 3029; x_wconf 90' lang='lat' dir='ltr'><strong>candumque</strong></span> <span class='ocrx_word' id='word_1_269' title='bbox 1479 2947 1552 3009; x_wconf 93' lang='lat' dir='ltr'><strong>aliis</strong></span> <span class='ocrx_word' id='word_1_270' title='bbox 1573 2947 1701 3011; x_wconf 88' lang='lat' dir='ltr'><strong>divitias</strong></span> <span class='ocrx_word' id='word_1_271' title='bbox 1725 2944 1883 3025; x_wconf 76' lang='lat' dir='ltr'><strong>bonitatiS,</strong></span> <span class='ocrx_word' id='word_1_272' title='bbox 1899 2942 1982 3025; x_wconf 80' lang='lat' dir='ltr'><strong>perle</strong></span> 
     </span>
     <span class='ocr_line' id='line_1_26' title="bbox 453 3040 1979 3134; baseline -0.005 -26"><span class='ocrx_word' id='word_1_273' title='bbox 453 3045 657 3128; x_wconf 87' lang='lat' dir='ltr'><strong>dispositione</strong></span> <span class='ocrx_word' id='word_1_274' title='bbox 679 3043 868 3119; x_wconf 85' lang='lat' dir='ltr'><strong>consistens,</strong></span> <span class='ocrx_word' id='word_1_275' title='bbox 885 3042 1005 3122; x_wconf 88' lang='lat' dir='ltr'><strong>absque</strong></span> <span class='ocrx_word' id='word_1_276' title='bbox 1026 3043 1152 3134; x_wconf 80' lang='lat' dir='ltr'><strong>actione</strong></span> <span class='ocrx_word' id='word_1_277' title='bbox 1171 3043 1199 3105; x_wconf 91' lang='lat' dir='ltr'><strong>ei</strong></span> <span class='ocrx_word' id='word_1_278' title='bbox 1219 3043 1240 3105; x_wconf 84' lang='lat' dir='ltr'><strong>G</strong></span> <span class='ocrx_word' id='word_1_279' title='bbox 1257 3046 1373 3110; x_wconf 91' lang='lat' dir='ltr'><strong>ctionis</strong></span> <span class='ocrx_word' id='word_1_280' title='bbox 1398 3065 1435 3109; x_wconf 93' lang='lat' dir='ltr'><strong>ac</strong></span> <span class='ocrx_word' id='word_1_281' title='bbox 1460 3045 1569 3128; x_wconf 84' lang='lat' dir='ltr'><strong>gloriae</strong></span> <span class='ocrx_word' id='word_1_282' title='bbox 1595 3066 1679 3126; x_wconf 78' lang='lat' dir='ltr'><strong>suae3</strong></span> <span class='ocrx_word' id='word_1_283' title='bbox 1707 3064 1767 3107; x_wconf 91' lang='lat' dir='ltr'><strong>nec</strong></span> <span class='ocrx_word' id='word_1_284' title='bbox 1796 3043 1908 3127; x_wconf 86' lang='lat' dir='ltr'><strong>aliquid</strong></span> <span class='ocrx_word' id='word_1_285' title='bbox 1932 3040 1979 3102; x_wconf 88' lang='lat' dir='ltr'><strong>sibi</strong></span> 
     </span>
     <span class='ocr_line' id='line_1_27' title="bbox 453 3139 1980 3225; baseline -0.004 -18"><span class='ocrx_word' id='word_1_286' title='bbox 453 3143 650 3208; x_wconf 88' lang='lat' dir='ltr'><strong>connaturali</strong></span> <span class='ocrx_word' id='word_1_287' title='bbox 672 3150 704 3204; x_wconf 89' lang='lat' dir='ltr'><strong>et</strong></span> <span class='ocrx_word' id='word_1_288' title='bbox 725 3141 1038 3204; x_wconf 88' lang='lat' dir='ltr'><strong>convenientissima.</strong></span> <span class='ocrx_word' id='word_1_289' title='bbox 1257 3153 1420 3208; x_wconf 88' lang='lat' dir='ltr'><strong>reservant</strong></span> <span class='ocrx_word' id='word_1_290' title='bbox 1434 3144 1751 3222; x_wconf 89' lang='lat' dir='ltr'><strong>incommunicatum,</strong></span> <span class='ocrx_word' id='word_1_291' title='bbox 1770 3162 1834 3207; x_wconf 94' lang='lat' dir='ltr'><strong>non</strong></span> <span class='ocrx_word' id='word_1_292' title='bbox 1848 3142 1932 3225; x_wconf 89' lang='lat' dir='ltr'><strong>plane</strong></span> <span class='ocrx_word' id='word_1_293' title='bbox 1949 3139 1980 3202; x_wconf 93' lang='lat' dir='ltr'><strong>ob</strong></span> 
     </span>
     <span class='ocr_line' id='line_1_28' title="bbox 493 3239 1979 3324; baseline -0.004 -20"><span class='ocrx_word' id='word_1_294' title='bbox 493 3243 636 3324; x_wconf 89' lang='lat' dir='ltr'><strong>insuper,</strong></span> <span class='ocrx_word' id='word_1_295' title='bbox 659 3239 785 3302; x_wconf 91' lang='lat' dir='ltr'><strong>deliciis</strong></span> <span class='ocrx_word' id='word_1_296' title='bbox 809 3239 1034 3302; x_wconf 80' lang='lat' dir='ltr'><strong>sincerissimae</strong></span> <span class='ocrx_word' id='word_1_297' title='bbox 1060 3239 1201 3302; x_wconf 90' lang='lat' dir='ltr'><strong>caritatis</strong></span> <span class='ocrx_word' id='word_1_298' title='bbox 1257 3263 1346 3306; x_wconf 91' lang='lat' dir='ltr'><strong>suam</strong></span> <span class='ocrx_word' id='word_1_299' title='bbox 1376 3243 1597 3324; x_wconf 84' lang='lat' dir='ltr'><strong>indigentiam,</strong></span> <span class='ocrx_word' id='word_1_300' title='bbox 1623 3243 1678 3306; x_wconf 91' lang='lat' dir='ltr'><strong>sod</strong></span> <span class='ocrx_word' id='word_1_301' title='bbox 1706 3262 1744 3306; x_wconf 82' lang='lat' dir='ltr'><strong>ex</strong></span> <span class='ocrx_word' id='word_1_302' title='bbox 1769 3239 1979 3310; x_wconf 87' lang='lat' dir='ltr'><strong>liberalissima,</strong></span> 
     </span>
     <span class='ocr_line' id='line_1_29' title="bbox 454 3335 1981 3422; baseline -0.004 -19"><span class='ocrx_word' id='word_1_303' title='bbox 454 3341 499 3403; x_wconf 92' lang='lat' dir='ltr'><strong>nil</strong></span> <span class='ocrx_word' id='word_1_304' title='bbox 524 3347 624 3402; x_wconf 83' lang='lat' dir='ltr'><strong>exstat</strong></span> <span class='ocrx_word' id='word_1_305' title='bbox 647 3338 788 3417; x_wconf 89' lang='lat' dir='ltr'><strong>suavius,</strong></span> <span class='ocrx_word' id='word_1_306' title='bbox 804 3337 851 3399; x_wconf 91' lang='lat' dir='ltr'><strong>nil</strong></span> <span class='ocrx_word' id='word_1_307' title='bbox 875 3337 1060 3417; x_wconf 82' lang='lat' dir='ltr'><strong>jucundius.</strong></span> <span class='ocrx_word' id='word_1_308' title='bbox 1083 3336 1202 3400; x_wconf 86' lang='lat' dir='ltr'><strong>Caritas</strong></span> <span class='ocrx_word' id='word_1_309' title='bbox 1257 3341 1493 3404; x_wconf 88' lang='lat' dir='ltr'><strong>amorosissima</strong></span> <span class='ocrx_word' id='word_1_310' title='bbox 1507 3347 1539 3403; x_wconf 92' lang='lat' dir='ltr'><strong>et</strong></span> <span class='ocrx_word' id='word_1_311' title='bbox 1552 3341 1673 3422; x_wconf 91' lang='lat' dir='ltr'><strong>optima</strong></span> <span class='ocrx_word' id='word_1_312' title='bbox 1692 3340 1891 3403; x_wconf 85' lang='lat' dir='ltr'><strong>exuberantia</strong></span> <span class='ocrx_word' id='word_1_313' title='bbox 1908 3335 1981 3400; x_wconf 89' lang='lat' dir='ltr'><strong>boui·</strong></span> 
     </span>
     <span class='ocr_line' id='line_1_30' title="bbox 455 3435 1810 3520; baseline 0 -18"><span class='ocrx_word' id='word_1_314' title='bbox 455 3448 561 3502; x_wconf 90' lang='lat' dir='ltr'><strong>autem</strong></span> <span class='ocrx_word' id='word_1_315' title='bbox 583 3438 709 3519; x_wconf 88' lang='lat' dir='ltr'><strong>pmprie</strong></span> <span class='ocrx_word' id='word_1_316' title='bbox 734 3436 835 3498; x_wconf 88' lang='lat' dir='ltr'><strong>tendit</strong></span> <span class='ocrx_word' id='word_1_317' title='bbox 860 3435 893 3496; x_wconf 94' lang='lat' dir='ltr'><strong>in</strong></span> <span class='ocrx_word' id='word_1_318' title='bbox 918 3435 1027 3512; x_wconf 89' lang='lat' dir='ltr'><strong>alium,</strong></span> <span class='ocrx_word' id='word_1_319' title='bbox 1045 3445 1077 3497; x_wconf 92' lang='grc' dir='ltr'><strong>θῖ</strong></span> <span class='ocrx_word' id='word_1_320' title='bbox 1101 3436 1202 3517; x_wconf 89' lang='lat' dir='ltr'><strong>magis</strong></span> <span class='ocrx_word' id='word_1_321' title='bbox 1258 3439 1342 3516; x_wconf 89' lang='lat' dir='ltr'><strong>tatis,</strong></span> <span class='ocrx_word' id='word_1_322' title='bbox 1359 3439 1467 3520; x_wconf 77' lang='lat' dir='ltr'><strong>glorie</strong></span> <span class='ocrx_word' id='word_1_323' title='bbox 1489 3447 1520 3501; x_wconf 93' lang='lat' dir='ltr'><strong>et</strong></span> <span class='ocrx_word' id='word_1_324' title='bbox 1541 3438 1712 3520; x_wconf 77' lang='lat' dir='ltr'><strong>opulentiae</strong></span> <span class='ocrx_word' id='word_1_325' title='bbox 1735 3457 1810 3502; x_wconf 74' lang='lat' dir='ltr'><strong>suat.</strong></span> 
     </span>
     <span class='ocr_line' id='line_1_31' title="bbox 456 3533 1982 3617; baseline -0.004 -17"><span class='ocrx_word' id='word_1_326' title='bbox 456 3537 591 3600; x_wconf 90' lang='lat' dir='ltr'><strong>sentitur</strong></span> <span class='ocrx_word' id='word_1_327' title='bbox 605 3535 690 3598; x_wconf 90' lang='lat' dir='ltr'><strong>circa</strong></span> <span class='ocrx_word' id='word_1_328' title='bbox 705 3533 807 3613; x_wconf 92' lang='lat' dir='ltr'><strong>illum,</strong></span> <span class='ocrx_word' id='word_1_329' title='bbox 823 3552 922 3614; x_wconf 90' lang='lat' dir='ltr'><strong>quum</strong></span> <span class='ocrx_word' id='word_1_330' title='bbox 938 3533 980 3595; x_wconf 91' lang='lat' dir='ltr'><strong>sit</strong></span> <span class='ocrx_word' id='word_1_331' title='bbox 998 3533 1048 3595; x_wconf 88' lang='lat' dir='ltr'><strong>vis</strong></span> <span class='ocrx_word' id='word_1_332' title='bbox 1067 3533 1200 3611; x_wconf 90' lang='lat' dir='ltr'><strong>unitiva,</strong></span> <span class='ocrx_word' id='word_1_333' title='bbox 1298 3537 1512 3599; x_wconf 79' lang='lat' dir='ltr'><strong>Sarracenos.</strong></span> <span class='ocrx_word' id='word_1_334' title='bbox 1529 3571 1569 3582; x_wconf 91' lang='lat'><strong>·-</strong></span> <span class='ocrx_word' id='word_1_335' title='bbox 1582 3535 1736 3609; x_wconf 87' lang='lat' dir='ltr'><strong>Quoniam</strong></span> <span class='ocrx_word' id='word_1_336' title='bbox 1750 3536 1839 3617; x_wconf 83' lang='lat' dir='ltr'><strong>juxte</strong></span> <span class='ocrx_word' id='word_1_337' title='bbox 1853 3539 1982 3616; x_wconf 86' lang='lat' dir='ltr'><strong>protesta-</strong></span> 
     </span>
     <span class='ocr_line' id='line_1_32' title="bbox 456 3631 2074 3715; baseline -0.006 -17"><span class='ocrx_word' id='word_1_338' title='bbox 456 3655 555 3698; x_wconf 81' lang='lat' dir='ltr'><strong>nerus</strong></span> <span class='ocrx_word' id='word_1_339' title='bbox 571 3643 602 3697; x_wconf 91' lang='lat' dir='ltr'><strong>et</strong></span> <span class='ocrx_word' id='word_1_340' title='bbox 616 3633 692 3696; x_wconf 95' lang='lat' dir='ltr'><strong>unio</strong></span> <span class='ocrx_word' id='word_1_341' title='bbox 707 3632 843 3696; x_wconf 89' lang='lat' dir='ltr'><strong>amantis</strong></span> <span class='ocrx_word' id='word_1_342' title='bbox 862 3640 956 3713; x_wconf 87' lang='lat' dir='ltr'><strong>atque</strong></span> <span class='ocrx_word' id='word_1_343' title='bbox 975 3632 1082 3694; x_wconf 87' lang='lat' dir='ltr'><strong>amati.</strong></span> <span class='ocrx_word' id='word_1_344' title='bbox 1100 3631 1204 3694; x_wconf 87' lang='lat' dir='ltr'><strong>Perle-</strong></span> <span class='ocrx_word' id='word_1_345' title='bbox 1258 3636 1376 3698; x_wconf 88' lang='lat' dir='ltr'><strong>tionem</strong></span> <span class='ocrx_word' id='word_1_346' title='bbox 1392 3642 1478 3696; x_wconf 87' lang='lat' dir='ltr'><strong>tuam</strong></span> <span class='ocrx_word' id='word_1_347' title='bbox 1494 3635 1835 3715; x_wconf 81' lang='lat' dir='ltr'><strong>prmtectam,mtiones</strong></span> <span class='ocrx_word' id='word_1_348' title='bbox 1849 3635 1916 3695; x_wconf 86' lang='lat' dir='ltr'><strong>istas</strong></span> <span class='ocrx_word' id='word_1_349' title='bbox 1929 3639 2074 3700; x_wconf 54' lang='lat' dir='ltr'><strong>nonam</strong></span> 
     </span>
     <span class='ocr_line' id='line_1_33' title="bbox 456 3727 1981 3813; baseline -0.006 -17"><span class='ocrx_word' id='word_1_350' title='bbox 456 3733 600 3796; x_wconf 82' lang='lat' dir='ltr'><strong>ctissime</strong></span> <span class='ocrx_word' id='word_1_351' title='bbox 620 3749 747 3812; x_wconf 89' lang='lat' dir='ltr'><strong>quoque</strong></span> <span class='ocrx_word' id='word_1_352' title='bbox 767 3729 896 3791; x_wconf 88' lang='lat' dir='ltr'><strong>dilectio</strong></span> <span class='ocrx_word' id='word_1_353' title='bbox 919 3728 1132 3791; x_wconf 87' lang='lat' dir='ltr'><strong>condilectum</strong></span> <span class='ocrx_word' id='word_1_354' title='bbox 1157 3749 1204 3792; x_wconf 91' lang='lat' dir='ltr'><strong>re·</strong></span> <span class='ocrx_word' id='word_1_355' title='bbox 1258 3741 1407 3812; x_wconf 72' lang='lat' dir='ltr'><strong>unquam</strong></span> <span class='ocrx_word' id='word_1_356' title='bbox 1423 3731 1688 3794; x_wconf 89' lang='lat' dir='ltr'><strong>demonstrativas</strong></span> <span class='ocrx_word' id='word_1_357' title='bbox 1704 3733 1759 3794; x_wconf 92' lang='lat' dir='ltr'><strong>sed</strong></span> <span class='ocrx_word' id='word_1_358' title='bbox 1774 3741 1809 3794; x_wconf 89' lang='lat' dir='ltr'><strong>ut</strong></span> <span class='ocrx_word' id='word_1_359' title='bbox 1828 3727 1981 3813; x_wconf 87' lang='lat' dir='ltr'><strong>probabiles</strong></span> 
     </span>
     <span class='ocr_line' id='line_1_34' title="bbox 457 3827 1980 3914; baseline -0.003 -22"><span class='ocrx_word' id='word_1_360' title='bbox 457 3831 566 3914; x_wconf 89' lang='lat' dir='ltr'><strong>quirit,</strong></span> <span class='ocrx_word' id='word_1_361' title='bbox 583 3829 637 3911; x_wconf 92' lang='lat' dir='ltr'><strong>qui</strong></span> <span class='ocrx_word' id='word_1_362' title='bbox 659 3828 701 3890; x_wconf 89' lang='lat' dir='ltr'><strong>sit</strong></span> <span class='ocrx_word' id='word_1_363' title='bbox 715 3829 802 3892; x_wconf 91' lang='lat' dir='ltr'><strong>velut</strong></span> <span class='ocrx_word' id='word_1_364' title='bbox 817 3827 981 3891; x_wconf 89' lang='lat' dir='ltr'><strong>vinculum</strong></span> <span class='ocrx_word' id='word_1_365' title='bbox 996 3837 1028 3888; x_wconf 90' lang='lat' dir='ltr'><strong>et</strong></span> <span class='ocrx_word' id='word_1_366' title='bbox 1042 3847 1203 3890; x_wconf 85' lang='lat' dir='ltr'><strong>connexus</strong></span> <span class='ocrx_word' id='word_1_367' title='bbox 1259 3830 1446 3907; x_wconf 88' lang='lat' dir='ltr'><strong>introducis,</strong></span> <span class='ocrx_word' id='word_1_368' title='bbox 1472 3849 1536 3892; x_wconf 93' lang='lat' dir='ltr'><strong>non</strong></span> <span class='ocrx_word' id='word_1_369' title='bbox 1561 3829 1607 3892; x_wconf 89' lang='lat' dir='ltr'><strong>eis</strong></span> <span class='ocrx_word' id='word_1_370' title='bbox 1632 3830 1751 3912; x_wconf 87' lang='lat' dir='ltr'><strong>objicio</strong></span> <span class='ocrx_word' id='word_1_371' title='bbox 1776 3850 1835 3893; x_wconf 88' lang='lat' dir='ltr'><strong>nec</strong></span> <span class='ocrx_word' id='word_1_372' title='bbox 1859 3828 1980 3892; x_wconf 88' lang='lat' dir='ltr'><strong>resisto:</strong></span> 
     </span>
     <span class='ocr_line' id='line_1_35' title="bbox 457 3925 1984 4010; baseline -0.005 -18"><span class='ocrx_word' id='word_1_373' title='bbox 457 3929 574 3992; x_wconf 89' lang='lat' dir='ltr'><strong>amoris</strong></span> <span class='ocrx_word' id='word_1_374' title='bbox 597 3927 773 3990; x_wconf 90' lang='lat' dir='ltr'><strong>amborum.</strong></span> <span class='ocrx_word' id='word_1_375' title='bbox 799 3926 845 3988; x_wconf 83' lang='lat' dir='ltr'><strong>Ad</strong></span> <span class='ocrx_word' id='word_1_376' title='bbox 870 3925 1103 4006; x_wconf 90' lang='lat' dir='ltr'><strong>plenitudinem</strong></span> <span class='ocrx_word' id='word_1_377' title='bbox 1129 3945 1204 4008; x_wconf 91' lang='lat' dir='ltr'><strong>ergo</strong></span> <span class='ocrx_word' id='word_1_378' title='bbox 1260 3927 1324 3990; x_wconf 92' lang='lat' dir='ltr'><strong>imo</strong></span> <span class='ocrx_word' id='word_1_379' title='bbox 1352 3926 1451 3990; x_wconf 87' lang='lat' dir='ltr'><strong>iidem</strong></span> <span class='ocrx_word' id='word_1_380' title='bbox 1480 3946 1592 3990; x_wconf 90' lang='lat' dir='ltr'><strong>ornare</strong></span> <span class='ocrx_word' id='word_1_381' title='bbox 1621 3936 1653 3990; x_wconf 90' lang='lat' dir='ltr'><strong>et</strong></span> <span class='ocrx_word' id='word_1_382' title='bbox 1681 3930 1867 4010; x_wconf 89' lang='lat' dir='ltr'><strong>persuadere</strong></span> <span class='ocrx_word' id='word_1_383' title='bbox 1892 3926 1984 3988; x_wconf 87' lang='lat' dir='ltr'><strong>viden-</strong></span> 
     </span>
     <span class='ocr_line' id='line_1_36' title="bbox 458 4023 1983 4107; baseline -0.005 -17"><span class='ocrx_word' id='word_1_384' title='bbox 458 4027 646 4091; x_wconf 91' lang='lat' dir='ltr'><strong>deliciarum</strong></span> <span class='ocrx_word' id='word_1_385' title='bbox 680 4024 887 4087; x_wconf 87' lang='lat' dir='ltr'><strong>beatitudinis</strong></span> <span class='ocrx_word' id='word_1_386' title='bbox 921 4023 976 4086; x_wconf 87' lang='lat' dir='ltr'><strong>Dei</strong></span> <span class='ocrx_word' id='word_1_387' title='bbox 1012 4032 1134 4105; x_wconf 90' lang='lat' dir='ltr'><strong>spectat</strong></span> <span class='ocrx_word' id='word_1_388' title='bbox 1170 4033 1205 4087; x_wconf 87' lang='lat' dir='ltr'><strong>ut</strong></span> <span class='ocrx_word' id='word_1_389' title='bbox 1260 4034 1320 4088; x_wconf 89' lang='lat' dir='ltr'><strong>tur.</strong></span> <span class='ocrx_word' id='word_1_390' title='bbox 1338 4025 1792 4107; x_wconf 88' lang='lat' dir='ltr'><strong>ldeircoadperscrutaudum</strong></span> <span class='ocrx_word' id='word_1_391' title='bbox 1810 4025 1983 4088; x_wconf 85' lang='lat' dir='ltr'><strong>aquristus</strong></span> 
     </span>
     <span class='ocr_line' id='line_1_37' title="bbox 458 4120 1933 4207; baseline -0.005 -17"><span class='ocrx_word' id='word_1_392' title='bbox 458 4129 541 4191; x_wconf 85' lang='lat' dir='ltr'><strong>Deus</strong></span> <span class='ocrx_word' id='word_1_393' title='bbox 555 4125 646 4187; x_wconf 88' lang='lat' dir='ltr'><strong>Pater</strong></span> <span class='ocrx_word' id='word_1_394' title='bbox 664 4123 779 4185; x_wconf 89' lang='lat' dir='ltr'><strong>habeat</strong></span> <span class='ocrx_word' id='word_1_395' title='bbox 801 4121 917 4183; x_wconf 86' lang='lat' dir='ltr'><strong>Filium</strong></span> <span class='ocrx_word' id='word_1_396' title='bbox 939 4120 1066 4184; x_wconf 87' lang='lat' dir='ltr'><strong>infinite</strong></span> <span class='ocrx_word' id='word_1_397' title='bbox 1086 4122 1205 4184; x_wconf 91' lang='lat' dir='ltr'><strong>amabi·</strong></span> <span class='ocrx_word' id='word_1_398' title='bbox 1260 4124 1301 4187; x_wconf 91' lang='lat' dir='ltr'><strong>sit</strong></span> <span class='ocrx_word' id='word_1_399' title='bbox 1315 4143 1409 4186; x_wconf 87' lang='lat' dir='ltr'><strong>verus</strong></span> <span class='ocrx_word' id='word_1_400' title='bbox 1425 4124 1519 4202; x_wconf 84' lang='lat' dir='ltr'><strong>lleus,</strong></span> <span class='ocrx_word' id='word_1_401' title='bbox 1537 4125 1563 4186; x_wconf 91' lang='lat' dir='ltr'><strong>si</strong></span> <span class='ocrx_word' id='word_1_402' title='bbox 1579 4124 1694 4207; x_wconf 86' lang='lat' dir='ltr'><strong>placet,</strong></span> <span class='ocrx_word' id='word_1_403' title='bbox 1712 4133 1933 4188; x_wconf 86' lang='lat' dir='ltr'><strong>convertamur.</strong></span> 
     </span>
     <span class='ocr_line' id='line_1_38' title="bbox 458 4219 1981 4305; baseline -0.009 -15"><span class='ocrx_word' id='word_1_404' title='bbox 458 4228 533 4302; x_wconf 92' lang='lat' dir='ltr'><strong>lem,</strong></span> <span class='ocrx_word' id='word_1_405' title='bbox 560 4232 592 4287; x_wconf 87' lang='lat' dir='ltr'><strong>et</strong></span> <span class='ocrx_word' id='word_1_406' title='bbox 614 4223 674 4285; x_wconf 91' lang='lat' dir='ltr'><strong>sibi</strong></span> <span class='ocrx_word' id='word_1_407' title='bbox 698 4230 762 4283; x_wconf 90' lang='lat' dir='ltr'><strong>tam</strong></span> <span class='ocrx_word' id='word_1_408' title='bbox 791 4239 900 4283; x_wconf 91' lang='lat' dir='ltr'><strong>carum</strong></span> <span class='ocrx_word' id='word_1_409' title='bbox 929 4229 964 4283; x_wconf 90' lang='lat' dir='ltr'><strong>ut</strong></span> <span class='ocrx_word' id='word_1_410' title='bbox 990 4220 1103 4302; x_wconf 88' lang='lat' dir='ltr'><strong>diligat</strong></span> <span class='ocrx_word' id='word_1_411' title='bbox 1131 4219 1244 4284; x_wconf 83' lang='lat' dir='ltr'><strong>euml)</strong></span> <span class='ocrx_word' id='word_1_412' title='bbox 1299 4222 1514 4286; x_wconf 83' lang='lat' dir='ltr'><strong>Guarsrmuus.</strong></span> <span class='ocrx_word' id='word_1_413' title='bbox 1531 4223 1650 4285; x_wconf 88' lang='lat' dir='ltr'><strong>-Hoc</strong></span> <span class='ocrx_word' id='word_1_414' title='bbox 1664 4223 1729 4304; x_wconf 87' lang='lat' dir='ltr'><strong>jam</strong></span> <span class='ocrx_word' id='word_1_415' title='bbox 1747 4219 1981 4305; x_wconf 86' lang='lat' dir='ltr'><strong>patetexdictis.</strong></span> 
     </span>
     <span class='ocr_line' id='line_1_39' title="bbox 457 4315 1983 4403; baseline -0.005 -15"><span class='ocrx_word' id='word_1_416' title='bbox 457 4333 580 4388; x_wconf 89' lang='lat' dir='ltr'><strong>tantum</strong></span> <span class='ocrx_word' id='word_1_417' title='bbox 596 4321 679 4384; x_wconf 89' lang='lat' dir='ltr'><strong>sicut</strong></span> <span class='ocrx_word' id='word_1_418' title='bbox 693 4339 726 4382; x_wconf 90' lang='lat' dir='ltr'><strong>se</strong></span> <span class='ocrx_word' id='word_1_419' title='bbox 741 4318 957 4400; x_wconf 80' lang='lat' dir='ltr'><strong>ipsunt,Pater</strong></span> <span class='ocrx_word' id='word_1_420' title='bbox 970 4319 1046 4380; x_wconf 85' lang='lat' dir='ltr'><strong>item</strong></span> <span class='ocrx_word' id='word_1_421' title='bbox 1061 4327 1093 4380; x_wconf 90' lang='lat' dir='ltr'><strong>et</strong></span> <span class='ocrx_word' id='word_1_422' title='bbox 1107 4319 1204 4381; x_wconf 82' lang='lat' dir='ltr'><strong>Filius</strong></span> <span class='ocrx_word' id='word_1_423' title='bbox 1300 4320 1511 4383; x_wconf 81' lang='lat' dir='ltr'><strong>Saauaoauus.</strong></span> <span class='ocrx_word' id='word_1_424' title='bbox 1534 4355 1575 4367; x_wconf 93' lang='lat'>-</span> <span class='ocrx_word' id='word_1_425' title='bbox 1593 4319 1740 4384; x_wconf 90' lang='lat' dir='ltr'><strong>Nondum</strong></span> <span class='ocrx_word' id='word_1_426' title='bbox 1761 4328 1848 4403; x_wconf 89' lang='lat' dir='ltr'><strong>patet</strong></span> <span class='ocrx_word' id='word_1_427' title='bbox 1864 4317 1937 4402; x_wconf 89' lang='lat' dir='ltr'><strong>quod</strong></span> <span class='ocrx_word' id='word_1_428' title='bbox 1957 4315 1983 4375; x_wconf 88' lang='lat' dir='ltr'><strong>in</strong></span> 
     </span>
     <span class='ocr_line' id='line_1_40' title="bbox 457 4416 1981 4501; baseline -0.008 -16"><span class='ocrx_word' id='word_1_429' title='bbox 457 4423 596 4485; x_wconf 89' lang='lat' dir='ltr'><strong>babeant</strong></span> <span class='ocrx_word' id='word_1_430' title='bbox 623 4416 834 4482; x_wconf 87' lang='lat' dir='ltr'><strong>condilectum</strong></span> <span class='ocrx_word' id='word_1_431' title='bbox 864 4416 905 4478; x_wconf 90' lang='lat' dir='ltr'><strong>ab</strong></span> <span class='ocrx_word' id='word_1_432' title='bbox 933 4424 1066 4499; x_wconf 89' lang='lat' dir='ltr'><strong>utroque</strong></span> <span class='ocrx_word' id='word_1_433' title='bbox 1096 4436 1206 4498; x_wconf 90' lang='lat' dir='ltr'><strong>proce-</strong></span> <span class='ocrx_word' id='word_1_434' title='bbox 1260 4418 1380 4481; x_wconf 86' lang='lat' dir='ltr'><strong>unitate</strong></span> <span class='ocrx_word' id='word_1_435' title='bbox 1392 4437 1535 4501; x_wconf 75' lang='lat' dir='ltr'><strong>personat</strong></span> <span class='ocrx_word' id='word_1_436' title='bbox 1545 4417 1687 4481; x_wconf 84' lang='lat' dir='ltr'><strong>Christus</strong></span> <span class='ocrx_word' id='word_1_437' title='bbox 1702 4419 1743 4482; x_wconf 91' lang='lat' dir='ltr'><strong>sit</strong></span> <span class='ocrx_word' id='word_1_438' title='bbox 1757 4420 1839 4484; x_wconf 85' lang='lat' dir='ltr'><strong>lleus</strong></span> <span class='ocrx_word' id='word_1_439' title='bbox 1852 4427 1881 4481; x_wconf 89' lang='lat' dir='ltr'><strong>ot</strong></span> <span class='ocrx_word' id='word_1_440' title='bbox 1892 4418 1981 4479; x_wconf 89' lang='lat' dir='ltr'><strong>bomo.</strong></span> 
     </span>
     <span class='ocr_line' id='line_1_41' title="bbox 458 4513 1984 4597; baseline -0.007 -14"><span class='ocrx_word' id='word_1_441' title='bbox 458 4521 584 4584; x_wconf 87' lang='lat' dir='ltr'><strong>dentem</strong></span> <span class='ocrx_word' id='word_1_442' title='bbox 600 4526 632 4579; x_wconf 92' lang='lat' dir='ltr'><strong>et</strong></span> <span class='ocrx_word' id='word_1_443' title='bbox 644 4516 770 4596; x_wconf 88' lang='lat' dir='ltr'><strong>utrique</strong></span> <span class='ocrx_word' id='word_1_444' title='bbox 785 4515 1094 4596; x_wconf 88' lang='lat' dir='ltr'><strong>supercarissimum,</strong></span> <span class='ocrx_word' id='word_1_445' title='bbox 1110 4535 1204 4597; x_wconf 89' lang='lat' dir='ltr'><strong>quem</strong></span> <span class='ocrx_word' id='word_1_446' title='bbox 1300 4515 1515 4580; x_wconf 81' lang='lat' dir='ltr'><strong>Guarsruuus.</strong></span> <span class='ocrx_word' id='word_1_447' title='bbox 1537 4551 1578 4562; x_wconf 91' lang='lat'><strong>—-</strong></span> <span class='ocrx_word' id='word_1_448' title='bbox 1600 4516 1679 4592; x_wconf 86' lang='lat' dir='ltr'><strong>Quid</strong></span> <span class='ocrx_word' id='word_1_449' title='bbox 1703 4517 1744 4581; x_wconf 89' lang='lat' dir='ltr'><strong>de</strong></span> <span class='ocrx_word' id='word_1_450' title='bbox 1767 4517 1828 4582; x_wconf 90' lang='lat' dir='ltr'><strong>boe</strong></span> <span class='ocrx_word' id='word_1_451' title='bbox 1850 4513 1984 4580; x_wconf 89' lang='lat' dir='ltr'><strong>calholica</strong></span> 
     </span>
     <span class='ocr_line' id='line_1_42' title="bbox 458 4613 1752 4697; baseline -0.002 -16"><span class='ocrx_word' id='word_1_452' title='bbox 458 4637 522 4682; x_wconf 91' lang='lat' dir='ltr'><strong>nou</strong></span> <span class='ocrx_word' id='word_1_453' title='bbox 550 4616 656 4678; x_wconf 91' lang='lat' dir='ltr'><strong>minus</strong></span> <span class='ocrx_word' id='word_1_454' title='bbox 675 4613 810 4694; x_wconf 83' lang='lat' dir='ltr'><strong>diligant</strong></span> <span class='ocrx_word' id='word_1_455' title='bbox 832 4632 928 4695; x_wconf 88' lang='lat' dir='ltr'><strong>quam</strong></span> <span class='ocrx_word' id='word_1_456' title='bbox 953 4633 987 4675; x_wconf 92' lang='lat' dir='ltr'><strong>se</strong></span> <span class='ocrx_word' id='word_1_457' title='bbox 1011 4613 1109 4695; x_wconf 90' lang='lat' dir='ltr'><strong>ipsos.</strong></span> <span class='ocrx_word' id='word_1_458' title='bbox 1125 4613 1204 4688; x_wconf 88' lang='lat' dir='ltr'><strong>Quid</strong></span> <span class='ocrx_word' id='word_1_459' title='bbox 1261 4622 1367 4677; x_wconf 87' lang='lat' dir='ltr'><strong>teneat</strong></span> <span class='ocrx_word' id='word_1_460' title='bbox 1388 4615 1470 4679; x_wconf 89' lang='lat' dir='ltr'><strong>lides</strong></span> <span class='ocrx_word' id='word_1_461' title='bbox 1485 4615 1551 4697; x_wconf 87' lang='lat' dir='ltr'><strong>jam</strong></span> <span class='ocrx_word' id='word_1_462' title='bbox 1573 4615 1752 4680; x_wconf 86' lang='lat' dir='ltr'><strong>declarabo.</strong></span> 
     </span>
     <span class='ocr_line' id='line_1_43' title="bbox 457 4711 1206 4798; baseline -0.007 -19"><span class='ocrx_word' id='word_1_463' title='bbox 457 4713 628 4798; x_wconf 88' lang='lat' dir='ltr'><strong>gloriosius</strong></span> <span class='ocrx_word' id='word_1_464' title='bbox 661 4712 731 4774; x_wconf 89' lang='lat' dir='ltr'><strong>istis</strong></span> <span class='ocrx_word' id='word_1_465' title='bbox 765 4711 888 4773; x_wconf 92' lang='lat' dir='ltr'><strong>deliciis</strong></span> <span class='ocrx_word' id='word_1_466' title='bbox 920 4712 1206 4794; x_wconf 82' lang='lat' dir='ltr'><strong>superbeatissimae</strong></span> 
     </span>
     <span class='ocr_line' id='line_1_44' title="bbox 458 4809 1820 4890; baseline -0.004 -13"><span class='ocrx_word' id='word_1_467' title='bbox 458 4811 630 4890; x_wconf 84' lang='lat' dir='ltr'><strong>Trinitatis,</strong></span> <span class='ocrx_word' id='word_1_468' title='bbox 647 4811 680 4872; x_wconf 95' lang='lat' dir='ltr'><strong>in</strong></span> <span class='ocrx_word' id='word_1_469' title='bbox 695 4828 757 4890; x_wconf 91' lang='lat' dir='ltr'><strong>qua</strong></span> <span class='ocrx_word' id='word_1_470' title='bbox 771 4809 860 4872; x_wconf 92' lang='lat' dir='ltr'><strong>nulla</strong></span> <span class='ocrx_word' id='word_1_471' title='bbox 875 4817 979 4890; x_wconf 86' lang='lat' dir='ltr'><strong>potest</strong></span> <span class='ocrx_word' id='word_1_472' title='bbox 995 4829 1065 4872; x_wconf 90' lang='lat' dir='ltr'><strong>esse</strong></span> <span class='ocrx_word' id='word_1_473' title='bbox 1084 4811 1206 4873; x_wconf 91' lang='lat' dir='ltr'><strong>dissen·</strong></span> <span class='ocrx_word' id='word_1_474' title='bbox 1449 4825 1693 4890; x_wconf 73' lang='lat' dir='ltr'><strong>ARTlcULUS</strong></span> <span class='ocrx_word' id='word_1_475' title='bbox 1712 4826 1820 4890; x_wconf 70' lang='lat' dir='ltr'><strong>xvn¹</strong></span> 
     </span>
     <span class='ocr_line' id='line_1_45' title="bbox 458 4907 1206 4992; baseline -0.008 -16"><span class='ocrx_word' id='word_1_476' title='bbox 458 4913 518 4992; x_wconf 92' lang='lat' dir='ltr'><strong>sio,</strong></span> <span class='ocrx_word' id='word_1_477' title='bbox 531 4910 618 4974; x_wconf 90' lang='lat' dir='ltr'><strong>nulla</strong></span> <span class='ocrx_word' id='word_1_478' title='bbox 631 4908 802 4985; x_wconf 89' lang='lat' dir='ltr'><strong>discordia,</strong></span> <span class='ocrx_word' id='word_1_479' title='bbox 815 4927 915 4989; x_wconf 89' lang='lat' dir='ltr'><strong>quum</strong></span> <span class='ocrx_word' id='word_1_480' title='bbox 932 4907 964 4969; x_wconf 93' lang='lat' dir='ltr'><strong>in</strong></span> <span class='ocrx_word' id='word_1_481' title='bbox 979 4908 1081 4970; x_wconf 91' lang='lat' dir='ltr'><strong>tribus</strong></span> <span class='ocrx_word' id='word_1_482' title='bbox 1097 4927 1206 4989; x_wconf 91' lang='lat' dir='ltr'><strong>super-</strong></span> 
     </span>
     <span class='ocr_line' id='line_1_46' title="bbox 458 5005 1206 5091; baseline -0.008 -17"><span class='ocrx_word' id='word_1_483' title='bbox 458 5010 577 5074; x_wconf 90' lang='lat' dir='ltr'><strong>sanctis</strong></span> <span class='ocrx_word' id='word_1_484' title='bbox 596 5007 742 5091; x_wconf 91' lang='lat' dir='ltr'><strong>personis</strong></span> <span class='ocrx_word' id='word_1_485' title='bbox 761 5007 803 5068; x_wconf 89' lang='lat' dir='ltr'><strong>sit</strong></span> <span class='ocrx_word' id='word_1_486' title='bbox 821 5025 884 5069; x_wconf 87' lang='lat' dir='ltr'><strong>una</strong></span> <span class='ocrx_word' id='word_1_487' title='bbox 904 5005 1072 5068; x_wconf 83' lang='lat' dir='ltr'><strong>voluntasl</strong></span> <span class='ocrx_word' id='word_1_488' title='bbox 1089 5006 1122 5068; x_wconf 93' lang='lat' dir='ltr'><strong>ln</strong></span> <span class='ocrx_word' id='word_1_489' title='bbox 1143 5025 1206 5087; x_wconf 89' lang='lat' dir='ltr'><strong>qua</strong></span> 
     </span>
     <span class='ocr_line' id='line_1_47' title="bbox 457 5104 1205 5186; baseline -0.008 -14"><span class='ocrx_word' id='word_1_490' title='bbox 457 5109 609 5172; x_wconf 85' lang='lat' dir='ltr'><strong>Trinitate</strong></span> <span class='ocrx_word' id='word_1_491' title='bbox 633 5125 697 5168; x_wconf 92' lang='lat' dir='ltr'><strong>uua</strong></span> <span class='ocrx_word' id='word_1_492' title='bbox 720 5123 855 5186; x_wconf 89' lang='lat' dir='ltr'><strong>persona</strong></span> <span class='ocrx_word' id='word_1_493' title='bbox 880 5112 987 5166; x_wconf 91' lang='lat' dir='ltr'><strong>manat</strong></span> <span class='ocrx_word' id='word_1_494' title='bbox 1009 5104 1050 5166; x_wconf 91' lang='lat' dir='ltr'><strong>ab</strong></span> <span class='ocrx_word' id='word_1_495' title='bbox 1075 5104 1148 5182; x_wconf 90' lang='lat' dir='ltr'><strong>alia,</strong></span> <span class='ocrx_word' id='word_1_496' title='bbox 1174 5113 1205 5167; x_wconf 82' lang='lat' dir='ltr'><strong>et</strong></span> 
     </span>
     <span class='ocr_line' id='line_1_48' title="bbox 457 5203 1985 5286; baseline -0.005 -17"><span class='ocrx_word' id='word_1_497' title='bbox 457 5208 549 5270; x_wconf 90' lang='lat' dir='ltr'><strong>tertia</strong></span> <span class='ocrx_word' id='word_1_498' title='bbox 568 5205 608 5268; x_wconf 91' lang='lat' dir='ltr'><strong>ab</strong></span> <span class='ocrx_word' id='word_1_499' title='bbox 628 5213 781 5285; x_wconf 80' lang='lat' dir='ltr'><strong>utraque3</strong></span> <span class='ocrx_word' id='word_1_500' title='bbox 798 5203 831 5264; x_wconf 93' lang='lat' dir='ltr'><strong>in</strong></span> <span class='ocrx_word' id='word_1_501' title='bbox 847 5221 909 5283; x_wconf 87' lang='lat' dir='ltr'><strong>qua</strong></span> <span class='ocrx_word' id='word_1_502' title='bbox 930 5211 978 5264; x_wconf 91' lang='lat' dir='ltr'><strong>est</strong></span> <span class='ocrx_word' id='word_1_503' title='bbox 999 5203 1103 5264; x_wconf 89' lang='lat' dir='ltr'><strong>omnis</strong></span> <span class='ocrx_word' id='word_1_504' title='bbox 1126 5203 1204 5264; x_wconf 90' lang='lat' dir='ltr'><strong>ratio</strong></span> <span class='ocrx_word' id='word_1_505' title='bbox 1301 5204 1516 5268; x_wconf 78' lang='lat' dir='ltr'><strong>Cuarsrmuus.</strong></span> <span class='ocrx_word' id='word_1_506' title='bbox 1537 5203 1639 5266; x_wconf 89' lang='lat' dir='ltr'><strong>-Ea</strong></span> <span class='ocrx_word' id='word_1_507' title='bbox 1661 5223 1732 5286; x_wconf 80' lang='lat' dir='ltr'><strong>que</strong></span> <span class='ocrx_word' id='word_1_508' title='bbox 1756 5204 1833 5269; x_wconf 86' lang='lat' dir='ltr'><strong>fidei</strong></span> <span class='ocrx_word' id='word_1_509' title='bbox 1854 5211 1932 5280; x_wconf 93' lang='lat' dir='ltr'><strong>sunt,</strong></span> <span class='ocrx_word' id='word_1_510' title='bbox 1947 5219 1985 5262; x_wconf 86' lang='lat' dir='ltr'><strong>ra-</strong></span> 
     </span>
     <span class='ocr_line' id='line_1_49' title="bbox 457 5299 1985 5390; baseline -0.007 -21"><span class='ocrx_word' id='word_1_511' title='bbox 457 5325 544 5390; x_wconf 84' lang='lat' dir='ltr'><strong>purae</strong></span> <span class='ocrx_word' id='word_1_512' title='bbox 568 5312 600 5369; x_wconf 89' lang='lat' dir='ltr'><strong>et</strong></span> <span class='ocrx_word' id='word_1_513' title='bbox 619 5311 736 5367; x_wconf 80' lang='lat' dir='ltr'><strong>sancte</strong></span> <span class='ocrx_word' id='word_1_514' title='bbox 754 5301 947 5380; x_wconf 90' lang='lat' dir='ltr'><strong>dilectionis,</strong></span> <span class='ocrx_word' id='word_1_515' title='bbox 964 5301 1112 5364; x_wconf 88' lang='lat' dir='ltr'><strong>videlicet</strong></span> <span class='ocrx_word' id='word_1_516' title='bbox 1137 5319 1205 5363; x_wconf 91' lang='lat' dir='ltr'><strong>mu·</strong></span> <span class='ocrx_word' id='word_1_517' title='bbox 1262 5301 1380 5367; x_wconf 88' lang='lat' dir='ltr'><strong>tionem</strong></span> <span class='ocrx_word' id='word_1_518' title='bbox 1395 5302 1633 5382; x_wconf 89' lang='lat' dir='ltr'><strong>transcendunt,</strong></span> <span class='ocrx_word' id='word_1_519' title='bbox 1651 5320 1709 5366; x_wconf 88' lang='lat' dir='ltr'><strong>nec</strong></span> <span class='ocrx_word' id='word_1_520' title='bbox 1729 5301 1859 5366; x_wconf 89' lang='lat' dir='ltr'><strong>naturali</strong></span> <span class='ocrx_word' id='word_1_521' title='bbox 1881 5299 1985 5364; x_wconf 86' lang='lat' dir='ltr'><strong>ratione</strong></span> 
     </span>
    </p>
   </div>
   <div class='ocr_carea' id='block_1_3' title="bbox 1275 4955 1975 5106">
    <p class='ocr_par' dir='ltr' id='par_1_3' title="bbox 1275 4955 1975 5106">
     <span class='ocr_line' id='line_1_50' title="bbox 1275 4955 1975 5032; baseline 0.007 -18"><span class='ocrx_word' id='word_1_522' title='bbox 1275 4956 1366 5022; x_wconf 80' lang='lat' dir='ltr'><strong>Quod</strong></span> <span class='ocrx_word' id='word_1_523' title='bbox 1395 4956 1544 5016; x_wconf 76' lang='lat' dir='ltr'><strong>Christus</strong></span> <span class='ocrx_word' id='word_1_524' title='bbox 1570 4975 1637 5016; x_wconf 79' lang='lat' dir='ltr'><strong>una</strong></span> <span class='ocrx_word' id='word_1_525' title='bbox 1661 4973 1803 5032; x_wconf 81' lang='lat' dir='ltr'><strong>persona</strong></span> <span class='ocrx_word' id='word_1_526' title='bbox 1825 4955 1975 5018; x_wconf 71' lang='lat' dir='ltr'><strong>aestatem,</strong></span> 
     </span>
     <span class='ocr_line' id='line_1_51' title="bbox 1369 5046 1892 5106; baseline 0.004 -4"><span class='ocrx_word' id='word_1_527' title='bbox 1369 5046 1413 5103; x_wconf 82' lang='lat' dir='ltr'><strong>sit</strong></span> <span class='ocrx_word' id='word_1_528' title='bbox 1429 5064 1525 5104; x_wconf 83' lang='lat' dir='ltr'><strong>verus</strong></span> <span class='ocrx_word' id='word_1_529' title='bbox 1539 5047 1626 5105; x_wconf 80' lang='lat' dir='ltr'><strong>Deus</strong></span> <span class='ocrx_word' id='word_1_530' title='bbox 1639 5053 1669 5104; x_wconf 87' lang='lat' dir='ltr'><strong>et</strong></span> <span class='ocrx_word' id='word_1_531' title='bbox 1684 5065 1783 5105; x_wconf 82' lang='lat' dir='ltr'><strong>verus</strong></span> <span class='ocrx_word' id='word_1_532' title='bbox 1796 5048 1892 5106; x_wconf 83' lang='lat' dir='ltr'><strong>bomo.</strong></span> 
     </span>
    </p>
   </div>
   <div class='ocr_carea' id='block_1_4' title="bbox 0 0 2169 6244">
    <p class='ocr_par' dir='ltr' id='par_1_4' title="bbox 0 0 2169 6244">
     <span class='ocr_line' id='line_1_52' title="bbox 0 0 2169 6244; baseline 0 0"><span class='ocrx_word' id='word_1_533' title='bbox 0 0 2169 6244; x_wconf 95' lang='lat' dir='ltr'><strong> </strong></span> 
     </span>
    </p>
   </div>
  </div>
 </body>
</html>
