4309 6250
441 557 446 566 .
466 493 527 561 594
560 514 600 562 DE
621 513 831 562 acclamans
852 516 946 564 suunt
966 515 1135 562 robusteis
1155 515 1194 561 ΒΤ
1214 516 1385 564 dannanus
1405 516 1545 576 couolhu,
1568 518 1657 565 utana
1679 518 1712 565 11.
1733 537 1775 548 -
1794 518 1866 564 ΛΒΤ.
1887 519 1960 575 lv,v

466 683 549 768 Papa
570 686 676 768 prosit
702 686 759 751 toti
786 687 957 766 Ecclesia3
974 687 1108 769 ideoque
1127 687 1213 751 dicta
1227 689 1252 750 Α
1268 707 1383 770 sponsa
1398 689 1468 752 siue
1490 708 1619 772 sponso,
1642 690 1732 754 navis
1757 690 1876 770 absque
1898 688 1993 770 guber·

467 801 577 846 eorum
599 793 673 847 sunt
694 786 912 867 restringenda
934 793 966 848 et
987 785 1039 867 pic
1061 785 1215 867 interpre-
1267 794 1387 866 nature,
1400 787 1512 850 civitas
1522 789 1643 869 absque
1657 787 1803 870 praeside,
1816 788 1924 850 domus
1936 787 1991 848 sine

467 883 573 968 tanda.
590 883 650 946 Sed
665 885 750 965 quod
766 885 851 948 istud
866 885 900 946 in
916 885 974 948 hae
990 893 1080 966 parte
1095 885 1215 948 nonsit
1267 884 1505 966 patrefamilias,
1537 886 1708 949 multitudo
1737 885 1921 962 inordinata,
1948 904 1991 946 seu

467 981 530 1044 nisi
546 982 720 1063 excogitata
737 991 769 1046 et
789 1003 870 1046 vana
889 984 994 1046 evasio
1009 983 1215 1064 veritatisque
1267 982 1370 1060 turba,
1388 983 1419 1046 id
1442 991 1490 1046 est
1506 983 1677 1047 multitudo
1696 984 1832 1060 turbata,
1848 989 1950 1063 utputa
1961 984 1991 1044 ad

466 1080 657 1160 obscuratio,
687 1081 862 1144 clarissime
898 1089 1021 1144 constat
1054 1081 1216 1163 sapienter
1267 1099 1367 1142 unum
1395 1081 1556 1145 ordinarie
1588 1099 1653 1143 non
1687 1081 1841 1159 reducta3
1870 1080 1990 1160 insuper,

466 1179 672 1260 pensantibus
687 1179 885 1261 praelatorum
898 1181 1216 1261 argumentaSancto
1268 1179 1353 1259 quod
1371 1179 1478 1242 nullus
1498 1181 1531 1241 in
1550 1180 1611 1242 hac
1634 1178 1699 1242 vita
1719 1179 1893 1241 subsistens
1909 1178 1992 1259 possit

465 1295 533 1340 rum
548 1275 580 1338 in
596 1277 694 1359 priori
709 1277 867 1361 descripta
882 1277 973 1341 libro.
986 1278 1081 1340 Aliud
1095 1278 1214 1360 quippe
1267 1277 1296 1338 ei
1312 1277 1495 1359 praecipere,
1512 1278 1645 1359 ipsaque
1659 1275 1780 1339 nemini
1795 1277 1828 1338 in
1848 1278 1904 1339 hoc
1917 1295 1992 1337 mun

465 1381 523 1453 est,
531 1373 651 1455 aliquid
667 1374 855 1457 simpliciter
868 1395 926 1458 per
937 1376 1066 1438 modum
1081 1376 1215 1438 auctori·
1267 1374 1308 1436 do
1322 1374 1461 1455 obligata
1476 1374 1519 1436 sit
1532 1374 1660 1437 obedire
1677 1398 1684 1434 ε
1701 1393 1772 1455 quo
1790 1393 1882 1456 quam
1900 1374 1992 1436 absur-

465 1471 536 1534 tatis
551 1481 750 1551 asserere;et
763 1473 861 1553 aliud,
872 1473 992 1554 aliquid
1008 1473 1210 1550 scholastice,
1267 1473 1309 1534 da
1329 1472 1404 1551 sint,
1421 1481 1653 1554 consequenter
1673 1472 1867 1554 probabitur.

463 1569 614 1632 distincte
633 1590 670 1633 ac
690 1571 817 1653 proprie
839 1572 1056 1652 comprobare,
1074 1571 1213 1634 sentien·
1308 1570 1367 1632 Sed
1388 1570 1541 1651 quoniam
1563 1570 1596 1632 in
1618 1569 1715 1652 priori
1736 1569 1819 1633 libro
1842 1571 1914 1632 satis
1934 1589 2084 1636 rectam
2111 1588 2112 1595 ¹

464 1675 574 1749 tesqua
587 1667 679 1730 aliter
690 1667 863 1731 consulare.
872 1669 1011 1749 Denique
1026 1669 1096 1751 ipse
1111 1679 1210 1749 uuor,
1267 1667 1435 1749 probatum
1460 1687 1554 1749 quam
1579 1668 1810 1733 inconvenieus
1834 1668 1874 1730 sit
1890 1669 1990 1745 dicare,
2111 1738 2112 1741 Ἴ

463 1781 631 1845 processus
647 1765 795 1829 etlorma
817 1773 1077 1846 argumentorum
1099 1764 1212 1848 praela-
1267 1773 1365 1828 totam
1384 1764 1560 1828 Ecclesiam
1580 1765 1675 1828 simul
1695 1773 1854 1847 sumptam
1871 1782 1931 1827 non
1948 1765 1993 1826 ba·
2111 1746 2112 1841 i

463 1870 566 1925 torum
595 1863 772 1942 doctorum,
796 1872 827 1926 et
855 1863 990 1926 maxime
1015 1863 1046 1927 S.
1070 1864 1208 1942 Thomu,
1229 1861 1343 1925 bbere
1356 1883 1416 1926 neo
1430 1863 1547 1925 debere
1560 1863 1678 1925 habere
1692 1872 1851 1945 pastorem
1865 1863 1898 1923 in
1911 1871 1990 1939 terra,
2111 1844 2112 1861 ¹

463 1960 700 2024 evidentissime
728 1970 882 2026 monstrat
910 1962 995 2042 quod
1019 1963 1211 2025 concludere
1265 1967 1320 2022 aut
1333 1979 1403 2023 esse
1417 1979 1546 2042 gregem
1566 1959 1687 2041 absque
1710 1968 1837 2041 pastore
1858 1969 1888 2022 et
1905 1960 1990 2034 doce3

463 2057 573 2136 velint,
590 2058 706 2142 Papam
731 2079 865 2143 praeesse
892 2059 947 2123 toti
972 2059 1122 2122 Ecclesiae
1147 2060 1220 2143 eol·0
1266 2057 1340 2120 ilem
1357 2059 1523 2138 probatum
1545 2067 1603 2138 est,
1619 2058 1704 2139 quod
1723 2077 1790 2121 non
1809 2057 1991 2140 competatei

463 2156 572 2220 lectim
586 2167 724 2239 accepta
738 2183 745 2219 :
759 2160 843 2240 quod
859 2160 935 2222 item
951 2161 1211 2242 exsequentibus
1265 2157 1381 2218 habere
1403 2176 1502 2220 uuum
1518 2174 1679 2219 summum
1693 2176 1731 2219 ac
1752 2156 1928 2238 generalem
1946 2175 1991 2237 pa·

462 2257 578 2320 certius
599 2256 770 2320 elucescet.
1265 2262 1382 2318 starem
1398 2255 1539 2336 interra,
1556 2255 1618 2317 nisi
1639 2254 1673 2316 in
1692 2263 1848 2336 quandum
1866 2255 1993 2318 conside

1264 2361 1351 2416 ratur
1365 2361 1399 2416 ut
1413 2373 1496 2416 unus
1510 2372 1587 2435 grex
1600 2372 1636 2416 ao
1652 2372 1753 2415 unum
1771 2352 1865 2429 ovile,
1880 2353 1937 2416 hoc
1953 2361 1993 2414 est

1263 2460 1299 2514 ut
1312 2451 1493 2529 multitudo,
1505 2451 1697 2514 universitas
1712 2453 1780 2514 siva
1799 2451 1992 2515 communitas

671 2546 916 2612 ARTIGULUS
940 2546 998 2610 IV.
1264 2550 1357 2613 simul
1379 2559 1410 2613 et
1434 2549 1601 2614 collective
1620 2559 1791 2633 suscepta:
1808 2550 1923 2613 idcirco
1943 2551 1992 2612 hae

459 2688 653 2748 Summas-io
685 2687 875 2761 perstrictio
909 2687 1209 2748 2'nocaoenientium
1263 2648 1456 2711 absurditate
1470 2648 1581 2711 relicta
1599 2657 1751 2730 mquam
1772 2647 1885 2712 id⁰¹¹⁰⁰
1902 2667 1994 2728 ΜΡΝ
2111 2672 2112 2697 ¹

501 2884 572 2924 naus
595 2864 756 2939 Pontisecc
783 2865 911 2924 dicitur
939 2883 1004 2923 uon
1029 2867 1210 2940 proesidere

500 2954 561 3014 toti
574 2955 727 3014 Ecclesiae
741 2954 841 3012 simul
860 2962 1004 3029 sumpto.

500 2794 572 2854 quoe
593 2776 685 2854 sequi
703 2775 860 2834 uidentur
878 2795 919 2833 ccc
940 2775 997 2834 hoo
1019 2778 1106 2854 quod
1123 2797 1209 2836 sum·
1263 2747 1347 2825 bata,
1367 2747 1406 2810 de
1431 2747 1559 2829 feliqffls
1581 2748 1717 2812 ”hiim
1740 2748 1990 2830 Pffl⁵⁰q¹¹⁰⁰d¹¹ffl·

1225 3041 1247 3104 C
1481 3038 1727 3104 ARTICULUS
1750 3039 1792 3102 V.

461 3140 581 3303 UNO
605 3140 851 3204 inconveniente
877 3142 961 3221 dato,
979 3150 1015 3204 ut
1038 3142 1082 3204 ait
1104 3142 1209 3206 Philo-
1263 3180 1993 3254 QuodnecessesitsateriPapamtotisimat
2110 3231 2111 3242 ἵ

544 3239 674 3321 ⁸⁰Phl¹sr
700 3238 800 3301 multa
828 3248 1005 3320 sequuntur
1030 3260 1037 3297 ²
1066 3241 1149 3303 ⁸i⁰¹¹t
1177 3249 1208 3303 θῑ
1300 3276 1437 3341 acceptae
1461 3268 1642 3342 proeaidere
1669 3270 1834 3338 Ecclesiae,
1862 3289 1896 3328 eo
1920 3268 1994 3347 qaod
2110 3257 2111 3294 ³

311 3358 444 3409 sauma.
460 3336 576 3401 Jacobo
606 3344 741 3400 testante
771 3337 926 3418 apostolo,
951 3338 1096 3401 modicus
1125 3338 1208 3419 ignis
1302 3364 1368 3415 tota
1387 3357 1434 3415 310
1457 3365 1587 3432 sumpta
1611 3359 1756 3417 Ecclesia
1779 3359 1823 3417 „q
1845 3360 1992 3417 mmm,

460 3436 573 3499 silvam
599 3454 746 3515 magnam
769 3435 920 3499 incendit.
937 3436 975 3498 Et
994 3436 1109 3499 Paulus
1130 3436 1209 3499 late-
1300 3446 1372 3506 Dei,
1807 3468 1812 3473 ·

312 3550 321 3594 ι
335 3550 388 3595 cor.
395 3564 416 3601 v.
424 3554 445 3597 a.
459 3542 511 3597 tur
527 3558 534 3597 :
551 3534 707 3597 Modicum
732 3533 926 3597 fermentum
950 3543 1048 3598 totam
1070 3555 1208 3598 massam

460 3632 779 3714 corrumpitllursus,
788 3632 961 3695 seeundum
973 3632 1208 3715 Philosophum,
1321 3632 1418 3712 lCUl’,
1432 3640 1565 3696 testamc
1580 3633 1671 3697 beato
1685 3634 1755 3712 Job,
1768 3634 1883 3699 militia
1895 3644 1940 3698 est
1952 3633 1993 3695 vi·
2002 3654 2081 3698 aaut

459 3732 604 3796 modicus
628 3750 717 3795 error
739 3732 772 3794 in
796 3732 968 3815 principio,
990 3752 1125 3814 magnus
1148 3734 1209 3797 erit
1337 3730 1523 3794 tahominis
1537 3750 1633 3812 super
1652 3740 1780 3813 terram,
1796 3732 1840 3795 ita
1860 3733 1950 3797 totius
1965 3731 1992 3793 in

459 3833 493 3895 in
517 3831 595 3896 line.
614 3834 711 3911 Unde,
728 3851 826 3913 quum
846 3833 929 3914 Papa
950 3832 990 3894 sit
1011 3832 1043 3894 iu
1064 3841 1129 3896 tota
1149 3834 1208 3895 mi·
1260 3828 1452 3892 hocsaeculo
1466 3828 1697 3910 peregrinantis
1714 3830 1939 3894 Ecclesiaevita
1954 3836 1995 3891 est
2109 3823 2110 3868 ἶ

459 3929 562 3993 litanti
577 3930 721 3993 Ecclesia
736 3939 828 4011 atque
849 3930 1067 3993 ecclesiastica
1088 3931 1207 3995 hierar·
1260 3926 1374 3989 militia
1388 3927 1422 3989 in
1441 3926 1500 3989 hac
1519 3926 1572 3990 via
1588 3951 1596 3989 ε
1612 3936 1742 4011 propter
1761 3929 1846 4009 quod
1866 3929 1993 3991 militans

458 4028 530 4091 chia
550 4028 626 4110 quid
651 4046 824 4108 summum,
842 4028 979 4110 primum
1001 4048 1038 4091 ac
1060 4028 1207 4109 diguissi-
1260 4025 1449 4108 appellatur,
1457 4025 1532 4106 quia
1547 4026 1586 4087 ad
1600 4026 1661 4089 hoo
1677 4027 1711 4088 in
1725 4026 1822 4108 hujus
1836 4035 1884 4090 est
1894 4044 1994 4107 campo

457 4146 558 4206 mum,
575 4114 700 4189 coustdt
723 4126 808 4206 quod
833 4126 872 4187 de
897 4125 968 4206 ejus
993 4135 1148 4207 potestate
1169 4147 1206 4190 ac
1260 4123 1363 4186 exsilii
1377 4132 1471 4204 atque
1486 4123 1671 4186 certaminis
1686 4124 1868 4202 constituta,
1885 4134 1917 4187 ut
1930 4142 1995 4187 cou-

458 4225 661 4306 praesidentia
685 4224 767 4286 male
793 4223 920 4304 sentire,
937 4224 1090 4304 grandem
1115 4225 1207 4288 valde
1221 4231 1245 4291 D
1261 4231 1310 4284 tra
1330 4222 1433 4284 aciem
1449 4221 1597 4284 vitiorum
1613 4221 1786 4304 praelietur,
1800 4223 1994 4288 tentatoribus

458 4324 562 4405 pariet
585 4342 726 4387 errorem
751 4321 783 4383 in
810 4340 961 4403 processu
985 4331 1015 4384 et
1041 4322 1120 4403 line,
1142 4322 1206 4387 imo
1261 4321 1444 4397 reluctetur,
1476 4318 1667 4384 adversariis
1693 4322 1749 4384 Dei
1777 4331 1809 4385 et
1836 4321 1994 4385 Salvatoris
2108 4311 2109 4372 i

459 4429 491 4484 et
518 4421 661 4503 quasdam
687 4420 853 4484 subversio
877 4419 937 4482 erit
965 4420 1085 4483 ordinis
1109 4422 1206 4484 totius
1261 4420 1310 4482 sui
1336 4418 1472 4481 resistat.
1494 4418 1586 4497 llinc,
1605 4419 1695 4499 juxta
1719 4419 1916 4501 Apostolum,
1938 4426 2090 4481 uunrrraa

459 4518 681 4583 ecclesiastica
704 4518 901 4586 hierarchia.
927 4518 1045 4599 ltaque,
1072 4518 1100 4581 si
1124 4520 1207 4601 Papa
1260 4526 1430 4583 coronatur
1444 4516 1505 4578 nisi
1520 4516 1573 4598 qui
1589 4517 1730 4598 legitime
1744 4518 1995 4581 certaveritllur

459 4626 593 4699 negetur
616 4634 752 4697 preaesse
777 4616 833 4678 toli
856 4614 1006 4679 Ecclesia
1035 4617 1131 4679 simul
1155 4637 1208 4680 aa·
1261 4634 1389 4696 susque,
1406 4615 1444 4677 ad
1460 4614 1638 4697 spiritualia
1656 4634 1746 4677 arma
1767 4635 1827 4679 uos
1850 4617 1992 4680 hortans:

460 4724 570 4797 ceptae,
598 4731 661 4777 non
687 4712 862 4776 mediocres
886 4720 941 4775 aut
966 4731 1073 4794 pauca
1097 4716 1208 4779 absur·
1259 4713 1384 4776 luduite
1413 4732 1469 4776 vos
1497 4712 1627 4794 (inquit)
1656 4721 1849 4777 armaturam
1877 4715 1939 4791 Dei,
1966 4722 1995 4775 ut
2015 4730 2086 4786 apav-

458 4812 572 4876 ditatcs
602 4811 691 4892 sequi
721 4810 880 4889 videntur,
911 4811 1059 4876 videlicet
1085 4838 1093 4876 :
1122 4816 1207 4896 quod
1261 4812 1388 4897 possitis
1412 4820 1494 4875 stare
1518 4812 1669 4875 adversus
1694 4812 1827 4876 insidias
1849 4813 1972 4877 diaboli.
2006 4806 2030 4842 ¹¹·
2107 4867 2108 4882 ,

458 4911 527 4994 ipsa
550 4909 692 4973 Ecclesia
715 4908 856 4971 militans
881 4909 985 4972 taliter
1010 4920 1146 4993 sumpta,
1168 4913 1209 4975 sit
1299 4912 1407 4992 ltaque
1422 4919 1487 4974 tota
1496 4910 1639 4973 Ecclesia
1653 4910 1995 4994 militans,estquidam
2107 4899 2108 4934 ³

458 5009 541 5074 ovile
556 5017 588 5071 ot
601 5028 676 5090 grex
691 5008 811 5088 absque
826 5016 950 5089 pastore
965 5016 997 5071 ct
1011 5010 1104 5088 duce,
1121 5030 1208 5074 exer·
1260 5010 1366 5075 totalis
1390 5029 1427 5073 ac
1451 5009 1609 5093 generalis
1632 5010 1792 5073 exereitus
1810 5011 1875 5091 Dei,
1891 5010 1942 5092 qui
1967 5010 1994 5070 in
2107 5009 2108 5034 ¹

459 5108 541 5173 citus
555 5107 610 5171 hei
624 5107 693 5169 sine
712 5106 858 5188 principe
882 5106 1056 5188 spiritualis
1071 5108 1206 5189 militias,
1261 5109 1424 5192 Prophetis
1440 5108 1632 5190 frequenter,
1649 5109 1826 5190 pracsertim
1840 5110 1874 5172 in
1890 5108 1996 5171 Zacha-

459 5205 637 5271 hierarchia
662 5204 728 5267 sine
753 5204 929 5283 hierarcha,
957 5224 1070 5297 corpus
1099 5209 1208 5289 mysti-
1262 5209 1319 5290 ria,
1336 5208 1488 5271 Dominus
1503 5206 1700 5270 exercituum
1715 5217 1926 5290 nuncupatur.
1942 5207 1995 5269 lste
2015 5223 2089 5273 aas-t

459 5324 532 5371 cum
558 5304 676 5385 absque
700 5302 813 5385 capite,
831 5321 963 5384 regnum
984 5303 1053 5367 sine
1073 5313 1205 5385 rectore,
1262 5307 1418 5370 exercitus
1432 5306 1602 5369 virtutibus
1621 5306 1829 5389 spiritualiter
1842 5299 2060 5371 roboratus⁸³‘¹²
