4309 6250
453 481 513 546 222
541 499 661 548 cauma
681 501 765 548 vrru
787 501 1047 549 suransrrrmrmrt
1067 502 1175 559 curans
1197 501 1286 549 cruca
1308 501 1425 550 conruit
1446 502 1517 549 vuar
1540 501 1589 548 nar
1612 501 1824 548 cunarum-
1838 499 1905 544 aar.
1921 498 1951 562 x,
1968 499 1996 545 n

456 671 691 751 quodammodo
717 691 755 735 ex
778 689 874 754 opere
897 679 1027 753 operato
1050 672 1146 735 talem
1170 691 1207 734 ac
1223 674 1249 737 A
1263 671 1358 736 fallax
1384 682 1442 736 est.
1469 672 1562 736 Aliud
1588 680 1637 735 est
1660 670 1837 734 damonem
1862 667 1996 732 invocare

457 776 579 832 tantam
599 769 760 850 virtutem,
776 770 975 832 incurrentes
996 789 1053 852 per
1073 771 1135 834 boc
1157 789 1208 833 su·
1263 773 1302 834 ad
1316 772 1524 836 obtinendum
1546 771 1586 834 ab
1608 789 1646 834 eo
1667 769 1881 852 cognitionem
1902 766 1998 830 occul-

457 867 652 949 perstitionis
680 877 857 949 pecoatum.
884 866 974 930 Tales
1002 887 1078 950 ergo
1107 887 1208 930 asser·
1262 877 1367 932 torum
1385 893 1392 931 :
1410 871 1494 951 quod
1516 887 1682 950 nunquam
1703 868 1789 932 licet.

457 965 560 1028 tiones
579 973 611 1027 et
628 965 807 1028 additiones
826 966 865 1028 de
889 983 1022 1028 numero
1041 965 1207 1030 blissarum

456 1062 525 1126 sive
544 1064 723 1126 orationum
748 1063 951 1144 abjiciantur,
973 1082 1033 1127 nec
1053 1065 1101 1127 eis
1126 1064 1207 1128 fides

455 1160 656 1224 adhibeatur.
677 1161 785 1224 Talem
807 1181 945 1244 namque
968 1161 1119 1226 virtutem
1142 1180 1206 1240 non
1468 1173 1714 1239 ARTICULUS
1738 1172 1800 1236 XI,

455 1260 577 1323 babent
589 1260 689 1340 llissae
711 1269 816 1340 certa,
833 1270 888 1323 aut
902 1261 1060 1324 orationes
1082 1269 1204 1340 taxatas,

455 1377 495 1420 01
518 1376 614 1440 opero
636 1365 766 1440 oporam
783 1382 790 1420 :
807 1358 884 1440 quja
907 1377 971 1422 „011
993 1358 1112 1421 habent
1135 1374 1206 1419 eam
1339 1345 1394 1404 An
1407 1343 1573 1402 divinatio
1584 1359 1647 1417 per
1661 1348 1754 1400 astro
1768 1340 1812 1399 sit
1829 1340 1930 1401 licito.

456 1475 494 1519 ex
507 1456 683 1520 inviolabili
699 1465 791 1538 pacto
806 1457 959 1520 aGbristo
974 1454 1206 1546 cumEcclesia

438 1555 554 1635 laeto,
569 1556 838 1636 quemadmodum
858 1557 978 1619 habent
999 1564 1118 1618 certam
1140 1555 1206 1616 vim
1324 1554 1473 1620 onronn
1496 1553 1648 1632 coelestia,
1672 1553 1797 1617 scilicet
1821 1552 1922 1632 orbes;
1944 1551 1998 1634 pla-

457 1655 554 1718 verba
582 1654 836 1718 sacramentalia.
868 1655 928 1718 Sed
959 1675 1017 1738 per
1047 1653 1206 1717 orationes
1337 1663 1418 1718 netae
1442 1661 1474 1717 et
1499 1653 1609 1734 stella,
1633 1652 1741 1735 aliqua
1768 1671 1894 1735 semper
1916 1659 1944 1713 et
1965 1651 1998 1714 dc

457 1761 489 1815 et
503 1753 612 1816 Missas
625 1761 746 1834 quaerat
759 1754 854 1817 houm
874 1753 1079 1818 devotissimo
1093 1753 1205 1832 Deum,
1261 1753 1451 1817 necessitate
1466 1752 1646 1834 producunt
1661 1751 1693 1813 in
1709 1751 1780 1813 istis
1795 1749 1998 1827 inferioribus,

458 1858 492 1913 ut
507 1853 553 1915 sic
567 1852 664 1915 etiam
687 1853 802 1915 virtute
824 1861 855 1916 et
876 1853 990 1916 merito
1004 1852 1111 1934 operis
1133 1859 1245 1933 ope-B
1262 1853 1344 1915 siout
1358 1851 1517 1934 eclipsim,
1534 1859 1566 1913 et
1586 1850 1827 1933 generationem
1847 1857 1933 1912 terra
1952 1867 1999 1910 na-

457 1950 558 2013 rantis
579 1960 738 2014 mereatur
758 1953 895 2034 desuper
916 1951 1069 2015 exaudiri.
1262 1950 1445 2028 scentium;
1475 1957 1507 2012 et
1539 1948 1615 2012 talia
1647 1947 1910 2012 certitudinaliter
1938 1963 1999 2028 pos

1263 2057 1337 2113 sunt
1360 2047 1510 2132 praesoiri.
1532 2046 1647 2129 Aliqua
1672 2065 1749 2110 vero
1773 2047 1949 2129 pmducunt
1970 2051 2000 2105 ut

1263 2148 1296 2210 in
1330 2147 1498 2229 pluribus;
1528 2153 1560 2208 et
1589 2145 1644 2208 iila
1676 2143 1932 2227 conjecturaliter
1955 2161 2000 2204 va-

672 2269 917 2335 ARTIGULUS
948 2269 991 2332 X,
1263 2247 1330 2309 lent
1344 2245 1511 2329 praenosci,
1529 2253 1563 2307 ut
1576 2244 1699 2308 dictum
1715 2253 1765 2307 est
1783 2263 1888 2326 supra.
1900 2241 2000 2322 Aliqua
2010 2279 2062 2310 aa

1263 2363 1339 2408 vero
1367 2353 1441 2408 sunt
1468 2363 1539 2426 qua
1568 2343 1745 2407 causalitati
1774 2350 1806 2406 et
1837 2341 2000 2406 intluentia

460 2441 553 2507 Quod
569 2441 823 2517 divinatioquoe
840 2443 879 2514 fit
893 2456 956 2513 lle?
970 2438 1207 2497 inv⁰⁶⁰ii⁰neni
1263 2444 1440 2508 coelestium
1465 2461 1634 2525 corporum
1660 2461 1724 2506 non
1750 2443 1952 2506 subduntur:
1972 2449 2000 2501 ut

559 2531 745 2589 doemffllum
764 2528 808 2588 iii
826 2529 959 2588 ⁰m⁷li⁷²⁰
974 2529 1105 2586 illicito.
1263 2544 1442 2606 intellectus
1457 2550 1489 2605 et
1510 2542 1669 2620 voluntas,
1684 2559 1756 2622 quas
1771 2549 1846 2604 sunt
1865 2537 2000 2624 potentia

1263 2641 1456 2724 incorporem
1481 2649 1513 2704 et
1536 2640 1786 2719 immateriales;
1808 2638 1949 2702 similiter
1970 2655 2001 2700 en
2102 2669 2103 2672 ¹

403 2783 445 2815 ,,,
522 2741 606 2805 tutti
629 2740 816 2824 praedictum
840 2747 898 2819 est,
923 2740 1028 2803 omnis
1053 2738 1208 2803 divinatio
1263 2760 1332 2823 quaa
1356 2741 1442 2803 liunt
1469 2759 1526 2822 per
1549 2739 1711 2818 accidens,
1733 2746 1765 2801 et
1790 2758 1810 2800 a
1834 2738 1956 2802 lomuua
1975 2743 2002 2797 ct

536 2842 636 2903 utitur
658 2839 776 2902 auxilio
800 2847 855 2901 aut
882 2838 1015 2902 consilio
1040 2837 1206 2917 daemonis,
1263 2859 1382 2918 acasu,
1400 2840 1468 2902 sive
1487 2839 1520 2901 in
1541 2837 1751 2916 naturalibus,
1769 2837 1837 2900 sive
1862 2837 1895 2899 in
1920 2835 2001 2898 rebus

459 2939 515 3021 qui
534 2939 584 3002 vel
604 2957 751 3021 expresse
776 2938 952 3015 invocatur,
969 2945 1024 2999 aut
1047 2956 1136 3000 vauae
1160 2936 1209 2999 in·
1263 2939 1421 3002 humanis.
1443 2938 1475 3000 Si
1496 2956 1572 3020 ergo
1586 2957 1625 3000 ex
1639 2937 1892 3000 consideratione
1908 2933 2001 2998 stella·

458 3037 624 3119 quisitioni
652 3037 832 3100 futurorum
861 3035 985 3099 occulte
1013 3054 1047 3099 se
1077 3035 1206 3117 ingerit,
1224 3043 1246 3106 G
1265 3057 1332 3100 rum
1359 3045 1391 3099 et
1417 3037 1617 3118 planetarum
1634 3034 1750 3119 aliquis
1774 3036 1871 3098 vallet
1889 3032 2002 3096 diviua-

457 3144 494 3199 ut
509 3137 671 3201 bominem
687 3135 880 3200 vanitatibus
902 3135 1055 3217 implicet.
1080 3136 1207 3197 Certum
1264 3156 1307 3215 re,
1324 3138 1386 3200 boc
1407 3144 1454 3199 est
1475 3136 1689 3218 praenuntiare
1714 3134 1835 3198 cortiva
1854 3132 2002 3197 delutum

458 3243 631 3297 astantem
655 3234 739 3315 quod
763 3235 802 3296 ad
829 3232 1009 3297 lutumrum
1033 3231 1208 3315 praecogni-
1262 3243 1379 3299 eventu
1405 3235 1520 3297 borum
1550 3252 1621 3315 qua
1653 3232 1832 3296 causalitati
1863 3240 1894 3296 et
1920 3230 2004 3293 inllu-

457 3334 579 3396 tionem
606 3332 785 3396 habendam
814 3351 879 3396 non
907 3332 1001 3394 liceat
1030 3333 1207 3395 damonem
1263 3334 1358 3397 entiis
1379 3332 1559 3397 coelestium
1584 3349 1755 3414 corporum
1784 3350 1849 3395 non
1877 3330 2003 3395 subdun-

457 3430 939 3511 invocare,necejusau1ilium
954 3430 1020 3493 sive
1035 3430 1207 3493 consilium
1265 3443 1325 3513 tur,
1347 3432 1604 3515 superstitiosum
1625 3430 1803 3495 exsisteret.

379 3576 385 3585 .
458 3548 600 3611 quaerere
621 3552 629 3591 ε
645 3528 720 3611 quia
741 3529 802 3592 boc
826 3528 1001 3610 pertineret
1017 3529 1057 3591 ad
1079 3535 1207 3610 pactum
1303 3534 1364 3596 Sed
1379 3540 1488 3596 contra
1504 3532 1570 3595 baec
1585 3530 1683 3612 objici
1698 3538 1816 3613 potest,
1832 3529 1907 3612 quia
1920 3546 2001 3609 expe

458 3637 490 3691 et
524 3627 698 3689 amicitiam
729 3634 784 3689 aut
818 3627 1002 3689 societatem
1035 3627 1208 3707 quamdam
1264 3631 1379 3694 rientia
1402 3631 1494 3694 docet
1517 3628 1603 3710 quod
1628 3628 1781 3710 astrologi
1808 3647 1845 3691 ex
1873 3626 2003 3691 conside

459 3745 532 3789 cum
557 3726 710 3806 damone,
737 3724 831 3807 cujus
855 3724 1095 3805 couloederatio,
1116 3722 1209 3787 lami·
1264 3730 1386 3793 ratione
1415 3728 1578 3792 stellarum
1607 3725 1792 3809 frequenter
1815 3726 1914 3790 multa
1938 3742 2002 3787 vere

423 3813 425 3816 ’
458 3824 590 3902 liaritas,
612 3824 751 3886 amicitia
772 3823 971 3904 societasque
995 3823 1125 3885 utauda
1148 3831 1206 3901 est,
1264 3828 1442 3911 praedieunt
1471 3826 1656 3891 hominihus
1687 3826 1727 3889 de
1758 3825 1875 3889 futuris
1904 3840 2002 3887 aarum

457 3941 558 4004 quum
587 3922 630 3984 sit
657 3920 870 4003 implacabilis
905 3921 1057 3983 iuimicus
1087 3921 1141 3983 bei
1170 3940 1207 3983 ac
1265 3926 1441 3990 arantibus.
1456 3925 1557 3987 -Ad
1572 3926 1633 3988 hoc
1649 3925 1842 4007 respondent
1858 3925 2000 3997 doctores,

457 4021 637 4085 bominum.
664 4020 764 4102 liujus
788 4037 915 4101 quoque
939 4028 988 4082 est
1009 4020 1071 4082 alia
1099 4038 1206 4107 causa,
1264 4027 1349 4109 quod
1370 4025 1543 4108 dupliciter
1567 4024 1600 4087 id
1624 4024 1792 4105 contingit.
1809 4022 1924 4103 Primo,
1938 4020 2003 4102 quia

457 4120 609 4204 quoniam
632 4121 793 4183 daemones
816 4118 959 4181 liualiter
979 4129 1126 4200 quaeruut
1153 4119 1209 4181 bo·
1265 4125 1406 4190 coelastia
1439 4141 1571 4206 corpora
1600 4130 1736 4206 possunt
1768 4122 1949 4205 imprimere
1974 4118 2002 4180 in

458 4220 581 4284 minum
596 4218 828 4302 perditionem:
842 4218 926 4299 iden,
941 4218 1087 4299 qnninvis
1101 4218 1208 4299 nliqnn
1224 4226 1249 4288 Ι)
1265 4242 1398 4307 corpora
1427 4222 1594 4287 bominum
1621 4230 1653 4285 et
1676 4222 1709 4283 in
1736 4221 1906 4285 sensitivas
1931 4219 2003 4283 vires

458 4339 534 4383 vern
547 4320 656 4383 dicant
669 4337 706 4381 nc
722 4318 937 4396 blandiantur,
954 4336 1081 4399 semper
1102 4325 1209 4380 tamen
1265 4342 1373 4387 eorum
1391 4346 1398 4385 a
1415 4342 1453 4385 ex
1467 4340 1529 4404 qua
1550 4320 1762 4403 impressione
1782 4319 1959 4383 intellectus
1977 4326 2003 4378 ct

459 4418 580 4483 vitandi
605 4425 689 4498 sunt,
711 4437 752 4480 ne
772 4417 868 4480 homo
893 4424 1055 4480 assuescat
1080 4417 1208 4479 aradam
1265 4424 1412 4487 voluntas
1432 4420 1601 4503 acquirunt
1627 4419 1870 4483 inclinationem
1895 4419 1932 4481 ad
1953 4414 2003 4479 ali-

459 4518 517 4597 eni,
542 4517 653 4597 sicque
681 4516 811 4578 tandem
838 4514 1018 4597 denipininn
1046 4514 1086 4577 nb
1116 4514 1206 4598 ipsis·
1264 4528 1442 4608 quosactus
1457 4520 1651 4583 exercendos
1666 4518 2004 4600 siveritandos,quaur·
2100 4582 2101 4585 ,

460 4617 696 4693 Verumtamen,
726 4622 763 4676 ni
793 4612 908 4675 nisenii
940 4613 971 4675 S·
1003 4614 1139 4677 Thninns
1175 4616 1208 4677 in
1265 4624 1313 4687 vis
1336 4640 1401 4685 non
1425 4621 1658 4683 necessitantur
1681 4620 1721 4683 ad
1745 4638 1811 4697 eos,
1838 4618 1913 4731 quia
1937 4614 2002 4678 resi·
2100 4622 2101 4625 ’

460 4715 601 4779 secunda
624 4714 781 4793 secundm,
802 4713 976 4795 quaesticne
1001 4715 1209 4794 nonagesima
1265 4730 1347 4785 stere
1372 4728 1524 4804 possunt;
1551 4720 1782 4802 sedquoniam
1810 4718 1912 4801 major
1937 4734 2001 4799 pars

323 4847 365 4888 ιιι
384 4842 445 4889 ιιι
459 4822 582 4905 quinta,
605 4818 692 4882 aliud
717 4824 766 4880 est
788 4816 909 4896 aliquid
932 4833 1074 4896 quarere
1103 4819 1207 4882 adae-
1265 4821 1431 4886 bominum
1462 4820 1605 4902 sequitur
1630 4819 1812 4902 corporales
1840 4815 2003 4881 inclinatio

311 4910 357 4951 ¹¹¹·
459 4941 554 4987 mone
569 4928 682 5003 sponte
700 4924 913 4982 occurrente:
930 4918 1015 4996 quod
1034 4916 1209 4998 aliquando
1265 4941 1321 4984 nas
1344 4939 1381 4982 ac
1405 4920 1580 5002 passiones,
1598 4919 1718 4983 idcirco
1737 4917 1921 5000 frequenter
1937 4934 2002 4978 con·

458 5024 535 5085 licet
549 5030 680 5104 propter
693 5020 829 5083 aliorum
844 5016 1209 5100 utilitatem,praesertim
1266 5020 1359 5101 tingit
1373 5020 1405 5081 in
1420 5020 1467 5082 eis
1490 5018 1570 5082 sicut
1592 5019 1769 5102 praedicunt
1790 5018 1949 5099 astrologi,
1964 5023 2004 5077 ut·

457 5124 587 5205 quando
622 5124 740 5185 virtute
774 5119 884 5183 divina
919 5120 1069 5202 compelli
1104 5127 1208 5202 potest
1266 5130 1340 5205 puta
1354 5122 1442 5203 Juxta
1457 5119 1599 5183 rniluxus
1615 5118 1928 5182 coelestes.Secundo
1941 5136 2001 5180 con·

458 5224 499 5285 ad
522 5242 598 5285 vera
622 5221 777 5299 dicenda3
798 5220 878 5282 alias
903 5219 963 5281 sibi
988 5219 1114 5282 incaute
1143 5239 1211 5282 cre·
1266 5220 1358 5301 tingit
1378 5221 1474 5299 istud,
1490 5219 1566 5300 quia
1585 5222 1634 5301 (ut
1656 5220 1777 5283 dictum
1801 5223 1863 5299 est)
1879 5216 1999 5283 curiosis
2012 5230 2073 5276 siaa

459 5322 600 5385 dandum
628 5339 692 5383 non
716 5327 811 5401 esset,
837 5318 988 5401 quoniam
1017 5319 1152 5381 mendax
1179 5326 1211 5381 et
1266 5320 1527 5403 inquisitionibus
1562 5319 1794 5401 astrologorum
1833 5318 2001 5381 immiscent
