4309 6250
369 499 408 544 ns
430 498 593 547 oronnam
614 501 651 547 rr
671 501 820 547 nanninus
841 502 870 546 n.
894 502 922 545 v.
945 501 1063 559 rania,
1088 502 1176 549 arnan
1196 502 1241 549 ur.
1263 520 1305 531 —
1324 504 1394 549 nnr.
1415 503 1480 549 xrn
1643 482 1703 549 129

158 675 309 748 sanctam,
340 668 516 751 sapientem
544 689 581 733 ac
614 670 762 752 supernis
790 688 903 734 conso-
917 670 942 731 Α
957 670 1184 735 subsistentem
1207 672 1343 753 elevare,
1370 680 1434 735 tam
1459 672 1492 735 in
1517 669 1610 735 donis
1634 688 1705 753 gra·

158 765 328 828 lationibus
360 776 518 829 assuetam
546 766 685 844 Mariam,
717 788 841 831 summa
870 776 903 830 et
956 770 1006 832 tia
1039 769 1251 850 gratificantis
1283 790 1379 853 quam
1412 770 1444 833 in
1474 769 1565 833 donis
1595 768 1704 850 gratiae

157 864 414 946 incomparabilis
447 866 656 929 mansuetudo
685 875 716 928 et
749 866 901 948 patientia
955 866 1052 947 gratis
1077 867 1169 947 datan,
1185 869 1275 930 dedit
1297 868 1327 931 ei
1350 868 1383 929 in
1405 868 1518 950 primis
1540 865 1705 948 perfectis-

157 962 340 1025 decuerunt.
362 961 493 1046 Propter
514 965 598 1045 quod
622 964 666 1027 ait
690 964 898 1027 Bernardus:
955 966 1068 1029 simam
1094 986 1132 1029 ac
1157 966 1440 1047 profundissimam
1465 964 1701 1028 humilitatem:

157 1058 292 1121 llevolve
321 1058 507 1142 diligentius
540 1060 733 1143 evangelicae
761 1060 901 1125 historiae
955 1064 1028 1143 quia
1066 1064 1229 1127 humilitas
1263 1065 1304 1128 ad
1341 1064 1484 1127 omnium
1520 1062 1702 1126 divinorum

156 1158 269 1219 seriem
296 1157 492 1237 universam,
521 1168 553 1221 et
581 1160 607 1221 si
638 1158 718 1223 forte
747 1159 823 1241 quid
853 1160 901 1224 in·
954 1161 1182 1224 charismatum
1201 1162 1450 1243 susceptionem,
1466 1160 1645 1243 profectum
1664 1178 1702 1223 ac

155 1256 374 1335 crepatorium,
392 1255 419 1317 si
443 1256 521 1337 quid
545 1258 671 1337 durum,
688 1258 714 1319 si
738 1259 823 1339 quod
846 1260 901 1321 de·
954 1259 1184 1341 perfectionem
1216 1260 1377 1341 disponit3
1407 1266 1440 1321 et
1473 1266 1593 1340 quanto
1628 1258 1702 1339 quia

153 1352 248 1433 nique
282 1353 409 1435 signum
442 1354 493 1417 vel
528 1354 633 1417 tentus
670 1354 899 1437 indignationis
954 1357 1069 1420 crescit
1105 1357 1139 1419 in
1171 1365 1281 1420 sancta
1318 1356 1509 1438 hnmilitate,
1539 1364 1627 1419 tanto
1663 1355 1704 1419 fit

152 1450 325 1513 occurrerit
349 1452 382 1514 in
407 1450 510 1529 Mena,
527 1453 566 1515 de
588 1462 693 1517 cetero
718 1463 899 1534 suspectam
953 1456 1056 1537 aptior
1079 1457 1119 1518 ad
1145 1454 1380 1538 proficiendum
1410 1454 1556 1519 inomni
1585 1463 1705 1518 cetera·

153 1548 266 1611 habeas
287 1558 319 1612 et
340 1550 492 1613 accedere
513 1550 663 1614 verearis.
680 1552 768 1627 Quod
790 1552 814 1614 si
836 1553 899 1634 ple·
954 1572 1024 1615 rum
1054 1552 1209 1616 virtutum
1244 1562 1337 1635 atque
1372 1555 1529 1617 donorum
1562 1552 1703 1636 comple

153 1666 191 1709 na
211 1648 313 1729 magis
333 1648 442 1711 omnia
463 1648 591 1731 pietatis
616 1657 647 1712 et
668 1649 787 1731 gratiae,
805 1650 898 1733 plena
954 1650 1050 1713 tione.
1069 1649 1190 1733 Nempe
1208 1654 1258 1731 (ut
1277 1654 1415 1731 constat)
1434 1651 1703 1734 quemadmodum

153 1746 406 1809 mansuetudinis
429 1755 461 1809 et
483 1747 712 1811 misericordia
736 1748 897 1813 inveneris
953 1748 1135 1831 pluviarum
1160 1747 1282 1812 fluenta
1311 1751 1351 1812 ad
1377 1750 1510 1813 vellium
1534 1748 1704 1812 confluunt

151 1863 219 1924 qun
243 1844 282 1906 ad
307 1844 394 1907 illam
425 1844 597 1927 pertinent,
621 1846 739 1926 gratiae
768 1867 825 1929 age
850 1848 895 1910 illi
915 1850 1106 1926 Bconcava,
1127 1854 1159 1910 et
1181 1866 1245 1931 quo
1268 1847 1368 1910 valles
1394 1846 1513 1911 inerint
1538 1846 1703 1929 profundi·

152 1942 202 2023 qui
227 1942 325 2005 talem
347 1943 403 2007 tibi
429 1943 644 2007 mediatricem
668 1944 897 2027 benignissima
952 1965 1035 2026 ores,
1065 1965 1104 2010 co
1136 1954 1211 2008 sunt
1239 1946 1379 2028 plurium
1408 1945 1560 2009 imbrium
1595 1964 1702 2009 suece-

152 2041 355 2105 miseratione
383 2042 534 2123 providit,
565 2042 598 2103 in
626 2062 689 2125 qua
718 2044 798 2106 nihil
827 2064 898 2127 pos·
952 2045 1058 2127 ptivae,
1086 2044 1396 2126 abundantioresque
1426 2063 1516 2125 aquae
1546 2043 1703 2126 colligun-

153 2139 191 2201 sit
211 2158 282 2203 esse
304 2148 499 2222 suspectum.
952 2151 1004 2205 tur
1019 2142 1051 2204 in
1066 2142 1114 2203 eia
1124 2165 1132 2220 ;
1144 2142 1188 2204 ita
1202 2159 1266 2224 quo
1280 2160 1336 2205 cor
1349 2142 1504 2204 humilius
1519 2141 1626 2220 fuerit,
1638 2150 1704 2203 tan·

953 2248 984 2303 to
1016 2241 1177 2320 copiosior
1205 2241 1235 2302 ci
1267 2240 1447 2303 infunditur
1475 2241 1588 2321 gratia,
1612 2238 1702 2321 juxta

337 2402 582 2469 lavemus
606 2404 714 2468 xvv·
953 2338 1430 2513 {ltiliitc‘lnlll
1455 2338 1601 2517 {lib
1622 2356 1847 2499 ffiffgncta

152 2552 698 2629 Dafneffabilfacprofundissima
712 2552 900 2612 humilitate
953 2532 1035 2595 ⁰⁰⁰⁵
1060 2532 1225 2610 virtutum,
1249 2532 1315 2595 R0¹
1345 2531 1466 2613 8¹⁰le
1491 2533 1603 2595 V⁰¹⁰¹¹⁸
1631 2532 1703 2595 uni·

363 2640 484 2701 Marica
504 2641 684 2701 altissimae,
954 2649 1023 2693 cam
1058 2630 1146 2693 illam
1178 2630 1423 2692 sacratissimam
1458 2638 1492 2693 et
1517 2630 1704 2711 singularia·

742 2792 747 2803 ,
953 2729 1066 2791 simam
1096 2728 1252 2809 virginem
1280 2728 1420 2805 Mariam,
1445 2747 1541 2810 quam
1570 2727 1632 2791 sibi
1662 2730 1703 2792 ab

39 2846 139 2899 aeon,
219 2826 421 2887 ESPEXIT
437 2826 657 2885 bumilitatem
675 2826 806 2887 nnmlloe
820 2846 897 2887 secr.
953 2834 1070 2890 aeterno
1104 2826 1267 2908 praeelegit
1297 2826 1331 2888 in
1363 2835 1509 2907 matrem,
1540 2826 1704 2909 incompa-

233 2921 337 2997 Quum
359 2920 543 2985 beatissima
568 2929 600 2985 et
621 2921 901 2985 admirabilissima
954 2925 1046 2987 rabili
1065 2925 1238 3007 gratiarum
1258 2924 1456 3008 plenitudine
1474 2924 1649 3008 adimplere
1668 2926 1701 2988 in

153 3020 241 3102 virgo
268 3019 367 3083 llario
395 3019 520 3081 cunctis
553 3028 638 3083 esset
664 3019 837 3083 virtutibus
865 3021 898 3083 in
913 3024 935 3087 G
953 3023 1018 3087 vita
1045 3024 1117 3103 hac,
1142 3031 1238 3105 atque
1266 3022 1508 3105 incomparabili
1538 3022 1698 3104 felicitate,

153 3118 288 3183 termino
322 3116 516 3182 excellentias
550 3137 615 3200 prae
648 3120 771 3182 cunctis
800 3119 899 3184 viato-
952 3122 1073 3186 bonore
1099 3131 1132 3186 et
1155 3122 1255 3205 gloria
1280 3122 1312 3184 in
1333 3120 1454 3186 coelesti
1478 3121 1628 3186 extollere
1646 3143 1702 3206 pa·

151 3217 235 3280 n'bus
260 3215 554 3299 incomparabiliter
575 3217 682 3298 plena,
699 3218 769 3299 ipsa
792 3227 898 3282 tamen
953 3221 1022 3298 tria,
1050 3221 1198 3303 implevit
1220 3240 1291 3283 cam
1319 3221 1353 3282 in
1377 3219 1490 3302 primis
1521 3239 1646 3284 summa
1669 3229 1702 3285 et

149 3315 362 3379 humilitatem
387 3334 478 3378 suam
497 3315 610 3378 asserit
630 3335 648 3378 a
672 3315 736 3380 Deo
760 3317 899 3380 clemen·
953 3319 1205 3402 profundissima
1225 3319 1404 3382 humilitate
1426 3319 1459 3380 in
1481 3318 1543 3382 via.

149 3421 194 3476 ter
217 3423 396 3497 respectam
422 3432 479 3496 per
506 3412 768 3495 approbationem
792 3423 823 3478 et
846 3435 898 3478 ac·
993 3415 1147 3495 Denique,
1163 3415 1306 3496 perfecta
1326 3413 1508 3477 humiliatio
1530 3415 1579 3476 sui
1599 3415 1700 3498 ipsius

150 3512 374 3594 captationem,
391 3511 466 3594 quia
485 3513 535 3590 (ut
557 3510 685 3592 plenius
705 3513 826 3576 dietum
850 3521 899 3576 eet
952 3531 990 3574 er
1014 3511 1135 3593 duplici
1158 3511 1317 3593 dependet
1340 3511 1534 3593 cognitione,
1549 3508 1699 3572 videlicet

87 3629 252 3692 nasupra,
270 3609 375 3692 primo
400 3609 495 3688 libro)
520 3608 778 3674 benedictissima
803 3611 897 3693 Virgo
952 3609 1106 3673 Creatorls
1130 3628 1168 3672 ac
1191 3609 1241 3670 aui
1266 3608 1378 3691 ipsius.
1404 3608 1470 3682 Quo
1495 3607 1582 3671 enim
1605 3604 1699 3668 intel-

150 3727 204 3790 per
231 3707 446 3771 humilitatem
480 3707 640 3789 praecipue
668 3707 898 3789 disponebatur
951 3706 1098 3770 lectualis
1116 3715 1261 3770 creatura
1275 3706 1357 3769 bene
1376 3703 1698 3788 dispositaGreatoris

150 3807 186 3868 ad
209 3815 273 3868 mm
299 3803 575 3887 supernaturalem
600 3805 648 3867 sui
670 3805 894 3885 elevationem,
952 3806 999 3868 sui
1036 3805 1248 3887 majestatem,
1277 3803 1506 3887 perfectionem
1541 3801 1698 3865 excellen-

150 3923 208 3986 qua
230 3904 319 3968 faeta
343 3911 391 3966 est
413 3903 510 3965 llater
535 3903 589 3965 hei
614 3903 772 3983 altissimi,
797 3924 895 3987 quum
950 3905 1091 3986 fiamque
1110 3904 1300 3966 immensam
1314 3902 1431 3965 clarius
1451 3899 1695 3983 contemplatur,

32 4003 231 4070 eamindicat
256 4003 402 4065 Salvator
426 4025 434 4062 ε
457 4001 515 4075 Oui
540 4019 574 4064 se
599 4000 757 4082 humiliat,
781 4003 897 4066 exalta-
950 4021 987 4065 eo
1012 4001 1249 4084 comparatione
1274 4000 1361 4063 illius
1381 4019 1416 4063 se
1439 4000 1542 4083 ipsam
1562 3999 1695 4082 profun-

32 4113 137 4168 nutu.
150 4100 240 4164 bitur.
260 4100 338 4164 ldeo
361 4117 487 4181 quoque
512 4098 602 4177 dixit,
622 4099 770 4182 Respexit
793 4100 896 4164 humi·
949 4101 1020 4164 dius
1040 4100 1201 4182 deprimit,
1217 4099 1438 4162 vehementius
1461 4099 1552 4182 parvi
1573 4099 1693 4181 pendit,

149 4199 265 4262 litatem
300 4197 425 4260 ancillae
453 4215 529 4276 suae,
560 4205 594 4259 ut
623 4196 734 4260 innuat
768 4218 802 4261 se
830 4219 893 4264 non
910 4204 979 4266 Det
999 4198 1170 4262 cordialius
1194 4197 1362 4261 humiliare
1385 4196 1598 4278 cognoscitur.
1614 4196 1694 4260 llinc

149 4297 267 4360 merids
292 4295 361 4359 suis
389 4295 429 4358 de
457 4294 615 4376 condigno
640 4303 704 4358 tam
733 4295 895 4380 incompa-
948 4297 1107 4360 Abraham
1141 4297 1275 4377 loquens
1315 4315 1389 4358 curn
1425 4295 1501 4374 Deo,
1537 4303 1569 4358 et
1607 4293 1694 4358 illius

149 4395 289 4460 rabiliter
315 4393 519 4458 sublimatam
546 4393 578 4456 fn
603 4393 730 4458 ldatrem
755 4395 821 4474 Dei,
839 4397 893 4460 sed
948 4395 1155 4459 eminentiam
1180 4413 1317 4476 pensans
1337 4417 1344 4456 ε
1361 4393 1485 4476 Mouet·
1504 4392 1635 4474 (inquit)
1654 4393 1693 4455 ad
1709 4411 1836 4468 omme.

149 4496 399 4578 omnipotentem
432 4493 531 4556 Deum
564 4493 758 4576 approbasse
790 4495 822 4557 in
857 4515 894 4558 ea
947 4495 1117 4558 Dominum
1149 4513 1268 4575 meum,
1297 4512 1396 4574 quum
1430 4492 1491 4555 sim
1524 4491 1629 4574 pulvis
1662 4499 1695 4555 et
1708 4479 1740 4520 ²⁷·

149 4593 232 4658 illam
267 4592 317 4656 sui
352 4591 453 4674 ipsius
487 4610 593 4655 coram
622 4592 685 4655 Deo
718 4592 895 4675 depressio-
948 4593 1039 4656 cinis.
1060 4594 1193 4673 Rursus,
1218 4610 1282 4673 quo
1304 4592 1376 4674 quis
1401 4611 1435 4654 se
1459 4591 1563 4673 ipsum
1590 4591 1694 4672 limpi-

148 4711 230 4772 nem,
252 4711 319 4774 qua
339 4709 373 4752 se
397 4689 556 4771 majestati
581 4689 700 4752 divinae
724 4687 895 4773 prostravit
947 4693 1018 4754 dius
1039 4691 1153 4771 noscit,
1169 4710 1298 4754 omnem
1321 4689 1472 4752 videlicet
1494 4708 1583 4752 suam
1607 4688 1695 4752 defe-

148 4789 341 4868 hassissime,
357 4795 389 4851 et
413 4787 650 4870 comparatione
674 4787 761 4852 illius
785 4809 818 4852 se
841 4810 895 4854 ve·
948 4789 1160 4869 ctuositatom‚
1169 4789 1407 4873 proprietatem,
1416 4788 1637 4869 indigentiam,
1649 4787 1694 4850 ni·

149 4887 387 4952 hamentissime
407 4885 495 4969 parvi
515 4887 627 4969 pendit
645 4907 682 4950 ac
701 4905 831 4968 prorsus
847 4889 895 4952 in·
948 4889 1122 4952 hileitatem
1137 4887 1446 4970 dependentiamque
1457 4886 1693 4949 indesinentem

148 4985 366 5068 dignissimam
392 4985 550 5066 reputavit
572 4984 612 5047 ad
635 4992 758 5048 tantum
779 4995 895 5068 myste-
948 5007 966 5051 a
997 4989 1072 5066 Deo,
1104 5006 1142 5052 eo
1175 4985 1363 5069 profundius
1399 4986 1548 5049 humiliat
1581 4993 1695 5048 semet-

149 5085 225 5146 rium
244 5085 278 5147 in
298 5103 345 5162 se,
361 5101 400 5146 ex
419 5101 453 5146 se
472 5091 504 5146 et
522 5101 580 5165 per
598 5101 632 5144 se
654 5084 890 5165 complendum.
948 5087 1064 5168 ipsum.
1081 5087 1187 5164 Porro,
1203 5105 1299 5169 quarn
1320 5085 1609 5167 incomparabiliter
1631 5084 1695 5146 cla·

185 5183 338 5264 lienique,
355 5181 483 5264 quarmo
498 5180 580 5242 fleus
595 5179 697 5244 voluit
710 5201 780 5244 eam
798 5201 894 5266 super
948 5205 981 5248 re
1019 5205 1055 5248 ac
1094 5185 1321 5267 sapientialiter
1352 5183 1570 5246 amantissima
1602 5181 1694 5262 virgo

147 5297 270 5345 omnem
296 5297 410 5362 puram
436 5287 612 5342 creaturam
638 5279 670 5342 in
695 5299 766 5344 esse
786 5291 893 5348 creato
948 5283 1042 5347 ldaria
1066 5283 1099 5345 in
1123 5283 1183 5346 hac
1208 5283 1272 5346 vita
1292 5281 1504 5362 contemplata
1520 5280 1692 5361 sit-Deum,

266 5415 300 5468 T.
319 5415 359 5466 36.
1552 5414 1569 5468 9
