4309 6250
209 522 250 569 DE
270 522 478 570 AUCTOEITATE
500 523 594 570 SUHlss
615 521 782 568 rourtrrcls
803 521 841 568 ΕΤ
861 521 1030 568 GENERALlS
1051 519 1191 579 concurr,
1214 522 1302 568 tlara
1322 522 1344 567 l.
1366 539 1407 550 -·
1427 521 1495 567 aar.
1519 520 1615 568 xxm
1645 501 1705 566 587

38 717 138 764 cmc
154 693 354 776 prophetam,
371 701 402 756 et
422 693 535 756 Paulus
560 693 651 774 dixit,
668 691 736 756 Non
760 712 831 755 sum
855 691 941 784 dih
957 691 1111 774 cipalisve
1139 711 1285 774 sponsus.
1313 694 1458 755 Attamen
1485 692 1705 756 Bonaventura

153 812 236 874 gnus
252 792 358 855 vocari
377 792 538 872 apostolus
557 815 563 852 :
581 799 613 855 et
627 800 731 854 umen
756 792 796 853 de
810 792 902 854 Joau-
957 799 1100 870 testatur,
1123 791 1208 871 quod
1233 790 1315 872 Papa
1339 798 1388 853 est
1410 798 1506 874 caput
1532 790 1705 854 indivisum

45 915 137 962 mma
153 911 195 952 ue
224 897 314 973 pater
341 890 412 971 ejus
442 909 516 952 vere
545 890 700 972 praedixit,
727 891 783 967 Tu,
810 909 900 973 puer,
957 888 1118 952 Ecclesia.

153 989 310 1071 Propheta
334 989 488 1052 Altissimi
517 989 703 1066 vocaberis;
729 999 760 1052 et
788 989 902 1052 Paulus
996 987 1102 1069 Aliqui
1124 1007 1200 1050 vero
1220 987 1360 1069 allegant
1377 987 1583 1066 bernardum,
1600 988 1707 1051 dicen·

155 1088 326 1169 praeclarus
341 1086 403 1150 luit
417 1089 588 1170 apostolus.
606 1088 656 1150 Sic
671 1096 702 1150 et
717 1089 812 1151 Amos
831 1107 903 1169 pro·
958 1095 1021 1149 tem
1037 1086 1123 1148 circa
1138 1085 1237 1148 linem
1259 1085 1390 1149 secundi
1413 1084 1485 1148 libri
1504 1087 1544 1148 de
1559 1087 1706 1150 Conside-

51 1213 90 1242 ’πω
156 1187 252 1267 pheta
270 1186 407 1248 asseruit
424 1210 431 1248 :
448 1185 516 1249 Non
538 1206 608 1248 surn
630 1186 904 1268 prophetalium·
958 1185 1091 1265 ratione,
1112 1185 1196 1266 quod
1222 1186 1304 1267 Papa
1325 1204 1388 1248 uon
1413 1185 1455 1247 sit
1480 1203 1627 1266 sponsus,
1649 1188 1705 1249 sed

43 1295 48 1306 '
154 1304 230 1365 que,
260 1284 290 1347 S.
321 1283 490 1365 Gregorius
518 1304 536 1346 a
564 1285 724 1366 Stephano
753 1284 902 1368 episcopo
958 1284 1193 1366 paranymphus
1220 1283 1381 1347 Ecclesia.
1409 1283 1469 1346 Sed
1498 1283 1599 1363 (salva
1626 1303 1705 1366 pace

155 1383 313 1460 laudatus,
332 1383 456 1446 laudem
482 1383 569 1445 illam
594 1383 677 1446 terre
702 1403 764 1446 non
787 1383 900 1465 potuit,
957 1385 1081 1461 eorum)
1106 1383 1167 1446 hoc
1195 1383 1373 1445 Bernardus
1398 1383 1443 1445 ibi
1466 1401 1529 1445 nou
1555 1383 1644 1446 dicit.
1671 1382 1704 1445 Si

153 1501 309 1544 neceam
335 1481 396 1544 sihi
423 1489 603 1562 competere
627 1481 707 1544 dixit
723 1482 812 1544 :imo
838 1501 899 1544 non
957 1490 1063 1544 autem
1087 1481 1163 1544 alibi
1188 1482 1277 1561 dicit,
1305 1483 1365 1544 hoc
1391 1482 1632 1563 intelligendum
1657 1491 1706 1545 est

153 1580 228 1643 tulit
247 1580 331 1662 quod
350 1589 502 1643 matronae
522 1579 671 1642 dicebant
691 1601 725 1644 se
750 1580 820 1661 ejus
845 1601 901 1642 an·
957 1580 1041 1661 quod
1069 1599 1134 1643 non
1159 1580 1200 1642 sit
1227 1599 1363 1661 sponsus
1393 1581 1578 1662 principalis
1602 1563 1617 1641 ἶ
1641 1581 1706 1645 imo

154 1679 257 1742 cillas.
274 1679 347 1753 Oura
361 1679 469 1741 omnia
489 1679 520 1740 iu
536 1679 607 1761 ejus
629 1680 833 1742 continentur
846 1679 903 1741 Lc-
958 1677 1195 1760 comparatione
1223 1678 1337 1741 Christi
1366 1687 1415 1741 est
1438 1679 1587 1745 Ecclesiae
1616 1698 1706 1761 para-

152 1777 268 1857 genda.
285 1777 318 1838 lu
345 1776 559 1840 locutionibus
579 1797 716 1859 namque
740 1796 819 1857 quas
839 1776 901 1841 viri
957 1778 1127 1860 nymphus.
1144 1778 1183 1840 Et
1196 1778 1256 1840 hoc
1272 1779 1365 1841 modo
1385 1778 1471 1840 circa
1486 1777 1586 1841 linem
1601 1779 1706 1859 quarti

153 1875 289 1938 virtuosi
310 1895 348 1936 ex
366 1875 545 1936 humilitate
566 1875 784 1957 pronuntiant,
802 1875 901 1956 magis
916 1877 939 1938 B
958 1875 1029 1938 lihri
1045 1877 1084 1938 de
1099 1876 1356 1939 Consideratioue
1370 1877 1414 1938 ait
1428 1876 1606 1940 Beruardus
1620 1879 1705 1958 quod

152 1975 305 2036 intuenda
320 1983 368 2036 est
387 1973 502 2035 mentis
522 1993 631 2036 eorum
653 1973 786 2037 intentio
806 1994 901 2057 quarn
957 1975 1039 2056 Papa
1065 1975 1106 2036 sit
1130 1975 1253 2037 amicus
1278 1975 1402 2056 Sponsi‚
1429 1974 1553 2037 scilicet
1576 1974 1704 2052 Christi,

151 2073 256 2136 forma
268 2071 633 2136 verborumlusinuavit
647 2091 772 2154 quoque
789 2093 821 2136 se
838 2092 901 2135 uon
958 2075 1257 2157 paranymphusque
1272 2074 1412 2156 Sponsae,
1430 2074 1461 2136 id
1480 2081 1529 2136 est
1542 2073 1703 2136 Ecclesiae.

151 2171 369 2234 universalem
395 2169 592 2252 episcopum,
611 2191 668 2254 per
687 2171 902 2234 exclusionem
958 2173 1182 2236 Verumtamen
1212 2191 1275 2235 non
1308 2181 1403 2254 negat
1435 2173 1519 2255 quod
1554 2172 1636 2254 Papa
1664 2173 1707 2234 sit

151 2269 348 2352 praelationis
380 2269 572 2351 episcopalis
606 2269 751 2332 aliorum.
781 2269 902 2334 Idcirco
958 2289 1093 2352 sponsus
1112 2269 1261 2332 Ecclesiae
1285 2270 1460 2332 secundum
1481 2289 1609 2334 sensum
1629 2289 1707 2351 prae-

150 2368 272 2450 adjecit
288 2391 295 2428 :
313 2367 388 2442 Quia
414 2367 504 2432 vohis
530 2367 736 2444 subtrahitur,
754 2378 814 2432 otc.
958 2369 1113 2431 habitum.

62 2505 106 2532 me
192 2466 287 2529 Porro
303 2466 399 2528 verba
421 2465 535 2528 Gelasii
559 2474 632 2528 sunt
649 2490 656 2527 :
673 2465 831 2530 Universa
848 2487 903 2549 per
998 2467 1070 2549 legi
1088 2486 1213 2549 quoque
1234 2466 1266 2528 iu
1289 2466 1407 2549 scripto
1426 2467 1604 2548 cujusdam,
1622 2469 1706 2548 quod

39 2567 51 2595 ¹·
67 2556 98 2596 ³³·
130 2567 263 2628 orbem
278 2564 428 2626 Ecclesiae
450 2572 525 2626 sunt
545 2584 627 2627 unus
643 2565 800 2627 thalamus
815 2565 902 2628 Chri·
957 2565 1040 2648 Papa
1065 2585 1127 2628 uou
1153 2565 1267 2627 debeat
1288 2564 1351 2626 dici
1372 2564 1515 2646 pontifex
1532 2584 1705 2628 summus:

53 2649 57 2658 ¹
152 2665 204 2737 sti,
227 2673 260 2725 et
282 2661 423 2726 Ecclesia
448 2663 588 2726 Romana
612 2663 726 2726 ceteris
752 2663 902 2727 Ecclesiis
959 2664 1041 2744 quod
1064 2671 1113 2726 est
1133 2671 1243 2725 contra
1265 2681 1434 2724 commune
1455 2662 1576 2724 dictum
1597 2663 1709 2725 Catho

150 2771 200 2824 est
223 2761 362 2843 praelata.
392 2759 459 2824 Non
488 2760 566 2822 dicit
593 2762 677 2842 quod
706 2761 747 2824 sit
776 2762 904 2843 praelata
959 2761 1106 2824 licorum.
1131 2760 1168 2822 Et
1192 2761 1223 2822 S.
1247 2760 1437 2839 Beruardus,
1460 2760 1544 2822 sicut
1568 2761 1805 2842 praealle-m,

150 2861 293 2923 thalamo
308 2859 474 2935 Christi,id
490 2868 538 2922 est
553 2860 724 2922 universali
741 2860 902 2938 Ecclesiae,
959 2869 1065 2942 gatum
1086 2868 1145 2938 est,
1161 2859 1272 2921 scribit
1292 2858 1375 2939 quod
1399 2858 1480 2939 Papa
1500 2857 1542 2919 sit
1560 2859 1708 2940 princeps

150 2959 206 3021 sed
234 2958 388 3020 Ecclesiis
417 2957 558 3039 reliquis.
587 2959 702 3020 Verum
727 2959 787 3021 hoc
812 2979 905 3040 argu·
960 2957 1194 3040 episcoporum,
1224 2974 1429 3037 summusque
1466 2955 1618 3036 pontifex.
1651 2957 1710 3020 Ve-

151 3066 297 3119 menlum
320 3056 437 3118 modici
460 3065 508 3119 est
529 3057 647 3119 valoris
663 3076 699 3119 ac
723 3057 855 3135 roboris,
874 3057 940 3120 etC
960 3076 1042 3133 rum,
1059 3065 1094 3118 ut
1118 3055 1193 3118 alibi
1218 3050 1306 3134 dicit,
1323 3054 1405 3136 Papa
1429 3054 1547 3116 dicitur
1565 3074 1708 3117 summus

150 3157 260 3239 potius
284 3156 323 3217 ad
349 3154 531 3237 oppositum
557 3155 680 3217 militat.
705 3156 793 3219 Sicut
817 3157 902 3219 enim
960 3154 1208 3237 comparatione,
1225 3172 1288 3216 non
1305 3153 1590 3216 consummatione.
1607 3155 1641 3215 lu
1658 3175 1709 3218 ca-

150 3274 216 3316 non
233 3254 312 3316 dicit
327 3254 411 3335 quod
427 3252 468 3314 sit
483 3254 610 3335 praelata
626 3253 764 3318 thalamo
775 3254 903 3332 Christi,
960 3272 1043 3315 none
1057 3271 1184 3334 quoque
1198 3251 1465 3315 Chalcedonensis
1481 3251 1610 3314 concilii
1627 3253 1709 3335 Papa

150 3354 195 3414 ita
222 3372 281 3414 uec
310 3351 491 3433 oppositum
516 3352 681 3415 adstruit:
705 3353 779 3429 imo,
806 3373 904 3434 quum
960 3359 1093 3413 vocatur
1113 3369 1258 3412 summus
1280 3348 1426 3411 antistes.

150 3452 296 3513 Romana
330 3449 475 3512 Ecclesia
506 3450 739 3531 particulariter
768 3460 903 3534 sumpta,
1000 3450 1087 3513 Unde
1116 3448 1320 3530 praeinductae
1349 3448 1551 3511 auctoritates
1580 3447 1709 3512 Sancto-

151 3550 193 3610 sit
220 3568 294 3629 pars
318 3548 448 3610 thalami
469 3548 578 3629 hujus,
600 3548 668 3629 ips‘a
690 3550 816 3631 proprie
842 3570 905 3613 nou
961 3567 1030 3609 rum
1047 3547 1221 3629 reprimere
1237 3546 1348 3609 merito
1369 3546 1487 3609 debent
1507 3566 1562 3609 ora
1582 3546 1709 3610 incaute

151 3645 267 3707 debuit
294 3646 357 3708 dici
395 3646 523 3727 praelata
552 3646 691 3709 thalamo
727 3646 812 3724 huic,
843 3648 905 3710 nisi
960 3646 1171 3727 loquentium,
1187 3653 1219 3708 et
1234 3645 1464 3727 plenitudinem
1481 3646 1644 3727 potestatis
1659 3664 1709 3727 pa-

152 3744 278 3807 ratione
300 3743 462 3825 pontilicis
485 3743 544 3821 sui,
562 3744 615 3825 qui
638 3754 669 3807 et
683 3744 830 3809 Romanas
850 3746 906 3808 Ec·
960 3745 1041 3826 palis
1061 3744 1158 3807 nimis
1182 3744 1318 3806 limitare
1343 3753 1436 3825 atquc
1461 3752 1582 3807 arctare
1601 3745 1710 3807 volen-

150 3842 262 3905 clesiae
290 3862 326 3905 ac
351 3842 465 3904 ceteris
490 3842 647 3925 presidet.
673 3844 829 3924 Amplius,
856 3864 907 3906 su·
960 3843 1050 3906 tium.
1081 3842 1203 3905 Nedum
1232 3841 1337 3924 papali
1366 3843 1519 3923 derogant
1547 3842 1707 3925 dignitati,

57 3975 110 4003 ω
152 3961 210 4023 pra
233 3960 272 4002 ex
294 3940 389 4002 dictis
410 3940 639 4003 Bouaventuree
659 3943 905 4022 atquelluraudi
961 3961 1070 4003 verum
1100 3940 1234 4017 Christo,
1265 3940 1357 4021 cujus
1392 3960 1536 4002 summus
1572 3940 1709 4003 vicarius

149 4047 318 4101 ostensum
335 4046 394 4117 est,
410 4039 494 4120 quod
509 4040 591 4120 Papa
606 4039 646 4101 sit
661 4059 796 4122 sponsus
810 4060 906 4123 gene·
960 4039 1042 4121 Papa
1061 4048 1120 4117 est,
1136 4040 1288 4120 derogare
1311 4037 1529 4101 inveniuntur.
1547 4039 1607 4101 Sed
1622 4038 1711 4101 Chri-

150 4137 232 4199 ralis
249 4145 280 4197 et
300 4136 415 4199 unicus
438 4137 535 4200 totius
556 4137 705 4200 Ecclesiae
723 4162 729 4200 :
747 4139 830 4219 quod
854 4160 906 4201 ve·
962 4146 1045 4199 stum
1066 4137 1099 4199 in
1119 4156 1177 4201 suo
1200 4137 1320 4199 vicario
1340 4145 1541 4217 venerentur,
1557 4137 1707 4217 quoniam

149 4255 225 4297 rum
242 4252 307 4297 non
328 4243 422 4313 esset,
437 4235 498 4297 nisi
519 4236 574 4298 toti
591 4236 740 4299 Ecclesiae
755 4239 905 4321 quodam·
920 4243 945 4304 D
961 4236 1103 4299 Christus
1119 4236 1185 4298 suis
1200 4236 1244 4297 ait
1259 4235 1388 4299 vicariis
1406 4260 1413 4299 :
1429 4236 1487 4311 Qui
1505 4254 1560 4299 vos
1576 4236 1707 4318 speruit,
1723 4257 1806 4306 ιυω.
1817 4258 1850 4298 ιε.

149 4336 252 4397 modo
280 4342 363 4396 esset
392 4335 550 4415 praelatus.
577 4334 665 4397 Sicut
693 4336 790 4412 euim,
816 4336 906 4417 juxta
962 4355 1012 4398 me
1035 4336 1167 4417 spernit.
1183 4334 1242 4408 Qui
1264 4354 1336 4397 cum
1351 4335 1440 4397 Patre
1455 4343 1573 4397 alterno
1594 4345 1625 4397 et
1639 4335 1710 4416 Spi-

35 4448 38 4459 ·
67 4464 96 4492 22.
112 4466 132 4501 v.
150 4431 355 4513 Apostolum,
373 4431 422 4493 vir
445 4441 540 4515 caput
564 4442 613 4496 est
637 4434 790 4511 mulieris,
807 4434 850 4497 ita
875 4444 906 4497 et
961 4433 1023 4495 ritu
1044 4434 1158 4497 Sancto
1179 4453 1261 4496 uuus
1285 4442 1333 4495 est
1353 4434 1495 4495 omniurn
1516 4434 1707 4511 dominator,

35 4543 40 4553 ·
149 4550 294 4614 sponsus
309 4539 403 4611 caput
424 4542 472 4594 est
493 4550 617 4613 spousae
634 4556 642 4594 z
659 4533 804 4614 quamvis
824 4534 905 4615 Papa
962 4551 1058 4613 super
1071 4533 1180 4595 omnia
1193 4533 1276 4595 lleus
1299 4532 1442 4595 sublimis
1458 4540 1489 4595 et
1509 4533 1708 4595 benedictus.

148 4627 279 4692 nonsit
300 4637 394 4709 caput
415 4629 605 4711 simpliciter
619 4630 794 4713 principale
816 4631 904 4712 priu—
962 4632 1074 4693 Amen.
