4309 6250
443 454 502 521 152
683 475 723 522 nn
745 475 908 523 oronnam
929 474 966 519 nr
987 473 1136 520 asuomos
1156 472 1184 517 a.
1210 473 1239 519 v.
1260 472 1378 529 tanin,
1400 472 1490 518 aman
1510 473 1551 519 ιν.
1574 491 1614 503 -
1635 473 1706 519 aar.
1730 473 1762 519 ιε

443 641 582 706 cissimis
604 644 671 707 suis
692 644 863 726 martyriis,
880 662 944 725 praa
962 641 1062 705 nimia
1077 641 1194 705 exube-
1208 642 1234 704 A
1250 641 1401 722 quoniam
1430 642 1582 705 Dominus
1609 642 1705 725 jussit
1731 650 1767 705 ut
1799 641 1865 707 sine
1896 662 1981 725 poena

445 741 547 804 rantia
568 749 600 805 at
622 743 833 806 redundantia
852 742 985 805 internae
1004 740 1195 806 consolatio-
1251 739 1428 805 voluntarie
1447 740 1596 821 ejiciatur
1615 741 1655 804 de
1677 760 1821 823 corpore.
1836 742 1917 804 l'nnc
1929 743 1981 806 lio

444 838 495 901 nis
511 840 686 921 spiritualis
701 848 732 903 et
747 840 873 921 latitia,
886 859 943 903 sua
957 839 1012 903 vix
1026 845 1195 903 senserunt
1250 840 1357 904 minus
1374 838 1459 901 dixit
1481 862 1489 901 :
1512 838 1595 902 Ecce
1618 839 1711 903 mitto
1734 840 1834 903 David
1853 859 1921 903 cum
1943 840 1982 903 ci-

444 943 611 1017 tormenta,
627 945 660 1001 et
682 937 901 1019 gloriabantur
920 938 952 999 in
972 936 1037 999 illis
1057 936 1141 998 sicut
1161 934 1194 996 in
1250 940 1350 1015 thara,
1367 944 1399 1001 ct
1412 956 1524 1000 omnes
1538 938 1710 1019 psallentes
1723 938 1904 1001 Jerusalem.
1918 936 1982 1011 Qui-

444 1034 569 1097 cnnctis
583 1034 719 1114 deliciis,
735 1043 772 1098 ut
784 1044 871 1117 patet
889 1036 928 1098 de
943 1035 996 1097 SS.
1012 1033 1192 1113 Laurentio,
1250 1036 1310 1100 bus
1324 1034 1526 1099 venientibus
1542 1045 1636 1117 atque
1655 1036 1872 1119 psallentibus,
1885 1036 1982 1099 anima

444 1132 624 1213 Vincenti0,
639 1134 771 1215 Agatha.
1251 1135 1306 1198 illa
1330 1155 1395 1217 praa
1422 1134 1539 1215 gaudio
1566 1134 1708 1198 exsilivit
1734 1136 1774 1198 de
1798 1154 1933 1217 corpore,
1955 1142 1983 1196 et

484 1230 640 1313 Amplius,
662 1232 702 1294 de
724 1232 755 1294 S.
775 1231 895 1296 Joannc
917 1231 1018 1293 fertur
1038 1229 1193 1312 apostolo,
1251 1233 1333 1296 sedit
1358 1232 1391 1294 in
1420 1232 1567 1295 manibus
1595 1232 1765 1295 Michaelis.
1796 1232 1828 1295 Si
1853 1233 1911 1295 hoc
1936 1240 1984 1294 aut
2102 1259 2103 1264 ¹

444 1329 530 1410 quod
544 1327 628 1391 facta
642 1329 796 1409 oratione,
812 1329 851 1390 ad
874 1346 948 1391 suos
969 1336 1017 1391 est
1031 1326 1195 1409 appositus
1250 1330 1312 1394 tale
1326 1331 1402 1412 quid
1416 1331 1524 1392 datum
1536 1338 1585 1393 est
1594 1330 1649 1393 Dei
1664 1330 1794 1393 lamulis
1808 1349 1844 1393 ac
1856 1330 1981 1409 ancillis,

444 1426 570 1506 iratres,
587 1420 651 1489 ta'm
667 1426 790 1489 alienus
804 1446 823 1488 a
842 1426 953 1489 mortis
971 1426 1081 1488 dolore
1100 1443 1195 1506 quam
1250 1428 1483 1510 quantomagis
1498 1427 1984 1509 innocentissimaeVirgini,qua

445 1523 598 1586 immunis
617 1543 635 1586 a
655 1524 759 1586 carnis
783 1524 996 1605 corruptione.
1019 1523 1080 1585 Sed
1099 1522 1195 1602 Virgo
1250 1545 1413 1607 nunquam
1445 1525 1541 1588 alicui
1571 1527 1674 1608 culpat
1701 1526 1763 1589 luit
1790 1525 1932 1603 obnoxia,
1958 1533 1985 1586 et

444 1621 634 1704 dignissima
657 1621 949 1704 incomparabiliter
970 1622 1068 1683 inita
1090 1620 1195 1682 carnis
1249 1632 1336 1687 tanta
1357 1643 1450 1706 passa
1472 1632 1520 1686 est
1541 1624 1575 1686 in
1596 1624 1656 1687 hac
1678 1623 1768 1686 vital

446 1719 649 1802 corruptione
685 1719 880 1782 alienissima
915 1727 948 1783 et
982 1719 1121 1782 sanctior
1148 1719 1196 1781 di·
1290 1721 1461 1797 Postremo,
1491 1721 1531 1784 de
1565 1721 1675 1784 multis
1708 1721 1869 1803 utriusque
1904 1739 1986 1783 serus

444 1818 600 1899 gniorque
615 1818 685 1900 ipso
699 1819 830 1898 loannc,
846 1837 922 1899 ergo
937 1817 1106 1899 privilegio
1126 1837 1196 1899 gra·
1212 1824 1236 1885 B
1251 1820 1395 1901 personis
1410 1819 1532 1881 eximiae
1546 1820 1721 1882 sanctitatis
1737 1819 1803 1882 lide
1818 1820 1917 1901 digna
1927 1839 1988 1881 nar·

445 1916 497 1979 tiae
511 1915 608 1998 hujus
622 1915 806 1998 praeclarius
821 1915 1016 1978 honoranda.
1029 1916 1193 1995 Praeterea,
1252 1924 1323 1979 rant
1349 1917 1498 1993 historiae,
1524 1917 1609 1998 quod
1637 1916 1802 1979 lenissima
1827 1925 1988 1979 mertare

446 2014 541 2078 homo
560 2013 684 2077 actibus
704 2014 799 2076 unius
818 2014 967 2095 potentia
991 2014 1201 2078 vehementer¹
1252 2021 1416 2076 cesserunt
1430 2032 1449 2074 a
1462 2013 1751 2093 corpore,dulciter
1764 2013 1987 2077 obdormientes

447 2111 599 2189 intentus,
616 2112 750 2174 aliarum
772 2111 889 2173 virium
910 2111 1051 2174 actiones
1073 2120 1106 2174 et
1125 2132 1197 2193 pas-
1251 2112 1285 2173 in
1300 2111 1445 2188 Domino,
1462 2110 1552 2192 quasi
1568 2111 1600 2172 in
1622 2128 1769 2191 soporem
1791 2110 1925 2174 subitum
1945 2130 1986 2172 re

447 2209 552 2272 siones
572 2210 751 2271 autminus
771 2217 826 2271 aut
849 2226 979 2290 prorsus
1000 2226 1064 2271 non
1088 2209 1193 2274 sentit.
1252 2209 1361 2272 solutae
1379 2232 1385 2271 :
1403 2217 1439 2271 ut
1453 2216 1538 2290 patet
1559 2210 1598 2272 de
1619 2208 1753 2271 sacratis
1768 2208 1863 2272 llaria
1876 2208 1988 2289 llagda·

446 2307 576 2388 Propter
602 2308 686 2389 quod
715 2306 834 2388 Moyses
859 2313 891 2369 et
914 2306 999 2368 Elias
1024 2326 1060 2369 ac
1089 2307 1196 2388 plures
1252 2307 1323 2370 lene
1347 2315 1379 2369 et
1402 2306 1496 2368 llaria
1520 2306 1713 2388 AEgyptiaca,
1733 2326 1805 2387 quaa
1829 2314 1929 2369 tamen
1946 2306 1989 2367 in-

446 2404 638 2485 evangelicae
654 2404 733 2485 legis
745 2404 1036 2483 Sancti,diutnrnas
1050 2423 1089 2465 ac
1099 2405 1196 2467 miras
1253 2406 1376 2467 terdum
1392 2424 1514 2485 magnac
1530 2404 1725 2485 peccatrices
1740 2403 1988 2467 lueruntllonne
1999 2430 2086 2473 mar.

445 2502 662 2584 jejunationes
687 2522 724 2565 ac
748 2501 956 2564 abstinentias
982 2502 1049 2565 sine
1069 2503 1197 2566 delectu
1252 2522 1327 2584 crgo
1351 2520 1481 2583 pmrsus
1506 2502 1698 2564 credendum
1724 2510 1773 2564 est
1795 2502 1907 2584 pieque
1927 2523 1990 2564 sen·
2105 2481 2106 2570 l

446 2601 603 2664 lecerunt.
632 2600 734 2675 Quum
763 2600 860 2681 igitur
892 2600 1075 2663 beatissima
1106 2601 1197 2683 virgo
1254 2601 1395 2664 tiendum
1414 2600 1453 2661 de
1473 2599 1717 2680 incomparabili
1737 2608 1770 2662 et
1788 2600 1991 2663 sacratissima

447 2698 541 2762 Maria
564 2697 662 2760 fuerit
686 2706 827 2779 tempore
853 2698 963 2761 mortis
988 2718 1052 2761 suae
1073 2699 1197 2762 actibus
1254 2697 1377 2779 virgine
1401 2697 1505 2773 llaria,
1533 2706 1633 2759 matre
1659 2697 1798 2775 Deiiera,
1824 2699 1906 2780 quod
1928 2698 1991 2759 sine

448 2796 621 2877 superioris
650 2796 748 2878 partis
777 2796 891 2859 animae
916 2797 1198 2859 vehementissime
1253 2796 1362 2858 dolore
1377 2794 1503 2873 obierit,
1516 2813 1613 2875 quum
1629 2802 1661 2857 et
1675 2795 1773 2877 aliqui
1788 2796 1822 2857 in
1837 2797 1896 2860 hoc
1910 2816 1993 2858 mun-

448 2914 484 2958 ac
508 2894 742 2976 jucundissime
769 2901 935 2974 occupata,
962 2895 1065 2975 potuit
1093 2894 1199 2956 anima
1253 2894 1293 2956 do
1319 2894 1362 2955 ita
1386 2912 1615 2973 nonnunquam
1639 2893 1804 2974 rapiantur
1831 2895 1871 2957 ad
1897 2893 1994 2956 Domi·

448 2992 519 3074 ejus
538 3012 557 3054 a
582 3010 639 3056 suo
664 2991 879 3055 sacratissimo
898 3010 1029 3073 corpore
1053 2992 1123 3055 sine
1144 2993 1199 3055 do
1215 2992 1237 3055 C
1253 3012 1343 3069 num,
1359 2993 1443 3072 quod
1458 2992 1591 3053 durante
1613 2990 1796 3070 hujusmodi
1819 3000 1919 3073 raptu,
1935 3010 1993 3054 non
2106 3009 2107 3022 ¹

448 3092 515 3156 lore
530 3090 769 3169 sensibili,cum
784 3090 906 3172 ingenti
924 3090 1031 3153 laetitia
1047 3091 1196 3173 separari.
1254 3090 1418 3168 sentirent,
1447 3090 1593 3171 quamvis
1628 3090 1674 3153 eis
1703 3110 1818 3155 manus
1846 3099 1879 3155 et
1903 3091 1993 3174 pedes

489 3189 535 3252 Ad
550 3189 634 3270 quod
649 3187 848 3270 probandum
863 3187 960 3250 etiam
975 3188 1101 3250 coniert
1114 3191 1199 3269 quod
1254 3192 1517 3270 amputarenturi

316 3313 436 3366 dcam.
449 3288 488 3350 de
505 3307 537 3349 se
553 3287 622 3368 ipso
637 3286 754 3348 fatetur
765 3285 1024 3367 ApostoluS,Sci0
1036 3286 1198 3350 hominem

301 3377 350 3420 ²⁴·
450 3393 587 3468 raptum,
606 3385 673 3447 sive
688 3384 723 3445 in
738 3401 869 3464 corpore
885 3383 952 3445 sive
967 3390 1055 3445 entra
1069 3401 1197 3464 corpus,

451 3483 572 3562 nescio,
587 3483 670 3544 Deus
686 3481 755 3544 scit.
773 3481 859 3544 Unde
874 3480 1012 3559 elicitur,
1029 3481 1113 3562 quod
1133 3482 1200 3543 ani·
1463 3459 1709 3524 ARTICULUS
1734 3460 1792 3523 IV·

451 3599 504 3642 ΠΜ
538 3578 677 3660 Siparisi
707 3587 738 3640 ei
766 3577 851 3640 ‘ime
880 3586 975 3659 queat
1001 3597 1020 3639 ἃ
1054 3595 1198 3659 ⁰⁰sp⁰r⁰²
1255 3611 1303 3669 De
1317 3609 1434 3686 quinto
1446 3609 1560 3683 pratia
1574 3610 1662 3667 circa
1678 3618 1814 3669 mortem
1830 3611 1928 3670 beotoe
1941 3612 1998 3670 rir-

451 3677 581 3742 homine
608 3676 785 3758 ignorante,
813 3695 871 3738 nec
896 3675 1053 3738 sentiente
1081 3699 1088 3737 :
1115 3677 1197 3757 quod
1291 3698 1368 3772 mm·
1390 3698 1510 3756 Maria,
1533 3699 1664 3766 conata,
1679 3701 1767 3776 quod
1790 3699 1913 3758 scilice,
1935 3720 1998 3758 cor.

452 3777 485 3840 in
510 3776 604 3838 Maria
629 3794 752 3837 summe
778 3773 919 3837 theorica
941 3793 977 3837 ac
1002 3774 1111 3836 divina
1135 3793 1201 3837 ma·
1290 3805 1372 3861 pore
1386 3794 1417 3844 et
1437 3786 1550 3843 anima
1570 3786 1614 3843 sit
1629 3787 1819 3863 glorificata
1839 3796 1869 3846 et
1885 3791 1997 3865 glorio-

450 3874 536 3938 xime
555 3873 696 3937 creditur
713 3872 931 3954 adimpletum.
948 3871 1053 3953 Aliqui
1073 3890 1200 3953 quoque
1294 3875 1420 3934 sissima
1441 3875 1475 3932 in
1497 3876 1614 3934 coetom
1635 3885 1814 3952 assumpta.

451 3971 600 4036 catholici
615 3969 676 4033 viri
692 3977 766 4032 sunt
787 3969 863 4030 lassi
885 3988 918 4032 se
933 3968 1093 4032 interdum
1114 3977 1200 4031 tanta

451 4068 609 4152 spirituali
633 4065 831 4149 jucunditate
859 4066 996 4148 repletos
1024 4086 1062 4128 cx
1089 4067 1200 4129 auditu
1324 4069 1407 4130 ΕΝΙ
1420 4071 1460 4127 de
1478 4069 1618 4138 Libano,
1633 4087 1749 4144 sponsa
1764 4092 1860 4142 mea,·
1874 4076 1949 4133 vena·
1960 4078 2098 4138 decoras

450 4173 625 4231 concentus
655 4163 793 4244 angelici
818 4183 854 4226 ac
879 4163 1023 4227 melodiae
1047 4162 1240 4244 coelestis,l)
1332 4168 1470 4235 bibano,
1487 4168 1571 4225 ceni.
1582 4165 1626 4228 De
1642 4166 1911 4250 splendidissima,
1921 4173 1996 4252 opti·

449 4273 505 4328 aut
519 4262 700 4327 divinorum
716 4270 885 4343 praegustu,
893 4263 978 4342 quod
992 4263 1039 4324 eis
1054 4263 1201 4344 apparuit
1254 4284 1307 4326 ma
1331 4273 1362 4326 et
1384 4261 1613 4344 gloriosissima
1638 4264 1760 4345 virgine
1782 4267 1877 4330 illaria
1899 4271 1994 4332 sancti

450 4363 535 4446 quod
550 4360 665 4424 animae
679 4377 788 4422 eorum
809 4378 828 4421 a
849 4360 914 4422 suis
930 4360 1113 4441 prosilirent
1132 4379 1200 4424 cor·
1254 4361 1396 4443 Apostoli
1422 4369 1453 4424 ct
1475 4360 1686 4442 Evangelistae
1709 4380 1810 4443 pauca
1834 4367 1996 4450 scripsisse

450 4460 593 4546 poribus.
609 4459 688 4520 ilinc
713 4475 838 4539 quoque
860 4459 893 4519 in
914 4458 994 4520 Vitis
1012 4459 1138 4521 Petrum
1159 4460 1199 4521 de
1254 4460 1412 4537 videntur,
1433 4456 1497 4519 nisi
1516 4458 1600 4537 quod
1621 4459 1652 4521 S.
1674 4459 1774 4522 Lucas
1793 4462 1865 4542 plus
1887 4466 1996 4528 ceteris

450 4559 588 4643 quodam
604 4555 754 4619 recitatur
774 4557 921 4619 mendico
942 4557 1056 4619 devoto
1077 4565 1110 4619 et
1128 4576 1199 4619 san·
1255 4555 1382 4637 scripsit
1405 4556 1443 4617 de
1471 4574 1518 4616 ea.
1545 4555 1652 4635 Porro,
1676 4557 1826 4621 ultimum
1850 4563 1935 4641 quod
1960 4563 1996 4624 de

451 4667 503 4722 cto
528 4657 562 4719 in
586 4653 699 4738 plateis
724 4654 889 4730 moriente,
911 4655 994 4736 quod
1016 4654 1148 4717 llichael
1168 4664 1199 4718 et
1254 4654 1323 4735 ipsa
1349 4653 1381 4714 in
1410 4652 1620 4734 Evangelistis
1649 4663 1806 4736 narrat-ur,
1835 4667 1885 4720 est
1916 4661 1996 4743 quod

450 4754 575 4819 Gabriel
590 4751 821 4816 descenderunt
835 4752 874 4814 ad
889 4751 1116 4833 eum,ejusque
1131 4752 1198 4814 ani·
1253 4750 1397 4813 interluit
1411 4749 1551 4831 passioni
1565 4750 1724 4832 unigeniti
1739 4752 1810 4815 liilii
1833 4755 1893 4836 sui,
1909 4767 1941 4820 et
1955 4758 1996 4820 ibi
2007 4779 2101 4822 rama

450 4873 534 4917 mam
559 4849 767 4916 hortabantur
790 4849 875 4914 exire
899 4850 938 4913 de
963 4867 1105 4932 corpore.
1132 4851 1198 4924 Qua
1253 4848 1362 4912 aFilio
1377 4866 1434 4911 suo
1449 4847 1720 4930 estallata,atque
1734 4843 2063 4935 Joanniapostolo²⁵·”'¹

449 4953 577 5016 nolente
592 4969 685 5014 suum
705 4967 820 5030 corpus
842 4948 1032 5030 relinquere,
1048 4948 1127 5011 dixit
1140 4947 1199 5012 Ga·
1252 4948 1483 5012 commendata.
1493 4947 1527 5007 ln
1543 4946 1673 5010 Actibus
1688 4967 1764 5010 vero
1777 4950 1997 5031 Apostolorum

448 5051 529 5115 briel
545 5056 673 5112 sanctus
689 5047 872 5110 beatissimo
894 5046 1038 5110 llichaeli
1056 5047 1197 5128 :Accipe
1252 5046 1313 5108 hoc
1335 5045 1437 5108 solum
1461 5051 1494 5106 et
1514 5043 1661 5107 ultimum
1684 5045 1836 5110 recitatur
1857 5051 1899 5113 de
1917 5052 1995 5134 ipsa,

449 5151 515 5233 jam
539 5167 625 5210 nunc
650 5145 790 5208 animam
815 5145 908 5206 istam
934 5153 969 5206 ut
992 5164 1112 5207 eamus.
1139 5145 1197 5207 lle
1251 5144 1336 5224 qnod
1364 5141 1505 5224 Apostoli
1534 5150 1606 5224 post
1634 5142 1749 5205 Christi
1779 5149 1996 5213 ascensionem
2020 5159 2103 5207 aare·

450 5245 639 5330 sponditque
658 5241 789 5308 llichael
811 5241 903 5306 :Non
922 5249 1026 5325 potest
1044 5242 1091 5306 sic
1110 5242 1195 5322 lieri,
1251 5249 1391 5305 amente
1405 5239 1517 5304 Olivcti
1539 5241 1671 5322 reversi,
1687 5242 1720 5303 in
1743 5245 1909 5312 coenacnlo
1928 5269 1997 5331 per·
2009 5233 2037 5273 '⁸'
