4309 6250
406 502 446 549 nn
466 500 629 548 ntennsrn
649 498 687 547 nr
706 498 856 545 renones
876 499 903 543 ι.
927 498 958 541 v.
980 496 1098 555 xanta,
1120 496 1208 543 suan
1227 497 1272 544 nr.
1294 516 1335 527 -
1355 498 1426 545 aar.
1448 498 1502 545 ιιι
1669 479 1728 544 att

177 672 298 735 tionem
314 690 444 735 causare
459 671 491 733 in
507 679 624 748 mente
636 677 669 733 et
682 669 716 733 in
731 667 810 751 ipsis
825 667 929 748 major
942 665 968 729 Α
983 674 1102 746 quanto
1117 685 1207 729 mens
1221 666 1292 748 ejus
1305 664 1431 747 longius
1446 685 1482 729 ac
1501 666 1612 748 purius
1626 664 1730 728 fuerat

177 789 215 833 ac
240 770 336 834 altior
361 770 506 834 consistit
529 770 668 847 devotio,
694 776 729 831 ut
756 774 804 829 est
827 764 928 829 deitas
984 764 1122 845 relegata
1136 765 1176 827 ab
1190 765 1278 828 omni
1300 764 1419 828 affectu
1434 772 1465 827 et
1486 763 1730 827 actueGbristo

177 868 308 948 Christi,
338 868 559 948 adorandaque
587 867 734 929 Trinitas.
765 866 928 927 l'erumta-
982 871 1014 924 et
1028 862 1099 943 ejus
1114 862 1231 925 intuitu
1245 882 1283 925 ac
1302 880 1409 925 amore
1429 861 1633 944 impediente.
1649 861 1729 924 llinc

177 986 252 1028 men
279 984 318 1027 ex
339 973 426 1047 parte
451 963 704 1045 imperfectionis
728 970 844 1025 nostrat
864 961 927 1023 fre-
982 978 1109 1041 quoque
1123 960 1156 1022 in
1175 960 1390 1024 adolescentia
1410 980 1478 1039 sna,
1495 968 1664 1040 antequam
1682 959 1730 1021 Fi-

174 1072 312 1144 quenter
338 1062 503 1143 contingit,
524 1062 609 1144 quod
634 1059 845 1124 consideratio
868 1060 928 1122 bu·
982 1056 1061 1119 lium
1083 1058 1138 1120 llei
1161 1058 1319 1141 concepit,
1336 1067 1492 1139 quatenus
1513 1057 1728 1139 omnipotenti

173 1160 339 1223 munitatis
361 1160 489 1237 Christi,
510 1169 541 1223 et
565 1158 722 1242 passionis
745 1176 781 1220 ac
807 1165 926 1220 cetero-
980 1162 1088 1235 posset
1103 1154 1262 1218 mundiori
1274 1173 1407 1237 corpore
1421 1154 1607 1237 puriorique
1621 1162 1728 1217 mente

173 1278 246 1321 rum
283 1258 508 1340 mysteriorum
543 1265 575 1319 et
609 1265 737 1319 actuum
773 1255 856 1335 ejus,
885 1255 923 1317 ad
980 1250 1153 1332 perfectius
1167 1252 1299 1333 obsequi
1320 1260 1352 1313 et
1372 1270 1496 1329 vacare,
1513 1251 1727 1333 virginitatem

170 1358 378 1421 devotionem
395 1366 426 1419 et
441 1355 720 1439 compunctionem
743 1354 844 1435 magis
865 1371 924 1416 nos
980 1367 1069 1411 suam
1092 1350 1155 1411 Deo
1175 1350 1333 1432 promisit,
1349 1350 1399 1412 vel
1422 1350 1577 1428 absolute,
1594 1350 1644 1413 vel
1668 1350 1727 1411 snb

169 1455 299 1533 incitat,
326 1474 382 1517 seu
407 1455 501 1517 etiam
525 1454 713 1517 Sanctorum
736 1452 921 1532 Legenda:
979 1446 1205 1510 honestissima
1239 1447 1431 1527 conditione,
1467 1447 1628 1524 videlicet,
1664 1447 1726 1509 nisi

169 1553 248 1633 qnia
267 1563 356 1615 etex
376 1551 583 1613 sensibilibus
602 1559 695 1631 atque
717 1549 865 1612 humanis
884 1550 923 1613 ad
978 1544 1060 1607 Deus
1086 1546 1179 1608 aliter
1202 1564 1310 1609 secum
1335 1547 1546 1628 disponeret:
1569 1546 1648 1608 alias
1671 1548 1727 1609 dr

169 1651 357 1713 divinorum
378 1650 522 1712 notitiam
542 1657 574 1711 et
594 1667 735 1713 amorem
757 1646 921 1729 erigimur.
978 1643 1133 1724 changeio
1147 1652 1337 1727 conceptum
1351 1644 1381 1707 ei
1396 1644 1615 1724 annuntiante,
1627 1664 1724 1726 quum
1751 1670 1840 1715 nam.
1857 1683 1873 1721 1,

169 1748 267 1811 Porro
291 1746 434 1829 perfecti,
455 1767 493 1810 ex
517 1745 785 1827 contemplatione
807 1752 838 1808 et
862 1744 924 1806 fer·
978 1749 1062 1803 esset
1085 1743 1286 1823 desponsata,
1303 1761 1367 1805 non
1389 1750 1453 1805 tam
1475 1750 1657 1805 constanter
1678 1736 1773 1805 re-¹⁸·

169 1846 245 1909 vido
268 1845 452 1907 divinorum
472 1862 590 1919 amore,
611 1862 650 1906 ex
668 1841 922 1905 consideratione
941 1840 963 1902 ll
979 1839 1157 1920 spondisset
1180 1859 1218 1902 ac
1243 1839 1428 1921 inquisisset
1451 1864 1458 1901 ε
1482 1840 1643 1915 Quomodo
1667 1840 1726 1904 fiet
1739 1867 1793 1912 tue.
1808 1881 1823 1920 .‚
1837 1871 1871 1911 tt,

170 1943 309 2005 infinitas
323 1942 487 2021 bonitatis,
502 1940 758 2004 honorabilitatis
774 1949 805 2001 et
819 1940 923 2002 excel·
979 1935 1074 2012 istud,
1090 1936 1242 2017 quoniam
1263 1938 1367 2000 virum
1389 1956 1453 2001 non
1473 1942 1655 2019 cognoscet

170 2040 277 2103 lentim
303 2041 369 2120 Dei,
390 2060 429 2102 er
450 2038 735 2121 superbeatissimae
759 2036 922 2099 Trinitatis
1017 2033 1189 2111 Postremo,
1215 2034 1378 2098 devotioni
1403 2043 1490 2099 tanto
1514 2037 1595 2100 solet
1622 2038 1726 2118 major

169 2139 302 2219 intuitu,
319 2147 351 2200 et
371 2158 409 2201 ex
431 2136 684 2201 consideratione
707 2136 923 2199 communica·
978 2131 1132 2213 conjungi
1167 2132 1342 2213 spiritualis
1376 2132 1570 2214 jucnnditas,
1605 2143 1725 2216 quanto

168 2236 268 2300 tionis
297 2244 329 2299 ct
356 2234 567 2298 emanationis
595 2234 665 2315 ejus
694 2234 732 2295 ad
761 2234 855 2310 intra,
885 2252 921 2296 ac
979 2230 1048 2311 ipsa
1072 2229 1198 2293 devotio
1226 2224 1362 2293 alacrior
1388 2229 1624 2314 ferventiorque
1652 2251 1728 2295 con·

168 2343 289 2397 mutuae
304 2332 497 2411 intuitionis,
517 2330 708 2410 dilectionis,
727 2331 923 2411 complacen-
979 2326 1070 2406 sistit,
1100 2335 1133 2389 et
1159 2346 1223 2409 quo
1251 2346 1388 2409 persona
1414 2328 1529 2392 devota
1551 2338 1600 2391 est
1624 2330 1727 2411 magis

168 2432 223 2493 tim
238 2450 275 2493 ac
291 2430 464 2507 fruitionis,
481 2431 521 2492 ad
540 2428 743 2493 devotionem
759 2427 922 2510 potissime
978 2425 1130 2505 perlecta.
1163 2426 1339 2507 Unicuique
1366 2445 1504 2508 namque
1538 2428 1727 2491 delectabile

168 2530 363 2591 excitantur.
379 2526 615 2591 Gloriosissima
633 2535 739 2589 autem
759 2526 849 2607 virgo
863 2524 923 2587 lda-
978 2530 1026 2584 est
1040 2542 1134 2603 agere
1148 2542 1185 2585 ea
1200 2525 1239 2586 ad
1254 2542 1324 2606 quae
1345 2524 1551 2588 vehementer
1568 2524 1723 2589 afficitur.

169 2626 231 2704 ria,
259 2635 323 2688 tam
349 2626 381 2687 in
409 2624 578 2688 devotione
606 2643 644 2687 ex
670 2622 923 2687 consideratione
977 2619 1062 2697 ldeo,
1073 2638 1137 2703 quo
1150 2620 1318 2684 benedicta
1331 2629 1363 2684 et
1376 2622 1514 2703 gloriosa
1528 2623 1618 2705 virgo
1632 2624 1726 2687 llaria

167 2726 380 2789 humanitatis
409 2734 440 2787 et
468 2724 690 2806 mysteriorum
719 2724 832 2787 Christi
868 2742 924 2785 ua·
978 2716 1040 2779 fuit
1054 2718 1088 2779 in
1102 2719 1190 2782 omni
1212 2719 1339 2797 virtute,
1358 2721 1532 2801 praesertim
1554 2722 1587 2783 in
1602 2722 1726 2785 actibus

169 2832 293 2903 scente,
315 2842 409 2905 quam
430 2822 462 2883 in
484 2822 653 2885 devotione
672 2840 710 2884 ex
729 2821 923 2903 contempla·
978 2818 1118 2879 caritatis
1139 2838 1176 2881 ac
1200 2819 1374 2901 sapientias,
1395 2820 1495 2901 magis
1515 2820 1667 2902 perfecta,
1688 2839 1726 2883 eo

168 2923 259 2984 tione
279 2922 406 2984 deitatis
429 2920 498 2983 Filii
521 2920 571 2982 sui
592 2939 629 2983 ac
652 2919 922 3001 superbenedicta
978 2915 1103 2977 actibus
1123 2916 1302 2979 devotionis
1323 2915 1385 2978 fuit
1405 2916 1592 2995 ferventius,
1612 2919 1727 3000 jucun-

167 3019 334 3082 Trinitatis
374 3026 533 3098 surgente,
575 3016 808 3099 perfectissima
848 3015 919 3097 fuit,
936 3017 958 3081 C
977 3013 1048 3076 dius
1075 3014 1284 3095 stabiliusque
1308 3016 1429 3077 intenta
1454 3039 1461 3077 ε
1483 3017 1628 3098 quamvis
1652 3035 1727 3081 con·

165 3117 438 3200 quemadmodum
453 3124 485 3179 et
500 3116 532 3178 in
548 3123 681 3199 utraque
696 3114 751 3179 illa
766 3114 922 3197 cognitio-
977 3111 1123 3176 solationi
1159 3121 1192 3176 et
1225 3112 1379 3176 alacritati
1413 3112 1514 3197 ipsius
1541 3114 1725 3196 frequenter

164 3235 209 3280 ne
225 3225 320 3297 atque
334 3214 761 3297 dilectione.llenique,ipsa
776 3215 920 3278 omnium
975 3209 1073 3272 fuerit
1097 3211 1195 3273 mixta
1220 3210 1275 3292 pia
1296 3211 1440 3293 quasdmn
1465 3211 1592 3274 tristitia
1614 3231 1653 3274 ex
1676 3213 1725 3275 di·

165 3323 386 3377 creaturarum
401 3313 595 3376 electissima
609 3332 646 3376 ac
663 3331 792 3394 prorsus
804 3312 922 3395 dignis
976 3305 1049 3370 lecti
1072 3307 1218 3370 absentia
1239 3315 1271 3370 et
1294 3317 1423 3390 propter
1445 3309 1555 3372 mundi
1580 3318 1721 3392 peccata,

164 3412 252 3476 sima
267 3413 373 3495 Virgo,
391 3431 424 3475 se
446 3420 544 3475 totam
560 3411 594 3474 in
609 3410 763 3492 obsequio
779 3410 850 3473 Filii
871 3412 919 3475 sui
976 3413 1069 3486 atque
1094 3424 1132 3468 ex
1153 3405 1407 3469 consideratione
1428 3408 1586 3489 passionis
1610 3408 1724 3491 Unige-

164 3511 345 3574 secundum
370 3509 472 3592 ipsius
494 3509 726 3573 humanitatem
752 3508 920 3572 devotissi-
975 3502 1034 3564 niti
1049 3503 1096 3565 sni
1114 3504 1238 3566 interna
1253 3505 1444 3586 compassio,
1460 3514 1554 3588 prout
1571 3507 1723 3570 diffusius

162 3629 231 3688 me,
254 3607 554 3671 reverentialissime
580 3615 612 3670 et
634 3607 761 3670 assidue
786 3625 920 3689 occupa·
975 3609 1023 3664 cst
1050 3610 1225 3664 ostensum.
1249 3602 1368 3684 ltaque,
1394 3603 1540 3667 inomni
1568 3614 1641 3668 actu
1669 3607 1723 3669 de-
1748 3622 1868 3672 ιιιιι.

163 3707 225 3785 vit,
235 3715 410 3769 maternam
423 3706 453 3768 ei
469 3705 734 3769 ministrationem
747 3705 779 3766 in
796 3705 919 3768 cunetis
975 3699 1124 3777 votionis,
1154 3700 1278 3762 scilicet
1305 3701 1423 3779 cordis,
1451 3702 1517 3764 oris
1544 3711 1576 3764 et
1602 3705 1720 3786 operis,
1736 3698 1779 3728 ¹¹¹·

163 3807 428 3887 impendens;et
449 3803 594 3866 faciendo
618 3803 679 3867 hoc
702 3803 818 3883 ipsum,
839 3803 920 3866 divi·
974 3795 1268 3878 incomparabiliter
1294 3798 1500 3862 devotissima
1531 3800 1592 3862 fnit
1619 3821 1723 3866 sacra·

163 3904 299 3966 nitatem
324 3903 437 3984 ipsius,
458 3921 495 3964 ac
520 3900 793 3985 superessentialis
818 3901 920 3962 Trini-
975 3895 1098 3958 tissima
1125 3897 1268 3977 Domina,
1295 3897 1327 3958 in
1355 3897 1442 3960 omni
1472 3900 1721 3981 promptitudine

163 4003 238 4064 tatis
253 4001 432 4078 caritatem,
450 4000 602 4082 pietatem
618 4007 650 4062 et
664 3998 919 4062 munificentiam
974 4000 1005 4054 et
1022 3993 1195 4056 affectione
1216 3995 1352 4072 interna,
1369 3995 1402 4057 in
1421 3997 1507 4058 omni
1527 3997 1669 4061 oratione
1690 4009 1723 4064 et

164 4098 443 4181 contemplabatur
467 4097 643 4160 clarissime
668 4121 675 4158 ε
696 4117 734 4160 ex
757 4115 820 4178 qua
846 4115 920 4160 con·
974 4090 1154 4154 laudatione
1177 4111 1214 4154 ac
1239 4093 1423 4156 adoratione
1443 4095 1556 4171 vocali,
1579 4095 1719 4160 inomni

163 4197 375 4280 temptatione
396 4196 436 4258 ad
458 4194 712 4258 inestimabilem
734 4194 921 4256 movebatur
935 4191 959 4255 Ι)
974 4189 1194 4269 prostratione,
1208 4188 1444 4270 genuflexione,
1456 4191 1674 4271 inclinatione,
1687 4195 1720 4256 in

163 4295 381 4372 devotionem,
403 4300 436 4356 et
457 4290 616 4356 offerebat
639 4311 673 4354 se
695 4291 796 4374 ipsam
821 4299 919 4354 totam
973 4285 1133 4349 oblatione
1147 4295 1179 4349 et
1193 4287 1428 4351 sacrificatione
1444 4312 1451 4350 ε
1469 4289 1503 4350 in
1518 4290 1611 4371 cujus
1626 4294 1721 4356 corde

162 4393 229 4456 Deo
254 4393 288 4454 in
313 4391 534 4454 holocaustum
560 4388 710 4451 continue
731 4407 769 4451 ex
793 4407 920 4451 summa
974 4393 1004 4446 ct
1019 4402 1151 4465 corpore
1170 4393 1321 4466 tanquam
1341 4386 1374 4447 in
1389 4386 1582 4451 electissimo
1600 4391 1720 4473 templo

163 4490 349 4553 devotione.
973 4481 1130 4544 habitavit
1149 4482 1205 4545 llei
1227 4482 1326 4546 filius
1346 4482 1539 4550 incarnatus.

204 4587 365 4669 Amplius,
395 4584 520 4667 religio,
550 4585 644 4665 cujus
673 4591 761 4646 actus
795 4585 919 4648 exsistit

164 4685 307 4764 devotio,
343 4683 462 4747 dicitur
496 4703 515 4746 a
549 4681 731 4764 relegando,
766 4683 918 4763 quoniam
1164 4683 1409 4748 ARTICULUS
1433 4685 1525 4750 XVI.

165 4793 308 4847 mentem
325 4782 449 4845 avanis
463 4789 494 4844 et
508 4781 637 4844 caducis
653 4780 781 4861 relegat,
797 4799 834 4844 ac
849 4781 918 4844 'Deo

165 4882 273 4946 efficit
287 4879 586 4943 inhaerentem.ldeo
601 4878 739 4960 religiosi
751 4887 916 4958 vocantur,

165 4981 222 5063 qui
238 4999 256 5042 a
272 4978 478 5042 sensibilibus
500 4986 532 5040 et
546 4978 679 5040 terrenis
694 4997 728 5039 se
742 4976 918 5040 alienantes

165 5097 203 5142 ac
233 5075 432 5160 sequestrati,
462 5085 567 5138 mente
595 5074 695 5136 libera
727 5093 764 5136 ac
792 5074 919 5138 sincera
1042 5073 1150 5134 IGRA
1172 5093 1257 5140 suro,
1272 5075 1328 5131 sed
1347 5073 1503 5148 formosa,
1520 5077 1602 5150 filt‘oe
1620 5077 1718 5135 Jeru-
1734 5091 1800 5136 cant.
1810 5106 1826 5146 t,
1835 5095 1857 5137 t.

164 5178 231 5240 lieo
257 5174 372 5238 intenti
398 5183 481 5236 sunt.
507 5173 587 5236 llino
610 5171 704 5235 llaria
732 5173 918 5237 dulcissima
1056 5174 1166 5230 satem.
1183 5168 1349 5250 Unigenito
1371 5187 1440 5245 suo,
1463 5170 1537 5248 Deo,
1561 5171 1615 5232 Dei
1638 5172 1719 5235 l'ilio

165 5282 255 5338 tanto
285 5272 465 5355 religiosior
492 5281 586 5353 atque
613 5270 758 5334 devotior
785 5271 915 5352 exstitit,
973 5268 1149 5346 incarnato,
1171 5267 1429 5348 praeelectissima
1447 5268 1544 5330 llater
1563 5268 1634 5350 ejus
1655 5269 1719 5334 vir

1072 4826 1121 4885 De
1139 4823 1391 4883 mansuetudine
1409 4833 1438 4882 et
1454 4825 1621 4900 patientia

1042 4914 1320 4972 excellentissimae
1348 4913 1492 4988 virginis
1518 4917 1648 4978 Murice.
