4309 6250
490 524 611 572 courua
631 525 799 571 rmrrnrarr
820 525 992 581 niueum,
1015 524 1102 570 aranu
1123 526 1143 570 1.
1166 543 1207 554 -
1226 525 1296 571 aur.
1320 521 1351 570 rr
1636 505 1696 570 Tib

154 697 191 759 de
204 695 390 758 Christebe
403 713 467 776 quo
478 696 561 758 fleus
575 694 655 757 dixit
668 695 708 757 ad
722 694 896 756 Abrabam:
911 694 937 756 A
951 693 1069 757 etitatis
1092 695 1145 757 dat
1169 696 1369 758 documenta.
1387 693 1465 757 Nam
1488 695 1599 757 dacem
1620 713 1699 776 pre-

41 812 84 854 ca.
97 823 141 860 uu.
153 795 186 856 ln
200 793 323 856 semine
336 802 391 857 tuo
405 793 635 856 benedicentur
648 811 760 855 omnes
773 801 895 874 gentes.
951 793 1054 874 ceptis
1081 793 1265 874 superaddit
1292 793 1460 856 duodecim
1489 791 1635 871 consilia,
1665 791 1699 854 in

35 877 236 981 'fg-,mldem
254 909 383 974 quoque
401 891 480 954 dixit
498 891 581 954 Deus
600 891 639 952 ad
658 891 745 954 lsaac
766 891 899 972 patriar·
951 891 1068 971 quibus
1092 891 1185 954 docet
1214 899 1246 953 et
1273 890 1411 954 consulit
1434 890 1543 960 omnia
1570 889 1625 952 illa
1654 888 1703 952 vi-

35 991 256 1066 tzunuttcham,
286 989 400 1052 deinde
431 990 470 1052 ad
502 989 609 1066 laceb,
640 988 724 1052 sicut
751 988 784 1049 iu
816 988 899 1051 libro
953 989 1047 1051 tanda
1074 1007 1112 1052 ac
1137 989 1344 1071 relinquenda
1372 1007 1526 1070 perque
1554 989 1702 1052 homines

154 1087 282 1151 Genesis
305 1086 425 1168 bloyses
443 1087 582 1168 scripsit.
602 1086 745 1168 benique
770 1095 898 1148 sanctus
953 1087 1056 1150 solent
1074 1107 1093 1148 a
1112 1087 1212 1150 divini
1233 1081 1350 1150 amo'ris
1369 1087 1507 1165 fervore,
1525 1105 1701 1168 asuperue

155 1186 207 1247 ille
227 1185 407 1267 patriarcha
428 1184 536 1264 Jacob,
553 1185 646 1249 morti
667 1185 843 1266 proximus,
858 1185 898 1246 de
952 1185 1231 1266 contemplationis
1246 1185 1451 1268 splendorem
1466 1185 1618 1247 virtutum
1633 1203 1702 1268 pre

153 1284 266 1347 Christi
293 1284 432 1346 adventu
460 1283 637 1346 clarissime
661 1282 862 1365 prophetavit
888 1304 895 1342 :
953 1281 1102 1358 lectione,
1123 1301 1141 1344 a
1161 1283 1312 1345 continuo
1335 1291 1429 1364 atque
1451 1281 1623 1363 purissimo
1645 1281 1700 1344 Dei

37 1393 140 1442 numa
153 1381 219 1444 Nou
237 1381 401 1444 auferetur
414 1381 592 1462 (inquiens)
606 1389 767 1464 sceptrum
785 1381 825 1443 de
846 1381 899 1443 lu·
952 1380 1105 1460 obsequio
1129 1379 1287 1461 impediri.
1318 1381 1365 1442 Ab
1392 1379 1443 1442 his
1470 1379 1618 1460 equidem
1646 1380 1702 1442 ho-

35 1459 57 1498 ¹⁰'
152 1481 202 1557 da,
217 1480 321 1543 donec
337 1479 444 1542 veniat
457 1479 512 1560 qui
527 1479 700 1541 mittendus
713 1487 814 1557 estet
829 1479 898 1560 ipse
953 1477 1057 1540 mines
1071 1477 1243 1558 plurimum
1259 1476 1478 1559 impediuntur
1491 1495 1549 1558 per
1559 1483 1701 1539 terrenas

51 1598 98 1641 na
110 1601 139 1640 ra.
152 1578 210 1640 erit
223 1578 418 1660 exspectatio
427 1577 586 1659 gentium;
597 1578 747 1658 itemque,
755 1577 898 1639 Salutare
952 1575 1090 1654 divitias,
1106 1595 1163 1657 per
1178 1575 1320 1637 carnales
1341 1572 1541 1652 affectione,
1558 1593 1616 1656 per
1631 1594 1701 1637 seu·

153 1681 239 1736 tuum
261 1673 463 1754 exspectabo,
478 1671 612 1736 Domine
628 1695 636 1732 ε
652 1682 747 1755 prout
767 1672 899 1735 Genesis
953 1673 1058 1736 suales
1082 1672 1322 1750 delectationes,
1348 1691 1405 1754 per
1427 1673 1564 1755 proprie
1590 1672 1701 1736 volun·

152 1771 394 1854 quadragesimo
407 1789 493 1834 nono
512 1769 651 1852 capitulo
670 1771 823 1852 scriptum
837 1779 896 1833 est.
954 1771 1025 1834 tatis
1049 1780 1154 1834 motus
1183 1790 1218 1833 ac
1244 1771 1417 1850 libertates,
1445 1789 1502 1852 per
1524 1771 1701 1834 mundanas

151 1871 227 1948 imo,
243 1869 285 1931 de
299 1868 413 1931 Christi
427 1869 578 1942 adventu,
594 1869 634 1931 de
648 1869 719 1950 ejus
734 1869 898 1931 nativitate
913 1873 936 1937 Β
954 1870 1120 1946 vanitates,
1155 1869 1354 1931 curiositates
1389 1876 1421 1930 et
1455 1886 1598 1951 pompas.
1630 1869 1702 1932 ldee

153 1988 189 2031 er
202 1967 341 2049 virgine,
357 1968 397 2029 de
411 1967 482 2048 ejus
496 1965 671 2045 miraculis,
688 1967 727 2029 de
749 1967 819 2031 leco
834 1987 898 2030 sue
953 1967 1096 2030 Christus
1111 1967 1220 2029 docuit
1234 1973 1328 2046 atque
1346 1965 1509 2030 consuluit
1523 1967 1630 2029 omnia
1644 1967 1703 2029 ista

151 2067 338 2144 nativitatis,
363 2066 403 2128 de
426 2074 569 2147 tempore
593 2065 642 2128 sui
667 2067 833 2145 adventus,
859 2067 899 2128 de
953 2085 1024 2130 esse
1054 2065 1183 2128 vitanda
1215 2064 1330 2127 intuitu
1360 2073 1391 2128 et
1419 2083 1526 2127 amore
1555 2063 1621 2144 Dei,
1651 2066 1704 2128 de·

151 2166 220 2246 ejus
238 2163 409 2227 benedicta
433 2181 469 2226 ac
495 2163 659 2226 salutifera
684 2163 843 2244 passione,
859 2165 899 2226 de
955 2163 1070 2226 siderio
1099 2161 1271 2245 spiritualis
1302 2161 1476 2246 profectus,
1507 2161 1704 2244 interneque

152 2262 252 2344 ipsius
271 2261 370 2324 etiam
388 2260 631 2338 resurrectione,
647 2261 846 2340 ascensione,
862 2280 899 2324 ac
955 2262 1112 2344 puritatis,
1134 2280 1169 2324 ac
1192 2267 1308 2323 sancte
1329 2268 1363 2322 et
1387 2260 1580 2342 evangelice
1602 2261 1706 2344 perfe-

152 2361 288 2442 Spiritus
316 2358 422 2422 Sancti
451 2357 614 2436 missione,
639 2359 679 2421 de
706 2359 900 2440 evangelice
956 2361 1083 2436 ctionia,
1105 2377 1176 2440 que
1201 2358 1347 2422 censistit
1369 2357 1402 2420 in
1430 2358 1535 2442 plena,
1561 2377 1640 2440 pura
1666 2379 1705 2422 ac

152 2459 231 2540 legis
245 2455 415 2520 cellatione
429 2465 462 2518 et
475 2455 710 2538 predicatione,
724 2457 899 2520 beatissimi
955 2458 1061 2522 stabili
1088 2457 1203 2520 mentis
1229 2457 1268 2519 ad
1298 2456 1396 2518 Deum
1424 2457 1643 2536 conversione,
1671 2458 1704 2519 in

151 2557 314 2638 prophete
328 2555 446 2618 veteris
459 2553 663 2632 Testamenti,
673 2555 781 2636 David,
790 2555 898 2634 lsaias,
955 2555 1071 2618 summi
1088 2563 1120 2617 et
1134 2553 1404 2616 incommutabilis
1419 2553 1493 2618 boni
1509 2552 1706 2618 ferventissi-

152 2654 316 2732 leremias,
341 2651 463 2730 Daniel,
492 2651 647 2728 ldicheas,
676 2653 821 2734 aggeus,
846 2653 901 2715 Za·
955 2674 1008 2716 ma
1030 2653 1214 2731 dilectione,
1239 2653 1272 2714 in
1301 2651 1483 2715 divinorum
1511 2653 1706 2735 contempla-

151 2751 288 2828 cbarias,
317 2749 497 2826 llalachias,
527 2749 682 2830 multique
714 2749 781 2827 alii,
810 2768 902 2832 aper·
954 2753 1042 2816 tiene
1065 2751 1193 2814 assidua
1216 2759 1248 2812 et
1270 2750 1405 2828 sincera,
1424 2750 1547 2814 cunctis
1573 2752 1705 2814 terrenis

153 2849 277 2911 tissime
292 2855 325 2910 et
338 2846 597 2929 frequentissime
618 2846 899 2928 prophetaverunt,
955 2848 1200 2930 carnalibusque
1223 2849 1425 2929 contemptis,
1442 2849 1529 2911 omui
1556 2849 1703 2928 elatione,

152 2945 421 3028 quemadmodum
449 2945 484 3006 in
511 2964 622 3008 eorum
650 2945 739 3008 libris
763 2945 902 3008 ostendi·
957 2947 1101 3028 avaritia,
1118 2947 1327 3029 impatientia,
1345 2945 1703 3026 invidia,immunditiu‚

152 3065 235 3107 mus.
265 3044 328 3106 Sed
357 3043 397 3105 de
422 3043 474 3104 his
504 3042 570 3123 jam
602 3042 635 3104 in
666 3043 807 3124 generali
834 3046 1135 3127 tan-coeterisque
1157 3043 1297 3127 peccatis
1318 3043 1465 3105 devictis.

154 3144 320 3206 tummodo
339 3142 463 3223 loquor,
485 3140 571 3203 infra
589 3141 628 3203 de
647 3141 694 3203 eis
716 3142 751 3203 in
768 3142 902 3223 speciali
997 3145 1148 3219 Quartum
1183 3151 1405 3224 argumentum
1441 3141 1584 3205 veritatis
1625 3142 1704 3205 fidei

153 3243 343 3324 scripturus.
372 3239 503 3321 Nempe,
531 3259 630 3321 quum
658 3238 773 3301 Christi
801 3240 903 3303 iucar—
957 3242 1150 3322 christiane,
1167 3250 1213 3303 est
1230 3242 1289 3303 ista
1310 3248 1374 3301 tam
1390 3241 1538 3302 diuturna
1553 3250 1584 3301 et
1600 3239 1704 3302 finalis

153 3340 239 3404 natio
254 3347 288 3402 et
304 3338 450 3401 liberatio
467 3338 595 3419 generis
614 3338 745 3400 humani
762 3357 819 3419 per
832 3357 904 3420 pas-
957 3341 1122 3405 derelictio
1150 3340 1339 3402 ludeorum.
1366 3338 1493 3401 Constat
1520 3338 1639 3420 quippe
1667 3358 1705 3400 ex

153 3440 277 3502 sionem
300 3436 414 3519 ipsius,
433 3443 594 3499 accelera
613 3436 784 3499 Salvatoris
803 3438 901 3499 nostri
958 3440 1049 3503 libris
1063 3438 1176 3519 Moysis
1195 3456 1231 3499 ac
1253 3436 1490 3518 Prophetarum,
1508 3437 1592 3517 quod
1607 3436 1703 3499 ludei

153 3536 318 3618 mysteria,
348 3534 412 3596 sint
440 3552 563 3595 summa
598 3542 630 3595 et
660 3534 903 3614 praeclarissima
956 3548 1099 3619 tempore
1124 3536 1241 3598 veteris
1260 3534 1449 3597 Testamenti
1476 3534 1604 3596 fuerunt
1628 3552 1706 3617 pre-

153 3632 492 3718 operaomnipotcutis
505 3632 902 3713 etsuperdiguissimillei,
958 3637 1079 3698 clectus
1104 3642 1135 3695 et
1156 3633 1325 3714 peculiaris
1345 3632 1482 3714 populus
1502 3631 1568 3712 Dei,
1589 3631 1706 3694 habue-

35 3746 139 3799 eems.
153 3735 264 3798 decuit
286 3732 381 3796 valde
405 3740 440 3793 ut
463 3731 545 3793 Deus
568 3737 716 3808 eternus,
737 3731 831 3813 cujus
855 3751 904 3794 sa·
959 3742 1095 3814 runtque
1110 3731 1280 3812 Prophetas
1303 3738 1334 3792 ct
1350 3749 1438 3811 reges
1458 3738 1595 3807 sanctos,
1613 3738 1706 3810 atque

154 3833 285 3916 pientiae
300 3850 364 3895 uon
378 3837 427 3893 est
439 3830 572 3909 finis,ea
586 3829 627 3891 ab
638 3830 765 3893 exordio
779 3830 902 3908 mundi,
959 3830 1113 3893 miracula
1127 3848 1163 3891 ac
1179 3828 1304 3890 diversa
1316 3827 1485 3910 gratiarum
1502 3828 1703 3889 charismata.

153 3940 185 3995 et
205 3929 385 4014 presertim
404 3928 546 4009 tempore
568 3928 684 3989 veteris
699 3929 903 4006 Testamenti,
959 3931 1124 4010 Quumque
1146 3928 1208 3989 Deo
1234 3926 1344 3989 relicto
1368 3926 1453 3988 idola
1472 3926 1623 4004 colerent,
1645 3934 1706 3987 tra-

154 4050 211 4112 per
234 4036 365 4091 sanctes
388 4026 584 4089 Patriarchas
611 4034 706 4107 atque
733 4026 904 4108 Prophetas
959 4027 1041 4090 didit
1055 4046 1110 4089 eos
1126 4026 1157 4087 iu
1174 4024 1321 4088 manibus
1343 4023 1545 4086 inimicorum
1562 4041 1704 4102 snorum,

154 4126 384 4209 praenuntiaret
411 4132 555 4200 ventura,
585 4142 626 4185 ne
661 4122 823 4205 inopinate
851 4132 905 4185 aut
959 4144 1125 4208 quousque
1150 4144 1183 4186 se
1207 4123 1432 4199 emendarent3
1449 4140 1611 4203 quumque
1632 4140 1707 4184 con·
1755 4172 1758 4183 .

156 4225 332 4308 improvise
357 4230 545 4306 putarentur
566 4222 686 4284 venire.
708 4222 809 4297 Quum
829 4242 905 4304 crgo
921 4227 946 4288 Ι)
960 4222 1056 4301 versi,
1088 4221 1336 4283 miscricordiam
1365 4220 1419 4282 Dei
1449 4220 1705 4300 deprecarentur,

155 4325 258 4388 solius
289 4318 614 4404 supersapientissimi
643 4320 698 4381 Dei
726 4321 767 4382 sit
798 4319 906 4383 futura
961 4320 1109 4383 liberavit
1123 4338 1177 4382 eos
1192 4318 1232 4381 ab
1246 4318 1391 4380 hostibus
1407 4316 1553 4379 suisNec
1566 4325 1707 4398 tempore

156 4441 235 4505 pure
260 4416 479 4499 contingentia
502 4416 766 4480 certitudiualiter
789 4438 907 4499 preco·
961 4418 1076 4481 veteris
1104 4417 1296 4479 Testamenti
1327 4432 1466 4495 uuquam
1496 4414 1625 4495 reliquit
1653 4434 1708 4477 eos

154 4538 312 4603 gnoscere
339 4536 377 4580 ac
404 4516 473 4579 aliis
502 4515 655 4594 revelare,
681 4535 781 4598 eaque
800 4518 907 4580 omnia
961 4525 1025 4579 tam
1047 4516 1104 4578 diu
1123 4515 1205 4577 sicut
1230 4514 1261 4576 iu
1282 4512 1473 4593 Babylonica
1498 4511 1706 4594 captivitate:

155 4616 396 4699 conspiciamus
411 4613 542 4694 impleta
555 4614 675 4695 quede
689 4614 813 4677 Christo
829 4634 908 4697 pre·
962 4616 1077 4695 inqua
1097 4623 1201 4676 tamen
1227 4630 1290 4675 uon
1310 4612 1372 4673 uisi
1395 4611 1594 4693 septuaginta
1617 4612 1709 4674 aunis

155 4719 343 4791 dictasunt,
360 4712 465 4796 palam
484 4712 570 4793 quod
589 4731 653 4774 uon
668 4712 764 4775 nisia
783 4714 847 4777 llee
866 4714 909 4775 sit
963 4714 1153 4776 tenebantur
1181 4730 1199 4774 a
1225 4709 1377 4774 Chuldeis
1407 4709 1536 4790 captivi.
1562 4708 1600 4771 Et
1627 4711 1711 4773 intra

156 4817 206 4879 lex
235 4815 294 4877 illa
321 4830 392 4893 qne
419 4809 536 4873 talibus
565 4810 713 4872 innititur
740 4830 909 4893 argumeu-
963 4830 1064 4873 annos
1093 4808 1165 4871 illos
1189 4808 1276 4869 misit
1301 4806 1347 4868 eis
1376 4815 1502 4869 sanctos
1526 4806 1708 4889 Prophetas,

157 4916 197 4977 tis
212 4922 313 4995 atque
330 4908 514 4990 hujusmodi
533 4906 749 4970 fundamentis
765 4908 907 4971 fulcitur.
964 4908 1019 4989 qni
1038 4927 1092 4970 eos
1111 4908 1150 4968 de
1169 4906 1277 4968 futura
1297 4904 1485 4968 liberatione
1505 4906 1712 4968 consolaban-

196 5012 341 5076 Tertium
362 5015 586 5089 argumentum
612 5005 689 5069 fidei
715 5007 908 5084 christiane,
964 5016 1026 5069 tur.
1042 5006 1211 5087 Postquam
1233 5023 1308 5066 vero
1330 5002 1488 5065 Christum
1511 5003 1557 5065 eis
1576 5004 1714 5085 desuper

158 5121 206 5174 cst
225 5107 384 5193 perfectio
405 5125 443 5168 ac
468 5105 619 5167 sauctitas
644 5106 716 5168 vite
740 5114 834 5187 atquc
856 5106 911 5167 de
966 5104 1099 5167 missum
1128 5109 1328 5183 spreverunt,
1358 5101 1552 5179 occiderunt,
1579 5100 1713 5181 ejusque

159 5210 273 5273 ctrine
290 5203 485 5284 evangelice
505 5202 596 5284 legis.
613 5202 753 5265 Christus
773 5222 912 5284 namque
966 5200 1142 5282 discipulos
1166 5200 1363 5282 abjecerunt,
1384 5217 1403 5259 a
1427 5198 1490 5260 Deo
1514 5198 1615 5260 relicti
1640 5207 1714 5259 sunt

159 5308 194 5370 in
221 5302 398 5386 Evangelio
423 5300 519 5364 totius
547 5300 754 5383 perfectionis
779 5320 816 5365 ac
841 5320 913 5364 san·
968 5318 1069 5381 usque
1094 5298 1126 5361 iu
1152 5316 1291 5381 presens
1316 5315 1373 5379 per
1397 5312 1497 5357 annos
1525 5294 1613 5356 mille
1638 5313 1714 5375 qua-
