4309 6250
328 516 478 565 rimosus
499 518 729 568 nrsrurarmurs
750 520 843 568 mrsu
863 519 1070 569 csnrsrmuuu
1091 523 1129 570 rr
1148 524 1362 571 emmenum.
1384 542 1426 557 -
1445 521 1516 572 aar.
1537 524 1571 572 11
1659 507 1717 573 iil

172 705 226 749 sus
254 687 477 751 ardentissime
508 690 734 773 contemplatio
762 691 829 771 Dei,
859 690 921 754 erit
935 694 960 754 A
974 700 1006 755 te
1029 693 1257 775 negotiatorem
1277 703 1331 758 aut
1349 695 1471 759 socium
1493 696 1545 759 vel
1567 696 1719 775 amicum,

171 792 236 847 tom
252 786 383 868 copiosa
396 806 434 850 sc
449 786 554 850 valida
569 788 779 852 redundantia
798 790 830 852 in
852 808 920 852 cor·
975 790 1038 852 nisi
1057 790 1147 873 prius
1168 800 1255 855 recta
1278 793 1331 856 viu
1354 793 1411 857 Dei
1436 794 1530 857 iverit
1553 794 1721 858 vobiscum

170 901 250 965 pora
263 884 441 967 Beatomm,
453 886 538 967 quod
554 905 754 969 nequequam
769 888 921 950 alimento
974 897 1149 971 pugnatum
1166 890 1233 954 sive
1248 893 1445 973 predatum3
1462 893 1513 955 sin
1533 900 1651 971 autem,
1667 912 1723 957 eos

171 981 364 1064 indigebunt
397 1002 563 1067 corporeo,
592 994 624 1049 et
652 986 712 1068 ipsi
739 986 826 1049 Beati
854 1004 922 1048 om·
975 986 1170 1070 ubicumque
1184 990 1372 1071 repertes‚si
1387 989 1429 1053 sit
1442 990 1605 1073 possibile,
1621 990 1724 1073 capite

170 1100 247 1143 ncnr
273 1082 434 1145 carnalem
461 1102 499 1145 ec
528 1103 696 1147 veneream
725 1084 920 1166 voluptatem
974 1092 1006 1147 et
1031 1084 1215 1150 interimite.
1237 1087 1318 1151 Hinc
1342 1087 1458 1151 iterum
1482 1088 1578 1171 jussit
1601 1097 1636 1153 nt
1659 1108 1724 1152 non

171 1178 301 1242 inlinite
315 1180 494 1262 despicient
514 1200 550 1244 cc
571 1182 853 1247 uehementissime
868 1183 923 1245 de·
976 1183 1141 1247 credentes
1159 1204 1234 1247 eum
1255 1206 1325 1249 esse
1345 1186 1401 1250 Dei
1422 1187 1571 1249 nuntium
1593 1207 1631 1251 ac
1652 1205 1725 1271 pro-

170 1278 394 1340 testabunturl
976 1280 1116 1363 phetam,
1132 1283 1321 1347 occidentur
1340 1293 1395 1348 aut
1415 1285 1542 1348 solvant
1556 1285 1721 1348 tributum.

212 1374 428 1439 Sannacauus.
444 1376 530 1439 -Si
547 1376 768 1459 omnipotente
789 1378 835 1440 sic
857 1377 921 1441 dis·
976 1378 1037 1441 Sed
1051 1379 1103 1441 his
1117 1380 1151 1442 in
1165 1381 1322 1445 Alcorano
1341 1382 1517 1465 sepissime
1538 1382 1726 1447 contradici·

170 1482 323 1554 ponente,
340 1493 403 1536 une
422 1475 568 1558 voluptas
585 1493 650 1539 nou
665 1476 799 1558 impedit
813 1476 918 1555 aliem,
976 1484 1037 1541 tur.
1054 1477 1213 1561 Scriptum
1227 1489 1276 1543 est
1287 1480 1374 1544 euim
1394 1480 1526 1559 ibidem,
1541 1488 1654 1562 quarto
1673 1500 1726 1543 ea·

170 1578 293 1651 augent
313 1590 347 1634 se
368 1570 518 1635 invicem.
976 1574 1077 1657 pitulo
1104 1599 1111 1637 :
1138 1576 1210 1638 Vim
1236 1596 1436 1659 nequaquam
1464 1586 1594 1660 propter
1621 1578 1724 1661 legem

212 1668 432 1735 Gnnrsrmrsus.
455 1706 497 1717 -
521 1670 589 1734 Nou
614 1671 753 1734 advertis
777 1672 863 1752 quod
887 1672 921 1733 in
977 1672 1134 1751 inieratis,
1149 1692 1248 1755 quum
1270 1682 1355 1737 reeta
1376 1694 1539 1757 pravaque
1562 1676 1615 1739 via
1638 1684 1726 1758 pate-

171 1766 266 1830 linali
282 1770 558 1832 consummatione
577 1770 669 1833 beate
688 1788 753 1833 non
775 1777 859 1833 stent
881 1770 923 1831 si·
977 1768 1068 1833 lecte
1094 1770 1167 1833 sint.
1192 1769 1307 1845 Quinto
1330 1791 1457 1854 quoque
1480 1774 1627 1855 ejusdem
1651 1773 1724 1837 libri

170 1867 252 1945 mul,
271 1886 370 1949 quum
385 1876 418 1930 et
436 1868 469 1931 in
487 1867 540 1931 via
559 1868 823 1951 peregrinationis
846 1869 960 1950 pre-B
978 1868 1119 1949 capitulo
1131 1868 1223 1949 quasi
1243 1888 1280 1931 en
1300 1870 1355 1933 Dei
1375 1889 1510 1952 persona
1529 1871 1647 1934 dicitur
1666 1872 1728 1933 lla-

171 1966 274 2028 sentis
289 1975 400 2029 mutuo
415 1966 475 2029 sibi
491 1970 690 2049 repugnentt
705 1968 745 2029 At
763 1984 850 2045 vero,
868 1966 922 2029 ubi
978 1966 1106 2030 bometo
1122 1990 1129 2027 :
1147 1967 1248 2029 Tuum
1264 1976 1312 2029 est
1327 1987 1398 2031 mea
1411 1977 1570 2051 praecepta
1589 1977 1728 2033 tantum-

170 2084 234 2126 nec
249 2063 330 2142 sitis,
347 2084 407 2128 nec
423 2064 535 2145 iames,
552 2085 611 2129 nec
631 2064 795 2129 inclinatio
814 2083 924 2127 sensu·
979 2064 1073 2127 modo
1094 2064 1244 2146 gentibus
1264 2065 1454 2148 patefacere.
1472 2067 1614 2149 itemque
1628 2086 1729 2132 nono-

170 2162 246 2241 alis,
262 2160 308 2225 ibi
330 2171 385 2224 aut
407 2162 495 2225 nulla
520 2170 574 2225 aut
597 2162 704 2225 minus
726 2162 852 2225 intensa
876 2169 925 2225 est
978 2162 1103 2226 decimo
1129 2162 1297 2245 capitulo:
1319 2164 1351 2227 si
1376 2166 1458 2227 Deus
1482 2165 1590 2244 vellet,
1615 2184 1728 2230 omnes

170 2260 344 2323 delectatio
366 2259 399 2321 iu
422 2259 502 2323 cibis
527 2269 559 2323 et
583 2260 711 2343 potibus
736 2262 804 2324 sive
830 2279 925 2323 vene-
979 2262 1097 2324 terreni
1117 2262 1212 2325 simul
1233 2264 1408 2327 crederent.
1425 2265 1473 2326 An
1493 2272 1528 2327 tu
1552 2273 1663 2347 gentes
1687 2268 1727 2329 ad

171 2358 249 2421 reis.
266 2358 300 2420 ln
316 2357 418 2420 Beetis
437 2366 541 2421 autem
563 2358 675 2438 lemos,
693 2358 771 2439 sitis,
789 2367 820 2422 et
841 2358 924 2422 desi·
980 2358 1077 2422 iidem
1093 2369 1125 2423 et
1139 2360 1358 2423 eredulitatem
1372 2378 1487 2444 cogere
1501 2364 1728 2445 studes,quum

169 2456 263 2518 deria
292 2455 470 2519 absentium
495 2456 692 2539 voluptatum
718 2456 924 2521 inclinatiore
979 2456 1042 2519 nisi
1057 2458 1122 2521 ileo
1136 2457 1263 2520 volente
1277 2476 1372 2521 nemo
1391 2460 1521 2524 credere
1541 2461 1654 2543 possit,
1671 2461 1728 2542 qui

170 2553 334 2617 sensualis
355 2553 462 2618 locum
483 2574 547 2617 non
569 2555 757 2619 sortiuntur.
979 2555 1081 2619 malos
1099 2564 1195 2637 atque
1216 2554 1398 2620 incredulos
1423 2556 1457 2619 in
1482 2577 1540 2621 sue
1563 2558 1656 2621 sorde
1680 2558 1728 2621 di-

213 2652 431 2717 Sannrcauus.
447 2652 583 2715 -Sstis
607 2652 647 2715 de
669 2652 729 2717 isto
750 2652 925 2736 disputavi·
979 2654 1098 2716 mittitl
1123 2656 1225 2717 'laum
1250 2673 1316 2718 non
1340 2663 1389 2718 est
1412 2655 1475 2717 nisi
1499 2643 1650 2738 injuncte⁴
1671 2656 1729 2720 tibi

171 2769 247 2813 mus
269 2758 400 2833 puncto.
979 2752 1043 2816 illis
1072 2753 1272 2816 annuntiare.
1298 2754 1363 2816 lloc
1387 2762 1437 2816 est
1462 2755 1547 2835 quod
1576 2754 1731 2818 vicesimo

212 2848 433 2912 Cunrsrmnus.
458 2849 586 2913 -Hoc
615 2868 741 2931 quoque
764 2849 924 2931 precipue
979 2859 1092 2933 quarto
1116 2851 1263 2914 Alcorani
1288 2850 1427 2932 capitulo
1452 2850 1552 2913 lertur
1578 2875 1586 2914 ι
1612 2850 1729 2915 Nuntio

170 2948 307 3028 derogat
320 2946 403 3010 libro
418 2946 496 3028 legis
512 2948 678 3029 lucequod
691 2948 786 3010 toties
802 2955 926 3010 contra·
979 2949 1025 3013 nil
1041 2950 1151 3011 attinet
1166 2948 1226 3011 nisi
1242 2957 1434 3031 preceptum
1449 2949 1566 3031 cuique
1584 2950 1730 3032 gentium

170 3044 254 3107 dicit
275 3044 480 3129 sibimetipsi.
939 3047 961 3111 G
980 3047 1153 3130 applicare.
1169 3046 1326 3131 Amplius,
1342 3045 1496 3110 vicesimo
1518 3047 1622 3129 primo
1643 3048 1731 3132 cepi·

213 3143 430 3208 Ssnnacsuus.
451 3143 602 3206 —Absit
626 3153 660 3207 ut
684 3144 764 3206 liber
788 3145 925 3226 desuper
980 3147 1046 3209 tulo
1065 3146 1156 3228 quasi
1182 3165 1220 3208 ex
1244 3145 1297 3208 Ilei
1323 3163 1460 3228 persona
1484 3145 1602 3208 dicitur
1625 3147 1730 3211 blabo

171 3241 295 3303 missus
317 3238 358 3303 sit
380 3241 461 3304 tulis.
981 3253 1064 3308 meto
1082 3268 1090 3306 z
1108 3243 1169 3307 Nos
1188 3263 1253 3307 non
1275 3242 1420 3305 misimus
1440 3251 1470 3306 te
1490 3245 1654 3308 custodem
1678 3247 1728 3308 vel

214 3340 434 3403 Csnrsruuus.
455 3340 599 3414 —Quod
625 3339 696 3402 talis
722 3341 773 3418 sit,
795 3341 925 3403 demon·
980 3351 1159 3406 coactorem
1192 3341 1440 3424 digredientium
1469 3361 1487 3404 s
1517 3342 1607 3424 lege3
1639 3350 1727 3406 tuum

171 3438 296 3501 strabo.
980 3441 1067 3502 enim
1088 3459 1152 3504 non
1166 3447 1215 3502 est
1228 3439 1290 3502 nisi
1306 3447 1429 3502 tantum
1444 3459 1512 3502 rem
1527 3441 1726 3504 annuntiare.

981 3537 1092 3602 Nonne
1106 3538 1139 3600 in
1155 3537 1205 3600 bis
1220 3537 1417 3620 apertissima
1438 3537 1648 3602 contradictio
1671 3538 1729 3602 im-

981 3637 1139 3718 pliceturl

384 3711 629 3776 ARTICULUS
652 3711 712 3774 XI·
1020 3735 1234 3798 Sinnaceuus.
1250 3767 1290 3778 —
1303 3733 1432 3814 lguoras
1453 3733 1550 3797 verba
1571 3733 1728 3816 majorum

212 3853 309 3921 Quod
331 3851 416 3910 liber
439 3851 519 3926 lepis
541 3851 718 3912 Mahometi
738 3850 802 3909 sibi
825 3851 891 3925 ipsi
980 3831 1195 3895 dlvssffllfflllde
1219 3848 1312 3920 P⁰⁸⁸0
1340 3831 1489 3913 intelligi,
1516 3839 1548 3894 θῑ
1575 3833 1614 3895 “d
1642 3831 1728 3932 Plan}

353 3941 515 4000 multoties
535 3940 750 3999 contradicat.
981 3929 1226 4012 intelligentium
1254 3948 1324 3990 esse
1351 3929 1528 3992 trahendel
1556 3929 1667 3994 Nonne
1695 3931 1728 3992 in

981 4027 1148 4110 scripturis
1172 4027 1250 4108 legis
1274 4026 1388 4088 Christi
1414 4047 1451 4090 ac
1479 4029 1594 4110 Moysis
1622 4028 1729 4109 aliqua

194 4121 437 4192 'Gnarsruuus
457 4126 584 4188 -Scis
608 4127 692 4207 quod
717 4126 749 4188 in
771 4125 926 4189 Aleorauo
981 4127 1270 4207 continenturque
1285 4125 1387 4206 prima
1402 4125 1483 4189 lacie
1505 4125 1565 4189 sibi
1588 4125 1727 4189 invicem

172 4227 356 4310 saepissime
384 4224 442 4287 liat
469 4223 643 4288 admonitio
668 4224 842 4288 cultoribus
867 4232 926 4286 tuse
943 4223 1131 4288 Dvidentur
1151 4243 1222 4286 esse
1243 4223 1424 4287 contrarial

171 4326 259 4408 legis
273 4333 309 4388 ut
324 4331 398 4386 eant
412 4322 588 4407 praeliatum
609 4323 760 4386 adversus
782 4323 927 4385 incredu-
1021 4322 1239 4385 Cunrsrrauus.
1254 4356 1295 4366 —-
1309 4320 1385 4382 Tam
1401 4320 1583 4384 evidentem
1597 4329 1630 4384 et
1644 4321 1730 4385 inso-

172 4427 237 4506 los,
253 4423 428 4508 presertim
443 4431 553 4486 contra
568 4422 818 4504 participatores‚
832 4421 865 4482 id
879 4428 928 4483 est
982 4420 1114 4483 lubilem
1129 4419 1411 4482 contradictionem
1431 4438 1588 4500 nusquam
1609 4420 1643 4481 in
1665 4419 1729 4481 illis

169 4523 386 4599 Christianos
416 4529 572 4602 quatenus
608 4520 720 4583 timore
752 4528 784 4582 et
812 4519 927 4581 virtute
981 4518 1131 4601 reperies.
1149 4517 1258 4580 Nonne
1280 4517 1313 4578 in
1335 4516 1543 4599 praeallegatis
1558 4517 1663 4580 verbis
1679 4518 1730 4580 all-

170 4621 278 4706 gladii
300 4621 453 4683 inducant
475 4628 506 4681 et
527 4627 642 4701 cogant
663 4637 716 4681 eos
738 4619 778 4681 ad
797 4619 927 4680 creden·
981 4616 1089 4681 corani
1105 4615 1263 4696 adjunctas
1285 4623 1359 4676 sunt
1381 4615 1519 4677 rationes
1542 4633 1599 4676 cur
1619 4616 1731 4677 adver-

170 4724 257 4786 dum
277 4719 473 4795 Nabometo;
490 4726 521 4780 et
540 4736 642 4798 usque
664 4716 697 4779 iu
720 4736 858 4798 praesens
880 4717 927 4778 sic
982 4715 1056 4778 sarii
1082 4713 1162 4795 legis
1183 4721 1244 4775 tuae
1268 4731 1332 4775 non
1358 4712 1423 4774 sint
1447 4714 1486 4774 ad
1514 4712 1613 4775 iidem
1643 4722 1728 4776 tuam

171 4818 298 4885 lacitis.
323 4815 400 4879 Nem
425 4815 549 4898 etipse
574 4815 607 4876 in
632 4814 748 4878 virtute
772 4815 867 4898 gladii
894 4833 927 4876 se
982 4811 1129 4894 eogendi,
1150 4810 1310 4890 videlicet,
1336 4811 1487 4892 quoniam
1513 4811 1564 4872 via
1589 4819 1674 4874 recta
1697 4819 1729 4874 et

170 4919 315 4982 missum
341 4913 501 4995 perbibuit
527 4935 534 4973 :
559 4913 642 4993 quod
668 4931 768 4994 genus
792 4912 927 4994 prodigii
982 4929 1080 4994 prava
1095 4910 1147 4971 via
1161 4909 1326 4990 patelactse
1344 4909 1410 4988 jam
1432 4917 1516 4987 suut,
1533 4917 1564 4970 et
1577 4909 1728 4990 quoniam

171 5035 236 5080 nee
256 5012 433 5076 latronibus
447 5011 545 5088 deest,
562 5029 666 5092 neque
682 5011 834 5092 tyrannis.
848 5011 927 5072 lline
982 5017 1093 5092 gentes
1127 5007 1256 5070 credere
1290 5013 1453 5087 nequeunt
1485 5006 1549 5067 nisi
1583 5007 1647 5069 Deo
1676 5026 1730 5071 vo-

170 5113 307 5180 decimo
331 5110 478 5174 Aleoreni
503 5108 642 5191 capitulo
668 5109 819 5190 scriptum
845 5117 926 5171 est:
983 5109 1089 5171 lentel
1320 5103 1324 5116 '

169 5211 260 5290 Quid
289 5227 363 5272 cum
392 5206 456 5270 illis
484 5207 657 5270 incredulis
686 5205 929 5269 communicetis
992 5285 993 5288 Ἴ
1023 5201 1730 5284 Suessetanos-Nonneprincipesehristi-

170 5313 253 5377 vosl
270 5308 378 5389 Itaque
393 5304 553 5368 neminem
569 5322 678 5368 eorum
695 5304 785 5368 vobis
798 5304 930 5368 associa·
985 5303 1036 5367 sni
1052 5302 1236 5385 frequenter
1251 5300 1518 5384 impugnaverunt
1531 5300 1729 5364 adversarios
