4309 6250
490 797 625 948 DE
688 796 1411 950 AUCTORITATD

204 1165 424 1281 suum
468 1164 842 1278 nonninus
874 1167 954 1278 nr
992 1165 1369 1278 emanans
1407 1163 1693 1278 conetur

611 1489 863 1599 LIBER
926 1489 1287 1599 TERTIUS

774 1837 1121 1850 ψ-

352 2151 357 2160 ’
416 2201 664 2268 PROOEMIUM
938 2165 1090 2225 Aeonum
1115 2159 1315 2242 coadjutores
1337 2160 1492 2224 mundum
1511 2160 1637 2226 edocuit
1657 2161 1729 2226 uni-

669 2252 674 2264 '
977 2260 1245 2346 versumDeipde
1260 2259 1434 2322 secundmn
1447 2261 1638 2342 exigentiam
1653 2269 1730 2324 tem·

243 2360 363 2421 E’RBA
393 2359 591 2434 sapientium
616 2359 700 2420 sicut
729 2360 869 2428 stimuli,
894 2368 923 2418 et
978 2378 1092 2440 porum
1111 2365 1142 2420 et
1162 2358 1303 2420 locorum
1328 2358 1363 2419 in
1382 2357 1478 2420 variis
1497 2358 1607 2420 mnndi
1632 2358 1729 2439 parti-

257 2457 453 2536 quasiclavt'
466 2457 501 2514 in
522 2459 627 2516 altum
646 2458 762 2534 defici,
778 2476 851 2536 qucc
862 2475 925 2534 per
979 2457 1037 2520 bus
1067 2456 1223 2539 plurimos
1250 2456 1417 2518 suscitavit
1449 2456 1535 2520 viros
1568 2457 1724 2538 egregios,

172 2556 408 2630 mapistrorum
431 2555 604 2613 consilium
627 2557 707 2614 dota
729 2563 806 2614 sunt
830 2575 849 2614 α
868 2573 925 2631 pc-
979 2555 1139 2636 sapientes
1163 2562 1194 2616 et
1217 2562 1355 2633 sanctos,
1379 2573 1435 2636 per
1459 2573 1594 2636 quorum
1619 2554 1728 2618 frdclia

171 2661 259 2712 stere
273 2671 350 2712 une.
366 2651 430 2712 His
444 2652 598 2726 amplius,
613 2653 668 2728 fili
680 2653 739 2720 mi,
755 2671 795 2712 rae
817 2654 925 2732 requi·
978 2653 1170 2716 documenta
1183 2670 1313 2715 omnem
1327 2651 1522 2715 illuminavit
1535 2653 1725 2716 Ecclesiam.

174 2771 242 2810 ras.
259 2748 363 2812 Eccle.
380 2765 435 2822 ιιι,
452 2746 503 2826 11,
520 2746 569 2811 12.
1018 2750 1054 2812 lli
1077 2759 1151 2812 sunt
1172 2750 1332 2831 sapientes
1352 2750 1426 2826 viri,
1443 2750 1586 2831 magistri
1612 2751 1725 2830 nostri,

214 2847 355 2909 Prudens
375 2847 456 2909 Deus
481 2846 705 2929 supersapiens
730 2856 762 2910 et
780 2847 924 2910 excelsus
978 2849 1125 2911 doctores
1147 2848 1295 2911 catholici
1312 2871 1319 2910 z
1336 2867 1472 2929 quornm
1495 2849 1625 2911 «verba
1647 2850 1729 2911 sicut

173 2945 435 3022 imbecillitatem,
454 2943 693 3008 instabilitatem
709 2953 802 3027 atque
818 2945 925 3008 multi·
979 2947 1098 3008 stimuli
1119 2970 1136 3006 »
1158 2944 1378 3030 perhibentur,
1396 2945 1548 3027 qnoniam
1570 2947 1729 3028 torpentia

174 3043 292 3127 plicem
308 3043 534 3106 fallibilitatem
550 3043 667 3106 mentis
682 3043 841 3122 humanm,
855 3062 924 3126 quoe
979 3045 1118 3108 excitant
1138 3044 1244 3124 corda,
1261 3052 1294 3106 et
1315 3043 1449 3126 frigidas
1474 3053 1596 3106 mentes
1618 3064 1730 3108 accen-

174 3143 237 3205 nisi
258 3145 397 3225 desuper
417 3142 606 3220 illustretur,
622 3143 721 3225 gratia
743 3144 926 3207 corrobore-
978 3146 1069 3223 dunt,
1082 3144 1275 3207 falsitatibus
1289 3161 1415 3225 quoque
1431 3144 1549 3206 invicte
1564 3144 1726 3208 resistunt.

175 3249 238 3320 tur,
264 3242 358 3305 certis
381 3260 417 3305 ac
446 3239 669 3304 infallibilibus
698 3242 817 3323 regulis
842 3240 925 3304 inni·
979 3243 1100 3325 Nempe
1114 3242 1191 3324 quid
1206 3243 1303 3305 verba
1324 3249 1398 3303 sunt
1419 3242 1544 3321 borum,
1561 3243 1624 3305 nisi
1645 3262 1730 3324 qua-

177 3348 264 3403 tatur
287 3347 318 3401 et
340 3340 546 3421 gubernetur,
572 3338 606 3400 in
630 3339 773 3402 divorsos
801 3358 924 3403 errores
939 3341 963 3403 B
979 3342 1052 3404 dam
1082 3339 1227 3404 scintillas
1256 3340 1529 3421 superacutissimi
1558 3348 1591 3403 et
1620 3360 1730 3423 supcr-

173 3437 351 3521 prolabitur
374 3438 502 3500 :eidem
523 3437 660 3519 gloriose
682 3438 822 3520 providit
843 3439 926 3501 salu·
980 3437 1187 3502 fervidissimi
1212 3438 1307 3501 Verbi
1331 3438 1463 3500 sternit
1487 3438 1617 3520 Propter
1643 3440 1728 3520 quod

173 3537 336 3617 briterqne
350 3535 523 3613 consuluit,
541 3536 695 3617 quosdam
716 3536 924 3599 electissimos
979 3537 1128 3601 Salomon
1157 3545 1381 3620 protestatur:
1407 3536 1517 3599 Omnis
1545 3556 1650 3601 sermo
1673 3538 1728 3601 Dei
1754 3562 1874 3612 rmus.

173 3634 321 3698 bomines
343 3632 628 3716 supernaturaliter
651 3633 849 3712 instruendo,
873 3652 925 3697 eo·
979 3636 1110 3719 ignitus.
1132 3636 1170 3697 Et
1190 3635 1291 3698 David
1315 3635 1354 3696 ad
1379 3635 1548 3697 Dominum
1566 3659 1574 3697 ε
1591 3635 1728 3717 ignitum
1742 3629 1787 3731 ᾖ,
1802 3700 1866 3730 mm

175 3752 310 3814 rumque
325 3741 463 3795 mentem
488 3739 521 3795 et
544 3730 687 3813 linguam
713 3732 745 3793 in
765 3733 924 3814 loquendo
979 3734 1109 3817 (inquit)
1124 3733 1288 3814 eloquium
1303 3741 1392 3795 tunm
1407 3732 1623 3796 vehementer.
1640 3734 1727 3809 Quod
1745 3721 1795 3794 uos
1867 3718 1874 3739 '

174 3840 270 3914 atque
285 3830 453 3893 scribendo
469 3828 682 3893 infallibiliter
697 3830 875 3913 dirigende,
886 3850 923 3894 ac
978 3833 1129 3895 Ieremias
1150 3839 1299 3913 expertus
1316 3854 1323 3891 z
1341 3832 1455 3893 Factus
1476 3840 1526 3893 cst
1538 3832 1609 3911 (eit)
1624 3851 1729 3897 sermo
1750 3856 1798 3901 ur.
1805 3871 1842 3907 ιι,
1852 3862 1873 3910 e.

175 3950 233 4013 per
253 3947 309 3993 cos
330 3930 425 3993 etiam
447 3928 526 3992 alios
544 3928 585 4001 de
608 3930 796 3991 necessariis
815 3930 854 3992 ad
876 3950 925 3992 sa·
978 3930 1104 3994 Domini
1126 3930 1158 3991 in
1179 3930 1274 3993 corde
1294 3947 1366 3991 meo
1385 3929 1476 4010 quasi
1495 3928 1580 4011 ignis
1598 3939 1729 3993 eraestu-
1744 3924 1764 3963 ⁹·

174 4030 275 4091 lutem
296 4027 450 4091 docendo.
978 4049 1055 4108 ans,
1081 4036 1115 4091 et
1137 4026 1251 4105 defeci,
1277 4026 1360 4089 ferre
1388 4044 1453 4089 non
1481 4027 1653 4091 sustinens.
1679 4028 1730 4090 ln·

214 4128 332 4191 Horum
347 4126 388 4189 ab
402 4124 529 4189 exordio
552 4124 658 4187 saculi
681 4124 776 4208 primi
796 4126 925 4190 fuerunt
978 4147 1074 4211 super
1088 4128 1203 4190 borum
1218 4124 1410 4207 sapientium
1431 4119 1613 4188 nostrorum
1632 4128 1730 4191 verba

174 4224 360 4288 Patriarcbae
387 4224 612 4305 Propbstaeqne
648 4223 760 4287 sancti.
791 4224 921 4307 Deinde,
978 4235 1083 4289 sunt«
1099 4224 1189 4307 quasi
1205 4222 1287 4286 clavi
1303 4222 1450 4285 inuitum
1472 4222 1570 4286 defixi
1587 4246 1616 4303 u,
1633 4223 1730 4287 idest

42 4342 112 4389 daut.
130 4357 159 4397 w,
175 4342 274 4407 quum
290 4322 442 4404 temporis
464 4322 629 4404 plenitudo
644 4322 794 4402 venisset,
811 4323 924 4406 Unige-
978 4324 1136 4408 profunde
1156 4321 1288 4402 incussi,
1305 4339 1404 4403 quum
1423 4321 1621 4385 inviolabilis
1642 4322 1729 4386 insu·

34 4406 160 4518 ssjfffi'p
175 4424 263 4486 nitus
277 4422 331 4485 Dei
346 4420 500 4485 veraciter
515 4420 708 4500 incarnatus,
725 4431 757 4486 et
772 4422 854 4487 inter
868 4424 924 4488 bo-
978 4422 1190 4505 perabilisque
1206 4420 1346 4484 veritatis
1361 4420 1522 4483 exsistant.
1536 4422 1607 4484 Hac
1623 4444 1640 4482 a
1656 4422 1729 4486 data

34 4542 60 4579 ¹11·
69 4534 100 4573 ³⁸-
175 4521 280 4585 mines
303 4527 520 4599 conversatus,
546 4520 675 4603 proprio
698 4539 752 4584 ore
778 4540 851 4586 suos
876 4520 960 4585 in-G
979 4530 1081 4584 sunt»
1097 4519 1189 4584 nobis
1205 4542 1222 4579 a
1235 4537 1292 4601 per
1305 4519 1476 4582 consilium
1488 4521 1727 4603 u,prudentiam

65 4644 145 4689 rma.
174 4619 327 4686 formavit
345 4616 533 4701 discipules.
550 4618 669 4693 Quibus
686 4622 807 4700 [quum]
824 4622 924 4684 multa
978 4640 1015 4683 oc
1040 4619 1218 4683 doctrinam
1238 4641 1255 4678 «
1271 4619 1494 4699 magistrorum
1510 4641 1527 4679 u
1547 4628 1727 4683 nostrorum

34 4712 111 4759 Μ·
175 4720 283 4783 dicere
299 4726 371 4781 ante
386 4717 567 4800 passionem
587 4736 676 4779 suam
696 4718 836 4797 baberet,
853 4738 923 4801 quae
978 4722 1127 4800 (quorum
1156 4737 1239 4780 unns
1267 4717 1310 4780 ait
1336 4740 1343 4779 :
1370 4717 1581 4799 Quascumque
1610 4718 1728 4799 scripta
1741 4745 1873 4795 amm.

173 4819 220 4881 illi
245 4836 302 4900 pro
329 4826 403 4879 tunc
428 4824 554 4898 portare
576 4816 763 4897 nequibant,
779 4819 923 4899 promisit
979 4827 1063 4899 sunt,
1079 4818 1118 4880 ad
1133 4824 1274 4880 nostram
1289 4818 1467 4880 doctrinam
1482 4816 1600 4899 scripta
1614 4820 1700 4897 sunt)
1718 4839 1725 4880 ε

56 4934 109 4978 nu
125 4940 158 4979 rs.
173 4918 295 4980 eisdem
316 4938 323 4977 :
343 4914 444 4989 Quum
466 4914 588 4978 venerit
609 4914 662 4977 iile
683 4915 816 4996 Spiritus
841 4917 924 4980 veri·
978 4925 1009 4979 ct
1033 4917 1106 4995 boc,
1132 4936 1151 4979 a
1180 4915 1332 4998 magistro
1357 4934 1432 4993 une,
1454 4915 1510 4996 qui
1534 4914 1573 4976 de
1597 4934 1631 4977 se
1657 4915 1727 4997 ipso

174 5015 258 5093 tatis,
276 5012 403 5076 doccbit
421 5031 479 5077 vos
494 5031 622 5075 omnem
642 5013 819 5078 veritatem.
835 5016 923 5079 Hanc
977 5015 1095 5079 effatus
1123 5023 1171 5077 est
1201 5037 1208 5075 :
1239 5013 1326 5075 Unus
1358 5022 1407 5077 est
1439 5013 1590 5095 magister
1622 5022 1727 5075 vester
1753 5030 1841 5077 naut.

173 5112 418 5196 promissionem
446 5112 709 5194 quinquagesimo
734 5122 807 5195 post
834 5134 924 5177 suam
978 5114 1141 5192 Christus3
1167 5113 1336 5194 itemque:
1359 5113 1421 5175 Vos
1446 5112 1567 5175 vocatis
1591 5130 1642 5174 mc
1665 5112 1726 5173 bla-
1739 5098 1842 5203 ¹222·

174 5210 440 5275 resurrectionem
454 5210 506 5273 die
520 5210 751 5292 gloriosissime
771 5212 925 5295 adimple·
978 5213 1076 5295 gistcr
1097 5220 1129 5274 et
1148 5212 1292 5275 Domine.
1738 5232 1782 5270 ιω.
1794 5223 1827 5263 ¹³·

174 5311 240 5391 vit,
266 5312 375 5392 sicque
398 5328 455 5393 par
478 5309 678 5375 beatissimos
702 5312 869 5395 Apostolos
894 5321 925 5375 et
1019 5311 1126 5393 ltaque
1141 5333 1158 5371 u
1174 5311 1225 5372 bis
1240 5333 1257 5371 u
1272 5309 1378 5373 verbis
1399 5308 1445 5373 nil
1461 5331 1478 5369 c
1492 5308 1630 5392 amplius
1645 5330 1663 5369 n
1678 5328 1727 5374 re·
