4309 6250
405 480 465 546 tot

635 502 675 549 nn
697 502 858 551 ntuutrxra
878 504 916 549 ΕΤ
937 504 1085 550 muninus
1105 504 1133 549 B.
1156 505 1185 548 V.
1209 503 1326 567 titulat,
1347 504 1436 549 uasti
1457 504 1488 551 11.
1511 522 1551 533 -
1572 503 1641 549 aar.
1664 502 1751 550 xxvii

446 672 610 750 Praeterea,
627 671 755 736 fervens
780 672 922 736 caritatis
942 672 1086 751 affectio,
1101 673 1195 755 pol
1211 672 1513 737 munificentissime
1528 672 1662 752 visitari,
1678 681 1710 737 et
1729 671 1806 754 quia
1826 672 1866 734 ad
1888 688 1963 734 earn

407 771 531 833 tissima
555 788 592 833 ac
616 771 888 855 propinquissimi
914 779 963 833 est
989 769 1156 853 dispositio

407 871 447 934 ad
460 869 699 951 suscipiendum
711 869 902 933 charismata
913 869 1158 949 meliore,abun·

409 968 585 1031 dantiorem
601 968 758 1031 influxum
774 967 909 1050 Spiritus
924 968 1042 1049 Sancti,
1054 968 1157 1030 incre-

409 1074 552 1129 mentum
585 1066 705 1148 gratita,
734 1066 942 1148 omniumque
977 1065 1155 1148 profectum

408 1165 572 1227 virtutum.
594 1163 716 1225 Etenim
741 1163 859 1226 amoris
883 1163 1008 1225 intensa
1026 1163 1156 1226 affectio

406 1261 510 1344 aperit
532 1270 684 1341 mentem,
704 1280 741 1324 uc
761 1280 830 1323 eam
851 1260 900 1324 sui
920 1260 1027 1323 dilecti
1053 1260 1157 1324 reddit

407 1360 536 1441 copiose
559 1378 720 1441 capacem.
747 1359 839 1437 ilinc,
863 1358 945 1422 sicut
970 1358 1157 1421 felicissima

404 1466 631 1536 creaturarum,
656 1457 916 1537 incomparabilis
936 1456 1026 1538 virgo
1050 1456 1154 1533 llario,

405 1556 469 1618 fuit
484 1575 548 1638 prce
569 1556 694 1618 cunctis
710 1562 742 1618 et
756 1554 892 1636 singulis
914 1554 977 1617 illis
998 1554 1031 1616 in
1054 1555 1158 1617 since-

405 1654 538 1717 rissimae
558 1653 698 1716 caritatis
718 1652 842 1716 fervore
864 1651 1072 1715 ineffabiliter
1091 1672 1158 1714 ma·

405 1753 454 1834 gis
478 1750 630 1833 perfecta,
653 1751 697 1814 sic
717 1770 781 1832 prae
800 1750 948 1814 omnibus
968 1750 1033 1813 illis
1054 1750 1157 1813 cbari-

1210 790 1332 849 omnes,
1349 771 1446 835 ctiam
1466 772 1566 834 sancti
1587 772 1743 853 Apostoli,
1759 777 1849 834 erent
1873 767 1965 831 refu-

1209 870 1298 951 gium
1323 868 1474 947 babituri,
1491 877 1586 950 atque
1606 870 1639 932 in
1659 870 1729 951 ipsa
1748 879 1898 950 tanquam
1924 866 1963 928 in

1210 968 1383 1050 purissimo
1402 968 1532 1049 speculo
1557 968 1663 1050 ipsum
1688 966 1858 1029 Dominum
1884 983 1964 1028 con·

1211 1066 1362 1148 specturi.

1250 1165 1361 1227 Adbuc
1376 1173 1536 1243 autemut
1550 1165 1672 1228 Veritas
1687 1171 1893 1241 contestatur,
1904 1164 1963 1224 bn-

1211 1263 1299 1326 benti
1332 1262 1470 1340 dabitur,
1501 1271 1532 1325 et
1563 1262 1735 1326 abundabit
1765 1286 1772 1323 z
1802 1262 1888 1343 quod
1918 1261 1963 1323 de

1212 1360 1423 1442 spiritualium
1445 1361 1646 1443 possessione
1670 1360 1852 1423 divitiarum
1877 1358 1966 1422 veri-

1211 1457 1337 1520 ficatur.
1355 1456 1518 1521 Profectus
1534 1477 1671 1539 namque
1685 1458 1725 1520 de
1740 1457 1887 1540 profectu
1907 1476 1966 1518 ex-

1211 1556 1323 1631 oritur,
1352 1564 1383 1618 ct
1411 1556 1524 1618 merita
1556 1555 1679 1618 meritis
1707 1556 1830 1619 faciunt
1859 1555 1966 1617 inore-

1211 1662 1339 1732 menta3
1365 1661 1396 1716 et
1420 1653 1503 1716 sicut
1527 1673 1626 1716 unum
1651 1653 1766 1716 vitium
1795 1652 1893 1715 trahit
1920 1652 1965 1714 ad

1211 1751 1310 1829 aliud,
1327 1752 1372 1814 sio
1388 1771 1452 1814 una
1466 1752 1548 1814 actio
1564 1752 1705 1815 virtuosa
1719 1751 1758 1814 ad
1774 1750 1869 1813 eliam
1890 1748 1967 1811 alli-

407 1859 507 1913 smata
527 1849 678 1912 Paracleti
700 1848 985 1911 exuberantissime
1007 1849 1153 1929 sumpsit.
1174 1850 1275 1928 Bcit;
1295 1859 1328 1913 et
1345 1858 1463 1932 quanto
1482 1851 1554 1930 quis
1569 1849 1602 1911 in
1621 1868 1821 1932 quacumque
1843 1849 1965 1911 virtute

405 1947 536 2029 Nempe,
561 1965 659 2027 quum
685 1946 719 2008 in
745 1947 875 2009 caritate
907 1946 962 2008 Dei
995 1953 1025 2007 et
1052 1946 1156 2027 proxi-

406 2064 531 2108 morum
559 2043 655 2106 luerit
683 2043 922 2106 mirabilissime
951 2052 1099 2122 mstuans,
1125 2052 1156 2106 et

406 2142 543 2206 fructum
571 2141 728 2225 passionis
754 2142 913 2223 Unigeniti
940 2140 1001 2220 sui,
1023 2142 1083 2203 hoe
1108 2150 1157 2205 est

406 2241 573 2304 hominum
607 2240 859 2314 conversionem,
889 2239 1154 2303 affectuosissime

406 2338 550 2419 cupiens,
572 2338 635 2400 imo
659 2336 776 2399 divinae
801 2336 976 2416 majestatis
1001 2336 1155 2401 bonorem

406 2454 530 2498 summe
552 2433 729 2513 affectans3
746 2454 810 2497 non
834 2434 968 2495 dubium
995 2434 1072 2515 quin
1097 2452 1155 2515 pro

405 2533 634 2615 gratiosissimo
659 2532 715 2595 illo
735 2532 872 2613 Spiritus
891 2531 997 2594 Sancti
1018 2533 1155 2594 adventu

405 2630 626 2694 ardentissime
650 2650 687 2693 ac
713 2629 943 2691 instantissime
969 2629 1052 2691 infra
1076 2638 1155 2691 tem-

405 2749 465 2811 pus
479 2728 559 2791 illud
573 2728 723 2807 oraverit,
741 2727 809 2789 sine
824 2727 917 2809 cujus
940 2727 1076 2806 influxu,
1093 2746 1154 2809 ope

405 2836 436 2890 et
461 2828 572 2909 gratia,
599 2835 731 2889 noverat
755 2825 879 2888 nullum
904 2826 1032 2888 illorum
1061 2844 1154 2907 posse

406 2924 544 3007 impleri.
568 2924 688 2987 idcirco
703 2944 759 3005 per
780 2923 938 2985 desideria
957 2924 1011 2985 illa
1031 2942 1154 2985 summe

1211 1956 1265 2009 aut
1284 1948 1367 2011 dono
1392 1956 1493 2009 exstat
1515 1947 1696 2029 perfectior,
1713 1955 1801 2009 tanto
1824 1946 1966 2009 validior

1210 2056 1259 2108 est
1272 2047 1310 2107 ad
1326 2045 1561 2127 proficiendum
1576 2045 1608 2107 in
1628 2045 1703 2122 illis,
1726 2045 1903 2107 exercendo
1924 2063 1964 2107 se

1210 2144 1244 2205 in
1260 2144 1391 2206 eisdem.
1409 2143 1492 2222 ideo,
1509 2152 1628 2223 quanto
1647 2142 1906 2205 benedictissima
1920 2160 1962 2204 ac

1210 2242 1396 2303 dulcissima
1411 2241 1501 2323 virgo
1516 2241 1611 2303 llaria
1625 2249 1698 2303 ante
1713 2239 1802 2303 illam
1817 2241 1963 2303 Paracle-

1210 2339 1233 2400 ti
1254 2339 1438 2401 missionem
1462 2339 1525 2401 fuit
1548 2358 1612 2421 prae
1637 2339 1751 2401 ceteris
1776 2338 1901 2401 cunctis
1924 2339 1962 2400 in

1210 2438 1297 2501 omni
1313 2437 1479 2499 sanctitate
1498 2436 1618 2517 purior,
1636 2436 1669 2498 in
1692 2436 1849 2518 sapientia
1868 2437 1961 2499 omni

1210 2533 1419 2616 splendidior,
1445 2534 1478 2596 in
1507 2533 1725 2596 sincerissima
1747 2533 1877 2596 caritate
1901 2533 1961 2595 bei

1209 2651 1245 2694 ac
1260 2630 1476 2713 proximorum
1492 2631 1676 2709 ferventior,
1695 2632 1727 2693 in
1749 2631 1836 2694 omni
1860 2631 1962 2693 virtu·

1208 2737 1239 2791 tc
1259 2738 1289 2792 et
1308 2729 1391 2792 dono
1413 2729 1603 2810 perfectior3
1620 2730 1664 2792 ita
1683 2729 1716 2791 iu
1738 2729 1885 2792 omnibus
1907 2728 1961 2790 his

1208 2846 1273 2909 prae
1288 2826 1402 2889 ceteris
1418 2826 1679 2908 incomparabilia
1694 2827 1835 2907 suscepit
1855 2826 1963 2890 incre-

1209 2934 1315 2986 menta
1350 2924 1383 2986 iu
1412 2924 1468 2987 illa
1496 2925 1631 3006 Spiritus
1660 2924 1766 2987 Sancti
1795 2924 1960 2987 infusione

406 3022 518 3105 ignita,
539 3022 648 3084 divina
671 3030 765 3103 atque
790 3021 971 3102 purissima,
992 3023 1030 3083 ad
1055 3021 1191 3084 abun-G
1210 3022 1406 3103 plenissima.
1424 3022 1538 3103 Sicque
1559 3022 1711 3113 deinceps
1735 3041 1863 3085 suarum
1887 3041 1960 3084 ora-

406 3120 626 3184 dantissimam
651 3129 682 3182 et
709 3118 990 3201 incomparabilem
1018 3118 1154 3202 Spiritus

408 3220 513 3283 Sancti
537 3219 770 3300 susceptionem
793 3219 1031 3299 disponebatur.

447 3318 589 3398 Denique
617 3317 753 3399 Spiritus
781 3316 926 3396 Sanctus,
956 3316 1048 3396 cujus
1076 3334 1155 3397 opu-

406 3413 512 3476 lentiae
550 3431 587 3474 ac
620 3411 851 3474 munificentia
884 3430 948 3474 non
982 3421 1031 3473 est
1062 3412 1151 3490 finis,

406 3530 462 3574 vas
478 3511 557 3573 illud
577 3510 806 3572 electissimum
821 3517 853 3571 et
867 3508 1152 3572 familiarissimum

407 3629 500 3672 suum
529 3608 713 3685 sacrarium,
743 3607 1036 3689 prestantissimam
1061 3607 1154 3670 Geni-

406 3707 518 3770 tricem
539 3707 639 3788 ipsius
659 3725 677 3768 a
695 3724 759 3788 quo
778 3706 846 3788 ipse
870 3707 1061 3769 eternaliter
1082 3725 1154 3788 pro

405 3805 480 3868 fluit
509 3812 668 3886 totamque
691 3803 816 3866 deitatis
840 3804 1072 3885 plenitudinem
1103 3823 1154 3867 ac-

407 3903 501 3984 cepit,
531 3919 680 3984 sponsam
710 3921 746 3964 ac
775 3901 879 3964 filiam
905 3920 995 3964 suam
1025 3920 1153 3982 prorsus

408 4000 616 4078 carissimam,
643 3999 676 4060 in
703 4017 766 4079 qua
788 3998 954 4082 potissime
983 3998 1043 4062 sibi
1069 4017 1155 4062 com-

407 4099 538 4181 placuit,
556 4096 808 4178 singularissime
826 4097 977 4175 visitavit,
993 4096 1155 4178 gratiosis-

408 4197 488 4259 sime
502 4195 701 4278 adimplevit,
717 4203 812 4276 atque
827 4214 890 4275 prae
904 4195 1053 4258 omnibus
1076 4194 1155 4256 libe-
1168 4193 1193 4254 D

407 4293 565 4358 relissime
588 4292 839 4375 superimplevit.

446 4391 602 4473 Amplius,
625 4410 724 4472 quum
749 4389 911 4452 humilitas
933 4389 975 4452 sit
994 4390 1155 4472 precipue

406 4491 445 4554 ed
468 4488 678 4572 copiosiorem
701 4487 838 4568 Spiritus
863 4487 969 4550 Sancti
996 4488 1153 4568 impletio

405 4607 480 4652 nem
504 4586 634 4669 aptatio,
660 4593 783 4648 certum
807 4585 937 4648 omnino
962 4585 1045 4667 quod
1071 4586 1154 4649 sicut

405 4685 619 4750 sacratissima
632 4683 727 4745 Maria
742 4683 803 4746 fuit
817 4691 892 4746 tunc
905 4682 1153 4764 profundissima

404 4782 583 4846 bumilitate
613 4801 678 4864 prae
707 4781 831 4844 cunctis
860 4781 1152 4863 incomparabiliter

404 4883 561 4960 decorata,
579 4880 624 4942 sic
647 4879 685 4942 ud
707 4879 1023 4942 exuberantissimam
1045 4899 1152 4944 susce-

403 4980 544 5061 ptionem
573 4977 724 5040 Paracleti
752 4977 997 5058 dispositissima
1020 4977 1093 5056 fuit,
1120 4989 1152 5042 et

402 5076 666 5142 inestimabiliter
680 5074 860 5157 replebatur
873 5075 983 5138 eodem
1000 5095 1063 5156 prae
1084 5095 1151 5139 om-

402 5178 509 5254 nibus,
539 5172 808 5256 quemadmodum
837 5174 944 5236 decuit
971 5175 1152 5237 amantissi-

403 5296 487 5340 mam
513 5275 640 5338 llatrem
662 5273 730 5338 veri
749 5272 804 5336 Dei
823 5291 887 5355 prae
906 5271 976 5353 ejus
995 5272 1150 5336 ministris

1209 3120 1330 3184 tionum
1348 3120 1589 3203 incomparabili
1606 3119 1754 3183 efficacia
1768 3129 1800 3183 et
1819 3119 1956 3202 fervore,

1208 3239 1337 3283 suorum
1358 3221 1631 3283 sanctissimorum
1649 3220 1879 3282 desideriorum
1900 3239 1959 3301 po-

1207 3317 1387 3381 tentissimo
1414 3319 1605 3398 assiduoque
1633 3318 1753 3398 vigore,
1785 3337 1849 3380 suaa
1880 3337 1957 3381 con-

1207 3416 1396 3480 versationis
1412 3415 1650 3478 virtuosissimae
1664 3415 1955 3478 exuberantissimis

1207 3515 1341 3592 meritis,
1359 3514 1447 3577 omni
1466 3514 1518 3576 die
1544 3514 1718 3594 promeruit
1741 3513 1956 3576 innumerabi-

1207 3612 1290 3675 libus
1316 3611 1538 3693 peccatoribus
1563 3611 1694 3693 gratiam
1722 3611 1953 3690 conversionis,

1207 3711 1371 3773 conversis
1387 3709 1577 3791 profectum,
1594 3707 1836 3790 proficientibus
1851 3709 1955 3792 perfe-

1208 3809 1358 3886 ctionem,
1368 3817 1399 3870 et
1414 3807 1475 3870 luit
1490 3807 1586 3871 totius
1599 3807 1750 3870 Ecclesia
1765 3806 1955 3871 fidelissime

1208 3914 1240 3968 et
1261 3904 1487 3968 efficacissima
1508 3914 1626 3969 custos.

1373 4133 1618 4198 ARTICULUS
1645 4133 1787 4197 XXVII.

1977 1185 2102 1228 haema

1206 4275 1255 4334 De
1273 4274 1425 4349 profectu
1447 4273 1588 4333 theorico
1605 4274 1888 4348 contemplationis
1903 4293 1955 4333 as·
1998 4274 2006 4288 ‘

1247 4364 1363 4431 siduoe,
1378 4371 1408 4420 et
1425 4363 1702 4422 vehementissimo
1712 4363 1864 4438 prosectu
1878 4383 1954 4441 quo·

1247 4453 1375 4510 tidiano
1399 4453 1715 4510 misericordissime
1733 4470 1771 4509 ac
1792 4454 1955 4530 tranquil-

1246 4540 1655 4615 lissimoeoirpinisMariae
1663 4542 1953 4614 postascensionem

1244 4627 1332 4686 Filii
1346 4628 1409 4687 sui.

1266 4789 1508 4850 ASCICULUS
1532 4789 1679 4866 myrrhoe
1703 4791 1841 4851 dilectus
1864 4811 1955 4851 meus

1279 4884 1381 4951 miii·
1391 4886 1480 4943 inter
1490 4886 1590 4944 ubera
1601 4905 1672 4944 mea
1685 4888 1951 4949 commorabitur.

1204 4981 1286 5042 Deus
1308 4988 1339 5042 et
1364 4980 1507 5043 Salvator
1525 4999 1596 5043 mox
1622 5000 1810 5044 ascensurus
1833 4982 1866 5045 in
1890 5001 1954 5045 coe·

1204 5079 1283 5156 lum,
1300 5077 1379 5139 dixit
1399 5076 1560 5160 Apostolis
1577 5078 1682 5142 :Ecce
1707 5097 1766 5161 ego
1786 5079 1952 5143 vobiscum

1204 5196 1274 5238 sum
1289 5175 1439 5239 omnibus
1454 5175 1588 5252 diebus;
1605 5184 1637 5238 et
1656 5177 1752 5259 paulo
1767 5187 1841 5241 ante
1858 5201 1866 5240 ε
1881 5177 1951 5242 Non

1203 5273 1382 5356 relinquam
1403 5291 1459 5338 vos
1480 5274 1660 5356 orphcn0s3
1676 5284 1709 5338 ct
1733 5295 1842 5340 rursus
1858 5299 1867 5340 ε
1883 5276 1951 5339 Tri·

1969 4814 2109 4867 Caninii.

1982 4986 2086 5033 Mart.

1967 5061 2058 5100 mm.
2070 5057 2103 5095 2⁰,

1966 5111 2067 5158 Ionan.
2075 5131 2118 5160 m.

1969 5178 2008 5218 18.

1981 5239 2055 5284 mid.
2073 5255 2117 5286 m.

1966 5299 2008 5344 20.
