4309 6250
482 523 601 572 murm
621 522 790 571 rrarmmr
810 521 982 581 uncum,
1005 522 1094 571 anan
1114 524 1161 573 m.
1182 543 1224 556 -
1243 524 1314 574 aar.
1336 527 1392 574 xxx
1649 510 1711 575 Ado

200 695 441 777 Praetcrea,ipse
455 695 567 760 lIahon
583 694 804 776 latetur,quod
819 692 907 758 Chri·
922 697 946 759 A
962 695 1114 777 quoniam
1129 706 1344 779 conceperunt
1362 699 1448 762 unde
1465 700 1647 763 nasciturus
1660 698 1710 761 lu·

163 804 226 858 stus
245 794 287 857 sit
306 793 394 857 Illius
410 794 551 876 Virginis
570 793 603 856 in
623 795 692 875 lege
717 793 903 875 promissus,
962 802 1029 857 crat
1052 795 1218 875 lIahomet,
1245 816 1345 878 quum
1373 816 1433 860 nec
1461 797 1578 879 virgini
1606 798 1710 861 hama

162 901 191 957 et
204 893 307 974 major
320 912 358 955 ac
374 893 515 956 sanctior
529 893 609 973 ipso.
626 892 816 955 Credibilius
831 910 907 973 ergo
962 894 1171 957 sanctissImae
1199 895 1358 957 Christum
1383 896 1416 958 in
1440 903 1531 959 utero
1553 895 1709 977 bajulanti

163 1000 251 1069 esset,
278 992 363 1073 quod
388 992 449 1054 ista
476 990 648 1073 magnilica
673 990 706 1051 in
731 991 907 1071 generatio-
962 992 1023 1055 hoc
1044 993 1200 1056 accidisse
1222 993 1366 1075 legaturl

163 1110 236 1153 num
251 1088 508 1155 successionibus
528 1088 765 1170 praecessissent
783 1109 801 1151 a
820 1088 908 1171 prin·
1002 1090 1114 1153 Adhuc
1127 1099 1233 1153 autem
1249 1092 1282 1153 in
1297 1091 1429 1175 praelata
1441 1092 1598 1158 llahomet
1615 1112 1712 1175 gene-

163 1188 242 1271 cipIo
257 1187 495 1272 propagationis
509 1189 656 1250 humanae
672 1205 709 1249 eo
724 1188 808 1268 quod
823 1187 908 1250 Chri·
962 1188 1066 1269 alogia
1081 1187 1225 1268 habetur,
1241 1191 1326 1270 quod
1340 1190 1473 1253 Abdalla
1493 1190 1590 1272 iudex
1604 1210 1641 1255 ιο
1655 1193 1711 1255 do

163 1296 226 1349 stus
250 1287 429 1350 nasciturus
453 1285 512 1348 luit
533 1306 570 1349 ex
592 1286 649 1365 eia,
668 1304 764 1367 quem
786 1285 907 1349 idcirco
962 1287 1069 1350 minus
1083 1288 1221 1350 Arabum
1237 1287 1308 1350 luit.
1325 1288 1488 1363 Quomodo
1509 1308 1585 1371 ergo
1599 1309 1709 1353 verum

163 1387 242 1467 quod
257 1385 381 1463 ldahon,
397 1384 492 1448 etiam
506 1385 580 1447 dato
595 1386 679 1465 quod
702 1383 815 1447 luisset
835 1402 907 1467 pro-
963 1386 1110 1466 estquod
1125 1386 1260 1467 lpsemet
1274 1386 1385 1450 Idahon
1407 1387 1535 1466 latetur,
1552 1406 1586 1451 se
1605 1387 1711 1477 primo

163 1484 264 1565 pheta.
282 1483 403 1547 Dicitur
422 1500 560 1565 quoque,
577 1485 662 1565 quod
682 1482 845 1546 Sarraceni
861 1482 907 1545 Ia·
964 1502 1136 1565 pauperem
1161 1484 1331 1564 exstitisse,
1357 1485 1493 1568 ideoque
1520 1487 1619 1549 Ileum
1648 1486 1709 1549 sibi
1831 1531 1835 1536 .

163 1589 284 1644 leantur
298 1582 455 1645 Abraham
469 1601 507 1645 ac
522 1582 647 1664 ldoysen
666 1582 906 1645 excellentiores
963 1582 1092 1659 dixisse,
1109 1582 1231 1665 Pauper
1244 1602 1325 1661 eras,
1343 1592 1375 1645 et
1388 1602 1448 1665 ego
1462 1585 1560 1647 ditavi
1582 1587 1635 1648 tel
1650 1586 1711 1649 Un-

162 1700 196 1745 ac
212 1680 386 1744 sanctiores
400 1680 499 1744 Iulsse
514 1680 684 1763 prophetas
698 1698 793 1763 quam
808 1680 908 1742 llahe
962 1681 1001 1743 de
1026 1688 1057 1743 et
1080 1681 1192 1744 doctor
1215 1700 1299 1763 sape
1322 1681 1541 1764 praallegatna
1565 1691 1709 1761 testatur,

163 1787 225 1841 met
251 1802 258 1841 :
286 1779 393 1860 sicque
420 1786 644 1860 argumentum
673 1778 756 1841 istud
784 1777 824 1840 ad
852 1795 907 1841 eos
963 1778 1047 1859 quod
1063 1797 1184 1860 pauper
1197 1781 1365 1861 exsistens,
1381 1781 1485 1863 prImo
1504 1780 1651 1863 pervenit
1671 1782 1711 1844 ad

163 1896 286 1959 quoque
307 1885 414 1959 posset
435 1877 574 1940 extendi.
921 1868 944 1932 B
965 1876 1130 1939 servitium
1145 1878 1340 1941 camelorum
1355 1879 1523 1960 cujusdam
1542 1879 1711 1962 locupletis

200 1976 341 2059 Insuper,
359 1976 442 2039 sicut
458 1976 490 2038 in
504 1974 618 2039 Genesi
633 1976 793 2053 edocetur,
810 1975 907 2038 Abra-
965 1983 1127 2039 matronae.
1143 1978 1183 2038 At
1197 1995 1284 2055 vero,
1301 1977 1327 2039 si
1343 1985 1408 2039 tam
1423 1977 1623 2057 miraculosa,
1640 1996 1712 2060 pro·
1724 2004 1852 2061 «canpe,

164 2076 232 2139 ham
248 2076 328 2138 duos
343 2074 453 2137 habuit
468 2073 555 2137 lilios
575 2073 780 2156 principales,
797 2073 909 2137 videli-
964 2074 1100 2157 phetalis
1124 2093 1161 2136 ac
1182 2073 1321 2155 gloriosa
1340 2075 1453 2138 luisset
1472 2076 1633 2156 generatIo
1651 2076 1713 2139 lla·

52 2188 152 2242 cn.11t.³;
165 2183 212 2237 cet
224 2175 311 2237 Isaac
326 2192 365 2235 ex
379 2173 455 2235 Sara
474 2190 571 2235 uxore
591 2172 744 2254 legitima,
762 2180 793 2235 et
813 2173 909 2234 Isma-
964 2173 1095 2251 hometi,
1112 2192 1276 2255 nunquam
1291 2175 1330 2236 ad
1345 2172 1557 2237 idololatriam
1576 2174 1713 2239 corruis·

47 2264 78 2301 ¹⁸¹·
92 2256 117 2297 ¹⁵·
165 2272 242 2335 elem
267 2291 307 2335 ex
331 2272 413 2353 Agar
437 2270 554 2333 ancilla
578 2270 733 2353 AEgyptia.
761 2270 798 2333 Et
826 2270 909 2333 inter
965 2280 1023 2350 set,
1049 2290 1109 2340 nec
1134 2271 1213 2353 ipse,
1240 2290 1300 2335 nec
1328 2272 1464 2353 proxImi
1493 2273 1712 2355 progenitores

165 2371 218 2433 hos
232 2371 313 2433 duos
328 2369 427 2447 lilios,
440 2368 526 2432 Isaac
540 2370 662 2432 exstitit
676 2369 862 2451 principaIIs
877 2376 909 2431 et
965 2371 1076 2453 Ipsius.
1093 2369 1191 2451 Cujus
1205 2369 1386 2452 oppositum
1409 2389 1506 2453 supra
1519 2388 1558 2433 ex
1571 2371 1713 2453 praealle·
1725 2396 1857 2448 cauma,

164 2468 261 2549 magis
287 2488 305 2530 a
326 2467 391 2531 Deo
415 2466 536 2531 electus
560 2487 597 2530 ac
623 2476 762 2531 sanctus.
779 2467 908 2549 Propter
963 2469 1028 2551 gati
1044 2467 1183 2532 doctoris
1197 2466 1331 2549 epistola
1346 2475 1395 2531 est
1409 2475 1573 2531 ostensum
1591 2491 1597 2529 :
1615 2468 1713 2550 siqni-

57 2576 80 2662 ‚³
94 2607 99 2616 ·
114 2590 137 2617 u
164 2567 243 2647 quod
273 2566 355 2628 Deus
379 2566 458 2628 dixit
480 2567 519 2629 ad
545 2565 702 2629 Abraham
730 2590 737 2629 :
764 2564 797 2627 In
822 2566 908 2628 Isaac
964 2567 1037 2630 dem
1052 2566 1164 2629 lIahon
1179 2584 1254 2628 curu
1269 2566 1355 2629 omni
1370 2566 1466 2629 domo
1480 2585 1537 2629 sua
1552 2565 1646 2630 idolis
1660 2566 1714 2629 diu

108 2714 137 2742 „,
163 2664 326 2729 vocabitur
354 2664 412 2727 tibi
441 2684 572 2743 semen;
603 2672 634 2727 et
662 2684 771 2727 rursus
799 2688 806 2725 :
833 2665 909 2727 Sara
965 2663 1098 2727 servivit
1119 2664 1152 2727 iu
1172 2663 1292 2726 liecha.

67 2794 70 2808 ·
102 2795 106 2806 ·
165 2764 262 2845 pariet
281 2762 339 2826 tibi
361 2761 548 2840 lilium,cui
573 2762 799 2826 benedicturus
824 2782 906 2826 sum.
1004 2764 1081 2826 Tota
1095 2780 1171 2843 ergo
1186 2761 1242 2824 illa
1256 2761 1392 2825 historia
1413 2770 1446 2825 et
1466 2761 1587 2825 similes
1602 2761 1715 2825 recita·

164 2862 246 2936 Quod
266 2862 347 2925 dixit
367 2862 407 2924 ad
432 2861 658 2923 insinuandum
684 2862 767 2943 quod
793 2862 910 2942 gratio·
964 2862 1067 2925 tiones
1082 2862 1122 2923 de
1136 2861 1303 2939 blahomet,
1319 2869 1393 2923 sunt
1407 2861 1559 2924 mendosa
1577 2859 1715 2941 sigmen-

165 2962 227 3023 sins
260 2980 299 3023 ac
335 2959 549 3023 abundantius
586 2958 813 3022 benedicturus
849 2958 909 3021 luit
964 2968 1007 3037 ta,
1024 2960 1139 3041 quibus
1159 2959 1321 3041 simplices
1342 2958 1567 3021 miserabiliter
1585 2960 1715 3022 damna—

163 3060 244 3122 lsaac
269 3077 365 3140 qnam
389 3058 524 3121 lsmaeli.
542 3057 623 3139 Ergo
649 3057 702 3119 lux
726 3058 782 3119 ille
807 3058 907 3140 magis
924 3056 945 3120 C
965 3059 1133 3140 biliterque
1156 3056 1311 3120 falluntur
1328 3081 1335 3118 :
1353 3057 1436 3120 unde
1461 3056 1643 3120 cordialiter
1665 3065 1714 3119 est

164 3159 270 3222 debuit
285 3157 421 3221 derIvari
438 3157 478 3220 ab
491 3155 648 3219 Abraham
663 3174 721 3238 per
739 3158 846 3218 Saram
869 3156 908 3218 ad
965 3158 1149 3222 dolendum.
1172 3157 1223 3219 Sic
1248 3157 1368 3239 quippe
1393 3157 1527 3220 etversae
1551 3155 1714 3219 haeretico

164 3257 257 3338 Isaac,
288 3275 383 3338 quam
413 3273 470 3336 per
496 3257 579 3336 Agar
606 3254 646 3316 ad
674 3253 850 3316 ismaelem.
876 3255 908 3317 Si
965 3276 1035 3320 rum
1056 3265 1149 3319 sectae
1168 3274 1242 3318 suos
1261 3256 1442 3318 extulerunt
1461 3255 1710 3318 heresiarchas:

164 3365 266 3419 autem
281 3354 509 3434 dIcatur‚quod
524 3353 667 3414 derivata
681 3352 741 3414 luit
756 3371 813 3434 per
827 3354 910 3434 Ager
964 3355 1228 3436 quemadmodum
1239 3353 1398 3416 lIanIchaei
1415 3354 1598 3434 magistrum
1610 3372 1713 3432 suum,

164 3457 202 3517 ad
216 3453 381 3517 lsmaelem
396 3469 434 3514 ee
450 3452 534 3534 quod
554 3438 710 3514 llahome't
728 3450 908 3513 nasciturus
964 3453 1019 3535 qui
1035 3453 1139 3515 llanes
1160 3471 1217 3514 seu
1238 3452 1429 3515 llanichaeua
1450 3460 1499 3514 est
1519 3460 1661 3531 vocatus,
1678 3451 1712 3513 iu

164 3554 222 3616 luit
245 3573 284 3616 ex
312 3551 434 3614 semine
463 3549 617 3628 ismaelis,
643 3549 795 3630 objiciam
824 3550 907 3630 quod
965 3561 1088 3615 tantum
1121 3549 1422 3631 magnificaverunt,
1452 3550 1537 3631 quod
1565 3550 1713 3614 dixerunt

164 3651 266 3734 potius
281 3649 421 3713 derivari
438 3649 548 3711 debuit
562 3668 618 3730 per
632 3647 740 3710 Saram
756 3648 795 3710 ed
809 3648 908 3724 Isaac,
965 3669 1037 3713 eum
1063 3667 1127 3712 non
1152 3648 1252 3711 luisse
1276 3648 1338 3710 nisi
1364 3648 1523 3730 spiritum,
1539 3668 1596 3731 per
1619 3649 1713 3729 cujus

165 3750 341 3832 quiaexeo
357 3746 536 3810 nasciturus
557 3745 661 3808 luerat
680 3745 832 3822 ChristuS,
849 3746 910 3808 lIa-
965 3767 1150 3830 corpoream
1183 3765 1294 3810 vocem
1323 3747 1406 3808 Ileus
1434 3765 1509 3809 snos
1536 3747 1650 3810 fideles
1679 3746 1712 3808 in

165 3849 290 3911 humeto
312 3845 503 3928 preclarior.
965 3867 1092 3910 omnem
1118 3847 1306 3928 perduceret
1328 3845 1504 3909 veritatem.
1530 3844 1713 3908 Promissio·

202 3946 365 4023 Praeterea,
382 3945 409 4006 si
429 3943 482 4006 lux
502 3943 557 4005 illa
575 3943 748 4025 apparebat
767 3943 799 4005 in
814 3943 910 4007 Abra·
965 3966 1038 4009 uem
1054 3964 1180 4028 quoque
1194 3944 1307 4007 Christi
1326 3944 1366 4006 de
1386 3943 1523 4006 adventu
1538 3963 1574 4006 ιο
1589 3943 1714 4006 missio·

166 4044 236 4108 ham
256 4052 388 4127 propter
406 4043 549 4105 Iutumm
569 4041 735 4120 llahomet,
752 4043 840 4124 sequi
863 4043 910 4105 vi·
965 4066 1006 4109 ne
1026 4044 1162 4126 Spiritus
1181 4043 1299 4122 Sancti,
1315 4042 1462 4105 direrunt
1480 4061 1545 4105 non
1563 4062 1633 4105 esse
1655 4042 1713 4104 im-

165 4143 289 4206 debitur
319 4141 403 4224 quod
439 4141 509 4222 ipso
542 4140 699 4203 Abraham
735 4141 838 4222 maior
870 4142 912 4203 sit
965 4146 1084 4227 pletum
1099 4143 1132 4206 in
1146 4143 1247 4206 beatis
1262 4141 1432 4223 Apostolis,
1449 4141 1504 4203 sed
1518 4141 1657 4223 primum
1675 4161 1713 4204 ιο

165 4241 329 4305 lIahomet.
349 4239 512 4322 SIquidem
535 4247 664 4320 propter
688 4239 772 4320 quod
797 4259 911 4302 unum·
926 4244 951 4306 D
966 4243 1068 4306 solum
1092 4242 1126 4302 in
1144 4241 1326 4303 Manichaeo.
1342 4239 1473 4321 Propter
1490 4239 1574 4320 quod
1596 4239 1713 4304 librum

166 4340 313 4422 quodque
335 4339 407 4415 tale,
425 4346 457 4401 et
478 4337 558 4400 illud
582 4338 692 4418 magis.
965 4342 1101 4403 Actuum
1115 4339 1337 4419 Apostolorum
1352 4338 1491 4400 totaliter
1505 4347 1712 4420 negaverunt,

203 4438 359 4521 Amplius,
377 4438 430 4499 lux
451 4436 506 4499 illa
527 4436 676 4498 accidens
701 4436 859 4517 quoddam
880 4446 912 4499 et
966 4439 1117 4520 quoniam
1137 4437 1179 4498 ibi
1201 4435 1393 4498 describitur
1411 4435 1445 4497 in
1463 4437 1621 4517 Apostolis
1643 4457 1714 4500 esse

165 4538 301 4619 qualitas
317 4535 493 4616 luit:ergo
511 4553 576 4597 non
598 4535 701 4616 potuit
721 4535 831 4598 codem
855 4555 913 4596 nn·
967 4538 1108 4618 Impleta.
1146 4534 1300 4596 Similiter
1334 4534 1472 4596 haeretici
1510 4533 1714 4618 cataphrygae

168 4655 252 4700 mero
272 4635 306 4696 in
326 4633 471 4716 pluribus
485 4653 566 4712 esse,
583 4652 680 4714 quum
703 4633 851 4696 accidens
872 4635 912 4696 de
966 4637 1147 4699 Montanum
1162 4633 1403 4695 haeresiarcham
1420 4633 1608 4714 magistrum
1623 4655 1714 4698 sunm

168 4734 311 4816 subjecto
333 4732 367 4795 in
389 4732 569 4813 subjectum
591 4750 654 4794 non
678 4732 802 4813 migret.
825 4732 911 4794 Etsi
967 4732 1267 4815 magniIicaverunt,
1285 4739 1321 4793 ut
1333 4750 1485 4812 magnum
1506 4731 1644 4813 aliquem
1667 4753 1715 4797 se-

168 4833 314 4895 accidcns
334 4829 405 4910 luit,
421 4830 580 4912 quomodo
599 4829 701 4911 potuit
724 4837 807 4892 stare
832 4829 914 4892 inter
967 4833 1022 4916 qui
1044 4832 1240 4894 viderentur.

168 4932 281 4994 coelum
299 4937 332 4994 et
347 4937 462 4992 terram
477 4936 593 5007 erecta,
609 4929 654 4990 ita
667 4929 752 5009 quod
768 4949 824 5012 per
843 4949 912 4992 eam
1008 4931 1180 5007 Postremo,
1197 4929 1273 5010 quid
1294 4936 1343 4991 est
1362 4928 1447 5009 quod
1466 4928 1501 4990 in
1519 4929 1650 5011 praelata
1668 4931 1716 4994 hi-

168 5029 270 5112 angeli
293 5027 552 5092 descendebantl
969 5031 1065 5094 storia
1087 5029 1249 5092 inducitur
1263 5030 1345 5090 Deus
1358 5027 1475 5090 dixisse
1490 5029 1529 5090 ad
1544 5028 1713 5112 Abraham,

204 5127 369 5203 Quomodo
397 5134 502 5189 autem
531 5121 725 5188 credendum
755 5135 803 5190 est
830 5129 914 5210 quod
969 5129 1053 5212 quod
1069 5129 1102 5191 in
1118 5126 1220 5210 prima
1233 5125 1412 5188 animarum
1427 5125 1587 5189 creatione
1608 5127 1715 5190 aniana

168 5227 270 5308 angeli
288 5223 425 5306 singulis
445 5224 557 5288 diebus
577 5233 780 5288 accurrentes
800 5227 916 5289 saluta-
970 5227 1135 5292 llahometi
1161 5225 1314 5306 permixta
1337 5223 1400 5286 luit
1422 5225 1536 5288 animm
1561 5224 1715 5288 Abrahael

168 5324 243 5388 bant
260 5324 361 5388 Evam
381 5331 413 5386 et
430 5341 559 5386 uxorem
579 5321 654 5386 Seth
680 5323 914 5406 impraegnatus,
971 5327 1003 5390 Si
1019 5326 1105 5388 enirn
1119 5344 1177 5407 per
1195 5323 1257 5387 hoc
1275 5323 1456 5385 insinuatur
1474 5323 1597 5387 animas
1615 5324 1718 5388 homi·
