4309 6250
405 492 444 539 nc
465 490 630 539 niemrnrn
650 491 688 538 rr
709 492 856 539 mucuns
877 493 904 537 α.
928 494 956 539 v.
979 492 1097 554 uma,
1120 494 1208 540 curn
1228 494 1262 541 11.
1285 512 1325 523 -
1345 494 1414 541 aar.
1437 452 1490 543 mn
1680 474 1719 541 et

170 679 209 723 ac
234 668 354 724 naturae
378 660 503 725 ancillis
528 660 640 744 ipsius.
665 661 745 727 liinc
769 662 802 725 in
825 661 958 725 annish
1015 662 1178 745 Preterea,
1194 683 1258 746 quo
1277 664 1485 729 devotissima
1504 673 1536 729 et
1557 662 1722 728 serenissi-

168 758 327 841 pueritie,
343 777 443 841 quum
457 759 560 822 adhuc
575 768 752 823 moraretur
770 780 807 823 ac
825 761 919 825 doee-
974 780 1025 825 ma
1040 763 1131 844 virgo
1150 763 1243 826 Maria
1262 763 1378 826 filium
1399 782 1491 826 suum
1512 782 1577 845 pra
1598 760 1723 824 cunctis

170 864 260 919 retur
274 856 307 919 in
321 856 452 939 templo,
467 857 547 921 miro
561 859 656 921 modo
672 878 736 941 prae
750 858 917 923 cocuneis
973 861 1135 923 ardentius
1159 860 1347 944 praedilexit,
1363 880 1401 925 co
1424 880 1489 944 pra)
1512 860 1583 923 aliis
1607 859 1721 940 majori

170 962 204 1017 et
218 956 442 1019 consodalibus
464 956 529 1019 suis
549 955 685 1038 profecit
703 957 735 1019 in
755 957 917 1035 omnibus,
974 957 1124 1021 aviditate
1153 958 1378 1041 praedicantem
1411 958 1559 1021 advertit.
1589 958 1719 1035 Rursus,

170 1052 296 1135 fuitque
323 1056 447 1119 erudita
482 1056 641 1119 subtiliter
669 1056 702 1118 in
732 1056 916 1138 Scripturis.
974 1074 1072 1136 quum
1094 1056 1193 1119 Filius
1211 1056 1282 1138 ejus
1301 1064 1433 1120 testatus
1454 1058 1506 1137 sit,
1521 1056 1579 1133 Qui
1601 1076 1640 1119 ex
1657 1056 1867 1125 Decimam,

169 1154 254 1217 Hinc
286 1172 411 1237 quoque
446 1155 613 1219 conversio
647 1155 718 1237 ejus
753 1154 847 1239 plena
879 1156 917 1217 ad
973 1162 1033 1233 est,
1054 1154 1151 1217 verba
1176 1155 1230 1218 [tei
1255 1156 1365 1233 audit,
1391 1174 1454 1237 quo
1477 1155 1574 1219 Μανία
1596 1140 1768 1217 Deifera⁴⁷·

170 1251 284 1329 Deum,
310 1259 341 1316 et
365 1252 462 1315 totius
486 1253 596 1316 muudi
621 1261 832 1336 contemptus,
856 1272 918 1334 quo
974 1252 1182 1315 excellentius
1204 1262 1271 1315 erat
1293 1252 1526 1335 predestinata,
1542 1261 1575 1316 et
1597 1271 1635 1314 ex
1658 1252 1722 1315 Deo

170 1351 333 1413 mundana
360 1349 414 1413 Dei
443 1350 560 1413 intuitu
588 1358 620 1413 et
644 1370 750 1415 amore
777 1352 920 1433 despexit
975 1367 1032 1431 per
1059 1349 1194 1430 gratiam
1227 1349 1405 1427 divinitate,
1435 1368 1499 1431 quo
1526 1350 1590 1413 Deo
1618 1348 1723 1413 carior

169 1448 366 1527 omnimode,
383 1456 470 1513 tanto
483 1450 680 1531 acceptiores
694 1450 757 1513 Deo
779 1458 811 1513 et
832 1458 919 1513 tauto
976 1446 1047 1527 fuit,
1074 1447 1211 1511 similior
1234 1457 1328 1530 atque
1353 1448 1572 1531 propinquior,
1599 1448 1664 1511 imo
1690 1456 1723 1511 et

169 1545 247 1627 plus
261 1546 414 1609 meritorii
429 1554 654 1629 erant,quant0
669 1548 740 1629 ipsa
753 1548 921 1629 elegantis-
977 1545 1175 1623 familiarior,
1191 1566 1230 1609 eo
1252 1547 1421 1609 instantius
1440 1566 1477 1610 ac
1500 1547 1650 1611 libentius
1668 1567 1723 1609 au-

170 1643 255 1704 sima
276 1642 510 1707 adolescentula
528 1646 809 1727 pereminentiam
828 1664 918 1707 suam
976 1644 1057 1705 divit
1084 1644 1194 1725 Deum,
1224 1643 1279 1707 Dei
1312 1644 1439 1723 fitium,
1470 1644 1510 1707 de
1542 1644 1606 1707 Deo
1633 1644 1723 1707 Patro

170 1740 204 1801 in
234 1741 431 1803 naturalibus
455 1752 517 1805 tam
543 1742 576 1803 in
602 1760 734 1825 corpore
762 1762 857 1824 quam
887 1742 919 1803 in
977 1741 1171 1823 loquentem,
1188 1752 1220 1805 ct
1239 1742 1336 1805 verba
1353 1742 1454 1825 ipsius
1478 1742 1724 1825 diligentissimo

169 1839 291 1917 anima,
307 1847 429 1921 poterat
444 1842 562 1904 mundo
576 1842 680 1924 aptior
697 1840 920 1923 acceptiorque
935 1838 957 1899 B
977 1841 1200 1918 consideravit,
1221 1842 1428 1922 tenaciusque
1448 1841 1590 1919 retinuit,
1606 1849 1638 1903 et
1658 1859 1724 1902 ma-

168 1936 295 1999 haberi.
311 1936 399 2000 Unde
417 1945 449 2001 et
471 1937 542 2001 ideo
562 1938 670 2001 decuit
690 1958 760 2001 eam
781 1938 919 2001 inomni
977 1938 1026 2019 gis
1048 1938 1188 2021 perfecte
1211 1938 1366 2021 implevit.

170 2034 308 2096 naturali
333 2034 417 2098 dono
443 2034 486 2095 ita
508 2054 577 2098 esse
602 2034 796 2119 praeferam,
813 2042 921 2116 quate-
1017 2034 1170 2117 Denique,
1200 2035 1297 2098 verba
1324 2035 1459 2097 aliorum
1489 2036 1528 2097 de
1557 2035 1637 2098 titio
1666 2053 1723 2097 suo

169 2150 233 2193 nus
249 2150 287 2193 ex
300 2132 360 2194 hoc
375 2132 446 2213 ejus
460 2132 499 2195 ad
514 2133 612 2194 heum
629 2132 794 2197 conversio
814 2132 921 2195 lauda·
978 2132 1188 2214 loquentium,
1204 2141 1314 2215 utputa
1334 2131 1532 2213 angelorum,
1548 2140 1721 2215 pastorum,

169 2230 270 2293 bilior
283 2238 376 2293 essct.
393 2230 494 2293 Minus
509 2249 646 2312 namque
666 2232 921 2295 commendabile
976 2231 1150 2313 Magorum,
1175 2231 1342 2309 Zacharia,
1367 2231 1541 2310 Elisabeth,
1567 2230 1724 2293 Simeonis

169 2336 348 2410 reputatur,
365 2329 450 2409 quod
470 2328 501 2390 hi
522 2328 673 2392 saecumm
698 2328 921 2410 derelinquant
977 2338 1009 2391 et
1029 2330 1138 2408 Anne,
1154 2348 1227 2392 cum
1251 2329 1364 2411 grandi
1388 2329 1555 2411 diligentia
1575 2328 1721 2406 advertit,

168 2426 226 2507 qui
252 2426 367 2489 saeculo
389 2426 494 2489 minus
515 2426 580 2509 apti
603 2426 794 2491 consistunt.
978 2426 1161 2491 memoriter
1174 2427 1286 2503 tenuit,
1295 2436 1327 2489 et
1341 2427 1373 2489 in
1389 2446 1447 2489 suo
1461 2426 1595 2491 contulit
1608 2426 1721 2490 corde:
1745 2450 1871 2499 areuna.

977 2533 1096 2605 quanto
1110 2524 1212 2605 magis
1227 2524 1399 2607 ipsummet
1412 2525 1528 2588 Filium
1549 2544 1654 2604 suum,
1671 2544 1724 2588 ve·
1736 2518 1771 2558 ⁵¹·

366 2652 610 2717 ARTICULUS
628 2654 720 2718 XVI,
979 2641 1048 2685 rum
1070 2621 1181 2701 Deum
1196 2642 1270 2685 cum
1293 2622 1534 2706 incomparabili
1557 2622 1726 2705 diligentia

978 2727 1010 2781 et
1034 2718 1160 2781 fervore
1179 2718 1323 2780 audivitf
1338 2718 1495 2801 Amplius,
1512 2727 1630 2801 quanto
1653 2720 1726 2801 plus

978 2816 1177 2879 audientium
1198 2816 1392 2879 desideravit
1417 2816 1660 2881 conversionem
1685 2824 1728 2879 at·

979 2932 1040 2995 qne
1056 2912 1297 2991 salutem,tanto
1312 2914 1460 2977 libentius
1476 2915 1599 2977 audivit
1612 2915 1727 2977 Filium

942 3009 963 3071 C
980 3032 1070 3073 suum
1089 3011 1152 3073 illis
1168 3012 1585 3095 sermocinantem,sperans
1599 3032 1729 3076 conver·

980 3110 1102 3173 sionem
1118 3109 1256 3187 illorum,
1274 3118 1305 3174 et
1324 3110 1430 3174 sciens
1451 3110 1632 3175 efficaciam
1654 3111 1726 3175 Filii

170 2786 265 2851 Quod
283 2784 547 2843 laudabilissimo
568 2786 660 2860 virgo
674 2788 787 2845 Μανία
806 2806 922 2846 sermo·

210 2892 269 2931 nes
283 2874 369 2933 Filii
382 2872 437 2931 sui
447 2890 519 2947 prce
537 2875 663 2933 cunctis
680 2876 815 2934 auidius
829 2878 923 2935 oudi-

211 2963 273 3030 vit,
293 2964 419 3020 clarius
438 2963 616 3032 intellexit,
634 2972 664 3021 et
684 2965 827 3038 amptius
846 2966 923 3023 inde

207 3051 363 3127 profecit.

61 3226 105 3267 eet
126 3239 153 3276 ur,
248 3213 352 3272 URIS
366 3213 448 3270 bono
463 3232 537 3270 cum
556 3213 647 3272 omni
664 3215 923 3288 eoncupiscentia
980 3209 1028 3271 sui
1053 3209 1084 3269 in
1107 3209 1320 3290 praedicando.

257 3309 370 3368 audiet
395 3310 601 3384 sapientiam.
618 3309 685 3384 Quo
710 3309 923 3372 sacratissima
1020 3307 1130 3369 Adhuc
1145 3315 1263 3385 autem,
1274 3306 1300 3368 si
1315 3307 1410 3370 illaria
1424 3308 1606 3390 Magdalene
1621 3307 1728 3371 verbis
1743 3323 1873 3374 laurac.

169 3415 202 3469 et
219 3404 481 3468 benedictissima
496 3405 586 3487 virgo
607 3407 702 3469 hieria
724 3427 787 3490 prae
809 3408 923 3470 ceteris
978 3403 1094 3466 Christi
1111 3413 1174 3467 tam
1190 3405 1282 3468 avide
1304 3414 1335 3467 et
1355 3405 1492 3468 dulciter
1513 3406 1574 3469 fuit
1594 3407 1726 3485 intenta,
1741 3391 1775 3430 ‘⁰'

169 3504 292 3567 clarius
314 3503 495 3584 certiusque
520 3505 671 3586 cognovit
690 3505 804 3567 Filium
830 3525 922 3568 suum
980 3511 1014 3564 ut
1033 3522 1092 3566 nec
1112 3522 1130 3563 α
1149 3522 1256 3566 sorore
1277 3523 1333 3564 sua
1354 3503 1473 3566 Martha
1496 3505 1535 3566 de
1560 3504 1631 3587 ipsa
1653 3523 1729 3567 con-

168 3621 242 3664 esse
259 3620 369 3664 verum
389 3601 500 3680 Deum
516 3601 666 3664 virtutem
683 3609 714 3664 et
729 3602 922 3684 Sapientiam
980 3610 1132 3681 querente
1147 3609 1179 3663 et
1196 3601 1361 3664 Dominum
1385 3601 1607 3684 interpellante
1628 3603 1727 3665 averti

167 3708 267 3781 atque
282 3699 484 3780 Unigenitum
500 3698 599 3761 Patris
613 3700 737 3778 aetcrni,
751 3719 790 3764 eo
805 3721 924 3765 sermo
980 3698 1100 3760 valeret
1116 3723 1123 3760 :
1140 3707 1260 3779 quanto
1283 3699 1385 3780 magis
1410 3701 1580 3782 purissima
1603 3720 1640 3764 ac
1666 3700 1728 3763 fer·

168 3797 350 3860 cinationes
365 3804 397 3859 et
411 3797 560 3859 universa
572 3799 668 3860 verba
682 3817 718 3860 ac
734 3799 924 3862 documenta
980 3796 1167 3858 ventissima
1182 3815 1272 3858 mens
1291 3797 1394 3858 diarias
1413 3797 1604 3860 Christiferae
1625 3799 1729 3860 inten-

167 3895 261 3957 illius
288 3894 474 3975 diligentius
505 3895 707 3973 auscultavit,
744 3895 921 3959 ferventius
980 3896 1103 3958 tissima
1117 3896 1238 3958 exstitit
1252 3896 1350 3958 verbo
1365 3896 1431 3974 Dei,
1445 3906 1553 3978 utpote
1568 3897 1729 3979 incompa-

168 3993 389 4073 libentiusque
414 3993 536 4055 audivit
559 4016 566 4054 ε
590 4002 622 4056 et
645 3994 721 4074 quia
745 3995 922 4058 certissime
980 3993 1122 4056 rabiliter
1136 3994 1475 4076 contemplativaque
1489 3995 1642 4076 optimam
1658 4015 1729 4077 par·
1745 4012 1846 4055 raram.

168 4098 307 4154 noverat
327 4090 398 4166 hoc,
416 4091 535 4154 idcireo
554 4109 626 4153 cum
652 4092 867 4155 inestimabili
892 4103 923 4156 et
981 4101 1044 4155 tem
1061 4091 1263 4172 integerrime
1276 4093 1727 4176 preelegit,iffiqueuniquod

169 4187 408 4252 ferventissima
437 4188 602 4270 diligentia
631 4189 765 4252 advertit
792 4189 962 4272 laquea-D
982 4190 1084 4252 solum
1109 4189 1323 4252 necessarium
1345 4199 1405 4266 est,
1426 4191 1658 4271 perfectissime
1683 4193 1730 4254 in-

170 4296 260 4364 tem,
285 4293 317 4349 et
342 4285 374 4348 in
401 4285 599 4350 sermonibus
624 4288 694 4368 ejus
719 4289 923 4352 vehementer
981 4287 1250 4368 avertibifiterque
1277 4287 1423 4349 inhaesitt
1439 4287 1558 4371 Nempe
1579 4298 1611 4352 et
1632 4290 1729 4352 verba

168 4383 400 4462 delectabatur,
414 4384 587 4466 praesertim
604 4385 753 4466 quoniam
769 4386 924 4450 intellexit
980 4384 1094 4447 Christi
1110 4385 1149 4446 de
1165 4403 1223 4446 sna
1243 4383 1359 4446 deitate
1381 4385 1550 4466 loquentis,
1567 4386 1726 4466 videficet,

168 4484 302 4548 eosdem
317 4480 491 4565 profunde;
504 4501 540 4546 ao
556 4502 620 4565 praa
635 4484 749 4546 ceteris
765 4484 924 4547 universis
979 4484 1156 4563 Antequam
1179 4480 1336 4544 Abraham
1359 4483 1462 4559 fieret,
1480 4501 1539 4565 ego
1563 4504 1645 4565 sum,
1662 4486 1727 4567 Ego
1747 4512 1875 4560 imm..

170 4581 311 4664 profecit
324 4599 363 4642 ex
378 4579 453 4642 ilfia.
471 4579 707 4660 Verumtamen,
724 4583 851 4662 quando
871 4603 925 4644 au·
979 4589 1011 4642 et
1033 4581 1124 4642 Pater
1148 4599 1246 4641 unum
1272 4599 1393 4658 sumus,
1415 4580 1626 4664 Quaecumque
1650 4584 1728 4646 facit
1741 4577 1873 4680 ξξΧΧΧίΧ·

106 4708 155 4738 ,ια
170 4679 254 4742 divit
276 4697 351 4741 eum
377 4696 467 4740 suam
492 4677 674 4760 passionem
700 4681 922 4762 praenuntiare,
980 4678 1080 4758 Peter,
1097 4678 1163 4740 haec
1179 4686 1210 4740 et
1225 4677 1321 4740 filius
1336 4679 1482 4741 similiter
1496 4680 1584 4758 facit,
1600 4690 1632 4743 et
1653 4701 1728 4744 con-

59 4787 64 4799 ·
90 4769 156 4862 ΧΧΧΧΧΧ·
171 4777 300 4840 scribas
315 4794 443 4858 quoque
463 4784 494 4838 et
512 4776 685 4840 Pharisaeos
700 4779 855 4841 acerrime
877 4779 924 4840 in·
980 4776 1109 4852 similia,
1142 4775 1358 4838 sincerissima
1392 4785 1424 4838 et
1458 4776 1728 4843 illuminatissima

170 4893 314 4956 crepare,
332 4874 509 4936 secundum
525 4893 624 4936 unum
646 4884 826 4956 respectum
849 4895 924 4939 con·
979 4875 1069 4956 virgo
1090 4875 1182 4936 Maria
1203 4874 1434 4956 sapientialiter
1454 4875 1618 4956 intellexit,
1635 4887 1728 4960 atque

169 4973 274 5037 doluit
288 4980 320 5036 et
340 4971 479 5054 expavit,
496 4981 581 5034 certa
600 4973 684 5054 quod
707 4972 753 5035 illi
773 4983 923 5056 tanquam
980 4972 1012 5034 in
1028 4972 1297 5053 contemplatione
1311 4973 1437 5035 deitatis
1452 4973 1523 5036 Filii
1539 4976 1588 5036 sui
1608 4975 1729 5038 cordia-

168 5069 390 5148 obstinati,e1
409 5068 630 5150 hujuscemodi
652 5069 723 5132 Filii
746 5071 796 5133 sui
818 5072 923 5134 verbis
980 5071 1053 5132 liter
1076 5070 1256 5133 exsultavit.
1274 5071 1446 5134 Pensemus
1471 5091 1565 5153 quam
1591 5073 1729 5136 delecta-

169 5168 393 5232 vehementius
425 5167 633 5230 incitarentur
665 5169 703 5231 ad
733 5187 924 5251 persequen-
979 5169 1044 5232 bile
1070 5168 1162 5230 nobis
1185 5168 1251 5249 jam
1275 5177 1369 5247 esset,
1396 5170 1524 5232 Paulum
1549 5172 1727 5250 apostolum

168 5269 246 5331 dum
262 5264 588 5348 interficiendumque
603 5285 687 5330 eum.
979 5275 1033 5330 aut
1048 5265 1200 5330 viatorem
1216 5265 1265 5329 ilfi
1280 5266 1411 5330 omnino
1432 5267 1466 5329 in
1488 5269 1611 5331 cunctis
1625 5289 1729 5353 aequa-
