4309 6250
367 487 408 534 oa
429 484 593 534 urcurrarn
615 485 652 532 nr
671 483 821 532 nummus
842 484 869 528 n.
892 482 920 528 v.
944 481 1173 544 narratarum
1193 482 1217 530 v.
1239 501 1280 512 -
1299 484 1371 531 aar.
1394 484 1468 531 mv
1656 467 1696 532 47

57 671 116 726 Rev·
145 677 223 722 sone
238 666 331 740 atque
346 654 490 735 losia3in
505 674 588 720 novo
603 656 696 719 etiam
713 655 894 718 Testamen·
908 653 933 716 Α
949 653 1043 718 modo
1078 651 1137 716 liet
1170 653 1266 731 istud,
1303 653 1453 736 quoniam
1491 654 1595 716 virum
1630 673 1695 718 non

52 738 177 846 .²'1‚rcl⁰
198 757 237 818 de
257 754 438 818 beatissimo
463 753 582 817 Joanne
607 752 756 835 Baptista.
772 751 893 825 Quanto
948 755 1126 833 cognoseot
1151 759 1301 832 tanquam
1324 752 1408 815 dicat
1429 775 1437 814 ε
1458 752 1566 816 Merito
1589 770 1697 833 quaero

144 850 247 934 magis
273 851 427 934 unigeniti
450 851 523 912 Filii
548 851 602 913 Dei
628 850 890 926 incarnationem,
948 849 1083 930 qualiter
1098 849 1181 911 istud
1197 850 1370 930 continget,
1386 849 1536 930 quoniam
1551 848 1694 927 omnino,

145 957 335 1030 conceptum
350 955 382 1011 et
399 947 597 1012 nativitatem
612 967 651 1010 ex
665 946 794 1029 Virgine
816 965 894 1028 prae·
947 957 1102 1027 quantum
1118 947 1149 1008 in
1165 967 1216 1010 mo
1230 957 1289 1026 est,
1301 966 1454 1030 propono,
1465 949 1547 1011 sicut
1562 957 1595 1011 et
1610 948 1694 1028 vovi,

144 1049 257 1125 electa,
272 1046 381 1109 decuit
395 1047 424 1108 ei
441 1045 646 1129 praenuntiari
666 1064 723 1127 per
743 1044 892 1126 angelum
948 1065 1012 1110 non
1034 1065 1227 1128 cognoscere
1248 1047 1364 1109 virum.

145 1147 310 1208 sanctuml
326 1143 501 1227 praesertim
519 1143 594 1225 quia
613 1142 646 1204 in
666 1141 893 1205 hac'incama-
987 1144 1141 1218 Quocirca
1162 1145 1221 1207 rite
1242 1145 1423 1227 inquiritur,
1439 1164 1497 1208 cur
1512 1146 1695 1210 beatissima

145 1245 232 1308 tione
251 1243 337 1306 unici
358 1242 430 1306 Filii
454 1242 520 1320 Dei,
537 1240 778 1324 praeclarissima
804 1241 892 1328 virgo
947 1243 1008 1304 hoc
1033 1242 1190 1324 quaesivit,
1215 1262 1314 1324 quum
1337 1243 1517 1323 (Ambrosio
1541 1248 1634 1323 teste)
1657 1265 1696 1308 ex

144 1341 240 1404 Maria
262 1339 323 1402 luit
345 1340 537 1402 assumenda
560 1339 593 1400 in
618 1356 768 1420 sponsam
793 1338 891 1400 Patris
947 1341 1027 1408 lsaia
1047 1340 1219 1403 didicerit:
1236 1341 1317 1404 Ecce
1338 1341 1429 1422 virgo
1450 1342 1620 1424 concipiet.
1638 1344 1696 1408 lle-
1711 1368 1831 1418 ratgar,

143 1438 253 1502 aterni
287 1439 326 1500 ad
359 1436 605 1519 concipiendum
637 1456 675 1499 ac
705 1436 891 1519 pariendum
947 1439 1082 1520 spondet
1110 1440 1296 1502 Ambrosius
1326 1463 1334 1501 ε
1364 1440 1463 1522 Legit,
1495 1441 1577 1504 Ecce
1605 1440 1695 1523 virgo

143 1539 275 1600 unicum
290 1535 403 1598 Filium
418 1535 511 1617 ejus:
526 1534 559 1597 in
573 1535 819 1617 desponsatione
837 1553 893 1597 an·
947 1537 1128 1618 concipiet;
1145 1539 1200 1600 sed
1214 1539 1373 1619 quomodo
1395 1537 1499 1616 lieret,
1517 1559 1581 1602 non
1604 1540 1693 1621 legit.

143 1643 207 1698 tem
231 1642 263 1698 et
285 1633 486 1697 matrimonio
515 1632 688 1714 requiritur
717 1653 891 1696 consensus
946 1633 1024 1696 Nam
1039 1636 1198 1716 quomodo
1221 1635 1323 1713 lieret,
1340 1655 1399 1698 nec
1422 1644 1510 1700 tanto
1532 1637 1694 1719 Propheta

142 1752 286 1816 personae
310 1731 513 1813 accipiendae.
540 1731 632 1795 Venit
655 1750 730 1814 ergo
755 1734 891 1813 desuper
946 1731 1050 1794 iuerat
1066 1733 1251 1796 revelatum.
1269 1734 1329 1796 Sed
1346 1733 1396 1795 his
1411 1734 1541 1798 obviare
1555 1734 1693 1816 videtur,

142 1833 260 1896 missus
279 1831 526 1914 paranymphus,
544 1838 575 1893 at
596 1831 628 1892 in
645 1831 754 1912 primis
775 1831 891 1912 accipit
908 1830 932 1892 Β
946 1830 1096 1910 quoniam
1111 1830 1205 1894 lsaias
1220 1849 1258 1894 eo
1273 1831 1342 1914 ipso
1356 1850 1420 1912 quo
1440 1851 1478 1895 ex
1500 1833 1695 1897 revelatione

142 1930 379 2012 gloriosissimae
397 1928 653 1992 benevolentiam
673 1929 891 1992 adolescentu-
946 1929 1055 1991 divina
1087 1929 1236 2011 cognovit
1263 1929 1421 2012 virginem
1450 1950 1515 1996 non
1543 1951 1582 1994 ex
1610 1931 1695 1995 virili

143 2027 191 2106 lae,
209 2029 349 2090 saluum
364 2046 435 2090 eam
451 2027 670 2105 celeberrima,
688 2027 752 2090 imo
768 2026 891 2089 iuaudi-
946 2027 1066 2090 semine
1081 2035 1319 2111 concepturam,
1335 2037 1440 2091 certus
1462 2029 1523 2092 luit
1544 2049 1696 2112 superna-

48 2155 64 2198 ι,
93 2157 127 2200 ῃ,
143 2135 174 2189 ta
189 2135 280 2190 antea
295 2126 580 2190 salutationezhve
595 2125 780 2206 (inquiens),
791 2126 890 2208 gratia
945 2124 1038 2188 turali
1054 2127 1148 2189 modo
1163 2147 1200 2189 ac
1215 2126 1325 2189 divina
1346 2127 1378 2188 id
1400 2126 1542 2190 futurum
1564 2128 1691 2192 virtute.

142 2226 249 2308 plena,
274 2225 427 2289 Dominus
451 2234 579 2302 tecum3
603 2223 772 2288 benedicta
797 2231 831 2286 tu
856 2223 889 2286 in
945 2223 1033 2286 Unde
1059 2232 1090 2286 et
1115 2245 1222 2288 rursus
1245 2226 1285 2288 de
1311 2225 1364 2288 tali
1390 2224 1504 2288 Christi
1529 2227 1694 2290 nativitate

144 2323 341 2404 mulieribus,
357 2323 418 2387 hoc
440 2331 488 2386 est
512 2341 577 2405 praa
601 2322 760 2385 universis
783 2339 891 2405 perso
945 2321 1123 2385 vaticinans
1140 2346 1148 2384 ι
1165 2323 1322 2386 Ascendet
1336 2323 1465 2404 (inquit)
1480 2323 1564 2388 sicut
1578 2325 1695 2406 virgul-
1708 2349 1840 2404 [aarum.

143 2423 193 2484 nis
212 2421 342 2485 feminei
367 2441 460 2486 sexus
485 2421 607 2504 repleta
629 2421 720 2484 donis
744 2421 890 2502 gratuitis
946 2427 1012 2481 tum
1043 2439 1151 2483 coram
1180 2439 1230 2500 eo,
1254 2430 1285 2483 et
1314 2421 1398 2484 sicut
1425 2423 1514 2485 radix
1542 2425 1581 2486 de
1609 2431 1694 2486 terra

142 2521 377 2602 virtutibusque
391 2520 507 2583 inlusis
518 2528 550 2583 et
561 2518 663 2601 gratia
676 2518 887 2600 gratificante.
945 2517 1076 2580 sitienti.
1094 2517 1132 2580 Et
1155 2526 1203 2580 est
1224 2538 1347 2598 sensus,
1364 2520 1449 2601 quod
1472 2520 1554 2583 sicut
1576 2521 1696 2603 virgul-

141 2621 175 2683 ln
191 2620 306 2701 quihus
320 2627 425 2681 umen
447 2618 596 2682 omnihus
611 2617 707 2700 Virgo
727 2618 890 2699 gratiosis-
946 2622 1012 2677 tum
1037 2615 1138 2678 oritur
1155 2635 1194 2680 ex
1219 2624 1302 2678 terra
1321 2636 1386 2681 non
1410 2617 1575 2696 seminata,
1593 2626 1625 2681 et
1646 2639 1694 2682 ra·

142 2718 224 2780 sima
245 2717 348 2779 adhuc
373 2734 437 2778 non
462 2715 523 2777 init
546 2723 609 2777 tam
635 2715 729 2798 plena
753 2715 830 2797 quin
855 2715 890 2778 in
945 2713 998 2774 dix
1023 2714 1062 2776 de
1087 2721 1169 2776 terra
1195 2733 1260 2778 non
1284 2716 1456 2798 compluta,
1478 2715 1524 2780 sic
1550 2716 1693 2780 Christus

141 2815 264 2878 eisdem
299 2810 435 2896 proiecit
462 2812 614 2894 quotidie,
645 2811 756 2874 saltem
785 2813 889 2894 quoad
945 2811 1123 2874 nasciturus
1137 2820 1221 2874 esset
1235 2831 1273 2874 ex
1287 2813 1411 2894 virgine
1431 2833 1450 2876 a
1471 2815 1540 2878 viro
1561 2834 1625 2879 non
1648 2815 1694 2878 le-

140 2922 259 2989 actum,
275 2911 427 2994 quamdiu
442 2909 503 2972 luit
518 2910 629 2972 viatrix
643 2909 675 2971 in
698 2909 827 2973 mundo.
945 2909 1092 2972 eundatn.
1109 2908 1177 2972 Pari
1199 2910 1321 2974 ratione
1336 2911 1368 2974 id
1383 2911 1488 2992 ipsum
1508 2912 1692 2977 Christit'ern

48 3048 79 3092 „g
92 3051 125 3091 „¹
181 3010 333 3091 Denique,
359 3009 584 3073 solennissima
612 3009 800 3072 salutatione
830 3009 927 3075 istaC
945 3007 1033 3070 novit
1055 3007 1161 3070 ldaria.
1177 3007 1216 3070 Et
1238 3009 1507 3091 respondendum,
1522 3012 1606 3090 quod
1633 3012 1694 3074 uti·

141 3109 259 3189 audita
277 3107 401 3171 turbata
413 3107 458 3187 (id
473 3115 521 3171 est
534 3107 740 3171 vehementer
753 3105 889 3169 admira·
943 3126 1005 3188 que
1034 3106 1065 3170 in
1094 3107 1234 3189 generali
1263 3115 1327 3171 tam
1355 3107 1568 3172 sacratissima
1597 3108 1693 3192 Virgo

140 3212 186 3289 ta)
201 3216 250 3272 est
264 3206 359 3288 Virgo
377 3206 567 3285 humillima,
583 3225 653 3287 quaa
675 3206 807 3268 minima
828 3205 889 3268 luit
943 3223 1039 3285 quam
1054 3205 1151 3267 lsaias
1165 3214 1320 3267 noverant
1333 3205 1491 3268 Christum
1506 3206 1615 3268 divina
1634 3206 1695 3268 vir

142 3308 175 3370 in
196 3305 298 3369 oeulis
317 3305 394 3384 suis,
411 3313 443 3368 ct
463 3304 521 3368 suh
547 3304 634 3369 omni
660 3322 694 3366 se
718 3302 888 3367 humilians
944 3310 1010 3365 tute
1044 3322 1082 3365 ex
1115 3302 1233 3367 intacta
1260 3303 1382 3385 virgine
1410 3304 1628 3383 nasciturum;
1658 3304 1692 3366 in

141 3404 286 3467 muliere.
309 3404 348 3466 Et
371 3422 510 3485 congrue
536 3401 644 3465 retulit
673 3401 886 3483 Evangelista,
943 3401 1126 3484 particulari
1149 3411 1255 3465 tamen
1284 3422 1349 3465 non
1377 3410 1532 3465 noverant
1559 3403 1619 3467 hoc
1649 3401 1693 3465 ita

141 3504 225 3585 qnod
241 3502 366 3565 turbata
379 3500 442 3564 tuit
463 3501 496 3563 in
518 3519 665 3563 sermone
685 3500 747 3563 hoc
769 3500 886 3582 angeli,
943 3498 1090 3563 distincte
1105 3500 1187 3563 sicut
1204 3499 1336 3582 angelus
1352 3499 1383 3561 id
1398 3500 1554 3582 expressit
1574 3501 1692 3583 glorio-

140 3620 206 3665 non
229 3600 263 3663 in
284 3600 483 3683 apparitione
504 3598 602 3679 illius,
619 3599 887 3680 quemadmodum
943 3617 985 3661 saa
1005 3598 1120 3661 ldariae.

48 3717 126 3766 vau.
141 3700 180 3763 de
208 3698 359 3762 Zacharia
386 3698 527 3761 narravit
554 3698 640 3779 quod
669 3697 812 3760 turbatus
840 3704 888 3760 est
981 3695 1204 3774 Porro,audita
1213 3694 1438 3759 informatione
1449 3696 1692 3777 Archangeli‚il·

141 3799 290 3881 angelum
318 3798 440 3861 videns.
470 3795 613 3859 Creditur
641 3797 772 3878 quippe,
802 3796 886 3877 quod
942 3793 1188 3856 luminatissima
1198 3801 1293 3875 atque
1303 3794 1501 3858 docilissima
1511 3794 1608 3876 Virgo
1618 3814 1690 3857 mox

140 3896 249 3960 Puella
277 3895 480 3959 sanctissima
504 3894 613 3957 videre
638 3894 768 3975 angelos
793 3892 888 3955 luerit
943 3890 1077 3954 credidit
1098 3900 1129 3954 et
1148 3891 1310 3955 consensit
1326 3915 1334 3953 :
1350 3891 1432 3954 Ecce
1447 3892 1621 3973 (inquiens)
1635 3912 1691 3955 an·
1704 3916 1757 3961 aaa,
1772 3931 1787 3968 1,
1801 3920 1835 3963 aa,

139 4002 276 4073 assueta,
285 3993 369 4075 quod
384 3993 460 4057 item
476 3991 645 4075 spirituum
660 3991 886 4056 discretionem
942 3989 1014 4053 oilla
1029 3988 1154 4052 Domini
1169 4013 1177 4068 ;
1193 3988 1251 4051 liat
1264 3988 1342 4052 mihi
1357 3991 1534 4052 secundum
1556 3990 1690 4053 verbum

139 4090 296 4155 habuerit.
942 4095 1043 4150 tuum.
1061 4086 1197 4150 Ollaria
1214 4085 1409 4165 dulcissima,
1424 4104 1520 4167 quam
1541 4086 1692 4151 ineflabi-

180 4189 343 4267 Praeterea,
360 4186 538 4251 certissime
553 4186 658 4251 sciens
673 4188 806 4268 angelus
820 4206 887 4269 gra·
902 4182 926 4246 D
941 4186 1015 4249 liter
1027 4185 1182 4248 honorata
1196 4204 1231 4248 es
1245 4184 1279 4246 in
1295 4184 1355 4247 hac
1374 4184 1615 4249 annuntiatione
1636 4186 1691 4250 do-

139 4287 344 4353 tiosissimam
369 4286 532 4367 Virginem
558 4304 621 4349 suae
650 4285 884 4348 denuntiationi
941 4284 1057 4346 minica
1071 4292 1167 4365 atque
1182 4282 1339 4365 angelica,
1354 4282 1387 4345 in
1402 4302 1465 4364 qua
1478 4282 1569 4347 Pater
1587 4285 1691 4349 excel-

139 4406 176 4449 ac
200 4382 439 4465 desponsationi
467 4382 583 4445 diviua
607 4382 825 4463 acquieturam
854 4389 887 4444 ct
941 4380 1046 4444 lentie
1061 4380 1195 4445 infinitae
1209 4380 1306 4445 ollert
1320 4400 1354 4444 se
1370 4381 1426 4443 tibi
1443 4381 1590 4463 accipere
1606 4391 1636 4447 te
1656 4383 1690 4447 in

139 4499 379 4561 consensuram,
395 4498 453 4562 per
473 4480 603 4542 modum
624 4486 717 4542 certae
738 4479 885 4543 assertio·
941 4478 1134 4560 singularem
1149 4487 1181 4542 et
1195 4478 1323 4542 unicam
1343 4498 1505 4560 sponsam,
1521 4488 1556 4542 ut
1575 4480 1689 4544 haheat

138 4584 190 4645 nis
212 4581 242 4644 ei
266 4578 420 4663 predicta,
441 4578 525 4659 qnod
550 4577 689 4641 eoelestis
714 4578 822 4659 sponsi
847 4596 884 4641 ae
940 4585 971 4640 te
986 4577 1046 4640 sihi
1061 4577 1329 4660 comparentalem
1343 4576 1688 4660 familiarissimamque

138 4680 239 4743 Patris
253 4676 363 4741 aterni
386 4686 578 4758 conceptura
592 4677 632 4738 sit
646 4675 761 4738 Filium
779 4700 786 4739 ι
803 4676 884 4740 Ecce
940 4676 1075 4739 amicam
1095 4684 1127 4739 et
1145 4674 1403 4739 sociam10iiert
1422 4675 1489 4753 tihi,
1505 4694 1525 4739 o
1543 4677 1686 4741 omnium

138 4778 314 4861 (inquiens)
339 4776 500 4858 concipies
522 4794 560 4838 ac
585 4774 833 4856 pariesjfihum
854 4784 885 4839 et
940 4774 1123 4837 beatissima
1153 4782 1381 4853 creaturarum,
1412 4773 1612 4855 unigenitum
1640 4777 1688 4840 Fi-

138 4878 236 4941 vitius
260 4876 413 4939 Altissimi
439 4874 613 4937 vocabitur.
635 4874 722 4949 Quod
747 4876 885 4956 pruden-
940 4872 1017 4934 lium
1040 4892 1132 4936 suum
1152 4892 1191 4935 ex
1216 4892 1273 4934 sua
1296 4870 1472 4934 substantia
1496 4873 1689 4937 eternaliter

139 4975 262 5037 tissima
285 4982 317 5037 et
342 4974 376 5036 in
404 4972 473 5054 lege
502 4991 539 5035 ac
567 4971 732 5053 Prophetis
761 4972 884 5035 erudita
941 4978 1061 5047 natum,
1083 4977 1118 5033 ut
1142 4970 1183 5033 sit
1206 4979 1291 5050 tuus,
1312 4988 1377 5032 non
1401 4969 1505 5033 solnm
1530 4989 1568 5035 eo
1593 4973 1687 5035 modo

138 5073 255 5153 Puella,
272 5075 312 5137 de
328 5092 402 5155 rege
423 5072 535 5136 Massia
549 5070 581 5133 in
598 5072 668 5153 lege
688 5091 725 5135 ac
748 5070 885 5154 Prophe·
940 5087 1004 5151 quo
1018 5077 1066 5133 est
1080 5069 1223 5133 omnium
1239 5068 1420 5131 timentium
1443 5088 1477 5131 se
1500 5077 1532 5131 et
1553 5069 1689 5151 diligen·

140 5172 179 5234 tis
213 5172 368 5253 promisso
404 5181 435 5234 et
467 5170 677 5254 praenuntiato
705 5169 885 5252 intelligen-
941 5168 1020 5231 tium
1042 5186 1160 5231 nomen
1184 5187 1289 5247 suum,
1305 5185 1442 5247 quorum
1466 5174 1515 5229 cst
1539 5186 1596 5248 per
1617 5186 1689 5248 gra·

48 5278 85 5325 tit.
96 5290 127 5333 u.
140 5272 213 5333 dum
228 5290 299 5335 esse
314 5271 492 5350 advertens,
509 5289 582 5334 mox
600 5269 787 5350 inquisivit:
805 5268 885 5344 Quo-
941 5268 1016 5331 tiam
1035 5274 1067 5331 et
1086 5284 1239 5344 amorem,
1256 5266 1311 5329 sod
1336 5264 1569 5346 specialissimo
1592 5267 1687 5333 modo
