4309 6250
465 495 525 566 clo
564 515 605 561 nn
626 513 833 563 lucrommm
853 515 949 563 smuu
968 515 1136 563 rcurrmcrs
1156 514 1194 562 nr
1213 514 1383 563 caucasus
1403 515 1542 577 conditu,
1565 515 1654 563 suan
1673 515 1705 562 u.
1728 533 1769 545 -
1789 514 1860 562 nnn.
1882 515 1932 561 xn

466 693 514 750 tar
535 706 573 749 ex
595 686 655 749 alia
676 695 765 769 parte
786 706 824 750 ex
843 687 897 749 tali
914 684 1089 750 mutatione
1111 685 1215 768 majus
1229 686 1254 748 Α
1269 688 1319 766 (ut
1341 685 1439 768 aliqui
1467 686 1590 766 dicunt)
1614 705 1725 749 servus
1749 693 1782 749 et
1804 684 1893 748 filius
1918 692 1995 766 atquc

465 785 623 867 contingit
651 785 909 864 incommodum3
936 787 1020 866 quod
1050 783 1076 847 si
1102 786 1216 867 proba·
1268 785 1445 868 discipulus
1459 784 1621 864 Ecclesiae,
1634 786 1689 848 sed
1705 785 1801 848 etiam
1816 793 1912 867 pater,
1927 785 1995 865 prin

465 883 573 946 bilitcr
588 891 715 966 putetur
730 883 895 961 oriturum,
913 883 1046 947 mutatio
1061 882 1168 964 legum
1184 891 1215 946 et
1269 901 1345 965 ceps
1360 902 1417 946 seu
1431 883 1580 948 dominus
1594 902 1632 946 ac
1650 883 1801 965 magister
1815 882 1960 963 ejusdem,
1971 891 1995 944 rt

465 981 733 1044 consuetudinum
762 988 810 1045 est
837 982 978 1060 vitanda,
1008 981 1069 1044 nisi
1099 981 1133 1043 in
1166 983 1216 1063 ju·
1269 981 1428 1062 quomodo
1451 981 1484 1042 in
1504 981 1694 1062 quibusdam
1714 980 1757 1042 sit
1775 999 1870 1062 supra
1886 989 1995 1058 camel

466 1079 643 1142 stitiem.—
656 1079 859 1144 Continentur
873 1080 987 1143 similis
1003 1080 1215 1143 consideratio
1269 1080 1303 1140 in
1317 1078 1478 1160 aliquibus
1493 1077 1577 1142 infra
1591 1098 1661 1142 eam
1677 1078 1869 1163 synodaliter
1886 1097 1996 1158 congre

465 1177 538 1240 elici
561 1185 675 1258 potest,
692 1197 732 1240 an
757 1178 904 1260 expediat
925 1179 1040 1260 Papam
1066 1176 1188 1240 absolvi
1205 1200 1214 1239 ε
1270 1177 1555 1258 gatam,quomodo
1569 1177 1665 1240 etiam
1680 1195 1806 1239 summa
1820 1178 1911 1238 totius
1925 1195 1995 1238 mnu

465 1277 539 1357 quia
558 1285 589 1338 et
607 1276 714 1358 aliqua
737 1277 836 1340 licent
858 1296 928 1359 quae
953 1295 1018 1340 non
1040 1276 1145 1339 statim
1164 1296 1217 1339 er·
1270 1276 1302 1337 di
1317 1275 1414 1356 hujus
1429 1282 1568 1357 potestas
1584 1276 1625 1338 sit
1646 1275 1680 1338 in
1695 1276 1788 1358 Papa,
1806 1275 1953 1356 loquendo
1963 1275 1993 1336 de

466 1375 610 1456 pediunt.
1270 1382 1423 1455 potestate
1451 1373 1676 1455 praesidentiali
1700 1380 1732 1436 et
1759 1372 1992 1454 jurisdictionali‚

506 1473 624 1554 ltaque,
641 1479 676 1536 ut
690 1492 727 1536 ex
746 1473 951 1554 praeinductis
972 1481 1135 1536 ostensum
1155 1481 1214 1554 est,
1269 1491 1308 1535 ex
1332 1472 1520 1536 introductis
1544 1472 1577 1534 in
1608 1472 1668 1535 isto
1695 1471 1873 1550 tractatulo,
1896 1471 1993 1534 clauim

466 1571 598 1634 concedi
625 1589 690 1634 non
714 1571 809 1634 debet
833 1573 917 1653 quod
942 1571 1083 1653 Apostoli
1104 1590 1215 1658 omnes
1270 1578 1376 1633 autem
1390 1589 1428 1632 ex
1442 1571 1636 1652 praecedenti
1649 1589 1720 1633 reor
1734 1578 1852 1652 patere.

466 1667 594 1732 fuerunt
611 1668 643 1730 in
659 1676 813 1751 potestate
829 1678 860 1731 et
872 1669 1092 1751 jurisdictione
1112 1689 1216 1751 atqua·
1309 1669 1399 1749 llinc,
1423 1669 1599 1732 secundum
1620 1669 1799 1732 doctrinam
1818 1669 1849 1732 S.
1864 1668 1991 1731 Bemardi

465 1766 524 1845 les,
541 1767 595 1830 sed
617 1767 701 1848 quod
722 1767 831 1830 Petrus
846 1766 908 1831 fuit
929 1768 1076 1850 princeps
1092 1767 1215 1849 (utique
1270 1767 1351 1830 libro
1366 1767 1407 1830 de
1420 1767 1690 1846 Consideratione‚
1706 1768 1746 1830 ad
1764 1765 1908 1829 officium
1920 1767 1992 1846 Papo

465 1863 652 1946 spiritualis,
679 1865 710 1929 id
739 1874 787 1928 est
813 1867 974 1948 prelatus)
1002 1885 1122 1929 eorum.
1148 1867 1215 1931 lmo
1231 1867 1255 1928 B
1269 1865 1407 1948 pertinet
1425 1865 1520 1928 etiam
1546 1864 1726 1928 infidelium
1750 1864 1941 1928 conversioni
1956 1865 1994 1926 in-

465 1963 525 2026 hoc
550 1963 612 2025 fuit
635 1982 724 2027 error
747 1964 982 2042 Armenicmm‚
1003 1964 1110 2027 dicere
1130 1967 1213 2047 quod
1269 1965 1410 2044 tendere,
1437 1963 1590 2027 mittendo
1616 1964 1655 2027 ad
1680 1963 1754 2032 illos
1778 1963 1861 2026 viros
1884 1964 1993 2026 idoneos

465 2061 606 2142 Apostoli
640 2080 751 2124 omnes
780 2060 911 2125 fuerunt
937 2063 970 2124 in
999 2071 1154 2145 potestate
1183 2071 1215 2126 ct
1269 2061 1708 2145 quieispraedicentlegem3
1725 2062 1994 2143 uecsinepecrato
2104 2130 2105 2139 χ

464 2160 650 2223 auctoritate
674 2159 833 2241 aeqrrales;
857 2161 940 2223 sicut
964 2169 996 2224 et
1020 2181 1109 2224 error
1131 2161 1215 2224 Grae-
1269 2159 1329 2222 hoc
1345 2159 1474 2240 omittit,
1491 2159 1552 2221 nisi
1574 2161 1704 2224 totalem
1723 2159 1869 2223 hahuerit
1885 2178 1992 2222 erasm

465 2276 575 2320 corum
601 2258 673 2337 fuit,
690 2258 773 2340 quod
798 2259 957 2322 Romanus
982 2259 1125 2323 Pontifex
1149 2279 1213 2323 non
1269 2276 1303 2320 se
1327 2266 1542 2320 excusantem.
1566 2258 1628 2340 lpsi
1657 2277 1784 2339 quoque
1807 2258 1945 2321 infideles
1964 2276 1993 2320 eo

464 2365 613 2438 praeesset
628 2357 683 2419 toti
705 2364 736 2418 et
757 2357 931 2420 universali
952 2358 1102 2421 Ecclesia
1118 2383 1125 2420 ε
1143 2377 1215 2440 pro·
1268 2356 1363 2420 modo
1383 2374 1447 2437 quc
1467 2375 1538 2418 esse
1558 2344 1707 2419 tenentur
1728 2356 1991 2434 christianicum

465 2461 535 2537 pter
549 2455 633 2537 quod
648 2455 775 2537 utrique
791 2457 1013 2519 subtraxerunt
1028 2477 1061 2520 se
1081 2457 1122 2520 ab
1140 2457 1215 2520 obe-
1268 2454 1397 2518 obedire
1417 2464 1567 2518 tenentur
1587 2474 1713 2519 summo
1731 2455 1887 2532 Pontifici,
1903 2463 1992 2536 utpote

463 2553 583 2616 dientia
607 2552 707 2634 Papae.
724 2553 847 2617 Talium
873 2573 947 2637 ergo
972 2555 1132 2618 erroribus
1153 2575 1213 2619 nec
1267 2554 1297 2617 ci
1324 2555 1363 2616 de
1390 2554 1463 2636 jure
1491 2553 1628 2635 subjecti
1657 2563 1752 2635 atquo
1781 2554 1934 2618 commissi
1960 2554 1991 2614 ab

464 2651 702 2715 communicare
713 2671 772 2714 nec
784 2653 1037 2734 appropinquare
1048 2652 1211 2718 debemus.
1267 2652 1433 2734 unigenito
1447 2653 1501 2717 Dei
1515 2652 1606 2733 llilic,
1622 2652 1677 2734 qui
1699 2672 1773 2715 cum
1788 2653 1876 2716 Patre
1894 2661 1990 2715 aterno

505 2748 676 2829 Postrem0,
694 2750 853 2831 quomodo
868 2749 950 2833 Papa
970 2751 1146 2814 secundum
1165 2751 1214 2814 di·
1267 2760 1298 2813 et
1312 2751 1432 2833 Spiritu
1447 2753 1562 2815 Sancto
1578 2751 1740 2833 paracleto
1758 2771 1842 2814 unus
1857 2761 1990 2832 estsuper

464 2865 572 2910 versas
597 2847 646 2909 sui
667 2848 937 2912 considerationes
960 2849 1000 2912 sit
1021 2869 1085 2913 non
1107 2850 1211 2912 solum
1266 2850 1468 2914 omnialleus
1484 2850 1631 2913 sublimis
1646 2849 1987 2913 etbenedictusdmcn.
2104 2856 2105 2937 f
