4309 6250
437 528 475 576 na
495 529 659 577 nraumnrn
680 529 718 576 nr
737 529 885 577 nuunmns
908 531 934 576 n.
959 531 986 576 v.
1010 529 1128 588 usura,
1144 529 1232 578 amau
1252 531 1285 577 u.
1309 549 1350 562 -
1370 531 1441 578 aar.
1464 531 1485 578 x
1695 511 1737 576 83

187 705 237 760 est
260 697 410 779 magister
432 705 540 762 noster
563 717 600 761 ac
624 697 796 780 legislator,
822 707 855 762 et
877 699 935 762 Do-
950 699 974 762 Α
991 699 1142 764 Paracleti
1182 699 1334 762 adorandi
1373 699 1568 775 sacrarium3
1604 699 1737 763 dubium

187 795 294 857 minus
317 795 504 876 angelorum
529 795 612 858 inter
635 795 780 858 homines
804 815 935 858 conver·
990 795 1115 858 nullum
1150 797 1342 878 relinquitur
1368 797 1447 878 quin
1475 797 1567 860 valde
1595 797 1739 878 proemi-

187 891 251 954 sari
273 893 421 974 dignatus
445 903 504 955 est.
521 893 643 968 Quanta
664 893 727 955 sint
751 894 821 969 ista,
839 894 934 976 l'irgo
990 895 1168 956 nentiorem
1200 895 1249 956 sui
1278 895 1494 976 cognitionem
1521 902 1586 956 tam
1615 894 1739 958 electis·

187 989 358 1071 purissima
383 1010 446 1072 prae
467 990 581 1053 ceteris
606 991 780 1054 viatoribus
804 991 935 1073 profun-
990 991 1078 1054 simm
1099 1001 1131 1054 et
1151 993 1394 1074 incomparabili
1416 993 1587 1056 contulerit
1602 992 1737 1074 Virgini,

186 1083 260 1146 dius
285 1086 448 1168 intellexit,
465 1098 613 1170 tanquam
640 1107 798 1152 concausa
821 1097 853 1152 ct
877 1107 934 1153 suo
989 1098 1069 1152 utet
1084 1090 1153 1172 ipsa
1168 1099 1287 1152 tantm
1306 1091 1440 1172 gratiam
1462 1091 1580 1153 clarius
1600 1099 1740 1154 contem·

186 1183 282 1247 ruodo
303 1185 416 1248 borum
439 1186 541 1268 origo.
989 1187 1108 1268 plando
1130 1188 1251 1269 gratior
1272 1195 1355 1250 esset
1376 1189 1490 1250 datori.
1513 1187 1736 1266 conformiter,

227 1279 328 1344 Simili
362 1285 468 1364 modo,
498 1293 618 1366 quanta
651 1285 692 1348 sit
729 1285 867 1366 dignitas
902 1293 933 1348 et
988 1286 1140 1366 quoniam
1153 1287 1235 1348 Deus
1249 1305 1288 1348 er
1302 1286 1372 1368 ipsa
1382 1285 1482 1348 voluit
1496 1285 1739 1364 incarnari,suat

184 1378 375 1443 excellentia
408 1382 637 1465 promissorum
673 1383 839 1462 Altissimi,
865 1403 933 1446 mu·
988 1383 1116 1446 deitatis
1140 1383 1408 1466 perspicaciorem
1432 1382 1736 1465 contemplationem

185 1495 298 1540 nerum
326 1478 434 1561 gloria
462 1499 499 1542 ac
529 1481 624 1544 totius
654 1480 816 1544 felicitatis
844 1489 933 1544 aeter·
988 1481 1135 1563 praestitit
1162 1481 1204 1544 ei.
1231 1481 1465 1544 Humanitatem
1489 1499 1617 1563 quoque
1641 1481 1736 1544 Verbi

186 1593 248 1653 nae,
278 1575 347 1659 ipsa
379 1598 444 1660 prae
478 1579 602 1642 cunctis
635 1579 807 1642 viatoribus
841 1578 932 1642 valde
988 1599 1026 1642 ex
1054 1599 1089 1641 se
1118 1579 1273 1642 incarnati
1303 1599 1339 1642 ac
1367 1580 1438 1661 ejus
1466 1580 1617 1662 mysteria
1650 1587 1738 1642 tanto

186 1673 386 1753 splendidius
411 1676 603 1756 intuebatur,
625 1695 663 1740 eo
692 1679 775 1758 quod
804 1687 933 1760 propter
988 1677 1177 1740 familiarius
1205 1677 1407 1759 lucidiusque
1433 1677 1594 1760 cognovit,
1619 1685 1738 1758 quanto

186 1770 242 1832 illa
277 1771 459 1836 bominibus
496 1775 711 1857 recuperanda
747 1775 932 1857 Unigenitus
988 1776 1106 1838 certius
1120 1783 1152 1837 et
1170 1776 1450 1858 experimentalius
1465 1776 1561 1838 scivit
1578 1777 1738 1856 quomodo

186 1869 240 1931 Dei
265 1868 362 1932 Patris
387 1871 490 1934 factus
515 1871 576 1934 fuit
604 1872 692 1935 filius
718 1873 800 1954 ejuS,
827 1881 859 1935 et
887 1873 1128 1936 totBl'erbum
1157 1883 1309 1936 aternum
1339 1873 1402 1936 fuit
1434 1875 1468 1936 in
1497 1893 1536 1936 ea
1562 1883 1595 1936 et
1628 1893 1666 1936 ex
1701 1893 1739 1936 ea

185 1975 217 2028 et
242 1975 328 2030 tanta
352 1969 429 2032 fecit
453 1989 490 2033 ac
506 1971 646 2053 pertulit.
669 1971 805 2050 Etenim,
827 1991 864 2034 ex
887 1971 933 2034 di·
989 1971 1189 2034 incarnatum
1213 1981 1245 2034 et
1268 1981 1390 2052 natum,
1413 1973 1582 2035 educatum
1608 1981 1641 2034 et
1663 1991 1739 2036 con·

184 2065 307 2145 gnitate
323 2067 428 2148 legati,
445 2069 630 2149 magnitudo
650 2088 753 2131 causre
768 2068 849 2133 solet
864 2089 933 2152 pcr—
989 2079 1154 2132 tractatum
1184 2071 1225 2132 ab
1252 2089 1302 2148 ea,
1332 2079 1561 2134 commoratum
1597 2079 1629 2132 et
1663 2089 1740 2134 con·

185 2165 295 2245 pendi.
326 2165 548 2244 Conformiter,
580 2187 618 2230 ex
651 2167 757 2231 valore
792 2177 823 2231 et
858 2169 934 2230 emi·
989 2179 1148 2230 versatum
1178 2189 1251 2230 cum
1276 2169 1357 2250 ipsa,
1384 2176 1478 2250 atque
1503 2169 1537 2230 in
1561 2169 1631 2250 ejus
1660 2189 1740 2252 prae-

186 2263 296 2324 nentia
324 2263 429 2345 pretii,
459 2265 638 2347 pretiositas
671 2265 770 2347 empti
799 2267 874 2329 boni
902 2275 933 2328 et
989 2267 1091 2329 sentia
1120 2267 1380 2344 sermocinatum,
1412 2267 1505 2348 signa
1532 2275 1565 2329 et
1593 2267 1738 2349 prodigia

185 2360 307 2422 obtenti
323 2371 483 2443 pensatur.
501 2363 781 2446 contemplabatur
794 2383 870 2446 ergo
886 2384 933 2428 sa·
988 2372 1164 2446 operatum.
1181 2363 1352 2440 Postremo,
1369 2363 1453 2426 dona
1471 2371 1602 2442 natura,
1619 2372 1650 2426 ct
1669 2382 1740 2445 gra·

184 2457 386 2540 pientissima
402 2459 492 2542 virgo
506 2461 599 2524 blaria
614 2463 857 2544 perspicacitate
876 2463 934 2524 mi·
989 2461 1039 2524 tia
1059 2481 1096 2524 ac
1116 2461 1236 2543 gloria,
1253 2470 1340 2524 tanto
1360 2461 1579 2544 sapientialius
1598 2471 1740 2524 contem·

184 2555 290 2634 rabili,
319 2559 586 2638 quemadmodum
615 2561 654 2622 ad
683 2560 833 2642 angelicae
861 2561 934 2624 bea·
988 2559 1146 2642 piabatur,
1171 2567 1290 2640 quanto
1313 2559 1353 2622 de
1376 2559 1520 2622 omnium
1545 2559 1658 2622 borum
1683 2577 1739 2624 no

183 2653 333 2716 titudinis
352 2655 562 2738 equalitatem
587 2666 618 2720 et
639 2659 805 2722 veritatem
830 2657 933 2721 factus
987 2657 1058 2719 titia
1069 2656 1262 2720 eminentius
1276 2657 1385 2719 decuit
1396 2657 1548 2720 illustrari
1560 2677 1597 2720 ac
1611 2658 1737 2720 edoceri

183 2751 228 2814 ait
252 2751 359 2832 bomo,
384 2773 479 2836 quam
504 2755 736 2838 pretiosissima
761 2757 845 2820 bona
870 2757 934 2820 sint
989 2765 1122 2818 matrem
1150 2755 1267 2818 actoris
1294 2755 1438 2817 omnium
1463 2755 1577 2818 borum
1601 2756 1641 2818 ab
1669 2756 1740 2837 ipso

184 2849 279 2912 nobis
303 2861 476 2934 praeparata
494 2852 527 2914 in
549 2853 640 2916 coelis
658 2878 664 2916 :
682 2863 713 2918 et
732 2854 835 2918 oravit
858 2855 934 2918 assi·
989 2853 1157 2936 Unigenito
1182 2871 1252 2934 suo,
1272 2853 1326 2934 qui
1351 2855 1435 2916 dona
1459 2873 1516 2916 sua
1540 2854 1574 2915 in
1599 2853 1737 2936 propria,

183 2949 260 3026 dne,
277 2948 342 3012 imo
357 2951 612 3026 estuantissime,
630 2960 664 3014 ut
677 2952 715 3015 ad
736 2971 773 3015 ea
787 2952 934 3016 homines
987 2951 1205 3032 dilectissima,
1231 2951 1470 3014 amorosisaima
1490 2959 1584 3033 atque
1608 2951 1741 3033 purissi-

184 3045 420 3129 perducantur;
446 3047 502 3110 sed
532 3057 565 3112 et
596 3049 698 3112 doluit
730 3049 934 3113 vehementer
949 3051 971 3113 C
989 3069 1039 3112 ma
1054 3049 1149 3112 lfatrc
1173 3049 1344 3133 specialius
1366 3048 1673 3131 munificentiusque
1695 3049 1740 3112 lo-

184 3146 270 3226 qnod
303 3154 368 3208 tam
397 3146 488 3211 multi
521 3167 560 3212 ea
587 3148 633 3211 sic
666 3148 870 3231 vilipendunt
896 3168 934 3214 ac
988 3150 1084 3228 cavit,
1100 3149 1198 3226 auxit,
1215 3148 1360 3232 perfecit.

184 3244 335 3325 perdunt.

225 3340 379 3422 Denique,
396 3344 518 3425 species
534 3345 814 3427 contemplationis
828 3346 932 3409 adbuc

185 3438 278 3503 aliter
291 3440 532 3523 distinguuntur
545 3451 577 3505 et
591 3442 793 3524 assignantur
805 3467 812 3505 :
822 3452 857 3506 ut
871 3443 933 3525 pri-
1205 3420 1450 3485 ARTlCULUS
1470 3421 1515 3485 X·

183 3557 236 3599 ¹¹¹¹
265 3547 396 3601 ¹⁰⁰0¹¹¹¹
423 3542 673 3624 ⁸¹¹P⁰¹¹¹⁸¹¹¹¹³¹¹⁵
705 3542 932 3624 ⁰⁰⁰¹0¹¹¹P¹¹¹¹⁰
988 3572 1081 3637 Quod
1095 3572 1139 3628 cd
1153 3573 1299 3647 mystico
1314 3572 1480 3647 theologice
1491 3570 1738 3645 perfectionem,

183 3636 352 3699 adoranda!
371 3637 557 3717 Τΐίὓίῑθῐίὃῐ
573 3641 713 3701 secunda
732 3641 856 3703 dlssssiffl'
878 3660 933 3703 na·
1026 3661 1292 3736 affe-trucissima
1308 3680 1346 3717 cc·
1361 3661 1534 3717 mitissima
1559 3660 1654 3734 Virgo
1665 3676 1738 3733 proe

182 3733 295 3797 furalis
319 3734 493 3817 speculatio
512 3736 759 3818 simplicissimae
780 3738 930 3817 Deitatis;
1025 3750 1152 3807 cunetis
1170 3749 1350 3807 ot'ctoribtts
1365 3751 1561 3806 excellenter
1571 3748 1735 3821 pervenit.

183 3831 286 3909 tertia,
315 3832 527 3896 consideratio
555 3842 725 3915 assumptae
754 3834 933 3898 humanita-

183 3928 240 4007 tis,
251 3936 375 4010 quarta,
387 3928 515 3994 intuitio
530 3931 723 3995 naturalium
739 3932 930 4013 effectuum
1064 3936 1268 3995 IRABILIS
1280 3936 1370 4011 facto
1392 3944 1437 3995 est
1458 3936 1594 3995 scientio
1617 3943 1674 3994 tua
1694 3952 1736 3992 ero
1748 3944 1887 3997 renutat,

184 4027 307 4107 quinta,
338 4027 494 4109 inspectio
531 4030 818 4112 supernaturalium
858 4050 933 4113 ope-
1078 4051 1151 4100 me;
1174 4033 1358 4108 confortata
1386 4042 1444 4103 ert,
1473 4041 1504 4093 et
1531 4052 1597 4092 non
1622 4010 1770 4109 poter-0⁶·

184 4144 267 4203 rum,
285 4134 397 4207 utputa
411 4126 566 4189 donorum
581 4127 690 4209 gratiae
705 4148 741 4191 ac
756 4128 933 4211 gloriabo
986 4132 1031 4189 ud
1048 4150 1129 4190 eam.
1151 4128 1220 4191 Non
1244 4127 1347 4191 solum
1366 4128 1494 4193 divinus
1513 4128 1680 4212 Dionysius
1704 4136 1737 4191 et
1760 4149 1883 4195 oscam.

183 4240 247 4305 qua
281 4222 488 4287 distinctione
524 4224 703 4307 specierum
738 4226 1127 4309 contempla-Dtbeologi
1155 4244 1229 4289 eum
1258 4234 1438 4307 sequentes,
1468 4227 1524 4290 sed
1553 4226 1735 4290 subtiliores
1748 4214 1882 4321 Ὴὲζ·

42 4346 82 4388 ua
99 4344 169 4390 nm.
184 4320 279 4383 tionis
301 4321 334 4383 in
353 4322 508 4404 opusculo
527 4323 567 4386 de
585 4323 857 4408 contemplatione
872 4334 932 4391 tra·
986 4343 1114 4407 quoque
1141 4324 1325 4408 pbilosopbi
1354 4326 1556 4389 concorditer
1583 4333 1658 4388 sunt
1690 4332 1736 4388 te-
1748 4350 1881 4391 muana

29 4422 81 4451 ²¹⁷¹
95 4412 152 4451 ²¹¹·
183 4419 280 4483 atavi.
988 4422 1071 4503 stati,
1097 4422 1183 4505 quod
1210 4422 1444 4505 perfectissima
1470 4422 1613 4504 cognitio
1639 4440 1735 4505 qnam
1749 4400 1882 4521 ssfflg

223 4518 343 4599 ltaque,
360 4517 392 4579 in
408 4517 456 4581 bis
471 4520 749 4602 contemplationis
764 4522 932 4605 speciebus
988 4520 1022 4583 in
1050 4520 1110 4583 hac
1138 4520 1203 4582 vita
1235 4520 1390 4583 babemus
1423 4521 1463 4584 de
1491 4520 1567 4599 Deo,
1596 4528 1646 4583 est
1679 4539 1737 4603 per

183 4616 458 4679 illuminatissima
484 4636 522 4679 ac
550 4618 808 4699 splendidissima
842 4620 932 4704 virgo
988 4618 1203 4700 negationem,
1219 4618 1251 4680 id
1273 4626 1321 4680 est
1343 4638 1400 4701 per
1419 4619 1612 4682 ablationem
1632 4627 1664 4681 et
1683 4618 1737 4681 ab·

180 4714 278 4777 blaria
307 4714 432 4777 cunctis
460 4715 722 4780 inestimabiliter
746 4718 806 4781 fuit
829 4720 933 4801 perfc·
988 4716 1190 4798 negationem
1211 4716 1431 4779 universorum
1453 4717 1493 4779 ab
1512 4716 1593 4798 ipso.
1609 4716 1736 4779 Etenim

181 4812 384 4888 ctior.0uum
399 4814 485 4875 enim
501 4814 781 4897 superbeatissima
796 4818 932 4881 Trinitas
988 4816 1087 4877 Deum
1101 4813 1272 4897 dupliciter
1288 4814 1319 4875 in
1335 4814 1394 4877 bac
1409 4815 1475 4877 vita
1490 4815 1733 4896 cognoscimus:

180 4911 313 4993 elegerit
339 4928 410 4973 earn
434 4910 467 4973 in
497 4930 652 4975 summam
679 4923 858 4979 consortem
887 4916 933 4979 fa·
989 4914 1104 4997 primo,
1120 4932 1177 4994 per
1195 4912 1457 4992 affirmationem,
1477 4913 1687 4976 adscribendo
1705 4914 1736 4976 ei

179 5008 498 5089 miliarissimamquo
521 5010 668 5091 amicam,
690 5012 722 5073 in
748 5031 933 5096 comparen-
988 5011 1143 5093 quidquid
1168 5010 1375 5093 perfectionis
1401 5011 1433 5071 in
1459 5010 1553 5073 rebus
1577 5010 1738 5073 invenitur

178 5108 280 5171 talem
295 5108 351 5169 Dei
368 5105 478 5188 Patris,
490 5106 522 5169 in
537 5128 644 5171 veram
659 5110 847 5192 genitricem
862 5112 931 5175 filii
989 5109 1116 5187 creatis,
1132 5117 1284 5189 tanquam
1299 5107 1423 5185 fontali,
1441 5108 1561 5169 causali
1583 5114 1614 5169 et
1632 5126 1738 5171 exem·

180 5206 267 5288 ejus,
284 5205 318 5267 in
333 5212 468 5267 matrem
483 5204 570 5269 illius
589 5226 609 5270 a
626 5226 690 5288 quo
705 5210 842 5291 Spiritus
857 5210 933 5273 San·
989 5208 1067 5291 plari
1092 5208 1237 5270 omnium
1262 5224 1367 5269 rerum
1392 5205 1562 5288 principio,
1588 5224 1662 5267 cum
1686 5224 1739 5268 ox·

180 5314 254 5369 ctus
283 5322 361 5367 vere
389 5304 543 5385 procedit,
573 5305 606 5367 in
635 5308 931 5389 praestantissimum
989 5307 1138 5371 cellentia
1159 5305 1298 5386 infinita,
1319 5305 1407 5367 omni
1429 5304 1670 5389 imperfectione
1691 5324 1739 5370 se-
