4309 6250
389 514 428 561 ott
449 513 612 561 olumnam
632 512 669 559 Π
689 512 837 559 muninus
858 512 887 559 B.
905 514 932 557 V.
956 512 1072 569 laniat,
1095 512 1184 559 uena
1205 514 1250 559 tlt.
1272 532 1312 542 -
1332 514 1403 560 ΛΒΤ.
1427 512 1499 559 xxiv
1660 493 1719 558 l39

171 684 281 747 videns
303 704 378 748 enm
400 685 465 768 pati
487 686 623 765 abjecta,
639 694 671 748 et
691 704 729 747 ex
750 684 810 747 alia
830 692 919 767 parte
934 684 959 745 Α
973 684 1097 747 Christo
1120 684 1261 766 patiente
1285 684 1376 749 dolor
1398 682 1630 766 compassionis
1657 700 1721 763 quo

171 784 378 847 considerans
392 784 463 865 ejus
479 784 917 865 mirificallespondendum,
974 782 1108 864 ingratis
1137 802 1174 845 ac
1203 783 1366 865 perituris,
1397 782 1574 865 prasertim
1603 780 1721 862 populo

170 882 253 963 qued
269 881 505 965 sapientissima
526 890 557 944 et
578 880 836 945 constantissima
853 880 920 943 Vir·
975 880 1127 961 peculiari
1143 882 1183 943 ad
1206 900 1301 961 quem
1326 881 1431 945 luerat
1455 880 1583 958 missus,
1604 880 1722 943 condo-

170 1000 222 1061 go,
237 1000 307 1061 quae
329 988 361 1044 et
380 980 449 1042 Filii
475 980 524 1042 sui
546 979 725 1061 passionem
749 979 920 1060 passionis·
974 979 1044 1059 luit,
1060 980 1204 1044 dolorem
1226 982 1400 1063 corporalis
1415 980 1573 1064 passionis
1587 979 1723 1043 excessit

170 1098 231 1160 que
248 1080 376 1142 modum
392 1079 475 1142 clare
490 1098 526 1141 ac
542 1078 689 1141 distincte
705 1077 920 1161 praecognovit
975 1087 1006 1140 et
1034 1079 1133 1158 vicit3
1160 1079 1207 1142 sic
1231 1088 1263 1142 et
1286 1081 1318 1142 in
1343 1080 1600 1142 benedictissima
1627 1078 1722 1141 llatre

169 1176 272 1257 magis
304 1194 399 1258 quam
433 1175 544 1251 David,
574 1176 681 1253 lsaias,
712 1175 834 1253 Daniel,
865 1182 920 1238 aut
974 1175 1064 1240 dolor
1076 1178 1307 1259 compassionis
1317 1178 1459 1241 delorem
1472 1196 1630 1259 corporea
1641 1184 1723 1239 tran·

168 1272 287 1353 aliquis
312 1273 550 1356 Prophetarum,
580 1274 612 1335 in
643 1274 790 1355 passione
818 1272 919 1353 ipsius
975 1275 1101 1337 scandit
1122 1275 1290 1357 passionis.

169 1371 351 1434 nullatenus
365 1370 532 1450 dubitavit,
549 1372 614 1436 imo
628 1371 820 1435 fidelissima
835 1390 920 1433 man-
1015 1374 1161 1437 Secundo
1183 1382 1286 1457 potest
1311 1374 1395 1436 istud
1421 1373 1575 1456 perpendi
1599 1393 1638 1436 cx
1662 1373 1723 1436 boc

167 1468 219 1529 sit.
243 1468 316 1533 ldeo
339 1468 435 1531 verba
454 1468 622 1549 Augustini
645 1477 677 1531 et
697 1469 804 1532 Basilii
826 1486 920 1550 expo-
974 1471 1060 1552 quod
1088 1470 1259 1534 mitissima
1287 1472 1382 1553 Virgo
1410 1489 1540 1552 prorsus
1569 1470 1724 1533 allectuo-

167 1575 290 1628 nuntnr
316 1585 380 1630 non
409 1568 449 1629 de
477 1567 675 1631 dubitatione
705 1565 917 1645 infidelitatis,
975 1568 1111 1645 sissima,
1128 1568 1368 1651 dispositionem
1382 1568 1454 1631 Filii
1477 1568 1525 1631 sni
1542 1569 1576 1630 in
1591 1585 1723 1649 corpore

168 1664 222 1725 sed
239 1664 458 1726 admirationis
473 1664 689 1746 naturalisque
706 1663 844 1747 pietatis,
857 1683 920 1745 qua
975 1672 1007 1727 et
1027 1664 1133 1726 anima
1153 1686 1217 1747 praa
1236 1666 1350 1728 ceteris
1374 1665 1522 1729 omnibus
1547 1664 1724 1727 clarissime

167 1761 240 1841 quis
256 1762 295 1823 de
310 1762 442 1824 veritate
453 1760 560 1842 aliqua
575 1762 706 1825 omnino
722 1760 920 1825 certissimus
976 1762 1074 1826 novit.
1101 1762 1200 1825 Scivit
1228 1763 1348 1845 quippe
1376 1764 1459 1844 quod
1485 1771 1569 1826 esset
1594 1763 1725 1825 nobilis-

168 1859 315 1938 miratur,
335 1866 367 1921 et
385 1877 442 1941 per
467 1860 595 1923 modum
620 1858 795 1922 dubitantis
815 1869 920 1942 stupet
938 1860 961 1921 B
976 1861 1062 1923 simas
1082 1869 1115 1921 et
1133 1860 1264 1924 omnino
1287 1862 1477 1939 tenerrimas,
1498 1861 1724 1924 recentissimas

169 1976 225 2018 seu
255 1956 386 2018 discutit
419 1956 555 2037 qualiter
591 1975 641 2019 res
675 1957 776 2039 possit
809 1976 843 2020 se
878 1958 920 2020 ita
975 1978 1012 2021 ac
1028 1957 1238 2021 vivacissimae
1259 1959 1490 2041 complexionis
1511 1960 1544 2021 in
1564 1978 1721 2043 corpore:

169 2053 299 2129 babere,
326 2054 401 2116 dum
428 2054 512 2117 videt
536 2074 573 2117 ea
601 2054 648 2116 illi
677 2056 823 2119 accidere
850 2074 920 2136 quae
976 2056 1060 2117 unde
1077 2055 1245 2137 perpendit
1259 2056 1345 2136 quod
1359 2055 1575 2118 cruciamenta
1589 2055 1644 2118 illa
1660 2075 1726 2119 cor-

169 2151 319 2213 videntur
340 2151 369 2213 ei
387 2151 523 2213 maxime
545 2152 767 2215 disconvenire
785 2175 793 2213 ι
811 2171 920 2233 quern-
977 2154 1045 2235 pori
1060 2172 1119 2216 suo
1133 2153 1268 2232 aillicta,
1283 2161 1373 2217 erant
1392 2153 1421 2216 ei
1437 2153 1645 2218 ineffabiliter
1659 2174 1726 2237 pue-

167 2248 340 2311 admodum
360 2248 622 2313 innocentissimo
647 2258 742 2331 atque
766 2250 920 2313 altissimo
976 2270 1054 2313 nosa
1078 2252 1117 2313 ad
1142 2251 1376 2329 sustinendum,
1398 2253 1544 2335 quodque
1570 2253 1725 2334 separatio

167 2346 250 2409 Filio
272 2346 327 2408 Dei
354 2354 417 2409 tam
442 2346 649 2409 acerbissima
674 2356 705 2409 et
730 2347 921 2428 ignominio—
977 2348 1032 2411 illa
1051 2349 1192 2432 corporis
1211 2349 1260 2412 sui
1278 2350 1459 2431 dignissimi
1478 2351 1520 2413 ab
1540 2351 1648 2414 anima
1669 2370 1726 2413 sua

168 2445 296 2507 sissima
312 2444 418 2525 passio
434 2444 567 2507 minime
589 2446 790 2526 competebat
809 2454 840 2507 et
856 2465 921 2507 ma·
976 2448 1189 2525 sanctissima,
1225 2448 1286 2509 luit
1319 2447 1560 2511 violentissima.
1590 2448 1727 2512 Noverat

168 2542 253 2605 nme
288 2541 550 2604 disconveniebat
577 2562 635 2625 per
668 2552 846 2625 respectum
880 2543 920 2605 ad
976 2564 1102 2627 quoquc
1124 2546 1309 2609 dulcissima
1330 2566 1421 2608 mens
1443 2555 1585 2611 materna
1609 2546 1726 2610 iuaesti-

168 2640 239 2720 ejus
262 2640 461 2721 dignitatern,
484 2640 712 2719 innocentiam,
730 2641 861 2704 virtutes
883 2662 919 2705 ac
976 2644 1126 2706 mabilem
1146 2644 1363 2707 innocentiam
1379 2645 1449 2707 Filii
1469 2646 1530 2724 sui,
1546 2654 1579 2708 et
1596 2664 1724 2709 omnem

169 2739 295 2801 merita.
977 2742 1152 2818 caritatem,
1194 2742 1343 2823 pietatem
1383 2743 1725 2825 mansuetudinemque

976 2839 1089 2920 ipsius,
1110 2839 1182 2902 ldeo
1208 2840 1472 2903 inestimabiliter
1495 2841 1524 2903 ei
1551 2843 1722 2919 condoluit,

978 2938 1143 3018 potissime
1169 2938 1255 3018 quod
1283 2957 1302 2999 a
1330 2938 1560 3001 crudelissimis
1594 2958 1632 3002 ac
1667 2940 1725 3001 im-

346 3002 591 3066 ARTICULUS
621 3002 745 3067 XXIV·
941 3036 1133 3117 Cpiissimis
1153 3036 1218 3097 illis
1244 3036 1374 3098 ribaldis
1394 3046 1458 3099 tam
1479 3038 1726 3100 irreverentissi-

169 3152 922 3227 Devehementissimaaffectuosissimcexllarlce
978 3153 1029 3196 ¹¹¹0
1059 3154 1096 3196 ὅθ
1125 3134 1467 3197 lmffllsel'lsslll'dlsslsslss
1494 3137 1687 3199 lffisslflbflllll'
1716 3161 1723 3198 ἲ

238 3241 458 3314 compassione
473 3241 508 3299 in
528 3241 611 3300 Filii
627 3243 681 3300 sui
692 3243 851 3315 passione,
978 3252 1051 3294 nam
1081 3241 1112 3294 et
1141 3232 1211 3294 Filii
1243 3234 1291 3294 sui
1320 3234 1507 3314 dignitatem
1536 3234 1725 3298 immensam

979 3331 1154 3392 secundum
1180 3350 1270 3393 suam
1296 3331 1439 3393 divinam
1463 3341 1620 3412 naturam,
1645 3334 1727 3396 indi-

49 3451 86 3478 wv
102 3469 107 3480 ·
128 3452 155 3488 ιι,
234 3431 287 3490 ΤΑ
295 3431 351 3490 ΒΑ
359 3429 494 3505 Tjuma
509 3447 637 3488 crucem
650 3433 727 3490 lesu
743 3428 836 3491 llaria
858 3451 922 3490 ma-

248 3536 300 3586 ter
327 3528 409 3603 ejus.
439 3525 536 3598 Quam
566 3526 863 3608 pracordialissime
892 3535 923 3590 et

169 3623 372 3686 amarissime
396 3623 644 3702 amorosissima,
671 3624 861 3687 fidelissima
885 3646 921 3688 ac

170 3721 405 3804 benignissima
420 3729 519 3784 mater
539 3721 628 3803 virgo
643 3721 736 3785 llario
755 3723 922 3804 Unigenito

170 3839 228 3883 suo
258 3837 428 3901 compassa
456 3819 497 3882 sit
525 3819 557 3882 in
586 3819 734 3902 passione
759 3821 857 3899 illius,
885 3843 921 3885 cx

170 3918 281 3980 multis
303 3925 407 3999 potest
428 3918 591 4000 perpendi.
609 3919 711 3982 Primo
733 3927 764 3982 et
786 3921 922 3984 maxime

170 4036 208 4078 ex
225 4015 469 4096 incomparabili
484 4023 514 4078 et
529 4015 688 4078 ineflabili
704 4035 811 4080 amore
827 4037 920 4099 quem

169 4114 209 4176 ad
225 4111 472 4175 dilectissimum
488 4121 519 4174 et
541 4113 741 4194 unigenitum
760 4133 852 4177 suum
868 4116 922 4176 ba-

979 3429 1105 3490 cibileni
1121 3447 1248 3509 quoque
1263 3430 1439 3491 secundum
1454 3441 1649 3513 assumptam
1668 3433 1726 3493 bu-

980 3527 1175 3603 manitatem‚
1193 3527 1369 3590 certissime
1389 3528 1494 3590 scivit.

1019 3624 1125 3687 'lertio
1140 3625 1223 3687 idem
1239 3625 1447 3706 perpenditur
1460 3645 1498 3689 cx
1517 3627 1726 3708 dispositione

979 3723 1081 3804 ipsius
1095 3723 1199 3785 ldatris
1221 3723 1442 3803 compatientis
1460 3747 1467 3786 :
1484 3743 1553 3805 quaa
1569 3733 1632 3788 tota
1651 3727 1727 3809 piis·

980 3821 1070 3898 sima,
1087 3819 1268 3897 mitissima,
1290 3819 1588 3884 misericordissima
1609 3825 1727 3886 exstitit

979 3918 1073 3980 etiam
1102 3937 1141 3979 ex
1168 3917 1376 3998 dispositione
1409 3917 1561 3998 ingenita,
1592 3918 1726 4000 ideoque

979 4017 1017 4077 ad
1039 4015 1297 4097 compatiendum
1320 4016 1455 4094 intense,
1476 4036 1599 4080 summe
1620 4019 1727 4101 dispo

979 4112 1050 4175 sita.
1081 4111 1208 4189 Quarto,
1239 4114 1391 4193 quoniam
1421 4115 1514 4176 scivit
1541 4117 1627 4195 quod
1662 4135 1726 4180 non

170 4212 241 4274 buit
268 4210 386 4273 Filium
418 4233 424 4269 ε
456 4210 510 4291 qui
539 4219 657 4292 quanto
686 4213 1036 4293 praecordialiorllpro
1065 4230 1099 4272 se
1128 4211 1208 4291 ipso,
1240 4212 1295 4272 sed
1325 4230 1383 4293 pro
1411 4212 1526 4274 ceteris
1553 4213 1725 4294 universis,

169 4318 266 4390 atque
289 4308 446 4371 intensior
466 4307 595 4386 exstitit,
612 4309 704 4372 'tanto
726 4309 920 4372 acerbiorem
977 4308 1041 4370 imo
1063 4317 1094 4370 et
1119 4327 1176 4390 pro
1201 4308 1302 4371 salute
1326 4309 1428 4391 ipsius
1446 4309 1551 4372 Matris
1573 4313 1726 4375 adstantis

171 4409 204 4468 in
220 4408 316 4470 corde
334 4405 483 4487 piissimae
498 4406 602 4468 llatris
618 4409 765 4488 produxit
779 4427 922 4490 compes·
980 4406 1109 4488 pertulit
1129 4415 1256 4468 cuncta.
1277 4407 1393 4481 Quinto
1414 4409 1622 4490 perpenditur
1642 4410 1725 4473 istud

170 4505 308 4569 sionem¹
325 4505 477 4585 Denique,
495 4505 609 4587 triplex
628 4505 688 4567 luit
709 4525 798 4570 amor
819 4506 921 4568 llatris
978 4523 1016 4566 ex
1035 4503 1269 4586 multiplicitate
1292 4523 1458 4586 poenarum
1483 4506 1552 4569 Filii
1578 4509 1626 4570 sui
1647 4528 1726 4589 quas

170 4603 258 4666 illius
270 4603 311 4665 ad
326 4602 440 4664 Filium
464 4622 569 4683 suurn,
587 4603 734 4666 videlicet
756 4605 918 4682 naturalis,
978 4604 1172 4680 intuebatur,
1188 4611 1282 4684 atque
1297 4622 1335 4665 ex
1349 4604 1555 4668 diuturnitate
1576 4606 1727 4671 alilictio-

170 4699 688 4783 acquisitus,gratuitus:quorum
704 4703 921 4784 unusquisque
977 4701 1027 4763 nis
1049 4701 1161 4783 ipsius.

171 4798 410 4862 intensissimus
429 4797 490 4860 luit
512 4799 544 4859 in
564 4817 611 4876 ca,
630 4808 664 4861 ut
687 4808 771 4880 patet
792 4821 829 4862 ex
844 4820 921 4883 prae-
1018 4799 1061 4860 Ex
1098 4799 1214 4880 quibus
1249 4800 1399 4862 omnibus
1434 4801 1586 4882 piissimae
1620 4805 1725 4867 llatris

111 4896 324 4960 .1=.inductis.
350 4893 472 4958 ldcirco
497 4896 675 4978 compassio
700 4897 754 4958 illa
779 4906 922 4960 materna
977 4897 1157 4978 compassio
1172 4897 1323 4958 continue
1344 4897 1529 4979 augebatur.
1545 4900 1632 4975 Quod
1653 4922 1727 4983 pos-

170 5015 208 5058 ex
235 4993 360 5057 cunctis
386 4991 451 5054 illis
479 5011 630 5056 emanans
657 4995 828 5076 amoribus,
855 4997 922 5058 ine·
977 5003 1024 5056 set
1053 4995 1173 5077 prolixe
1201 4995 1340 5076 probari,
1368 5005 1464 5059 totam
1494 4999 1652 5079 passienis
1679 5000 1726 5062 bi-

170 5089 374 5154 narrabiliter
402 5090 463 5152 luit
493 5091 626 5173 poenalis
654 5101 686 5154 et
713 5093 861 5156 dolorosa
884 5114 919 5157 ac
977 5093 1106 5155 storiam
1143 5094 1380 5174 percurrendo;
1417 5097 1471 5158 sed
1512 5097 1724 5178 prolixitatem

169 5189 380 5272 penetrativa,
410 5189 567 5270 corporali
596 5190 747 5272 martyrio
779 5192 917 5272 gravior,
976 5191 1117 5268 vitando,
1139 5190 1278 5253 breviter
1299 5192 1385 5272 tangi
1408 5201 1521 5274 potest.

169 5307 206 5351 ac
236 5288 305 5370 ipsa
334 5293 436 5349 morte
465 5287 602 5350 amarior
632 5311 639 5350 ε
671 5288 746 5368 imo,
777 5288 858 5352 sicut
887 5289 918 5351 in
1017 5289 1119 5352 Primo
1144 5290 1250 5371 itaquo
1274 5290 1463 5372 gravissime
1487 5293 1589 5357 doluit
1616 5313 1725 5357 aman·
