4309 6250
459 472 519 537 tto
943 542 947 550 ,
1148 494 1320 542 rnooeururr

520 662 739 727 Cunxsrmuus.
755 663 959 738 —Quamvis
972 663 1039 745 jam
1054 683 1169 747 magna
1184 665 1276 728 valde
1296 664 1337 728 sit
1357 672 1444 727 secta
1462 664 1721 742 Sarracenorum,
1738 664 1877 727 noudum
1897 670 1987 726 taram

460 778 524 833 tam
540 771 667 852 copiose
682 769 804 833 diliusa
817 778 866 834 est
881 791 938 854 per
952 772 1062 835 orbem
1077 780 1233 835 terrarum
1253 772 1337 836 sicut
1354 772 1410 835 diu
1430 772 1603 855 multisque
1624 772 1718 836 annis
1739 772 1814 835 olim
1835 770 1895 833 luit
1913 773 1988 855 plebs

459 876 642 955 christiana,
658 897 740 959 quaa,
756 878 831 957 heu,
846 878 929 941 beu!
946 878 1147 961 exigentibus
1169 880 1235 942 suis
1254 879 1429 944 sceleribus
1450 880 1559 942 multis
1585 888 1617 943 et
1638 880 1773 963 magnis,
1790 880 1985 956 ablabometo,

458 984 514 1047 Dei
529 984 670 1067 flagello,
686 995 718 1049 et
733 984 922 1049 satellitibus
937 987 1007 1069 ejus
1029 1006 1065 1051 ac
1087 988 1235 1070 posteris,
1251 988 1393 1071 graviter
1412 996 1462 1052 est
1474 1007 1637 1071 oppressa,
1654 996 1776 1051 vastata
1793 996 1825 1051 et
1838 987 1986 1050 minorata.

458 1094 496 1156 Et
510 1094 594 1174 quod
609 1112 668 1175 ego
688 1094 729 1156 de
748 1092 922 1157 llahometo
945 1093 1073 1158 aliirmo
1095 1103 1126 1157 et
1146 1095 1267 1176 judico,
1285 1096 1475 1159 universitas
1496 1095 1607 1179 populi
1628 1094 1742 1158 asserit
1763 1094 1930 1157 christiani.
1945 1094 1985 1157 Sic

458 1210 491 1265 et
514 1201 591 1265 olim
613 1210 755 1285 tempore
777 1202 893 1265 veteris
915 1203 1119 1283 Testamenti,
1135 1203 1195 1268 lilii
1216 1203 1312 1267 lsrael
1333 1204 1437 1286 legem
1458 1217 1567 1269 veram
1586 1223 1604 1266 a
1623 1221 1700 1267 vero
1719 1202 1784 1266 lleo
1807 1202 1915 1281 sortiti,
1929 1220 1987 1285 pm

458 1316 529 1392 pter
553 1308 784 1372 immanissima
810 1309 930 1373 scelera
958 1330 1015 1374 sua
1039 1311 1080 1374 ab
1107 1310 1256 1393 Assyriis,
1281 1311 1458 1391 Philistaeis,
1485 1310 1638 1375 Chaldaeis
1666 1330 1704 1373 ac
1732 1310 1805 1373 aliis
1832 1310 1985 1373 incredulis

458 1415 607 1497 gentibus
628 1416 858 1481 crudelissimis
878 1417 1039 1480 multoties
1060 1418 1277 1482 vastabantur.
1300 1418 1408 1500 ltaque
1433 1437 1497 1481 non
1520 1417 1707 1481 irrelrenata
1732 1416 1863 1480 audacia
1885 1416 1987 1479 lronto-

459 1524 591 1587 sitateve
605 1523 718 1603 libem,
736 1526 790 1589 sed
809 1525 877 1589 zelo
898 1524 989 1605 lidei,
1006 1535 1124 1590 saneta
1142 1526 1285 1590 veritatis
1299 1546 1418 1606 amore,
1435 1526 1552 1591 mentis
1572 1526 1763 1607 constantia,
1778 1525 1818 1589 de
1831 1526 1985 1589 llahomcto
2102 1587 2103 1598 ,

459 1640 513 1697 tuo
537 1632 582 1695 sic
609 1633 721 1714 loquor
745 1642 777 1697 et
802 1634 915 1699 sentio.

519 1739 732 1804 Suanacauus.
758 1777 799 1788 -
821 1742 860 1805 llt
883 1762 940 1805 cur
964 1743 1020 1805 tibi
1050 1743 1097 1806 sic
1124 1744 1272 1826 displicet
1300 1744 1415 1827 legiler
1437 1752 1555 1822 noster,
1581 1752 1635 1806 aut
1658 1762 1732 1806 eum
1757 1742 1791 1804 in
1807 1749 1922 1805 tanum
1941 1740 1985 1803 ab

413 1852 415 1856 ’
458 1847 579 1926 borres,
596 1867 695 1929 quum
717 1848 787 1932 ipse
807 1850 847 1912 de
871 1850 1005 1929 Christo,
1021 1850 1203 1933 legislatore
1224 1861 1343 1930 vestro,
1358 1850 1544 1933 frequenter
1562 1858 1628 1914 tam
1652 1858 1835 1913 reverenter
1853 1848 1983 1929 loquitur,
2102 1923 2103 1926 Ἴ

458 1962 489 2016 et
518 1956 785 2036 quemadmodum
813 1957 1004 2021 Alcoranum
1033 1978 1126 2021 suurn
1153 1967 1288 2021 testatur
1314 1958 1375 2021 sibi
1403 1958 1559 2021 divinitus
1586 1959 1695 2021 datum
1723 1977 1761 2020 ac
1789 1956 1925 2034 missum,
1946 1955 1984 2017 sic
2102 1963 2103 1968 ’

457 2062 667 2145 Evangelium
689 2072 884 2128 contestetur
905 2066 1038 2147 Christo,
1053 2066 1157 2130 uaria
1178 2066 1260 2147 lilio,
1276 2067 1410 2131 missum
1432 2088 1451 2130 a
1472 2068 1558 2131 [leot

519 2170 734 2235 cassinuus.
750 2208 792 2219 —
805 2173 1021 2254 Discrcpantia
1036 2174 1119 2237 inter
1130 2174 1326 2237 Christianos
1341 2183 1373 2238 et
1387 2174 1576 2238 Sarracenos
1590 2193 1707 2256 magna
1720 2182 1771 2237 est
1784 2174 1983 2245 vehementem

459 2288 491 2343 ct
506 2280 587 2343 sicut
602 2280 763 2363 principes
785 2283 885 2346 nostri
907 2302 944 2346 ac
965 2284 1062 2346 vestri
1079 2303 1151 2346 cum
1173 2282 1366 2347 exercitibus
1388 2283 1453 2346 suis
1474 2291 1585 2347 contra
1605 2302 1639 2346 se
1661 2282 1802 2347 invicem
1824 2281 1986 2363 preliantur

459 2387 557 2451 armis
577 2396 608 2450 et
622 2389 747 2469 gladiis,
765 2390 811 2453 sic
833 2409 892 2471 ego
913 2399 945 2452 et
965 2398 1000 2453 tu
1021 2390 1243 2473 disputationis
1264 2391 1361 2472 hujus
1382 2390 1571 2454 conflictum
1591 2390 1835 2474 assumpsimus,
1850 2397 1984 2471 quatenus

459 2496 577 2557 veritas
597 2495 773 2561 innotescat
794 2506 825 2561 et
846 2498 968 2561 lalsitas
989 2499 1254 2580 deprehendatur.
1271 2498 1309 2562 Ut
1330 2518 1406 2581 ergo
1426 2498 1609 2563 lructuosus
1633 2498 1677 2561 sit
1700 2498 1791 2561 lebor
1814 2497 1905 2578 hujus
1923 2514 1986 2558 con·

459 2602 580 2683 lliclus,
597 2605 833 2686 pmcedendum
860 2614 908 2668 est
933 2607 1098 2685 ordinate3
1115 2615 1146 2669 et
1171 2626 1228 2689 per
1252 2607 1404 2670 articulos
1428 2615 1535 2669 vestra
1557 2606 1793 2688 distinguamus
1807 2604 1927 2683 motiva,
1940 2621 1985 2685 pc·

459 2711 576 2773 tienter
597 2731 723 2794 quoque
745 2720 840 2794 atque
863 2713 1015 2777 benevole
1036 2715 1202 2777 audiamus
1224 2733 1282 2778 nos
1304 2724 1426 2781 mutuo.

447 2890 451 2897 ¹
520 2818 734 2883 Sannacuuus.
750 2856 791 2867 -
811 2818 906 2884 Plane
928 2821 973 2885 sic
996 2822 1110 2903 placet.
1133 2822 1171 2884 Et
1192 2842 1277 2886 nunc
1299 2824 1333 2886 in
1358 2823 1471 2906 primis
1495 2841 1618 2905 expone
1641 2830 1788 2905 curtam
1812 2829 1940 2884 extreme
1959 2825 1984 2880 et

461 2926 596 2990 maxime
618 2927 831 3009 legislatorem
854 2938 998 2993 nostrum
1019 2929 1184 2993 detestaris
1205 2950 1243 2993 ac
1264 2931 1456 3013 aspernaris.
2102 2913 2103 2916 Ἴ
