4309 6250
452 482 512 551 470
611 502 759 554 amnuens
780 505 1010 554 assentationis
1030 504 1122 553 INTER
1142 504 1350 553 cuntsstttttttt
1371 506 1409 551 st·
1429 505 1644 553 stuatosum.
1666 524 1709 536 -·
1728 505 1799 551 ΛΒΤ.
1821 503 1842 550 Χ

452 674 670 739 deliramentis
696 674 742 739 tui
771 675 971 757 legislatoris,
998 675 1052 757 qui
1081 676 1114 737 in
1143 694 1200 739 sua
1214 674 1240 739 tt
1254 674 1351 738 minis
1385 695 1423 738 ex
1457 676 1563 739 anima
1593 684 1626 740 et
1658 693 1792 758 corpore
1820 674 1975 757 compositi,

452 773 599 837 Doctrina
615 774 738 838 locutus
753 773 1049 855 est:Quescumque
1064 782 1096 837 et
1108 781 1200 855 quot
1253 781 1420 856 utramque
1443 775 1700 855 delectationem,
1720 774 1867 838 videlicet
1887 792 1977 836 carna·

453 891 590 954 cumque
612 872 761 935 mulieres
776 872 899 951 volunt,
916 872 1034 935 habent
1053 872 1088 934 in
1110 892 1199 955 para-
1255 872 1318 935 lem
1340 892 1377 936 ac
1399 873 1610 956 spiritualem,
1627 873 1769 955 requirit.

451 970 532 1050 diso,
548 972 663 1052 quibus
684 979 717 1033 et
736 972 984 1035 commiscentur
1004 970 1150 1052 qualiter,
1167 978 1199 1033 et
1294 970 1510 1037 Cnnrsrmuus.
1530 1008 1571 1019 -
1592 972 1823 1036 Delectationes
1846 972 1976 1033 isteron

443 1069 589 1151 'quondm
620 1077 653 1132 et
678 1068 744 1147 ubi,
775 1077 807 1131 et
834 1078 987 1150 quantum
1016 1078 1048 1133 et
1075 1069 1198 1151 quoties
1255 1070 1493 1153 compatiuntur
1520 1091 1554 1134 se
1583 1071 1733 1149 invicem,
1764 1070 1928 1152 presertim
1950 1070 1976 1131 in

452 1166 574 1232 volunt.
1254 1169 1353 1250 gradu
1368 1188 1529 1252 supremo,
1541 1177 1634 1251 prout
1648 1189 1703 1233 eas
1717 1170 1870 1232 adscribis
1882 1169 1975 1231 beatis.

493 1267 705 1330 Sannncnnus.
721 1267 837 1330 —Cur
851 1266 956 1350 potius
971 1266 1135 1330 confiteris
1153 1266 1199 1329 vi-
1255 1266 1440 1348 Spirituales
1451 1287 1586 1350 namque
1600 1269 1770 1348 delicim,si
1786 1269 1850 1331 sint
1863 1267 1976 1330 multam

452 1383 522 1427 sum
543 1372 574 1426 et
592 1364 748 1445 auditum,
765 1366 929 1428 autetiam
950 1366 1128 1444 odoratum,
1145 1365 1200 1427 ba·
1254 1364 1397 1445 intense,
1415 1366 1547 1430 omnino
1563 1366 1690 1450 rapiunt
1705 1375 1843 1429 mentem
1858 1366 1888 1427 in
1901 1385 1938 1439 se,
1951 1374 1977 1427 et

452 1463 526 1526 bere
541 1472 613 1545 post
628 1463 892 1527 resurrectionem
908 1482 1000 1526 usum
1017 1471 1048 1526 et
1062 1464 1199 1526 delecta·
1254 1464 1398 1526 carnales
1412 1464 1543 1527 delicies
1557 1473 1709 1545 tanquam
1728 1464 1874 1527 bestiales
1891 1483 1923 1526 ac
1940 1464 1978 1525 vi-

451 1562 570 1625 tionem
592 1561 625 1624 in
647 1562 713 1625 suis
734 1561 881 1643 objectis,
897 1582 992 1643 quam
1013 1570 1142 1643 gustum
1167 1570 1199 1624 et
1254 1559 1299 1622 les
1315 1560 1438 1624 iaciunt
1453 1561 1589 1624 fastidiri
1604 1582 1641 1625 ac
1655 1562 1856 1644 despici.Sed
1869 1569 1897 1623 et
1908 1561 1979 1624 dele

451 1663 595 1722 tactuml
1253 1658 1409 1722 stationes
1423 1668 1535 1741 gustus
1550 1667 1581 1722 et
1594 1668 1710 1740 tactus,
1719 1660 1888 1743 presertim
1902 1678 1978 1721 vene

395 1782 399 1790 ·
490 1758 706 1822 Gunrsrmuus.
732 1794 773 1805 —-
796 1760 892 1822 Actus
917 1767 948 1821 et
972 1758 1198 1821 delectationes
1254 1775 1326 1837 reae,
1357 1766 1497 1820 mentem
1525 1757 1708 1835 absorbent,
1738 1767 1770 1821 et
1798 1778 1817 1821 a
1843 1757 1977 1839 spirituali

449 1856 538 1919 visus
567 1865 599 1919 et
630 1856 758 1920 auditus
788 1876 851 1919 non
880 1856 925 1919 ita
951 1857 1198 1943 disconveniunt
1215 1854 1465 1918 Roblectatione
1483 1864 1640 1918 avertunt.
1656 1856 1738 1919 Hinc
1759 1856 1890 1919 dicimus
1907 1854 1989 1937 qnod,
2103 1841 2104 1862 ¹

448 1954 604 2038 perfecto,
631 1955 821 2037 impassibili
846 1965 877 2019 et
901 1956 1072 2020 immortali
1102 1957 1197 2018 statui
1253 1952 1411 2015 desideria
1434 1961 1466 2015 et
1489 1953 1724 2017 oblectamenta
1753 1953 1897 2029 carnalia,
1917 1959 1979 2014 sunt

448 2054 627 2132 beatorum,
641 2054 909 2136 quemadmodum
926 2074 1002 2117 usus
1016 2063 1048 2118 et
1061 2054 1199 2117 delecta-
1254 2051 1357 2132 laquei
1382 2052 1561 2115 irretientes
1579 2060 1611 2115 et
1630 2052 1724 2115 tunes
1749 2052 1979 2133 constringentes

449 2153 552 2216 tiones
567 2160 668 2215 tactus
690 2161 722 2215 et
742 2162 865 2234 gustus.
882 2152 915 2215 Si
937 2161 1041 2215 autem
1065 2172 1199 2233 corpora
1254 2168 1310 2211 seu
1329 2148 1456 2212 vincula
1478 2150 1671 2232 captivantia
1691 2158 1815 2213 mentes
1835 2150 1978 2226 humanas,

448 2249 626 2333 glorificata
641 2259 735 2314 erunt
749 2251 855 2315 odoris
870 2250 1060 2329 dulcissimi,
1078 2260 1114 2313 ut
1131 2252 1200 2332 opi·
1253 2247 1392 2311 flammae
1405 2266 1533 2329 quoque
1548 2257 1715 2312 exurentes
1736 2268 1774 2311 ac
1795 2248 1921 2311 tenebre
1935 2266 1980 2309 ex-

449 2368 519 2427 nor,
536 2350 684 2412 odoratus
702 2368 828 2432 quoque
851 2358 956 2413 actum
980 2369 1071 2412 suum
1094 2350 1200 2411 etde·
1254 2353 1410 2407 recantes
1432 2346 1529 2409 corda
1549 2346 1698 2409 bumana.

450 2446 652 2511 lectationem
673 2447 804 2510 habebit
824 2447 984 2509 eximiam.
1294 2442 1507 2507 Sarmentius.
1523 2480 1564 2491 -
1577 2443 1688 2508 Nonne
1708 2454 1742 2507 tu
1761 2445 1841 2508 dicis
1857 2445 1934 2525 quod
1952 2444 1980 2504 in

489 2546 703 2609 sineremus.
720 2582 760 2592 —
774 2545 835 2609 Gur
855 2555 944 2609 actus
966 2554 998 2608 et
1017 2546 1201 2610 delectatio·
1254 2542 1382 2605 bomine
1396 2542 1604 2624 protoplasto,
1617 2542 1643 2605 si
1659 2562 1724 2607 nou
1738 2551 1905 2626 peccasset,
1914 2542 1981 2604 iuis·

449 2664 507 2708 nes
526 2652 637 2727 gustus
659 2652 690 2707 ct
711 2653 814 2707 tactus
835 2642 1083 2709 disconveniunt
1104 2646 1198 2708 statui
1254 2648 1302 2702 set
1315 2640 1487 2721 generatio,
1504 2642 1656 2704 comestio
1675 2650 1772 2723 atque
1791 2640 1903 2723 potatio
1921 2639 1981 2702 siue

451 2742 641 2805 Beatoruml
1254 2737 1491 2800 inordinatione
1511 2745 1543 2800 et
1564 2738 1681 2821 culpat

490 2838 706 2904 Cuursrrnnus.
722 2875 763 2886 -
776 2839 930 2916 Quoniam
952 2848 1042 2902 actus
1063 2848 1095 2903 et
1116 2840 1201 2903 dele·
1293 2834 1511 2899 Gunrsrmnus.
1525 2870 1566 2883 -
1580 2835 1668 2899 Haud
1682 2835 1817 2900 dubium
1828 2861 1835 2897 ι
1847 2835 1981 2918 quoniam

451 2936 605 3001 ctatioues
620 2937 682 3000 illae
696 2938 880 3001 deserviunt
899 2937 1097 3019 corruptibili
1114 2938 1197 3000 vite.
1254 2933 1374 3015 primus
1396 2934 1504 3013 bomo,
1520 2934 1644 2997 etiamsi
1660 2954 1724 2999 non
1739 2942 1908 3017 peccasset,
1922 2953 1984 3017 pro·

451 3036 497 3097 td
512 3036 573 3099 hoc
588 3034 674 3097 enim
690 3036 867 3117 accipimus
889 3036 1009 3114 cibum,
1026 3044 1061 3098 nt
1084 3031 1237 3098 viteturC
1254 3031 1409 3095 lilicasset
1429 3052 1486 3114 per
1504 3052 1595 3095 usum
1615 3035 1721 3097 uxoris
1742 3034 1982 3115 decisionemque

451 3135 612 3216 corruptio
638 3154 708 3216 quae
737 3155 774 3198 ex
804 3135 1048 3216 consumptione
1077 3135 1199 3199 bumidi
1255 3130 1386 3193 seminis
1404 3155 1412 3192 τ
1429 3131 1501 3194 ideo
1522 3131 1594 3195 cibo
1615 3132 1758 3214 eguisset
1775 3141 1808 3196 et
1826 3141 1981 3214 potu3nec

452 3231 600 3296 radicalis
621 3241 729 3315 posset
753 3233 910 3312 accidere,
928 3234 978 3296 val
1002 3241 1036 3294 ut
1059 3233 1099 3295 ad
1126 3253 1200 3296 con·
1255 3238 1384 3311 propter
1397 3229 1651 3309 delectationem,
1665 3232 1720 3294 sed
1735 3240 1862 3312 propter
1875 3230 1981 3313 prolem

452 3349 563 3412 gruam
578 3331 782 3412 perveniatur
795 3331 1024 3411 magnitudinis
1043 3330 1201 3410 quantita·
1255 3327 1457 3408 cognovisset
1470 3347 1611 3392 uxorem.
1627 3329 1694 3392 lmo
1709 3337 1742 3392 et
1755 3349 1838 3392 nunc
1853 3329 1910 3392 viri
1929 3329 1982 3390 vir-

452 3438 527 3492 tem.
545 3428 639 3492 Porro
654 3429 837 3491 commixtio
854 3428 947 3490 maris
968 3437 999 3490 et
1018 3428 1145 3490 lemiuae
1160 3429 1199 3490 ad
1255 3426 1336 3488 tuosi
1363 3434 1497 3506 possunt
1525 3427 1594 3488 sine
1623 3435 1753 3509 peccato
1778 3428 1824 3490 uti
1847 3445 1938 3490 uxore
1956 3433 1982 3488 et

453 3527 572 3609 speciei
597 3526 870 3589 conservationem
896 3527 1071 3602 ordinatur,
1091 3534 1200 3607 quate
1255 3524 1418 3602 alimento,
1447 3526 1523 3586 dum
1557 3525 1717 3590 desiderio
1752 3527 1848 3608 prolis
1875 3527 1912 3589 ad
1937 3522 1982 3586 liei

453 3644 513 3686 nus
528 3642 597 3687 esse
613 3623 743 3706 speciei,
759 3624 844 3704 quod
860 3623 892 3684 in
908 3622 1074 3685 individuo
1089 3641 1201 3704 perpe·
1254 3621 1442 3703 obsequium
1458 3623 1631 3685 educandae
1644 3631 1699 3686 aut
1712 3633 1840 3706 propter
1848 3631 1983 3686 sustenta·

452 3722 534 3785 tueri
549 3740 613 3785 nou
629 3722 722 3801 valet,
740 3721 772 3784 in
789 3721 947 3784 similibus
969 3721 1075 3803 specie
1095 3721 1201 3802 vigeat
1255 3721 1373 3782 tionem
1388 3728 1508 3783 nature
1527 3730 1676 3785 exercent
1695 3722 1875 3802 hujusmodi
1894 3729 1982 3784 acuas.

453 3829 485 3884 et
506 3827 722 3884 conservetur.
1295 3818 1457 3895 Praeterea,
1484 3819 1680 3900 experientia
1703 3820 1798 3883 docet
1820 3819 1984 3902 frequenter

494 3919 707 3982 smannens.
723 3918 841 3980 -Hoc
857 3917 963 3980 locum
979 3917 1073 3980 babet
1088 3918 1121 3979 iu
1136 3917 1200 3980 vita
1256 3916 1289 3978 in
1319 3915 1396 3978 viris
1424 3916 1561 3980 heroicis
1588 3926 1704 3981 nostrae
1732 3919 1825 4001 legis,
1848 3918 1929 4000 quod
1952 3935 1984 3979 ex

454 4017 613 4101 praesenti,
631 4035 694 4079 non
717 4016 750 4078 in
772 4015 890 4078 lutura.
1256 4014 1410 4076 altissima
1435 4016 1713 4097 contemplatione,
1738 4018 1920 4081 suavissima
1940 4015 1986 4077 de

494 4115 709 4178 Cunrsrmnus.
726 4149 766 4160 -—
780 4115 827 4176 rid
848 4115 925 4195 quid
946 4132 1022 4195 ergo
1043 4113 1075 4176 in
1098 4113 1201 4177 Beatis
1255 4113 1435 4195 gustatione
1461 4133 1498 4176 ac
1528 4113 1765 4178 ferventissima
1794 4114 1986 4179 delectatione

453 4215 515 4278 erit
535 4212 687 4277 comestio
709 4219 803 4293 atque
824 4211 1030 4274 commixtiol
1216 4205 1367 4292 Dprimae
1394 4220 1427 4274 et
1448 4211 1597 4275 increatae
1621 4213 1767 4276 veritatis
1791 4223 1881 4295 atque
1903 4212 1986 4275 incir-
2103 4266 2104 4277 ,

494 4313 707 4375 Sarracenos.
733 4345 774 4356 -
801 4310 930 4392 Propter
957 4310 1201 4375 delectationem
1256 4309 1518 4392 cumscriptibilis
1537 4311 1686 4374 bonitatis
1702 4312 1749 4375 sic
1764 4313 1943 4376 roborantur
1960 4317 1987 4372 et
2103 4346 2104 4403 ,

453 4412 624 4473 dumtaxat.
1255 4407 1466 4472 absorbentur
1493 4410 1526 4470 iu
1554 4410 1628 4487 lieo,
1655 4412 1740 4492 quod
1768 4428 1915 4492 corporeo
1939 4407 1986 4470 ali-
2103 4448 2104 4455 κ

494 4509 758 4572 Cunrsrmrtus.-
772 4506 882 4570 Nonne
897 4507 962 4569 vita
978 4507 1032 4570 illa
1046 4508 1108 4570 erit
1121 4509 1202 4571 ordi·
1256 4515 1363 4569 mento
1377 4525 1434 4588 per
1448 4507 1565 4570 multos
1587 4508 1655 4571 dies
1677 4527 1742 4571 nou
1765 4508 1914 4592 indigent,
1929 4525 1988 4570 aar·
2103 4570 2104 4591 ,

454 4608 559 4671 notior
583 4614 614 4668 et
637 4605 800 4669 honestior
826 4605 889 4668 vita
915 4607 1084 4686 praesentit
1098 4607 1200 4681 Ouum
1256 4604 1341 4666 nalia
1365 4622 1490 4685 quoque
1515 4605 1666 4669 alimenta
1694 4607 1874 4670 cordialiter
1899 4604 1988 4668 totali·
2103 4612 2104 4653 1

454 4724 530 4787 ergo
552 4705 586 4766 in
600 4704 666 4767 vita
687 4704 745 4766 bac
767 4703 917 4767 vitiosum
941 4703 982 4766 sit
1003 4713 1132 4785 propter
1152 4724 1202 4767 so
1255 4711 1366 4782 terque
1390 4711 1559 4793 spemnut,
1581 4721 1645 4766 non
1670 4704 1775 4768 solum
1801 4714 1863 4768 tam
1885 4703 1937 4767 diu
1958 4709 1988 4763 ut
2103 4706 2104 4709 ’

455 4805 518 4868 lam
543 4801 784 4866 delectationem
805 4802 883 4865 cibis
904 4810 936 4864 et
953 4801 1082 4885 potibus
1106 4810 1201 4883 atque
1256 4800 1422 4863 actualiter
1439 4800 1555 4863 durant
1570 4802 1810 4883 contemplatio,
1824 4801 1988 4884 degustatio
2103 4880 2105 4885 Ι

454 4901 599 4965 venereis
617 4901 674 4979 uti,
691 4899 791 4962 multo
813 4900 957 4963 vitiosius
979 4909 1062 4962 esset
1082 4900 1115 4961 in
1137 4901 1201 4963 vita
1254 4908 1349 4980 atque
1369 4898 1499 4962 dilectio
1519 4899 1593 4979 illae,
1610 4900 1666 4962 sed
1685 4908 1718 4962 et
1735 4911 1844 4982 postea
1861 4917 1987 4982 quoque,
2103 4916 2105 4935 ³

452 5003 559 5066 futura
579 4999 671 5061 beata
690 4998 731 5060 ob
750 4998 850 5060 solam
870 4998 1114 5060 delectationem
1134 5016 1201 5061 car·
1254 5017 1292 5060 ex
1307 4998 1516 5060 redundantia
1531 4998 1667 5079 quadam
1683 4999 1844 5063 actionum
1864 5008 1895 5062 et
1914 4997 1989 5060 dele

452 5099 558 5160 nalem
581 5095 740 5161 alimentis
761 5113 799 5156 ac
820 5095 966 5157 venereis
987 5096 1046 5157 uti.
1254 5095 1428 5158 stationum
1444 5114 1553 5159 earum
1568 5096 1602 5158 iu
1617 5115 1734 5179 corpus
1747 5121 1755 5160 :
1768 5107 1885 5179 quanto
1899 5095 1988 5176 magis

491 5197 705 5260 Serranorum.
721 5192 950 5274 -llisparest
965 5193 1053 5272 ratio,
1071 5194 1201 5258 sicutet
1254 5194 1289 5256 iu
1316 5213 1391 5256 vera
1418 5193 1583 5274 felicitate,
1612 5213 1684 5276 que
1711 5203 1761 5258 est
1788 5193 1986 5267 incessabilis,
2103 5250 2105 5267 ,

451 5301 550 5357 status
568 5290 733 5356 dissimilis
754 5298 811 5354 est.
827 5290 992 5354 Beatitudo
1016 5301 1122 5355 autem
1143 5292 1200 5356 bo-
1255 5291 1441 5372 clarissima,
1455 5291 1595 5371 lruitiva,
1608 5292 1851 5358 deliciosissima
1863 5314 1900 5358 ac
1913 5312 1989 5376 pror
2103 5310 2105 5379 ζ
