4309 6250
417 504 457 551 oa
477 503 697 551 cucurreram
717 502 865 550 assumus
885 502 913 548 a.
936 503 965 547 v.
988 502 1105 567 ιιιιι,
1127 502 1215 549 nura
1235 503 1275 549 ιν.
1297 521 1339 533 -
1359 504 1429 549 aar.
1452 502 1487 549 ru
1667 482 1723 547 tot

175 676 246 755 isto,
270 684 304 739 et
324 674 432 739 anima
451 675 522 757 ejus
544 673 743 737 sanctissima
764 691 822 756 per
842 691 926 736 mor-
939 675 966 737 ll
980 673 1063 735 data.
1080 673 1160 747 Quid
1182 672 1281 755 igitur
1300 672 1431 751 mirum,
1446 672 1472 735 si
1489 672 1643 735 Dominus
1657 669 1729 734 uni-

176 783 240 838 tam
254 773 318 838 tuit
337 794 356 838 a
375 772 590 837 sacratissimo
609 790 667 835 suo
686 788 819 853 corpore
835 790 925 853 sepa·
980 790 1157 851 versorum,
1183 772 1237 853 qui
1265 770 1385 835 enatis
1409 770 1561 852 apostolis
1583 770 1675 834 Petro
1697 777 1730 833 et

177 881 255 951 rata,
264 873 309 936 ita
324 873 408 954 quod
423 890 487 935 non
503 870 565 934 tuit
579 870 612 933 in
631 869 748 934 coelum
762 877 924 950 assumpta
979 870 1105 949 loanni,
1122 869 1296 951 multisque
1320 869 1405 948 aliis,
1422 868 1487 931 imo
1506 876 1539 931 et
1559 868 1727 950 Cypriane,

177 972 273 1035 simul
289 990 364 1035 cum
383 988 515 1053 corpore
534 978 566 1034 et
583 969 690 1032 anima
708 968 826 1050 absque
846 986 925 1051 pre-
979 967 1129 1046 Antonio,
1145 966 1288 1047 Martino,
1304 967 1486 1045 Benedicta,
1502 986 1540 1029 ac
1555 965 1731 1029 consimili·

177 1070 230 1133 via
255 1077 368 1133 morte.
395 1069 632 1145 Verumtamen,
657 1074 692 1129 ut
719 1066 753 1129 in
777 1084 924 1130 sermone
980 1066 1039 1129 bus
1054 1065 1221 1147 utriusque
1244 1085 1337 1128 sexus
1358 1065 1495 1143 Sanctis,
1511 1064 1595 1127 diem
1617 1063 1730 1127 mortis

174 1170 215 1231 de
236 1168 461 1251 Assumptione
475 1165 577 1229 ldarie
598 1164 791 1229 dulcissime
813 1164 925 1228 scribit
980 1183 1091 1227 eorum
1113 1164 1268 1246 predixit,
1289 1184 1355 1227 sue
1378 1164 1473 1226 etiam
1495 1162 1731 1245 praedilectissi-

174 1268 396 1349 Hieronymus,
412 1264 541 1348 quidam
560 1262 706 1327 fidelium
722 1262 925 1345 ambigebant
980 1281 1050 1340 me,
1080 1262 1276 1345 dignissime
1308 1269 1403 1343 atque
1437 1261 1731 1344 incomparabiliter

174 1384 216 1428 an
244 1364 341 1427 simul
370 1382 444 1425 cum
472 1380 605 1444 corpore
633 1370 664 1425 et
692 1360 800 1423 anima
828 1359 926 1423 luerit
980 1368 1098 1423 sancte
1129 1360 1216 1423 llatri
1246 1360 1471 1442 prenuntiavit
1504 1360 1590 1422 diem
1624 1360 1731 1423 obitus

175 1463 296 1544 absque
311 1470 412 1526 morte
425 1467 600 1541 assumpta,
610 1480 650 1523 an
666 1459 777 1523 relicto
792 1476 924 1541 corpore
979 1458 1042 1537 sui,
1063 1458 1097 1522 in
1121 1458 1247 1540 signum
1269 1458 1438 1541 precipue
1458 1446 1640 1521 dilectionis
1665 1477 1730 1521 sue

175 1560 283 1624 anima
309 1559 381 1641 ejus
409 1557 592 1640 migraverit
619 1556 723 1640 primo
751 1556 791 1619 ad
821 1556 926 1619 llomi·
980 1558 1019 1620 ad
1039 1556 1154 1639 ipsam,
1174 1575 1211 1619 ac
1230 1556 1343 1619 merito
1363 1556 1542 1619 sanctitatis
1561 1555 1730 1636 eiusdemi

175 1677 265 1721 num.
276 1657 429 1732 Quocirca
443 1655 541 1719 refert
554 1655 763 1737 Hieronymus
778 1654 926 1735 quemad·
1019 1655 1183 1732 Preterea,
1206 1655 1360 1718 loannem
1384 1653 1563 1735 apostolum
1587 1653 1731 1717 Christus

175 1756 307 1818 modum
327 1754 509 1837 sepulcrum
525 1752 700 1834 purissime
721 1750 862 1833 Virginis
876 1768 926 1813 os·
981 1753 1085 1816 eidem
1100 1770 1174 1815 cum
1193 1752 1266 1815 aliis
1285 1771 1443 1834 apparens
1461 1751 1633 1835 Apostolis,
1649 1751 1732 1814 invi·

175 1852 324 1916 tendatur
343 1852 376 1913 in
396 1850 488 1913 vallis
506 1850 656 1933 losaphat
680 1848 798 1927 medic,
819 1848 873 1911 ubi
893 1848 926 1910 in
941 1848 965 1911 B
981 1851 1060 1915 tavit
1073 1852 1113 1913 ad
1129 1870 1272 1913 mensam
1286 1850 1377 1914 acad
1392 1851 1503 1934 epulas
1518 1850 1657 1931 paradisi
1673 1868 1733 1913 ce

176 1952 248 2033 ejus
271 1949 392 2013 honore
421 1948 635 2031 pulcherrima
659 1946 720 2011 tuit
745 1953 926 2010 constructa
981 1948 1071 2013 lestis
1088 1972 1095 2012 ι
1114 1948 1205 2030 Veni,
1222 1948 1384 2031 inquiens,
1399 1948 1444 2010 mi
1458 1948 1586 2025 dilecte,
1602 1956 1638 2012 ut
1657 1966 1731 2011 cum

176 2048 324 2125 ecclesia,
343 2048 378 2109 in
400 2048 492 2128 cujus
513 2047 619 2109 medio
641 2044 711 2127 ojus
731 2044 928 2126 conspicitur
981 2045 1134 2110 iratribus
1148 2046 1211 2108 tuis
1226 2046 1377 2128 epuleris.
1394 2045 1605 2110 Conlormiter
1626 2064 1732 2108 sacras

176 2154 432 2211 monumentum.
448 2146 565 2227 Estque
585 2144 677 2207 vallis
696 2143 751 2207 illa
772 2144 856 2207 inter
876 2161 927 2204 ur·
981 2144 1233 2226 victoriosasque
1253 2143 1396 2225 virgines
1419 2145 1451 2205 in
1476 2143 1638 2225 martyriis
1657 2162 1732 2207 con-

174 2246 251 2309 bem
270 2243 445 2308 Jemsalem
470 2252 674 2324 montemque
697 2241 773 2305 Sion
798 2240 867 2304 sita.
889 2241 927 2303 Et
982 2243 1120 2320 stitutas,
1136 2240 1349 2318 Catbarinam,
1365 2241 1547 2319 Barbaram,
1563 2241 1730 2322 Agamem,

176 2345 265 2406 circa
278 2342 427 2405 eumdem
442 2342 548 2405 locum
569 2340 709 2403 creditur
723 2348 794 2421 post
812 2338 926 2401 Christi
982 2343 1021 2406 ad
1036 2340 1183 2405 coelestes
1204 2340 1332 2421 nuptias
1347 2340 1496 2403 invitavit
1512 2364 1520 2402 ε
1537 2340 1602 2403 imo
1623 2338 1732 2401 multis

175 2440 411 2520 ascensionem,
428 2438 602 2502 secundum
617 2438 856 2519 lliemnymum,
873 2437 927 2498 lra-
981 2438 1149 2518 utriusque
1170 2455 1263 2500 serus
1288 2436 1480 2518 martyribus
1499 2436 1532 2498 in
1552 2436 1733 2499 carceribus

176 2540 307 2617 bitasse,
323 2538 474 2620 quoniam
497 2538 586 2601 locus
610 2536 664 2599 ille
689 2534 736 2598 sic
761 2535 841 2597 situs
866 2543 924 2613 est,
982 2546 1014 2601 ct
1028 2534 1195 2601 tormentis
1208 2534 1366 2617 apparuit,
1383 2544 1418 2598 ut
1438 2536 1552 2616 Marco,
1570 2534 1732 2617 Dionysio,

178 2647 216 2701 ut
234 2638 274 2701 ab
293 2656 331 2700 eo
354 2635 491 2699 faciliter
511 2641 635 2717 poterat
653 2653 742 2696 sacra
761 2632 927 2696 dominice
982 2636 1158 2716 Theodom‚
1182 2643 1214 2697 et
1234 2634 1321 2715 ipsos
1343 2632 1526 2697 conlortans
1548 2634 1588 2696 ad
1609 2641 1734 2696 eterne

178 2736 348 2820 passionis,
364 2734 534 2817 sepulture
553 2740 646 2814 atque
665 2730 863 2794 ascensionis
883 2730 928 2794 lo-
982 2733 1147 2797 lelicitatis
1172 2731 1319 2795 invitavit
1341 2732 1485 2795 delicias.
1512 2731 1607 2795 llulto
1632 2732 1734 2813 magis

178 2854 217 2899 ca
232 2834 331 2897 adire.
348 2832 463 2913 Sisque
477 2850 535 2913 pro
549 2838 637 2894 certo
652 2828 843 2911 relinquitur
856 2848 927 2891 eam
982 2840 1031 2895 est
1045 2830 1344 2911 credendum,quod
1356 2828 1649 2911 incomparabiliter
1659 2848 1734 2912 pre

178 2940 338 2995 mortuam
362 2948 400 2992 ac
425 2929 580 3011 sepultam
607 2927 718 3006 luisse,
746 2928 830 2990 sicut
853 2945 927 2989 vere
983 2926 1419 3007 dilectam,virtuosissimam
1434 2946 1471 2989 ac
1486 2926 1734 2989 sacratissimam

176 3029 242 3092 luit
262 3028 415 3093 mortalis.
943 3028 965 3093 G
983 3046 1073 3089 suam
1088 3026 1218 3088 llatrem
1236 3024 1275 3087 ad
1296 3042 1441 3108 superne
1459 3024 1666 3087 beatitudinis
1686 3023 1735 3086 in-

218 3127 419 3206 Porro,circa
434 3134 568 3190 mortem
583 3122 848 3188 benedictissima
862 3122 928 3184 Vir·
981 3127 1096 3189 vitavit
1109 3122 1610 3203 dulcedinem,affectuosissimis
1625 3123 1733 3205 utique

175 3226 262 3309 ginis
289 3224 548 3308 quinquepartita
579 3223 679 3304 gratia
713 3231 761 3285 est
795 3221 824 3284 ei
853 3240 929 3284 con·
982 3244 1019 3288 ac
1048 3222 1248 3286 suavissimis
1276 3221 1394 3301 verbis,
1424 3241 1494 3303 que
1529 3221 1563 3283 in
1594 3221 1733 3284 Canticis

176 3343 270 3389 cessa
300 3347 306 3385 :
337 3322 449 3404 prima,
478 3323 563 3403 quod
598 3321 683 3384 diem
718 3319 830 3383 mortis
864 3337 927 3381 sue
983 3331 1054 3386 sunt
1070 3340 1232 3404 expressa,
1248 3320 1337 3382 stibi
1353 3320 1620 3401 erantprasdicta,

178 3443 218 3486 ex
240 3421 348 3485 divina
370 3419 562 3484 revelatione
584 3418 755 3500 cognovit3
776 3417 927 3494 secunda,
1022 3423 1166 3503 Insuper,
1182 3420 1266 3500 quod
1286 3417 1523 3499 sapientissima
1541 3425 1572 3480 et
1593 3425 1735 3480 contem·

179 3519 266 3602 quod
289 3537 360 3582 mox
382 3509 546 3595 moritura,
563 3515 623 3578 luit
645 3515 756 3578 aFilio
777 3533 833 3577 suo
855 3513 929 3576 ado-
983 3518 1194 3602 plativissima
1217 3516 1307 3597 virgo
1330 3515 1426 3578 blaria
1447 3515 1564 3578 obierit
1588 3515 1658 3578 sino
1679 3515 1735 3579 do-

180 3619 281 3682 rando
310 3618 349 3681 ad
377 3616 511 3698 gloriam
540 3615 691 3693 invitam
717 3613 818 3692 teriia,
844 3613 927 3694 quod
983 3619 1062 3696 lore,
1078 3617 1154 3679 binc
1179 3615 1317 3692 videtur,
1337 3613 1411 3695 quia
1435 3613 1469 3675 in
1492 3613 1563 3676 Filii
1590 3613 1638 3674 sui
1663 3634 1734 3695 pas·

179 3717 263 3780 obiit
287 3716 355 3778 sine
379 3713 509 3792 dolore;
529 3721 652 3794 quarta,
673 3712 758 3793 quod
783 3709 928 3793 protinus
983 3717 1072 3780 sione
1101 3734 1166 3797 pre
1197 3712 1428 3795 compassionis
1455 3711 1627 3775 acerbitate
1660 3713 1733 3794 plus

179 3813 341 3892 evolavit3
374 3812 496 3893 quinta,
531 3811 615 3894 quod
648 3810 743 3892 paulo
775 3817 847 3891 post
881 3827 928 3870 re-
983 3815 1154 3895 luitquam
1169 3819 1300 3892 martyr,
1316 3818 1347 3873 et
1362 3809 1426 3872 nisi
1447 3809 1564 3872 luisset
1576 3809 1732 3873 divinitus

179 3911 319 3976 surrexit
340 3920 435 3993 atque
459 3929 531 3974 cum
556 3927 688 3990 corpore
711 3915 743 3972 et
765 3907 871 3970 aalma
894 3905 928 3968 in
983 3918 1170 3976 conservata
1184 3919 1278 3991 atque
1293 3928 1311 3970 a
1329 3915 1430 3972 morta
1450 3917 1651 3990 praeservata,
1668 3907 1732 3990 spi·

180 4011 299 4076 eoelum
329 4009 544 4073 conscendit:
567 4015 661 4090 prout
692 4005 777 4068 inira
810 4005 928 4068 clarius
983 4011 1079 4073 ritum
1103 4009 1291 4072 exhalasset.
1308 4006 1397 4069 Tunc
1421 4024 1548 4088 quoque
1572 4006 1879 4088 perscrutantem

181 4109 378 4174 ostendetur.
795 4107 805 4136 ⁶
983 4117 1031 4172 est
1058 4107 1177 4191 gladio,
1206 4106 1431 4186 aureolamque
1459 4104 1601 4187 martyrii
1629 4104 1733 4168 femur

943 4202 968 4265 Ι)
983 4203 1337 4290 promeruisse.ldcirco
1352 4202 1523 4266 condecuit
1533 4209 1569 4264 ut
1583 4202 1615 4264 in
1630 4209 1731 4265 morte

389 4359 632 4426 ARTICULUS
658 4361 707 4424 m
983 4311 1101 4367 esseta
1120 4303 1229 4365 dolore
1245 4300 1409 4363 immunis.
1426 4300 1589 4377 Preterea,
1605 4301 1645 4362 ad
1666 4319 1733 4362 am·

712 4408 718 4423 ·
984 4401 1096 4482 plexus
1120 4400 1229 4482 sponsi
1249 4399 1389 4462 coelestis
1409 4405 1442 4460 et
1459 4399 1499 4460 ad
1519 4396 1668 4460 lacialem
1686 4398 1733 4460 di-

261 4512 310 4571 De
327 4515 472 4587 pacatuor
486 4507 609 4583 primis
623 4509 747 4584 pretiis
765 4508 846 4568 istis.
985 4499 1058 4562 lecti
1087 4498 1138 4560 sui
1168 4498 1331 4577 intuitum,
1356 4516 1429 4560 cum
1458 4496 1673 4560 inestimabili
1702 4504 1734 4560 et

986 4596 1229 4679 incomparabili
1257 4595 1431 4676 adspiravit
1458 4596 1580 4658 ardore.
1605 4595 1735 4658 Divino-

25 4735 170 4784 cmar.
253 4697 340 4760 li-'NI
364 4696 403 4754 in
430 4695 562 4754 tortum
586 4714 704 4764 meum,
727 4715 820 4755 soror
848 4715 930 4764 mea,
986 4716 1056 4760 rum
1084 4713 1210 4777 quoque
1237 4713 1275 4757 ac
1304 4712 1513 4775 supernorum
1540 4693 1735 4776 contempla·

266 4813 393 4871 sponsa.
410 4791 480 4855 ileo
495 4801 544 4855 est
557 4791 653 4854 unica
667 4799 698 4854 et
713 4791 932 4854 amantissima
986 4794 1065 4858 tioni
1087 4801 1153 4856 erat
1178 4791 1430 4875 profundissime
1452 4812 1489 4855 ac
1509 4792 1735 4874 limpidissime

185 4891 252 4972 Dei,
268 4910 339 4974 que
360 4909 379 4952 a
400 4889 488 4951 nullo
510 4887 682 4952 illustrium
703 4897 881 4971 superatur,
899 4888 931 4950 in
987 4901 1063 4955 tunc
1083 4892 1215 4954 intenta.
1237 4891 1320 4973 Ergo
1344 4909 1408 4972 pre
1432 4889 1607 4972 spiritualis
1631 4891 1737 4953 suavi-

185 5010 247 5073 qua
269 4989 413 5053 collecte
437 4993 469 5050 et
490 4987 783 5068 superabundantes
805 4986 935 5049 luerunt
987 4989 1061 5050 tatis
1075 4987 1324 5050 &liuentissime
1345 4985 1539 5068 experientia
1554 5006 1590 5049 ac
1611 4985 1737 5048 ferven-

184 5090 293 5173 gratiae
313 5085 483 5162 Creatoris,
507 5085 550 5148 ita
571 5086 655 5167 quod
678 5086 761 5149 dona
782 5104 935 5166 superno-
988 5085 1112 5148 tissima
1130 5084 1301 5147 dilectione
1324 5084 1443 5162 [anima
1466 5083 1548 5164 ejus]
1572 5085 1738 5164 separaba-

185 5207 254 5251 rum
279 5184 509 5251 charismatum
533 5182 605 5245 aliis
630 5203 687 5266 per
711 5191 815 5265 partes
840 5190 934 5262 atque
989 5192 1041 5246 tur
1055 5183 1125 5245 sine
1141 5201 1236 5265 poena
1250 5202 1269 5244 a
1283 5200 1415 5262 corpore
1429 5205 1435 5242 :
1449 5181 1623 5263 presertim
1638 5201 1736 5263 quum

186 5285 315 5350 divisim
341 5281 469 5360 collata,
495 5281 525 5343 ei
553 5280 648 5344 simul
677 5301 713 5346 ac
743 5281 836 5364 plene
862 5288 936 5344 sunt
991 5281 1083 5344 multi
1107 5289 1259 5363 martyres
1286 5279 1452 5360 utriusque
1478 5298 1570 5342 sexus
1594 5279 1628 5341 in
1655 5286 1738 5342 atro·
