4309 6250
165 510 287 560 eournn
308 515 392 562 virts
414 514 672 562 serensmrroumr
693 513 800 568 oeneus
821 510 910 558 ornes
931 513 1049 559 cetron
1071 515 1142 562 vent
1165 517 1215 562 ont
1236 517 1389 566 mnarun.
1413 537 1453 550 -
1474 519 1544 566 ner.
1568 519 1599 566 1v
1659 501 1719 566 217

166 683 212 746 sis
241 685 352 768 aliqua
380 693 454 748 sunt
480 685 654 766 penmnda.
682 683 820 746 anum
856 689 915 762 est,
932 682 1125 765 singulare
1153 695 1207 750 aut
1233 686 1326 751 aliter
1352 687 1537 772 figuratum,
1563 690 1608 754 ita
1635 691 1721 774 quod

165 783 243 865 quid
272 785 315 847 sit
341 784 427 864 qnod
456 782 617 866 profertur
643 791 698 845 ent
726 780 878 845 scribitur
907 805 915 842 ι
972 781 1092 862 aliquid
1112 783 1238 848 fiducie
1262 787 1296 849 in
1319 785 1511 870 figuratione
1536 788 1721 872 hujusmodi

165 882 244 962 quia
258 881 285 944 si
300 891 385 945 esset
402 882 522 964 aliquid
540 883 581 944 ad
603 881 837 944 invocationem
856 879 919 942 dae
972 879 1137 958 habeatur,
1154 884 1407 964 superstitiosum
1423 885 1635 970 illicitumque
1650 906 1723 950 con·

165 999 302 1044 monum
323 981 498 1063 pertinens,
513 989 599 1044 esset
619 979 787 1042 manifeste
809 997 918 1060 super-
974 976 1067 1041 sistit.
1085 977 1157 1042 Haeo
1179 980 1328 1046 Thomas.

167 1079 330 1143 stitiosum
352 1089 384 1142 et
407 1099 537 1160 prorsus
560 1078 718 1142 illicitum.
736 1078 917 1140 Secundum
1013 1077 1095 1140 Ecce
1113 1097 1151 1140 ex
1170 1079 1221 1141 his
1239 1079 1311 1142 elici
1333 1089 1437 1162 potest
1456 1083 1551 1164 plena
1570 1103 1607 1146 ec
1627 1082 1723 1166 plena

166 1186 228 1257 est,
255 1198 297 1241 an
325 1179 487 1241 contineat
514 1177 623 1259 eliqua
649 1177 746 1240 verba
773 1176 880 1258 ignota
907 1199 915 1237 ε
973 1175 1139 1258 responsio
1152 1178 1191 1240 ad
1206 1179 1414 1259 questionem
1437 1190 1629 1262 praetactam,
1646 1201 1724 1264 quo-

167 1277 246 1357 quia
268 1285 345 1339 tunc
369 1283 454 1339 esset
478 1275 637 1353 illicitum,
664 1294 704 1338 ne
728 1274 787 1336 suh
811 1273 918 1337 verbis
973 1273 1060 1335 niem
1075 1274 1186 1338 eedem
1202 1276 1281 1338 ratio
1295 1286 1343 1340 est
1356 1279 1396 1341 de
1411 1279 1517 1343 verbis
1534 1279 1675 1360 prolatis,
1692 1289 1723 1343 et

167 1373 539 1456 hujusmodiquidqnam
555 1372 702 1436 illicitum
718 1372 918 1435 lateatlJnde
973 1371 1102 1455 scriptis
1124 1391 1161 1436 ac
1185 1374 1269 1437 collo
1291 1377 1452 1458 appensis.
1473 1377 1595 1442 Idcirco
1616 1379 1724 1442 dicen-

166 1473 412 1554 Chrysostomns
438 1471 580 1553 loquitur
605 1491 703 1554 snper
728 1471 917 1547 Matthaenm,
973 1469 1062 1548 dum,
1077 1473 1161 1552 quod
1184 1473 1265 1535 siin
1288 1473 1576 1554 benedictionibus,
1597 1477 1723 1558 adjura-

55 1586 138 1630 rem.
166 1573 256 1652 quod
284 1571 431 1653 exemplo
455 1570 683 1632 Pharisaeorum
709 1567 919 1650 magnifican-
974 1569 1114 1632 tionibus
1136 1587 1191 1633 seu
1206 1570 1459 1636 invocationibus
1479 1593 1538 1656 pro
1553 1575 1722 1638 vulnerum

31 1655 113 1696 ‘¹¹¹⁸'
166 1670 248 1731 tium
285 1667 428 1731 fimbrias
456 1687 541 1746 suas,
571 1667 663 1730 multi
691 1686 777 1729 nunc
813 1666 918 1748 eliqua
973 1667 1137 1731 curatione
1161 1677 1216 1732 aut
1240 1669 1482 1734 infirmitatibus
1510 1673 1720 1754 expellendis,

165 1769 301 1830 nomina
324 1767 479 1829 Hebraico
499 1766 686 1848 angelorum
715 1764 917 1846 confingunt,
973 1765 1039 1827 sint
1056 1766 1159 1829 solum
1182 1769 1278 1830 verba
1299 1769 1420 1847 divine,
1438 1770 1507 1834 sine
1529 1771 1722 1836 admixtione

165 1866 316 1928 scribunt
339 1873 371 1928 et
394 1865 535 1946 alligant,
555 1884 626 1946 quae
649 1884 712 1928 uon
738 1861 956 1944 intelligen-ll
975 1863 1140 1927 nominum
1170 1865 1348 1946 ignotorum
1377 1876 1409 1930 et
1436 1868 1555 1950 absque
1583 1869 1722 1933 falsitate

164 1964 254 2027 tibus
276 1963 446 2026 metuenda
468 1963 627 2025 videntur.
648 1963 753 2026 Tertio
774 1971 823 2024 est
843 1981 919 2044 pen·
974 1963 1157 2040 commixta,
1184 1982 1243 2026 nee
1265 1964 1345 2027 liant
1369 1964 1412 2028 ibi
1435 1967 1633 2031 characteres
1659 1969 1723 2030 nisi
1823 1995 1827 1999 ·

164 2063 374 2140 sendum,an
398 2081 469 2124 cum
492 2061 600 2124 verbis
624 2051 723 2124 sacris
742 2061 917 2123 admixtum
973 2059 1123 2142 figuratio
1151 2062 1266 2143 crucis,
1298 2083 1356 2126 nee
1388 2064 1420 2126 in
1449 2063 1557 2146 aliquo
1590 2066 1723 2130 abusivo

164 2161 208 2222 sit
230 2159 356 2242 aliquid
384 2159 534 2222 falsitatis
561 2183 569 2222 :
594 2160 669 2242 quia
692 2158 829 2222 effectus
853 2177 916 2220 non
974 2157 1157 2239 proferendi
1186 2159 1281 2222 modo
1306 2180 1378 2243 spes
1407 2161 1571 2242 habeatur,
1599 2165 1654 2226 sed
1683 2165 1722 2227 ad

164 2267 278 2341 posset
306 2266 382 2320 tunc
414 2257 589 2339 exspectari
617 2277 636 2320 a
664 2257 738 2331 Deo,
769 2256 823 2338 qui
857 2275 917 2320 nec
973 2255 1073 2318 solam
1089 2255 1143 2318 Dei
1159 2258 1367 2321 reverentiam
1379 2259 1532 2322 habeatur
1547 2271 1721 2343 respectus,

164 2358 258 2420 testis
274 2377 334 2419 nee
350 2355 561 2420 confirmator
573 2363 623 2418 est
637 2355 918 2429 falsitatis.0uarto
973 2363 1067 2435 atque
1088 2355 1127 2417 ab
1146 2355 1215 2437 ipso
1236 2357 1398 2420 dumtaxat
1418 2367 1618 2440 exspectetur
1637 2369 1724 2442 opta·

164 2455 354 2532 videndum,
371 2474 412 2518 an
427 2473 501 2516 eum
517 2454 623 2516 verbis
638 2453 758 2516 divinis
772 2462 803 2516 et
818 2455 918 2516 sacris
973 2460 1024 2516 tus
1052 2451 1209 2530 eflectus;
1243 2461 1317 2518 tunc
1351 2454 1600 2534 benedictiones,
1635 2457 1724 2522 inve

162 2555 274 2636 alique
301 2553 528 2616 contineantur
555 2571 649 2630 vane,
674 2553 820 2615 videlicet
845 2553 918 2614 cha·
973 2551 1127 2630 cationes,
1154 2551 1397 2634 incantationes,
1422 2554 1638 2636 adjurationes
1667 2577 1724 2620 seu

163 2661 377 2716 ractoresseu
392 2650 644 2732 figurae(praeter
658 2651 785 2732 signum
800 2651 918 2729 crucis)
973 2649 1190 2712 invocationes
1215 2650 1277 2712 illae
1301 2671 1366 2714 non
1389 2661 1462 2714 sunt
1488 2651 1605 2716 illicitae
1632 2653 1663 2716 in
1690 2675 1723 2719 se

163 2751 341 2833 inscriptae.
363 2749 544 2812 Cavendum
566 2757 615 2810 est
634 2768 761 2830 queque
782 2769 822 2810 ne
844 2769 918 2830 spes
972 2747 1051 2830 ipsis
1066 2767 1125 2810 nec
1141 2749 1440 2830 superstitiosse,sed
1456 2749 1722 2834 licitae,quantum

162 2851 325 2914 habeatur
342 2849 376 2910 in
402 2850 495 2910 modo
518 2847 677 2910 scribendi
696 2847 764 2910 sive
784 2847 916 2928 ligandi,
973 2855 1021 2908 est
1042 2866 1080 2908 ex
1103 2854 1191 2928 parte
1214 2847 1365 2928 ipsarum.

163 2958 219 3013 aut
234 2949 271 3010 in
292 2965 493 3029 quecumque
513 2945 697 3027 hujusmodi
719 2945 857 3008 vanitate
877 2946 917 3007 ad

164 3047 220 3110 bei
251 3047 406 3108 honorem
434 3064 498 3107 non
526 3044 717 3124 pertinente,
746 3043 822 3124 quia
856 3045 956 3110 hocG

165 3145 426 3228 superstitiosum
459 3143 655 3207 consisteret.
686 3144 766 3205 ilinc
800 3143 833 3205 in
861 3144 920 3206 De
1183 3099 1426 3167 ARTICULUS
1457 3101 1514 3166 IV·

33 3274 110 3317 nm
125 3290 148 3329 Ρ,
164 3254 269 3321 creto,
292 3262 389 3306 causa
413 3242 463 3321 26,
488 3241 622 3303 habetur
648 3264 655 3303 ε
680 3240 744 3304 Nee
768 3240 799 3302 in
824 3241 920 3304 colle·
975 3249 1118 3327 objectio
1131 3258 1246 3309 contra
1265 3253 1439 3325 predicta,
1451 3260 1482 3310 et
1502 3254 1574 3329 ejus
1595 3255 1722 3314 solutio.

32 3350 104 3380 “²⁰⁵-
114 3342 147 3386 ²⁶=
163 3338 330 3403 ctionibus
345 3337 514 3399 herbarum
528 3354 599 3416 qum
613 3336 817 3399 medicinales
832 3345 917 3413 sunt,

31 3406 120 3455 phe&

162 3441 293 3521 aliquas
325 3436 563 3499 observationes
598 3442 652 3496 ant
688 3435 919 3498 incantationes
1037 3435 1269 3499 ltAElh'DUCTlS
1289 3436 1415 3500 videtur
1438 3458 1615 3521 repugnare
1640 3442 1724 3521 quod

161 3535 333 3597 attendere
362 3534 468 3611 liceat,
499 3532 561 3594 nisi
597 3542 720 3595 tantum
756 3542 810 3595 aut
844 3553 917 3596 eum
1051 3554 1148 3618 super
1168 3536 1347 3598 hetthaeum
1365 3546 1493 3600 sanctus
1515 3538 1559 3599 ait
1578 3538 1727 3621 Chryses-

161 3633 319 3713 Symbolo
338 3632 414 3694 frdei
433 3639 488 3695 aut
507 3631 654 3695 Oratione
672 3632 834 3695 dominica
854 3632 919 3695 col·
974 3642 1078 3696 temus
1105 3658 1112 3695 ε
1140 3634 1273 3709 Quidam
1306 3635 1446 3716 aliquam
1477 3640 1599 3718 partem
1624 3638 1726 3700 Evan-

162 3732 482 3812 ligantur,quatenus
496 3738 619 3793 tantum
634 3730 762 3793 Creator
775 3730 917 3793 omnium
973 3731 1049 3812 gelii
1086 3732 1237 3814 scriptam
1266 3732 1351 3795 circa
1379 3734 1497 3796 collum
1535 3736 1724 3816 deportant,

161 3830 352 3892 bonoratur.
381 3828 490 3910 ltaque
517 3828 594 3891 licet
628 3829 725 3891 verba
760 3846 850 3890 sacra
878 3828 917 3889 ad
974 3830 1030 3892 sed
1065 3847 1171 3893 nonne
1200 3830 1343 3911 quotidie
1374 3832 1407 3893 in
1437 3831 1575 3895 ecclesie
1610 3834 1726 3915 legitur

162 3928 288 3991 cellum
313 3928 508 4009 suspendere
532 3947 568 3991 ec
593 3936 730 4010 portare,
751 3926 777 3988 si
798 3926 845 3989 eis
864 3928 918 3989 ed-
973 3926 1181 4009 Evangelium
1205 3937 1237 3991 et
1258 3929 1405 3991 audituri
1426 3929 1481 3992 Cui
1511 3949 1586 4012 ergo
1610 3932 1641 3993 in
1671 3951 1726 3994 au·

163 4027 264 4089 mixta
288 4045 354 4089 non
377 4026 442 4088 sint
470 4026 578 4107 aliqua
602 4025 699 4089 verba
728 4025 836 4105 ignota
863 4034 918 4088 aut
974 4026 1061 4088 ribus
1089 4028 1192 4109 posite
1219 4026 1391 4109 Evangelia
1419 4048 1476 4090 seu
1505 4029 1601 4093 verba
1636 4048 1725 4093 soem

163 4126 260 4202 falsa,
290 4125 359 4188 sive
390 4126 430 4187 ad
465 4126 645 4188 daemonum
682 4123 915 4187 invocationem
973 4143 1036 4186 non
1053 4133 1196 4205 prosunt,
1213 4127 1372 4206 quomodo
1393 4146 1466 4189 eum
1486 4136 1621 4209 possunt
1639 4127 1725 4191 eirca

162 4222 356 4305 spectantia,
373 4242 477 4304 neque
498 4223 709 4296 characteres,
727 4221 789 4283 nisi
813 4222 1092 4303 signa-Dcollum
1121 4244 1274 4305 suspense
1305 4225 1427 4287 salvare
1461 4234 1516 4288 aut
1549 4226 1724 4307 adjuvaret

161 4324 276 4385 culum
292 4321 420 4397 crucis;
436 4340 495 4383 nec
511 4340 583 4402 spes
605 4321 759 4383 habeatur
774 4321 807 4382 in
823 4322 916 4383 modo
973 4322 1104 4402 Deinde,
1122 4322 1172 4385 nbi
1188 4332 1237 4385 est
1251 4323 1350 4385 virtus
1364 4323 1547 4405 Evangeliit
1560 4324 1593 4387 in
1610 4325 1724 4407 figuris

161 4421 328 4485 scribendi
344 4420 758 4500 ligandiveahusivoatque
773 4419 914 4495 insolite,
974 4420 1161 4494 litterarum,
1183 4440 1223 4483 an
1248 4422 1280 4483 in
1305 4420 1469 4485 intellectu
1493 4428 1667 4486 sensuuml
1691 4425 1721 4487 Si

160 4530 216 4583 eut
237 4521 274 4582 in
294 4518 392 4581 simili
412 4517 551 4581 vanitate
569 4520 608 4581 ad
627 4518 683 4581 Dei
706 4520 914 4581 reverentiam
973 4520 1006 4582 in
1028 4519 1151 4601 figuris,
1174 4520 1255 4583 bene
1281 4521 1367 4583 circa
1392 4522 1509 4584 collum
1535 4531 1721 4604 portentur,

160 4640 228 4684 non
255 4618 445 4701 pertinente.
472 4654 513 4664 -
534 4618 676 4699 Denique
699 4618 811 4680 eadem
836 4619 916 4681 ratio
973 4618 999 4681 si
1020 4620 1053 4681 in
1080 4618 1253 4695 intellectu,
1269 4639 1345 4701 ergo
1368 4620 1482 4682 melius
1503 4621 1533 4683 in
1555 4622 1649 4684 corde
1670 4642 1724 4703 po-

159 4730 210 4783 est
234 4720 279 4781 de
301 4719 479 4799 portatione
503 4717 708 4799 reliquiarum
733 4718 772 4779 ad
796 4717 914 4779 collum
973 4718 1191 4799 sitaprosunt,
1209 4736 1303 4797 quarn
1320 4719 1405 4780 circa
1421 4718 1540 4781 collum
1556 4740 1720 4802 suspensa.

159 4827 216 4881 aut
237 4816 333 4880 aliter
353 4834 411 4897 pro
432 4816 481 4878 sui
504 4816 658 4879 custodia.
683 4815 715 4877 Si
737 4815 823 4877 enim
844 4834 915 4895 por-
1013 4815 1057 4877 Ex
1082 4814 1131 4877 his
1155 4824 1286 4897 apparet
1312 4817 1396 4897 quod
1422 4818 1592 4879 verborum
1619 4839 1723 4881 sacro-

131 4904 274 4981 'tentur
297 4934 335 4978 ex
359 4912 479 4977 fiducia
499 4914 554 4977 Dei
578 4921 610 4976 et
630 4914 818 4977 Sanctorum
838 4933 915 4995 quo
972 4934 1042 4977 rum
1070 4915 1156 4977 circe
1186 4914 1303 4978 collum
1333 4916 1443 4997 ligatio
1467 4924 1561 4998 atque
1587 4919 1722 4999 portatio

159 5036 233 5078 rum
254 5021 379 5077 exstant
400 5011 553 5094 reliquiae,
571 5012 666 5089 licet;
684 5012 709 5074 si
733 5032 808 5075 vero
829 5012 915 5075 circa
972 5012 1093 5074 illicitae
1109 5012 1302 5094 inutilesque
1325 5012 1511 5077 consistant.
1529 5015 1590 5077 Sed
1606 5017 1644 5078 ad
1660 5016 1721 5079 boc
1835 5060 1840 5069 ·

158 5117 221 5178 hoc
252 5112 436 5175 attendatur
463 5110 582 5191 aliquid
611 5130 730 5173 vanum
758 5111 797 5172 ad
826 5130 915 5173 reve·
971 5111 1108 5173 Thomas
1123 5110 1312 5174 succinctim
1329 5114 1510 5193 respondet,
1527 5113 1610 5194 quod
1627 5114 1721 5195 Chry-

158 5212 298 5275 rentiam
326 5208 382 5271 Ilei
407 5216 439 5271 et
461 5208 648 5271 Sanctorum
672 5226 736 5271 non
761 5208 911 5286 attinens,
971 5218 1128 5273 sostomus
1145 5210 1333 5291 loquiturin
1349 5212 1722 5291 casu,quand0habetur

156 5319 237 5394 puta
263 5306 349 5390 qvod
374 5325 428 5369 ves
452 5305 485 5366 in
508 5325 572 5388 quo
598 5314 773 5389 portantur,
796 5306 837 5369 sit
861 5308 915 5369 tri·
972 5318 1136 5391 respectus
1151 5310 1257 5392 potius
1279 5311 1318 5372 ad
1340 5308 1459 5391 ligures
1475 5310 1609 5391 scriptas
1624 5330 1719 5393 quam
