4309 6250
460 485 522 553 w)
789 508 909 556 coum
929 509 1098 556 rubriore!
1117 507 1290 566 littorum,
1312 508 1402 554 uouit
1422 508 1455 555 11.
1477 497 1519 538 '...
1539 507 1609 554 ultr.
1632 509 1686 556 x1v

461 677 602 742 haereant
628 699 686 764 per
709 700 850 746 amorem
873 690 905 745 et
928 679 1207 761 cohabitationem,
1223 681 1248 744 Α
1263 689 1318 745 aut
1332 679 1585 745 meretricabilis.
1597 679 1767 745 Vinculum
1783 685 1884 744 auem
1899 676 2002 743 matri·

461 784 511 840 est
524 777 697 842 voluntatis
710 780 853 860 divina.)
867 779 906 842 Et
923 779 1001 861 quid
1021 798 1104 842 unus
1125 797 1209 861 que-
1263 779 1401 842 moniale
1423 798 1488 844 non
1510 778 1646 842 solvitur
1665 778 1730 842 nisi
1752 778 1786 841 in
1809 787 1916 842 morte.

462 875 503 938 rit
516 876 561 957 (id
575 878 717 960 est,quid
731 879 813 942 Deus
827 878 964 942 intendit
978 898 1035 961 per
1048 879 1109 942 hoc
1123 877 1208 960 quod
1302 876 1726 961 Amplius,concupisoentia
1737 876 1872 940 carnalis
1881 883 1928 938 est
1943 884 2000 938 tam

462 973 532 1036 vult
554 993 667 1038 uxores
685 995 705 1038 a
724 976 846 1038 maritis
866 975 978 1054 teneri,
994 994 1058 1039 non
1084 975 1207 1057 abjici),
1264 977 1344 1040 bene
1359 976 1548 1040 refrenanda
1564 977 1598 1040 in
1613 975 1690 1039 viris
1710 976 1796 1038 sicut
1816 975 1848 1037 in
1870 974 2001 1053 leminis,

463 1071 526 1134 nisi
544 1092 653 1136 semen
676 1073 742 1152 Dei,
760 1074 793 1137 id
813 1082 863 1138 est
883 1074 971 1137 lilios
990 1073 1046 1157 qui
1068 1073 1108 1136 ad
1130 1073 1210 1136 divi·
1263 1094 1360 1157 quum
1384 1075 1444 1138 viri
1465 1074 1582 1138 debent
1600 1094 1671 1138 esse
1691 1073 1823 1136 leminis
1846 1073 2003 1137 virtuosio-

462 1189 541 1233 num
569 1171 690 1235 cultum
714 1173 820 1237 debite
848 1174 1025 1237 educentur
1048 1192 1085 1236 ac
1111 1172 1211 1236 inlor-
1263 1191 1314 1236 res
1338 1180 1370 1236 et
1394 1172 1650 1256 exemplariores.
1668 1172 1728 1236 Sed
1747 1192 1786 1235 ex
1805 1171 1864 1234 iste
1880 1171 2002 1234 licentia

463 1271 612 1332 menturl
627 1271 667 1333 ad
681 1271 765 1352 quod
780 1271 953 1352 requiritur
966 1271 1209 1353 conjugatorum
1264 1278 1328 1333 tom
1348 1270 1448 1334 libere
1470 1289 1506 1334 ee
1527 1270 1712 1352 frequenter
1729 1269 1915 1353 repudiandi
1935 1287 2003 1333 uxo-

463 1366 654 1432 ochabitatio
683 1387 900 1450 perseverans.
927 1369 989 1433 lsta
1014 1377 1090 1432 sunt
1113 1368 1211 1431 verba
1264 1388 1342 1447 rem,
1359 1369 1451 1432 datur
1465 1369 1512 1432 eis
1527 1369 1663 1432 maxima
1677 1367 1876 1433 irrefrenatio
1893 1386 2004 1431 coucu-

462 1465 659 1548 propbetalis
677 1475 772 1549 atque
795 1468 912 1530 divina
932 1468 1101 1549 Scripturas
1117 1489 1125 1529 ε
1141 1467 1212 1550 qui·
1264 1467 1503 1548 piscantiarum,
1520 1467 1699 1531 lomentum
1721 1467 1899 1530 libidinum.

462 1561 523 1626 bus
560 1565 704 1629 doctrina
740 1565 853 1630 llabon
887 1565 1053 1630 evidenter
1087 1573 1212 1629 contra·
1304 1564 1674 1644 Adhuc,matrimcnium
1689 1564 1787 1628 etiam
1802 1563 2004 1648 pmpterami·

463 1661 573 1724 riatur.
825 1683 829 1687 ’
1244 1666 1249 1676 “
1265 1663 1371 1726 citiam
1386 1664 1469 1727 inter
1482 1663 1627 1727 homiues
1648 1665 1827 1746 augendam
1842 1672 1871 1726 et
1884 1682 2004 1727 conser-

503 1759 667 1840 Prreterea,
697 1762 936 1826 matrimonium
969 1781 1008 1824 ex
1037 1762 1146 1825 diviua
1173 1781 1211 1824 ac
1266 1763 1402 1824 vendam
1424 1769 1472 1824 est
1493 1761 1686 1824 institutum.
1703 1761 1887 1846 Repudiatio
1905 1770 2003 1825 autem
2117 1805 2118 1832 ,

463 1858 600 1920 naturali
623 1857 823 1924 institutione
841 1878 906 1923 non
925 1861 1028 1923 solum
1048 1859 1211 1923 ordinatur
1227 1860 1251 1922 B
1265 1859 1372 1923 uxoris
1386 1878 1450 1924 non
1472 1859 1575 1923 solum
1595 1878 1738 1940 uxorem,
1754 1860 1809 1922 sed
1828 1859 1922 1923 etiam
1941 1877 2005 1942 pm
2117 1847 2118 1880 ἶ

462 1956 503 2018 ad
532 1957 812 2037 modificationem,
842 1958 1018 2022 sedetiam
1043 1958 1083 2020 ad
1112 1959 1210 2042 prolis
1265 1959 1401 2042 pinques
1435 1967 1530 2041 atque
1563 1959 1697 2040 amicos,
1726 1959 1791 2022 imo
1825 1967 1857 2022 et
1890 1958 2004 2042 prolem

463 2057 707 2120 convenientem
721 2058 955 2136 educationem,
965 2058 1208 2141 correptionem,
1265 2075 1361 2138 quam
1375 2055 1481 2134 habet,
1499 2057 1610 2120 incitat
1625 2064 1736 2121 eontra
1751 2057 1898 2120 maritum
1921 2077 2005 2140 repu-

463 2152 707 2219 instructionem
722 2176 759 2219 ac
776 2157 1003 2239 provisionem,
1020 2175 1084 2220 non
1107 2157 1229 2220 solum¹
1264 2156 1417 2218 dientem.

463 2252 502 2315 ad
518 2261 639 2316 certum
655 2262 792 2337 tempus,
810 2257 865 2318 sed
881 2262 1052 2338 pertotum
1073 2254 1210 2337 spatium
1305 2256 1344 2316 At
1359 2271 1445 2332 vero,
1462 2254 1511 2317 vir
1526 2263 1558 2318 et
1572 2273 1651 2318 uxor
1664 2255 1783 2318 debent
1798 2254 1857 2316 sibi
1876 2253 2005 2317 invicem

463 2349 535 2413 vitat
550 2350 635 2414 illius
652 2375 659 2413 :
676 2353 715 2415 ad
737 2355 820 2434 qucd
843 2354 1057 2436 peragendum
1080 2371 1210 2416 necesse
1265 2372 1336 2415 esse
1355 2351 1447 2417 valde
1472 2351 1596 2416 lideles.
1613 2351 1674 2415 Sed
1695 2351 1827 2416 licentia
1845 2353 1905 2416 ista
1924 2371 2007 2434 repu-

463 2457 512 2512 est
525 2450 712 2532 conjugatos
727 2451 822 2514 simul
839 2470 1052 2535 perseverare.
1069 2452 1156 2515 Unde
1171 2452 1210 2514 de
1265 2451 1372 2514 diandi
1387 2469 1529 2531 uxorem,
1546 2450 1707 2514 faciteam
1728 2470 1787 2514 suc
1808 2451 1920 2516 marito
1941 2449 2007 2513 inir-

463 2547 534 2630 lege
554 2556 674 2612 nature
695 2551 847 2632 estquod
868 2558 1015 2632 parentes
1039 2549 1119 2612 liliis
1145 2550 1211 2613 the-
1266 2548 1382 2627 delem,
1399 2557 1579 2632 suspectam
1594 2556 1627 2612 et
1641 2568 1785 2613 seorsum
1799 2549 1906 2630 aliqua
1927 2567 2008 2630 repo-

463 2646 632 2727 saurizent,
648 2655 680 2710 et
700 2648 762 2710 lilii
786 2658 951 2731 parentum
977 2649 1110 2712 heredes
1135 2649 1208 2711 sint.
1267 2656 1407 2710 nentem.
1424 2647 1525 2724 Quum
1548 2647 1632 2711 enim
1652 2647 1775 2711 incerta
1798 2648 1840 2710 sit
1864 2648 2006 2729 quamdiu

463 2744 596 2823 ldciroo,
612 2746 764 2826 quoniam
779 2747 885 2830 proles
900 2765 1069 2810 commune
1091 2748 1209 2810 bonum
1267 2764 1340 2808 oum
1356 2745 1424 2808 viro
1438 2746 1658 2829 erit‚providet
1673 2746 1784 2826 sibi‚et
1798 2745 1922 2829 privata
1935 2763 2008 2810 oom-

463 2850 513 2904 est
543 2842 648 2904 mariti
683 2851 716 2906 et
750 2843 910 2926 conjugis,
940 2852 1065 2926 oportet
1100 2863 1209 2908 eorum
1267 2843 1360 2907 moda
1379 2843 1491 2926 quaerit
1510 2863 1548 2907 ac
1572 2844 1672 2925 luera,
1692 2864 1793 2927 quum
1815 2853 1922 2908 umen
1941 2863 2007 2908 eon·
2119 2835 2120 2892 l

464 2940 648 3004 societatem
670 2940 839 3005 indivisam
864 2962 1018 3006 manere:
1035 2943 1143 3023 sicque
1164 2942 1211 3005 in·
1264 2942 1421 3024 jugalium
1443 2941 1527 3005 bona
1547 2943 1685 3006 debcant
1705 2962 1776 3006 esse
1796 2943 1983 3007 communia.

463 3039 667 3106 divisibilius
692 3041 835 3122 conjugii
857 3049 906 3103 est
924 3042 964 3103 de
985 3041 1056 3122 lege
1077 3041 1250 3104 naturaei}
1305 3039 1460 3122 Amplius,
1477 3058 1573 3121 quam
1598 3040 1707 3121 inique
1732 3061 1770 3104 ac
1794 3041 2008 3105 miserabiliter

463 3175 504 3187 -
518 3139 579 3202 Sed
594 3148 705 3202 contra
720 3140 780 3203 hoc
794 3139 893 3221 objici
909 3148 1028 3222 posset,
1040 3140 1115 3220 quia
1129 3139 1213 3201 inse·
1266 3157 1323 3219 per
1342 3138 1402 3201 ista
1421 3138 1559 3203 divortia
1582 3148 1693 3203 contra
1717 3140 1870 3204 mulieres
1894 3150 2005 3224 agatur,

464 3237 649 3321 parabilitas
663 3239 724 3300 ista
738 3238 898 3301 interdum
918 3247 967 3301 est
985 3246 1096 3302 contra
1116 3238 1213 3319 proli·
1267 3235 1361 3300 iacile
1376 3245 1424 3301 est
1438 3238 1696 3319 pensare.Potest
1706 3238 1793 3301 enim
1809 3238 1930 3303 lomina
1942 3239 2007 3302 odio

464 3336 649 3400 ficationem
668 3360 675 3399 :
693 3336 779 3419 quia,
803 3344 838 3400 ut
863 3336 1044 3420 philosophi
1070 3337 1210 3414 tradunt,
1267 3336 1377 3399 heberi
1393 3336 1515 3416 absque
1529 3336 1658 3419 propria
1679 3337 1842 3419 culpa;et
1864 3336 1918 3419 ita,
1935 3344 2009 3419 post-
2120 3330 2121 3379 t

464 3435 581 3516 aliquis
603 3435 655 3499 vir
673 3454 739 3499 non
761 3444 865 3518 potest
885 3455 924 3499 ex
945 3436 1054 3517 aliqua
1077 3435 1211 3497 muliere
1268 3452 1364 3515 quam
1392 3454 1411 3497 a
1440 3434 1543 3517 primo
1565 3435 1663 3498 luerit
1689 3436 1759 3499 viro
1788 3437 1953 3515 deflorata,
1976 3454 2007 3497 ac

465 3534 588 3617 prolem
608 3535 767 3617 accipere,
783 3535 837 3616 qui
858 3542 964 3596 umen
987 3533 1108 3596 exalia
1129 3533 1213 3595 acei-
1268 3533 1363 3596 etiam
1388 3532 1563 3614 gravidata,
1579 3532 1757 3597 dimittetur
1778 3534 1846 3616 jam
1864 3534 2009 3599 vilificata

465 3651 542 3716 pere
555 3641 664 3716 posset
676 3657 685 3711 3
701 3632 851 3696 similiter
864 3632 971 3714 aliqua
992 3631 1109 3695 mulier
1122 3651 1140 3694 a
1155 3650 1212 3693 suo
1268 3640 1301 3693 et
1314 3631 1426 3693 ceteris
1440 3630 1521 3695 viris
1536 3631 1790 3715 conmmptibilis
1804 3631 1900 3713 laem,
1913 3640 1944 3697 et
1956 3632 2008 3694 boe

465 3730 577 3813 nequit
590 3730 792 3813 impregnari
811 3730 935 3807 marito,
952 3749 1023 3811 quea
1044 3737 1150 3793 umen
1172 3730 1213 3792 ab
1268 3730 1386 3811 absque
1402 3728 1530 3811 propria
1546 3728 1640 3811 culpa
1654 3752 1660 3791 :
1674 3728 1785 3812 sicque
1799 3730 1933 3794 maritus
1946 3730 2009 3811 ejus

464 3830 529 3894 alio
558 3837 674 3913 posset.
701 3829 741 3892 Et
767 3829 1036 3911 respondendum,
1064 3828 1148 3909 quod
1179 3828 1212 3890 in
1268 3825 1467 3907 iniquissime
1481 3824 1588 3891 aufert
1601 3825 1631 3889 ei
1647 3845 1711 3889 non
1727 3827 1831 3890 solum
1847 3828 2007 3911 seipsum,

465 3928 591 4011 legibus
605 3927 826 4011 principaliter
839 3947 876 3990 ac
895 3926 1016 3989 directe
1037 3925 1214 3990 intenditur
1269 3925 1324 3987 sed
1338 3932 1370 3986 et
1384 3923 1462 3987 alios
1477 3923 1574 4001 viros,
1588 3925 1764 4007 praesertim
1781 3926 1882 3989 bonos
1897 3934 1928 3989 et
1941 3924 2008 3989 emi-

466 4031 584 4093 bcnum
600 4045 781 4103 commune,
797 4043 860 4088 non
877 4025 995 4087 bonum
1011 4024 1213 4105 particularis
1269 4031 1392 4099 nentes,
1412 4030 1566 4103 quantum
1592 4022 1625 4084 in
1652 4022 1721 4104 ipso
1746 4032 1804 4103 est,
1821 4025 1899 4087 dum
1924 4024 2008 4086 talem

466 4146 609 4210 personae
626 4150 633 4187 :
650 4124 773 4188 ideirco
793 4124 827 4186 in
847 4123 918 4204 lege
938 4122 1091 4185 connubii
1112 4122 1213 4204 magis
1269 4140 1338 4183 eam
1353 4118 1458 4184 eflicit
1474 4120 1632 4202 talemque
1646 4122 1787 4199 dimittit,
1805 4131 1841 4185 ut
1855 4123 1929 4187 inde
1947 4142 2010 4205 pos

464 4224 641 4290 intenditur
667 4223 743 4304 quid
773 4222 898 4284 cunctis
931 4220 1087 4302 expediat,
1118 4220 1309 4301 quamlisit
1324 4218 1401 4281 viris
1416 4217 1487 4281 aliis
1501 4218 1883 4302 displicere2praesertim
1898 4220 1970 4304 quia
1981 4220 2009 4281 in

465 4324 542 4407 quid
560 4323 617 4385 uni
638 4329 819 4402 competere
840 4320 950 4401 possit.
967 4318 1117 4392 Quamvis
1138 4337 1214 4401 ergo
1244 4346 1246 4351 ·
1271 4316 1330 4379 isto
1346 4316 1446 4380 iertur
1459 4316 1611 4399 capitulo,
1618 4318 1703 4398 quod
1718 4320 1857 4379 mulieri
1871 4322 2011 4397 repudio

466 4420 724 4505 inseparabilitas
742 4420 809 4481 baec
832 4416 985 4498 impediat
1006 4416 1216 4500 prolilicatio-
1271 4426 1311 4477 τω
1326 4435 1390 4476 con
1412 4417 1487 4475 lieet
1508 4418 1609 4476 alteri
1629 4418 1753 4477 nubere
1770 4419 1841 4478 nisi
1859 4420 2011 4480 mendica

467 4540 539 4584 nem
562 4519 595 4581 in
616 4518 734 4600 aliquo,
750 4516 878 4599 expedit
903 4524 1007 4577 tamen
1031 4517 1069 4577 ad
1095 4515 1214 4579 bonum
1270 4523 1414 4594 quotuor
1427 4516 1576 4583 evolutis,
1593 4516 1688 4591 infra
1702 4536 1782 4595 quos
1804 4518 1858 4576 cir
1871 4520 1932 4597 qui
1949 4536 2010 4576 eam

467 4618 566 4703 prolis
588 4616 777 4699 simpliciter
798 4622 893 4696 atque
914 4614 1137 4677 communiter.
1270 4612 1388 4690 abjecit
1415 4613 1571 4672 deliberet
1595 4632 1640 4673 nn
1663 4634 1732 4674 eam
1761 4616 1906 4692 recipere
1933 4617 2009 4675 eelit.

507 4718 638 4794 Deinde,
654 4716 694 4777 ad
714 4714 880 4777 veritatem
899 4712 1096 4776 matrimonii
1117 4712 1217 4794 exigi·
1271 4710 1379 4790 Porro,
1399 4709 1425 4771 si
1445 4708 1529 4772 inira
1554 4718 1599 4773 tot
1623 4730 1750 4775 menses
1775 4731 1841 4776 non
1866 4714 2012 4795 reciperet

466 4829 518 4881 tur
532 4824 566 4879 ut
580 4814 804 4878 contrahentes
819 4812 897 4873 dent
910 4810 972 4873 sibi
989 4810 1126 4873 invicem
1148 4830 1217 4874 cor·
1271 4828 1354 4885 eam,
1371 4827 1477 4871 nonne
1497 4808 1575 4872 facit
1592 4829 1662 4873 eam
1687 4810 1758 4873 aliis
1782 4810 1860 4873 viris
1885 4821 2013 4877 contem·

466 4934 579 4999 porum
596 4930 725 4975 suorum
741 4916 941 4992 potestatem,
954 4909 1144 4992 simpliciter
1158 4908 1218 4971 sci·
1274 4906 1419 4989 ptibilem
1449 4914 1481 4970 et
1509 4911 1711 4989 suspectami
1737 4908 1914 4989 Siquidem,
1939 4910 2012 4992 quod

466 5016 553 5093 licet,
570 5020 603 5077 et
617 5029 682 5073 non
697 5009 736 5072 ad
752 5016 872 5071 certum
888 5015 1025 5088 tempus,
1038 5007 1094 5069 sed
1108 5025 1219 5088 quam·
1274 5025 1344 5068 eam
1360 5004 1487 5086 abjecit,
1505 5014 1612 5087 posset
1626 5006 1786 5089 passionis
1805 5008 1944 5071 adscribi
1963 5008 2014 5069 im-

465 5114 520 5177 diu
554 5108 703 5175 vixerint.
734 5106 814 5169 Dare
846 5106 933 5169 onim
966 5113 1154 5188 potestatem
1188 5112 1220 5168 et
1275 5102 1379 5185 petui;
1399 5102 1454 5164 sed
1473 5104 1559 5183 quod
1579 5102 1663 5164 inira
1681 5111 1729 5167 tot
1747 5122 1876 5169 menses
1895 5124 1957 5170 non
1974 5124 2014 5167 re

466 5231 559 5276 usum
585 5206 728 5291 corporis
752 5206 792 5268 ad
816 5212 953 5285 tempus,
975 5222 1038 5267 non
1065 5211 1115 5265 est
1144 5222 1220 5266 con·
1276 5200 1355 5282 cipit
1383 5218 1466 5278 eam,
1492 5220 1530 5263 ex
1554 5200 1728 5265 deliberata
1752 5201 1880 5267 videtur
1907 5204 2014 5268 ratione

467 5318 586 5377 unctus
609 5303 864 5382 matrimonialis,
890 5302 945 5367 sed
974 5300 1220 5366 concubinarius
1278 5298 1461 5383 procedere.
