4309 6250
450 466 510 532 82⁰
775 480 895 530 murra
917 478 1092 528 anamotus
1107 475 1279 535 narona,
1302 477 1390 526 arara
1411 479 1442 524 ιι.
1466 497 1507 510 -
1527 480 1596 528 aar.
1618 481 1682 526 xxv

453 662 522 717 erat
535 651 688 734 Verbum,
705 660 737 715 et
749 651 889 715 Verbum
904 658 972 714 erat
989 650 1074 733 apud
1088 649 1200 728 Deum,
1217 650 1241 711 A
1257 668 1316 712 nec
1345 649 1435 731 signa
1462 649 1649 732 prophetica
1682 649 1901 732 contempsisse
1932 673 1985 716 un·

451 760 484 816 et
504 751 588 816 Deus
608 760 677 815 crat
696 751 846 814 Verbum.
1257 767 1352 831 quam
1368 753 1553 831 potuerantl
1563 747 1661 831 Cujus
1675 757 1783 812 autem
1798 749 1985 833 impudentia

491 850 664 928 Postremo,
673 848 780 912 nullus
795 846 1046 911 Christianorum
1060 863 1201 926 unquam
1256 847 1429 926 est,diccre
1446 845 1517 909 illos
1532 847 1634 930 signis
1649 847 1720 929 ejus
1735 866 1800 910 non
1815 849 1984 928 credituros,

452 955 518 1011 tam
542 946 675 1010 stolidus
690 944 763 1023 luit,
787 952 824 1006 ut
845 943 974 1006 llariam
997 940 1112 1003 Christi
1136 959 1202 1002 ma·
1255 944 1310 1025 qui
1326 963 1391 1009 non
1407 944 1476 1007 sine
1497 944 1597 1026 signis
1619 952 1754 1024 mutum,
1771 947 1827 1009 aed
1840 954 1869 1010 et
1879 949 1987 1030 absque

453 1054 533 1109 trem
548 1045 635 1108 cultu
657 1043 757 1107 latria
778 1043 935 1120 adoraret,
951 1047 1005 1103 ant
1023 1040 1123 1102 Deum
1145 1057 1203 1120 pu·
1256 1041 1362 1123 aliquo
1376 1041 1514 1122 alicujus
1530 1040 1605 1105 boni
1627 1041 1746 1106 indicio
1760 1043 1856 1125 (quod
1872 1063 1926 1108 uec
1940 1064 1988 1127 pe-

453 1151 544 1208 taret.
567 1142 633 1206 Soli
654 1141 774 1205 etenim
795 1139 935 1204 Creatori
957 1136 1201 1219 incomparabili
1257 1157 1331 1202 cora
1345 1138 1450 1202 lacere
1461 1139 1627 1218 deberent)
1638 1140 1786 1222 pessimae
1797 1141 1865 1204 vita
1877 1141 1987 1206 homini

452 1251 485 1306 et
496 1241 653 1304 immenso
667 1239 772 1303 cultus
784 1237 881 1300 latria
896 1245 945 1299 est
958 1235 1199 1317 impendendus.
1257 1237 1480 1300 credideruntl
1495 1236 1566 1300 llaec
1589 1239 1701 1302 doctor
1721 1238 1878 1322 praelatus.

452 1338 609 1404 Creatoris
636 1357 712 1402 vem
741 1335 949 1401 rationalibus
977 1335 1082 1398 cultus
1106 1331 1201 1396 dulia
1296 1337 1460 1416 Fraterno,
1477 1335 1611 1399 verbum
1630 1336 1714 1400 istud
1734 1338 1853 1400 nullam
1872 1357 1988 1422 prorsus

452 1439 630 1502 exhibetur.
661 1437 886 1500 Verumtamen
913 1431 1027 1497 Christi
1055 1430 1202 1494 humani·
1257 1435 1476 1518 apparentiam
1491 1433 1597 1513 habet,
1616 1454 1675 1499 nec
1694 1435 1810 1500 rationi
1830 1437 1987 1518 dmumnt,

373 1561 377 1573 ·
452 1537 521 1616 tati,
537 1555 594 1599 seu
609 1534 733 1598 Christo
748 1541 784 1596 ut
802 1532 935 1611 bomini,
951 1531 1085 1612 ejusque
1099 1527 1200 1609 Matri,
1257 1533 1312 1595 scd
1327 1541 1358 1595 ct
1379 1530 1581 1615 experientia
1602 1533 1720 1597 obviat.
1737 1533 1828 1599 Ratio
1847 1513 1927 1598 ehim
1940 1537 1989 1600 do-

452 1635 557 1698 cultus
572 1633 766 1717 hyperdulim
781 1631 840 1694 rite
851 1630 1056 1712 impenditur,
1064 1647 1103 1691 eo
1117 1629 1200 1709 quod
1257 1639 1316 1709 cet,
1333 1632 1416 1712 quod
1442 1641 1627 1713 argumenta
1652 1631 1717 1694 siut
1737 1634 1989 1715 proportionanda

452 1733 566 1798 Christi
587 1732 770 1795 humanitas
791 1730 832 1792 sit
852 1729 956 1792 Verbo
976 1736 1095 1791 aterno
1114 1726 1202 1788 unita
1256 1729 1407 1793 doctrinae
1435 1730 1617 1811 probanda.
1647 1730 1721 1794 ldeo
1755 1732 1989 1814 supernaturalis

451 1833 572 1896 unione
586 1830 795 1914 hypostatica,
805 1837 837 1892 et
851 1834 952 1890 mater
965 1827 1037 1908 ejus
1050 1825 1147 1888 Maria
1161 1825 1202 1888 sit
1219 1827 1243 1890 B
1256 1829 1402 1891 doctriua
1417 1826 1530 1909 lexque
1544 1828 1664 1908 divina,
1682 1847 1740 1912 per
1754 1831 1990 1912 supernaturalia

452 1930 548 1993 ldater
562 1926 717 2010 unigeniti
729 1926 799 1990 Filii
811 1927 918 2004 Dei‚et
931 1943 988 2008 per
1002 1941 1201 2005 consequeus
1257 1935 1453 2009 argumenta,
1464 1927 1524 1991 hoc
1539 1935 1588 1990 est
1601 1947 1658 2010 per
1672 1927 1784 1990 divina
1799 1929 1914 2011 solique
1928 1947 1991 2012 pos-

452 2027 595 2092 Cenitrix
623 2026 691 2090 veri
719 2025 787 2106 bei,
817 2025 928 2106 sicque
956 2020 1202 2104 comparentalis
1257 2025 1365 2087 sibilia
1378 2025 1441 2089 Deo
1457 2025 1620 2104 miracula,
1634 2034 1709 2088 sunt
1722 2027 1900 2109 probanda,
1910 2026 1991 2090 insti·

452 2127 517 2190 Deo
530 2126 613 2188 Patri
631 2125 725 2207 :quia
740 2142 840 2186 unum
855 2130 949 2204 atqm
964 2122 1114 2184 eumdem
1128 2138 1202 2183 cum
1258 2124 1382 2186 tuenda
1403 2143 1440 2186 ac
1461 2124 1668 2201 roboranda3
1686 2125 1799 2207 sicque
1820 2125 1932 2189 lactum
1949 2133 1992 2188 est

451 2224 507 2288 illo
531 2223 647 2287 Filium
669 2222 785 2301 habet3
806 2239 871 2284 non
895 2228 1001 2283 umen
1026 2219 1202 2282 secundum
1258 2223 1291 2286 in
1319 2222 1489 2286 donatione
1513 2242 1551 2285 ac
1575 2223 1832 2306 promulgatione
1853 2225 1992 2289 doctrina

452 2322 597 2386 eamdem
612 2321 683 2384 l'ilii
701 2321 798 2402 hujus
817 2327 974 2397 naturam,
991 2337 1031 2380 ne
1045 2317 1204 2380 llahomet
1258 2340 1293 2384 ae
1318 2321 1397 2402 legis
1421 2319 1536 2384 Christi
1565 2340 1602 2384 aa
1625 2321 1752 2404 bloysis.
1778 2323 1863 2386 Talia
1885 2324 1992 2407 quippe

453 2421 632 2504 auspicetur
652 2420 737 2502 quod
756 2417 851 2480 llaria
870 2415 968 2479 luerit
988 2434 1069 2480 uxor
1084 2415 1155 2504 liei,
1171 2421 1203 2477 et
1256 2419 1412 2482 miracula
1440 2427 1514 2482 sunt
1538 2419 1629 2503 quasi
1654 2419 1710 2482 liei
1735 2421 1834 2485 verba
1860 2431 1890 2485 et
1915 2422 1992 2484 testi-

452 2539 491 2582 ex
513 2539 552 2582 ea
575 2518 668 2600 quasi
695 2537 732 2582 ex
761 2516 899 2598 conjuge
922 2513 1006 2577 Deus
1030 2512 1203 2596 sumpserit
1257 2519 1364 2581 monia
1379 2538 1415 2582 ac
1430 2517 1546 2600 sigilla,
1561 2537 1632 2601 qua
1647 2517 1779 2583 falsitati
1801 2529 1833 2584 et
1851 2519 1990 2602 impietati

452 2619 568 2682 Filium
594 2641 601 2679 :
627 2618 689 2680 hoc
718 2614 886 2698 imaginari
911 2612 1117 2676 rudissimam
1141 2619 1200 2674 est.
1257 2615 1427 2698 probanda
1448 2635 1613 2698 nunquam
1634 2617 1780 2681 adhibuit
1802 2618 1891 2682 Deus.
1912 2619 1990 2680 Unde
2106 2687 2107 2718 ,

453 2717 514 2780 Sed
529 2716 611 2779 sicut
624 2715 722 2777 lilius
736 2713 791 2776 Dei
813 2712 909 2775 habet
925 2711 958 2773 in
973 2710 1064 2774 coelis
1079 2709 1202 2772 Patrem
1257 2723 1376 2778 terrore
1390 2713 1486 2796 gladii
1509 2722 1542 2778 et
1556 2714 1672 2778 virtuto
1686 2735 1848 2780 annorum
1862 2716 1991 2780 introdu-

454 2816 522 2879 sine
541 2823 653 2892 matre,
670 2813 713 2877 ita
737 2813 771 2875 in
793 2812 886 2875 terris
911 2810 1023 2874 babuit
1043 2808 1202 2891 virginem
1257 2832 1329 2876 cera
1353 2831 1469 2876 novam
1498 2811 1613 2896 legem,
1636 2813 1814 2878 doctrinam
1837 2824 1868 2878 et
1889 2815 1987 2890 iidem,

452 2914 582 2976 blatrem
597 2913 667 2975 sine
687 2919 785 2994 patre.
802 2909 889 2972 ldem
908 2917 1015 2971 tamen
1036 2907 1202 2987 utriusque
1258 2911 1456 2994 tyrannicum
1472 2920 1531 2990 est,
1548 2929 1612 2975 nou
1627 2912 1785 2977 divinum.
1802 2914 1879 2977 Hinc
1892 2931 1990 2976 rursus

454 3020 502 3075 est
520 3011 747 3091 bilinamque
767 3009 809 3073 ob
831 3006 1064 3070 maternitatem
1088 3005 1238 3072 beatis-C
1258 3008 1405 3092 prelatus
1429 3009 1543 3072 asserit
1567 3010 1678 3074 doctor
1695 3033 1702 3072 :
1719 3011 1785 3093 Ego
1809 3011 1914 3074 mirari
1934 3030 1991 3074 non

454 3110 536 3174 sima
550 3110 646 3193 Virgo
660 3116 710 3173 est
722 3106 888 3190 dignitatis
902 3105 1135 3188 quodammodo
1155 3104 1203 3166 in·
1257 3106 1385 3171 sullioio
1406 3107 1566 3189 quomodo
1581 3108 1766 3191 persuaderi
1780 3111 1924 3193 potuerit,
1935 3130 1991 3175 non

454 3208 662 3290 linita,omui
678 3207 789 3289 utique
803 3226 884 3289 pura
898 3213 1042 3269 creatura
1057 3211 1203 3287 prestun·
1256 3206 1328 3271 dico
1349 3206 1447 3269 alicui
1466 3206 1615 3289 sapienti,
1632 3208 1686 3269 sed
1707 3208 1762 3289 qui
1776 3209 1829 3272 vel
1848 3229 1903 3293 per
1920 3229 1992 3274 som

454 3309 526 3387 tior,
543 3308 655 3389 regina
668 3306 754 3385 coeli,
766 3305 896 3368 domina
910 3302 1033 3384 mundi,
1049 3304 1204 3365 advocata
1256 3324 1333 3367 num
1348 3304 1469 3387 aliquid
1483 3305 1616 3368 humani
1635 3306 1739 3369 cordis
1759 3326 1794 3370 se
1812 3308 1926 3372 habere
1944 3328 1993 3391 pu-

453 3407 619 3469 hominum
641 3403 887 3487 imperatrixque
908 3401 1105 3485 augelorum.
1256 3411 1347 3481 taret,
1364 3403 1460 3466 istum
1474 3421 1544 3467 esse
1559 3403 1759 3487 prophetam,
1775 3424 1873 3487 quum
1887 3406 1953 3489 ejus
1966 3414 1993 3469 et

1256 3502 1323 3565 vita
1345 3510 1377 3564 et
1402 3501 1546 3565 doctrina
1572 3502 1615 3565 ita
1644 3503 1812 3567 contrariae
1839 3504 1912 3585 sint,
1937 3523 1992 3569 non

640 3656 885 3723 AR'HCULUS
907 3656 1015 3719 xxv·
1255 3600 1717 3781 illeillllhqldl
1730 3604 1993 3765 hthiil

474 3810 596 3870 Contra
619 3826 749 3867 errores
771 3806 913 3881 capituli
933 3804 1180 3885 quartidecimi.
1256 3815 1339 3879 pene
1357 3797 1418 3861 hoc
1439 3796 1616 3879 intelligere
1636 3798 1770 3881 possint.
1787 3799 1861 3879 Sed,
1876 3810 1910 3864 ul
1923 3802 1994 3863 inte-

1104 3922 1106 3927 ·
1257 3896 1318 3958 rim
1341 3895 1462 3977 aliquid
1487 3895 1561 3959 inde
1585 3896 1742 3975 dicamus,
1768 3898 1841 3980 quis
1865 3918 1993 3981 unquam

529 3994 729 4078 OCoapitulo
749 3991 841 4076 quasi
862 4011 901 4055 ex
921 3991 976 4054 Dei
998 4010 1135 4073 persona
1155 3990 1203 4053 di·
1257 4002 1438 4058 sanctorum
1458 4013 1494 4057 ac
1514 3993 1697 4059 divinorum
1716 3997 1899 4062 nuntiorum
1923 4015 1993 4080 qnos

544 4096 627 4157 citur
647 4094 823 4157 lithomelo
839 4114 846 4154 τ
864 4096 914 4153 Tu
933 4111 1140 4170 nequaquam
1158 4092 1204 4150 ad
1257 4093 1352 4156 clleo
1367 4092 1481 4157 missos
1503 4112 1574 4156 esse
1595 4094 1816 4175 cognovimus,
1833 4096 1866 4159 in
1885 4104 1993 4160 terrore
2105 4096 2106 4159 l

452 4197 640 4256 incredulos
658 4214 734 4253 cum
752 4193 938 4269 manifestis
956 4192 1019 4252 Dei
1032 4191 1203 4250 miraculis
1217 4193 1241 4255 D
1256 4190 1352 4273 gladii
1367 4210 1401 4254 se
1417 4190 1548 4253 missum
1571 4192 1729 4253 asseruitl
1744 4192 1820 4267 Quis
1842 4202 1906 4256 tam
1926 4191 1995 4256 laci·
2105 4228 2106 4239 2

453 4293 734 4372 oeuiea,quoniam
748 4311 786 4351 ea
801 4293 888 4351 veltet
902 4290 1004 4350 otiosa
1018 4298 1116 4367 atque
1130 4308 1202 4349 con·
1257 4308 1372 4353 norosc
1400 4288 1501 4352 vixitl
1524 4287 1600 4363 Quis
1625 4297 1729 4353 lanus
1753 4292 1922 4373 spurcitias
1947 4292 1995 4355 do·

454 4393 564 4453 traria
580 4399 785 4467 reputarent.
1258 4388 1346 4451 cuitl
1371 4396 1425 4450 aut
1449 4387 1521 4469 quis
1550 4386 1593 4450 ita
1619 4388 1723 4451 ventri
1752 4397 1847 4471 atque
1878 4387 1993 4454 libidini

493 4488 583 4552 Circa
600 4489 662 4551 hoc
685 4489 797 4551 doctor
821 4504 904 4568 stupe
929 4484 1149 4567 praeallegatus
1168 4483 1202 4546 in
1257 4506 1357 4569 genus
1382 4486 1556 4548 humanum
1586 4486 1770 4568 prostituitl
1795 4488 1866 4553 Haec
1894 4490 1995 4553 doctor

454 4606 512 4651 sua
534 4586 646 4650 scribit
669 4586 805 4669 epistola
826 4586 1019 4648 :Videamus
1043 4583 1137 4666 quale
1162 4584 1203 4647 sit
1257 4593 1435 4668 praetactus.

454 4686 543 4764 illud,
559 4686 645 4767 qnod
667 4685 727 4748 sibi
749 4684 827 4748 dicit
848 4684 946 4746 Deum
967 4682 1085 4745 dixisse
1102 4706 1109 4745 :
1126 4685 1204 4747 Nisi
1297 4683 1450 4765 Denique,
1466 4691 1592 4764 quanta
1616 4682 1798 4748 calliditatis
1824 4685 1856 4748 id
1881 4686 1950 4765 luit,
1964 4690 1994 4747 ut

454 4788 612 4847 acia-emus
625 4805 676 4844 eos
691 4786 753 4845 tibi
766 4804 831 4844 noa
845 4784 1131 4853 credituros,eicut
1146 4802 1204 4843 uec
1258 4802 1355 4864 quum
1371 4781 1465 4844 sciret
1479 4800 1513 4844 se
1528 4800 1592 4845 non
1607 4799 1702 4864 posse
1716 4782 1870 4847 miracula
1885 4784 1992 4863 lacere,

454 4886 532 4945 aliia
546 4885 774 4953 crediderunt,
788 4884 944 4942 daremus
965 4882 1027 4941 tibi
1045 4883 1141 4958 siqua
1155 4891 1202 4943 at·
1257 4900 1355 4964 quum
1384 4888 1490 4943 tamen
1517 4879 1655 4960 deceret,
1682 4898 1720 4944 eo
1744 4882 1829 4963 quod
1853 4883 1907 4945 Dei
1931 4900 1995 4966 pro·

454 4984 693 5063 queprodipr'a.
710 4981 749 5043 Et
766 4980 897 5062 quidem
916 4979 956 5041 de
974 4979 1100 5057 Judaeis,
1117 4979 1202 5060 quod
1259 4981 1386 5061 phetam
1414 4997 1450 5040 ac
1480 4976 1692 5059 legislatorem
1716 4997 1750 5041 se
1774 4997 1845 5043 ease
1869 4979 1995 5043 assentit

454 5081 552 5164 aliqui
572 5080 674 5163 signis
694 5078 806 5160 Moysis
825 5095 889 5140 nou
908 5076 1123 5157 crediderunt,
1139 5077 1202 5139 dici
1258 5076 1499 5159 (propterquod
1513 5074 1609 5139 ctiam
1629 5076 1776 5139 homines
1795 5077 1836 5140 ab
1855 5078 1925 5161 ipso
1943 5076 1993 5140 mi·

454 5188 560 5264 potest
578 5180 639 5243 hoc
656 5201 663 5240 ε
679 5187 787 5240 tamen
812 5175 852 5238 ad
869 5175 990 5238 Arabes
1010 5175 1088 5255 quid
1107 5174 1203 5257 perti·
1258 5176 1366 5239 raenla
1380 5174 1594 5256 requirebant,
1609 5182 1644 5237 ut
1657 5174 1898 5255 quintodecimo
1912 5176 1993 5239 Alco

454 5279 561 5358 nebat,
573 5278 629 5360 qui
642 5296 704 5341 nec
717 5276 905 5361 prophetam
919 5274 1116 5355 viderant,et
1130 5273 1202 5337 ideo
1258 5274 1327 5337 rani
1348 5272 1488 5356 capitulo
1512 5272 1667 5356 seriptum
1691 5275 1752 5355 est)
1769 5297 1777 5336 z
1793 5284 1930 5358 quanta,
1951 5274 1993 5337 in·
