4309 6250
251 521 291 564 DE
312 521 520 568 Aucroturltru
542 523 635 568 stttllss
656 521 822 569 Pobrlstcls
846 523 881 567 ET
902 522 1071 569 subeuntis
1093 523 1232 578 concilii,
1254 524 1343 569 trualt
1363 524 1408 570 lll.
1430 542 1470 552 -
1490 524 1561 568 Ant.
1584 524 1637 568 xvi
1661 505 1721 568 643

168 688 256 750 enim
271 689 314 752 ita
328 690 387 753 hoc
407 691 525 753 dicitur
542 693 632 773 quasi
653 691 702 754 vel
723 711 834 755 omnes
849 711 918 774 per·
933 693 959 752 Α
975 702 1023 755 θεῖ
1038 693 1070 754 in
1091 693 1331 756 determinando
1353 694 1431 774 quid
1451 694 1489 756 ad
1509 693 1588 757 fidei
1611 703 1643 756 θῖ
1657 713 1724 758 mo

168 786 453 865 sonaeiideleS‚vel
470 790 919 872 aliquaesecundumsesum·
974 811 1044 854 rum
1073 792 1297 855 rectitudinem
1331 801 1453 874 spectet
1485 813 1549 856 non
1582 794 1722 872 deviare,

168 894 241 967 ptae,
263 886 310 949 sic
335 886 464 949 suntin
486 889 586 969 gratia
611 887 810 952 confirmatas
833 889 917 970 quod
974 888 1125 970 pertingit
1152 908 1207 969 per
1231 890 1415 969 consilium,
1435 890 1590 971 dirigente
1617 891 1723 973 ipsum

167 983 346 1046 mortaliter
359 1004 492 1066 peccare
506 987 759 1067 nequeant:imo
774 985 917 1050 fortassis
973 986 1091 1067 Spiritu
1119 988 1234 1050 Sancto
1262 995 1393 1069 propter
1421 1006 1592 1050 commune
1626 989 1722 1051 totius

167 1082 258 1146 nulla
272 1081 380 1166 fidelis
395 1102 530 1164 persona
550 1104 635 1147 nunc
656 1085 688 1147 in
703 1085 845 1147 Ecclesia
866 1105 918 1148 ex·
973 1084 1123 1148 Ecclesiae
1150 1086 1280 1148 bonum.
1308 1086 1534 1149 Verumtamen
1560 1096 1625 1150 tam
1653 1087 1724 1169 ipsa

168 1181 297 1258 sistens,
325 1190 373 1243 θεῖ
398 1181 503 1245 taliter
528 1181 716 1246 confirmata
745 1183 777 1245 in
803 1184 914 1265 gratia.
973 1181 1115 1245 Ecclesia
1134 1203 1230 1264 quam
1249 1185 1396 1265 generale
1421 1184 1593 1247 concilium
1616 1204 1723 1248 errare

167 1279 230 1343 Sed
246 1279 288 1342 ob
303 1299 430 1343 causam
446 1289 627 1362 praelectam
648 1282 680 1344 id
696 1281 822 1358 dicitur,
840 1301 918 1362 quo·
973 1287 1077 1361 potest
1103 1280 1134 1342 in
1159 1281 1244 1344 lacto
1269 1289 1301 1343 et
1325 1280 1359 1343 in
1378 1281 1429 1344 bis
1448 1300 1519 1363 quaa
1539 1282 1615 1346 lacti
1635 1291 1720 1363 sunt,

167 1377 256 1440 niam
271 1397 310 1440 ex
324 1378 536 1460 promissione
551 1379 660 1443 divina
680 1380 915 1461 cognoscimus,
973 1387 1004 1440 et
1031 1380 1092 1443 boc
1122 1388 1225 1461 potest
1259 1380 1444 1462 contingere
1479 1381 1550 1445 sine
1577 1391 1719 1464 peccato.

166 1477 254 1558 quod
277 1477 453 1558 opitulante
476 1477 578 1560 gratia
602 1479 656 1542 Dei
684 1499 809 1560 semper
830 1487 914 1555 sunt,
972 1477 1051 1540 lllnc
1080 1477 1292 1541 Cancellarius
1321 1478 1403 1541 libro
1431 1480 1471 1542 de
1499 1479 1723 1544 Ecclesiastica

166 1574 298 1638 luerunt
327 1583 359 1638 et
381 1586 474 1639 erunt
497 1577 596 1658 aliqui
625 1578 659 1639 in
687 1578 829 1640 Ecclesia
854 1577 918 1639 vir·
972 1576 1094 1638 unitate
1118 1577 1303 1640 notabiliter
1327 1578 1437 1663 scribit
1460 1578 1612 1642 :Constat
1637 1579 1722 1660 quod

167 1671 280 1750 tuosi;
310 1681 342 1735 et
373 1682 526 1754 quantum
560 1673 599 1735 ad
633 1673 705 1753 boc,
736 1673 918 1755 aliqualiter
972 1675 1004 1736 in
1034 1674 1175 1737 materiis
1203 1672 1279 1738 lidei
1310 1676 1518 1740 terminandis
1543 1697 1633 1742 error
1656 1698 1722 1742 non

166 1778 273 1852 potest
295 1771 428 1834 concedi
451 1773 536 1853 quod
560 1771 701 1835 Ecclesia
726 1791 790 1835 non
815 1781 918 1855 potest
973 1773 1059 1836 cadit
1077 1773 1110 1835 in
1130 1773 1269 1854 generali
1290 1774 1437 1838 concilio.
1456 1775 1622 1839 Rationem
1647 1777 1723 1839 dant

165 1888 313 1950 peccare,
329 1869 360 1931 id
376 1877 424 1932 est
439 1877 503 1933 tota
518 1870 612 1933 simul
628 1872 742 1934 cadere
757 1871 789 1932 in
805 1892 917 1954 pecca·
932 1877 955 1940 B
972 1873 1129 1949 doctores,
1158 1892 1197 1934 ex
1219 1872 1350 1952 speciali
1375 1873 1562 1938 adsistentia
1587 1875 1723 1957 Spiritus

165 1977 235 2030 tum
251 1969 396 2048 mortale,
412 1969 558 2050 quamvis
574 1970 681 2032 nullus
700 1971 734 2032 in
753 1991 790 2033 ea
806 1971 846 2032 sit
861 1972 916 2053 qui
973 1971 1079 2034 Sancti
1094 1979 1127 2033 et
1141 1970 1255 2033 Christi
1270 1971 1438 2052 dirigentis
1453 1971 1640 2053 Ecclesiam,
1658 1993 1722 2036 non

166 2085 231 2129 non
259 2066 358 2148 possit
379 2086 521 2149 peccare.
539 2069 636 2150 biagis
661 2077 767 2131 tamen
789 2070 917 2151 proprie
972 2070 1186 2150 permittentis
1214 2089 1285 2132 eam
1312 2089 1418 2132 errare
1445 2071 1478 2132 in
1508 2071 1558 2133 bis
1585 2073 1625 2134 ad
1653 2091 1724 2153 quat

166 2165 355 2228 conceditur
369 2168 452 2247 quod
467 2165 611 2230 Ecclesia
631 2186 695 2230 non
716 2168 815 2248 possit
834 2188 918 2230 erra·
973 2169 1113 2231 humana
1141 2168 1342 2250 investigatio
1366 2170 1535 2251 pervenire
1560 2189 1625 2234 non
1655 2180 1724 2253 pot-

166 2284 201 2326 re
218 2262 344 2343 infide,
362 2265 456 2328 idest
475 2273 539 2328 tota
559 2265 668 2329 alidei
689 2267 821 2329 veritate
840 2267 918 2329 deli·
973 2275 1022 2329 est
1042 2291 1049 2329 ε
1071 2286 1164 2329 secus
1186 2268 1218 2328 in
1238 2267 1378 2348 hisquae
1398 2269 1448 2331 vel
1468 2266 1542 2331 iacti
1569 2278 1654 2348 sunt,
1671 2271 1724 2333 vel

165 2363 348 2427 cere.Na1n
372 2373 403 2426 et
427 2365 466 2427 ab
487 2365 672 2445 hujusmodi
691 2385 797 2429 errore
818 2368 918 2430 multo
973 2366 1113 2429 bumana
1133 2366 1377 2448 investigatione
1396 2368 1561 2430 terminari
1577 2377 1720 2450 possunt.

165 2462 276 2545 plures
300 2463 454 2525 divinitus
483 2472 728 2545 praeserventur,
754 2481 849 2545 quam
879 2467 919 2528 ab
974 2465 1157 2546 Rursusque
1171 2465 1216 2527 ait
1232 2487 1239 2524 :
1256 2464 1291 2526 ln
1311 2464 1518 2547 talibusque
1537 2467 1674 2530 maxime
1689 2468 1721 2529 in

165 2561 240 2624 aliis
262 2561 449 2625 mortalibus
471 2563 586 2644 culpis.
973 2561 1058 2625 lacto
1083 2562 1273 2641 consistunt,
1290 2562 1426 2644 quilibet
1449 2583 1555 2626 errare
1581 2565 1650 2627 sine
1676 2585 1725 2628 sa·

206 2661 304 2723 Porro
328 2661 470 2724 omnium
496 2662 610 2725 horum
639 2662 843 2726 confirmatio
871 2672 919 2725 est
974 2660 1049 2722 lutis
1072 2660 1215 2741 periculo
1234 2669 1358 2742 potest;
1376 2680 1440 2723 non
1466 2661 1569 2725 solum
1594 2662 1654 2726 iste
1674 2663 1724 2726 vel

165 2760 253 2840 quod
283 2759 315 2820 in
350 2779 496 2822 sermone
523 2762 563 2822 de
594 2760 708 2841 vigilia
738 2759 918 2824 Natiuitatis
974 2757 1039 2834 ille,
1058 2759 1113 2820 sed
1129 2758 1164 2820 in
1178 2757 1296 2820 talibus
1310 2758 1453 2821 Ecclesia
1474 2759 1586 2822 fallere
1606 2761 1726 2824 dicitur

164 2857 282 2920 Christi
313 2857 424 2920 scribit
451 2858 628 2921 Bernardus
655 2882 662 2920 ε
685 2858 829 2921 Ecclesia
857 2859 918 2938 (in-
974 2865 1005 2918 et
1019 2855 1088 2918 lalli
1105 2880 1112 2918 :
1127 2857 1210 2919 sicut
1224 2857 1325 2920 multo
1339 2866 1482 2940 tempore
1497 2858 1651 2922 feminam
1666 2879 1723 2941 pro

164 2956 295 3038 quiens)
319 2975 428 3018 secum
452 2957 548 3019 habat
571 2957 740 3020 consilium
764 2965 797 3020 et
821 2957 919 3039 Spiri-
974 2955 1056 3036 Papa
1078 2956 1192 3017 tenuit.

30 3076 148 3127 canitis.
165 3063 235 3116 tum
256 3054 371 3138 Sponsi
394 3063 426 3117 et
447 3054 501 3116 Dei
527 3055 587 3132 sui,
610 3055 662 3117 cui
682 3055 818 3118 dilectus
837 3056 920 3118 inter
937 3063 959 3128 c
1014 3052 1166 3116 Praeterea
1181 3054 1278 3136 quaeri
1295 3062 1410 3138 potest,
1426 3054 1454 3116 si
1477 3054 1608 3138 prelato
1627 3057 1722 3119 modo

163 3154 266 3217 ubera
290 3162 515 3231 commoratur,
537 3155 639 3235 ipsam
664 3154 768 3217 cordis
794 3155 843 3216 sui
870 3174 918 3217 se·
973 3152 1117 3216 Ecclesia
1131 3162 1179 3216 est
1199 3154 1233 3215 in
1252 3154 1354 3234 gratia
1375 3154 1575 3234 confirmata,
1592 3173 1724 3235 quomo-

164 3252 239 3315 dem
256 3252 476 3335 principaliter
490 3253 657 3334 possidens
672 3260 702 3315 et
714 3272 914 3316 conservans.
973 3250 1014 3315 do
1029 3252 1149 3313 dicitur
1164 3252 1252 3333 lapsa
1267 3260 1299 3314 et
1312 3252 1499 3315 deformata.
1516 3253 1592 3332 lma,
1610 3272 1723 3315 secun-

36 3374 148 3425 θεῖνε.
163 3350 323 3413 Nimirum
340 3350 409 3433 ipsa
423 3359 471 3412 est
486 3369 556 3432 que
570 3350 750 3413 vulneravit
764 3370 819 3414 cor
834 3352 915 3432 ejus,
973 3350 1048 3412 dum
1064 3351 1190 3413 Petrum
1212 3351 1252 3413 de
1267 3350 1387 3414 Alliaco
1405 3351 1438 3411 in
1458 3350 1540 3413 libro
1561 3352 1600 3413 de
1614 3350 1724 3415 Reior-

163 3459 195 3512 ct
219 3450 253 3511 in
273 3449 375 3531 ipsam
396 3449 544 3533 abyssum
566 3458 762 3513 secretorum
777 3450 831 3513 Dei
846 3470 917 3514 ocu·
973 3448 1113 3511 mationa
1136 3448 1297 3528 Ecclesiae,
1314 3458 1415 3512 totum
1438 3467 1553 3531 corpus
1572 3449 1724 3513 Ecclesia

163 3548 234 3611 lum
264 3546 544 3630 contemplationis
569 3548 735 3627 immersit,
753 3557 787 3610 ut
812 3556 842 3611 et
868 3549 915 3611 illi
973 3554 1021 3609 est
1050 3547 1274 3609 universaliter
1300 3546 1512 3609 deformatum
1544 3571 1551 3608 ε
1582 3547 1665 3628 sicut
1692 3558 1724 3611 et

163 3648 197 3709 in
229 3664 286 3709 suo
315 3654 347 3709 et
374 3645 434 3709 sibi
465 3646 497 3707 in
526 3647 596 3728 ejus
617 3649 711 3709 corde
743 3667 915 3729 perennem
973 3644 1004 3707 S.
1021 3645 1198 3707 Bernardus
1223 3644 1351 3723 latetur,
1367 3645 1451 3727 quod
1471 3655 1599 3728 propter
1623 3646 1724 3728 negli-

163 3744 263 3807 iaciat
296 3744 507 3807 mansionem.
537 3743 638 3818 Quum
672 3763 747 3828 ergo
781 3746 849 3827 ipsa
882 3746 915 3807 in
972 3742 1123 3823 gentiam,
1140 3743 1359 3804 carnalitatem
1374 3750 1405 3804 et
1420 3751 1525 3805 cetera
1545 3743 1623 3805 vitia
1644 3764 1723 3825 pra)-

163 3843 340 3925 Scripturis
369 3842 487 3905 divinis
516 3844 613 3905 verba
646 3844 697 3906 vel
725 3844 837 3906 alterat
865 3844 914 3906 vel
973 3840 1119 3920 latorum,
1136 3840 1279 3902 Ecclesia
1302 3840 1386 3903 iacta
1410 3848 1458 3902 est
1483 3840 1647 3921 deformis,
1671 3862 1723 3905 ex-

164 3942 476 4023 transponit,lortior
490 3950 538 4005 est
553 3941 607 4004 illa
619 3943 806 4025 compositio
821 3962 915 4024 quam
972 3939 1100 4020 sanguis
1129 3948 1161 4000 et
1187 3938 1339 4000 marcida.
1366 3938 1427 4001 Sed
1456 3957 1494 4000 ex
1517 3939 1610 4002 dictis
1621 3949 1723 4099 patet

162 4042 281 4125 positio
297 4042 400 4123 prima
414 4042 595 4122 verborum,
612 4051 644 4105 et
662 4042 806 4106 fortassis
829 4052 915 4106 tanto
971 4037 1098 4101 solutio.
1114 4038 1286 4118 Utrumque
1306 4036 1393 4098 enim
1415 4037 1549 4100 istorum
1571 4037 1633 4100 Ecc
1647 4038 1721 4102 θείω

162 4140 289 4219 fortior,
316 4148 472 4222 quantum
495 4140 591 4203 distat
614 4141 697 4203 inter
721 4141 859 4222 liguram
885 4150 917 4204 et
971 4136 1121 4201 convenit
1138 4134 1261 4198 ratione
1280 4135 1480 4198 diversorum
1502 4137 1719 4200 membrorum

161 4238 342 4318 veritatem,
358 4238 441 4301 inter
466 4238 570 4301 lucem
596 4248 627 4301 θῖ
651 4240 809 4319 umbram,
832 4239 953 4303 interl)
971 4254 1114 4313 suorum,
1130 4253 1265 4316 quorum
1278 4235 1424 4315 quedam
1439 4242 1514 4296 sunt
1532 4235 1674 4298 virtuosa
1686 4243 1720 4299 θῖ

160 4337 327 4401 dominam
347 4344 378 4401 et
397 4336 558 4399 ancillam.
575 4336 619 4399 Ex
644 4337 693 4399 his
716 4338 746 4400 S.
763 4338 913 4401 Bernardi
970 4334 1077 4416 aliqua
1096 4332 1218 4395 vitiosa.
1235 4332 1326 4394 Nunc
1345 4350 1420 4395 vero
1439 4332 1581 4396 Ecclesia
1601 4332 1718 4398 dicitur

160 4436 271 4499 verbis
285 4436 412 4499 elicitur
427 4444 544 4517 quanta
557 4454 683 4517 quoque
698 4436 847 4499 Ecclesia
862 4457 914 4501 ex·
970 4431 1192 4494 universaliter
1206 4430 1392 4509 deformata,
1409 4430 1483 4512 quia
1498 4430 1531 4493 in
1546 4432 1633 4494 omni
1646 4451 1718 4515 gra-

160 4544 224 4599 stet
243 4535 413 4597 auctoritas
434 4534 466 4595 in
487 4535 684 4616 expositione
710 4554 806 4598 sacre
831 4536 914 4599 Scri·
970 4533 1023 4609 du,
1040 4538 1124 4593 statu
1145 4537 1177 4593 et
1197 4530 1309 4592 ordine
1330 4529 1401 4611 ejus
1420 4530 1496 4591 mali
1515 4529 1645 4612 plurimi
1670 4550 1718 4595 re-

160 4644 275 4716 pturae,
292 4642 323 4696 θῖ
348 4634 381 4695 in
401 4633 719 4696 determinationibus
741 4636 914 4698 credendo-
969 4630 1147 4713 periuntur.
1163 4628 1231 4691 Non
1247 4636 1351 4690 tamen
1367 4628 1509 4691 Ecclesia
1525 4628 1570 4691 sic
1590 4628 1717 4693 univer

161 4752 234 4795 rum
256 4752 293 4795 ac
317 4731 571 4795 necessariorum
593 4731 632 4794 ad
655 4732 799 4795 salutem.
969 4729 1077 4791 saliter
1091 4727 1267 4791 deformata
1280 4726 1443 4807 asseritur,
1456 4727 1541 4807 quod
1556 4746 1667 4790 omnes
1683 4728 1717 4789 in

202 4831 347 4913 Insuper,
370 4830 518 4911 generale
547 4830 720 4894 concilium
750 4831 913 4895 universa·
969 4846 1006 4890 ea
1024 4827 1211 4889 exsistentes
1229 4826 1293 4887 sint
1311 4825 1398 4887 mali.
1415 4824 1495 4887 Hinc
1516 4843 1612 4906 super
1637 4826 1716 4889 illud

160 4930 226 4991 lem
245 4928 420 4991 Ecclesiam
446 4938 686 5009 representans,
703 4929 848 5010 quamvis
872 4932 911 4993 ad
967 4927 1070 5006 Lucae,
1095 4924 1310 5007 lmpleverunt
1334 4924 1443 4985 ambas
1470 4922 1645 5001 naviculas,
1673 4924 1717 4987 ita
1731 4944 1845 4996 cacan.

160 5028 328 5110 praelatam
347 5026 497 5089 Ecclesia
517 5027 756 5108 praerogativam
777 5046 845 5109 quae
865 5037 913 5090 est
968 5034 1003 5087 ut
1018 5044 1100 5107 pene
1115 5031 1345 5105 mergerentur,
1362 5021 1407 5084 ait
1421 5021 1569 5085 Nicotaus
1588 5023 1627 5084 de
1641 5022 1717 5085 Gor-

162 5144 234 5189 esse
249 5124 477 5188 confirmatum
492 5125 524 5186 in
541 5125 670 5188 caritate
686 5134 717 5187 et
727 5126 839 5207 gratia,
849 5146 911 5189 non
968 5144 1003 5186 ra
1019 5149 1026 5187 :
1043 5122 1137 5186 Navis
1152 5121 1302 5184 Ecclesia
1317 5140 1480 5202 nunquam
1503 5121 1717 5203 submergitur

160 5223 335 5310 pertingat,
356 5224 395 5286 ad
423 5223 505 5287 hanc
535 5231 639 5287 umen
670 5226 911 5306 prerogativam
968 5223 1116 5301 totaliter,
1130 5222 1185 5283 sed
1200 5240 1281 5302 pene
1296 5220 1450 5301 mergitur
1464 5238 1522 5301 per
1535 5227 1714 5301 peccatum,

162 5342 235 5408 quae
250 5330 377 5386 estnon
393 5342 497 5387 errare
520 5321 688 5387 insideat
709 5324 861 5403 moribus,
880 5324 911 5387 id
968 5321 1041 5406 quia
1064 5340 1123 5404 pro
1147 5328 1289 5400 tempore
1314 5317 1439 5399 majori.
1455 5317 1597 5399 ltamqne
1621 5336 1717 5400 super
