4309 6250
228 796 373 1077 DE
456 921 850 1075 MUTUA
932 917 1632 1073 COGNITIONE

384 1294 905 1421 uuurouuu
956 1292 1054 1417 ru
1105 1270 1474 1417 rurum

918 1960 1195 2047 Aparticiparent.
1224 1962 1371 2039 Quasdam
1404 1982 1542 2045 namque
1571 1963 1611 2026 ab
1640 1963 1710 2045 ipso

308 2039 552 2107 ARTICULUS
575 2037 749 2103 PRIMUS·
961 2062 1152 2145 participant
1180 2082 1272 2139 esse;
1297 2062 1441 2144 quaedam
1466 2079 1553 2142 vero,
1583 2079 1653 2124 esse
1678 2067 1709 2123 et

959 2160 1066 2223 vivere
1080 2185 1088 2240 ς
1104 2160 1167 2224 alia
1192 2180 1279 2242 vero,
1295 2179 1376 2241 esse,
1395 2160 1500 2223 vivere
1518 2168 1551 2222 et
1569 2158 1708 2237 sentire,

960 2266 1066 2322 cetera
1091 2268 1208 2340 autem,
1224 2278 1306 2338 esse,
1330 2257 1450 2339 vivere,
1467 2258 1585 2321 sentire
1609 2267 1642 2320 et
1663 2256 1712 2317 in-

960 2356 1116 2439 telligere,
1132 2367 1164 2420 et
1183 2358 1243 2420 ista
1262 2356 1424 2419 dumtaxat
1441 2356 1559 2419 divine
1579 2354 1712 2418 felicita-

961 2456 1001 2519 tis
1016 2455 1145 2538 capacia
1159 2464 1244 2533 sunt,
1260 2456 1440 2519 Creatorem
1456 2472 1548 2517 suum
1571 2462 1713 2517 contem·

228 2556 300 2621 EUS
327 2554 483 2637 gloriosus
508 2560 539 2615 et
563 2560 704 2630 sanetus,
730 2550 784 2632 qui
811 2550 843 2613 in
873 2568 906 2611 se
962 2554 1091 2638 plaudo,
1116 2553 1289 2636 diligendo,
1313 2562 1345 2615 et
1370 2552 1441 2636 ipso
1466 2551 1612 2617 fruendo.
1638 2552 1712 2615 ldeo

241 2656 313 2739 ipso
333 2653 461 2716 inlinitc
480 2651 653 2735 perlectus,
670 2650 759 2714 dives
779 2669 815 2713 ac
842 2649 908 2731 ple-
963 2652 1150 2716 rctionalem
1180 2650 1493 2733 intellectualemque
1521 2658 1710 2730 ereaturam,

160 2774 218 2817 nus
233 2763 293 2835 est,
306 2772 365 2816 nec
380 2752 487 2835 aliquo
502 2758 583 2833 eget,
597 2770 635 2813 er
651 2769 714 2813 sue
730 2748 907 2832 purissime
963 2752 1112 2814 videlicet
1136 2751 1299 2814 hominem
1326 2760 1359 2813 et
1383 2750 1544 2832 angelum,
1572 2748 1714 2813 condidit

161 2853 309 2916 bonitatis
333 2850 613 2935 superexuberanti
638 2848 846 2932 plenitudine,
863 2855 908 2910 at·
962 2851 1056 2931 Deus,
1073 2857 1108 2913 ut
1122 2870 1187 2913 suae
1200 2858 1327 2913 eternae
1342 2858 1438 2931 atque
1455 2848 1619 2912 immense
1641 2848 1714 2910 bea-

161 2972 219 3033 qne
239 2972 279 3016 ex
299 2971 362 3015 suae
380 2958 506 3014 aeterne
524 2948 705 3012 dilectionis
725 2945 909 3010 lihemlissi-
963 2950 1107 3013 titudinis
1122 2950 1191 3031 ipsa
1211 2949 1253 3012 sit
1272 2949 1442 3032 particeps,
1459 2948 1585 3011 divitias
1605 2947 1713 3029 gloriae

160 3069 210 3113 ma
225 3048 458 3132 benevolentia,
474 3055 576 3112 totum
598 3046 753 3109 mnndum
775 3044 906 3123 creavit,
963 3068 1027 3112 sum
1043 3048 1154 3113 volens
1169 3048 1198 3112 ei
1214 3057 1390 3112 monstrare
1410 3057 1442 3110 et
1462 3047 1711 3123 communicare,

160 3159 193 3211 nt
216 3149 342 3213 scilicet
360 3167 451 3212 suam
476 3145 717 3230 perlectionem,
735 3144 908 3208 bonitatem
925 3149 948 3212 B
964 3156 999 3210 ut
1016 3157 1048 3212 et
1067 3149 1136 3230 ipsa
1156 3147 1189 3210 in
1210 3148 1280 3231 ipso
1298 3148 1390 3211 beata
1411 3148 1463 3226 sit,
1479 3155 1512 3210 et
1535 3147 1620 3228 quod
1644 3145 1713 3229 ipse

161 3267 196 3310 ac
222 3248 410 3312 felicitatem
435 3245 562 3310 entibus
585 3243 846 3323 communicaret,
870 3241 908 3304 ad
963 3247 1091 3310 Creator
1103 3247 1200 3310 habet
1214 3256 1246 3310 et
1259 3255 1308 3310 est
1322 3266 1379 3329 per
1398 3255 1553 3322 naturam,
1570 3253 1714 3308 ereatura

160 3346 207 3409 sui
238 3347 341 3430 ipsius
369 3345 503 3428 gloriam
533 3351 565 3406 et
591 3343 757 3407 honorem.
786 3341 909 3405 Bonum
963 3345 1030 3408 lime
1050 3346 1167 3408 habeat
1187 3353 1219 3408 et
1241 3345 1281 3412 sit
1303 3365 1360 3429 per
1380 3345 1527 3428 gratiam.

160 3445 243 3508 enim
259 3453 309 3507 est
324 3444 372 3508 ani
394 3441 597 3520 dillusivum,
613 3441 646 3504 id
666 3449 715 3503 eat
736 3459 800 3503 sue
821 3438 911 3502 honi·
1002 3441 1083 3506 Hine
1111 3443 1258 3525 Magister
1293 3443 1527 3506 Sententiarum
1556 3440 1600 3504 ait
1633 3439 1715 3504 libro

160 3542 232 3606 tatis
267 3541 583 3618 communicativum,
614 3540 697 3602 sicut
724 3537 909 3602 Aristoteles
964 3542 1105 3605 seeundo
1126 3565 1133 3604 :
1155 3541 1253 3604 Tanta
1278 3549 1327 3604 est
1351 3541 1474 3605 bonitas
1498 3541 1567 3618 Dei,
1588 3547 1623 3602 ut
1650 3558 1865 3608 suaeaaurcue

159 3643 264 3706 docet.
281 3645 378 3705 Amor
391 3659 518 3723 quoqne
533 3639 579 3702 nil
594 3637 759 3723 pmprium
779 3636 841 3700 sihi
863 3655 910 3699 re·
964 3640 1180 3720 beatitudinis,
1209 3659 1273 3722 qua
1299 3640 1491 3704 eternaliter
1514 3639 1625 3702 heatus
1653 3647 1712 3717 est,

160 3741 341 3820 serrat,sed
356 3737 704 3804 communicatbonnm
720 3737 800 3820 quod
816 3735 911 3799 habet
963 3741 1043 3804 alios
1080 3739 1158 3802 velit
1186 3759 1258 3802 esse
1286 3739 1466 3822 participes.
1497 3737 1610 3819 Sicque
1639 3735 1715 3800 lecit

47 3865 72 3910 u.
84 3867 147 3913 ug„
160 3841 288 3921 dilecto,
300 3847 394 3922 prout
407 3837 534 3900 divinus
548 3833 715 3918 Dionysius
731 3833 908 3918 pmsrtetur.
963 3840 1045 3902 Deus
1059 3837 1250 3904 rationalem
1264 3846 1453 3914 creaturam,
1466 3856 1537 3919 qnae
1552 3855 1714 3900 summum

42 3941 140 3976 '’M-¹⁸·
159 3939 237 4002 Hine
254 3939 287 4000 in
304 3937 386 4001 libro
400 3937 440 4000 de
452 3933 599 4000 Doctrina
613 3933 784 3997 christiana
798 3931 912 3996 asserit
964 3937 1084 4000 bonum
1113 3936 1318 4019 intelligeret,
1345 3935 1555 4016 intelligendo
1567 4000 1569 4003 ,
1582 3942 1713 4016 amaret,

161 4037 357 4120 Augustinus
385 4059 392 4098 :
419 4033 495 4110 Quia
520 4033 694 4097 bonusest
720 4032 813 4110 liena,
839 4031 910 4094 ideo
965 4036 1101 4099 amando
1122 4035 1312 4118 possideret,
1329 4033 1521 4115 possidendo
1542 4031 1712 4098 frueretur.

160 4155 283 4198 sumus.
299 4134 338 4197 Et
351 4141 464 4215 quarto
478 4130 616 4214 capitulo
635 4129 706 4192 libri
728 4130 767 4192 de
789 4127 911 4191 Divinis
964 4135 1002 4199 Et
1017 4135 1044 4197 si
1059 4135 1222 4217 quaeritur,
1238 4134 1278 4197 ad
1293 4132 1371 4215 quid
1387 4139 1493 4196 creata
1514 4131 1556 4196 sit
1578 4131 1715 4196 rationa-

162 4233 349 4296 nominibus
370 4239 499 4296 sanctus
521 4249 558 4292 ac
584 4247 719 4310 magnus
743 4227 911 4308 Dionysius
966 4233 1003 4298 lis
1028 4241 1183 4315 ereatura,
1199 4232 1409 4315 respondetur
1431 4255 1437 4294 ι
1459 4232 1498 4294 ad
1521 4229 1714 4294 laudandum

160 4332 310 4413 adstruit,
326 4331 410 4413 quod
434 4328 564 4392 divinus
587 4344 677 4390 amor
697 4344 762 4391 11011
784 4323 912 4407 reliquit
929 4331 1076 4411 CDeum,
1094 4332 1133 4395 ad
1148 4329 1351 4395 serviendum
1366 4329 1408 4410 ei,
1425 4330 1464 4393 ad
1478 4329 1651 4393 fruendum
1665 4349 1714 4394 eo.

160 4431 261 4496 Mum
284 4431 353 4494 sine
374 4427 518 4512 germine
540 4445 621 4490 esse.
966 4431 1000 4495 ln
1021 4431 1138 4513 quibus
1158 4429 1287 4515 prolicit
1308 4430 1389 4512 ipsa,
1405 4447 1470 4492 non
1491 4429 1584 4492 Deus.

199 4531 266 4594 flou
282 4529 388 4612 ipsum
402 4535 435 4589 et
447 4525 582 4608 gentiles
598 4523 778 4607 philosophi
792 4523 913 4606 aliqna-
1006 4530 1085 4595 ilinc
1099 4530 1287 4594 duodecimo
1301 4529 1340 4592 de
1355 4527 1488 4592 Ciuitate
1502 4528 1557 4590 Dei
1577 4527 1718 4611 loquitur

162 4631 232 4696 liter
256 4635 487 4712 cognoverunt.
510 4625 597 4689 Plato
621 4625 718 4706 enirn,
735 4643 831 4707 quern
851 4624 914 4687 Au·
966 4631 1163 4714 Augustinus
1183 4653 1190 4690 :
1207 4629 1305 4704 Quam
1331 4645 1426 4710 porro
1450 4646 1567 4710 magna
1587 4629 1628 4691 sit
1648 4628 1717 4692 laus

160 4731 311 4814 gustinus
327 4725 516 4792 duodecimo
536 4727 576 4788 de
598 4723 750 4787 Trissilele
772 4723 912 4786 nobilem
968 4729 1114 4794 rationali
1129 4736 1279 4791 creature
1298 4727 1361 4790 Deo
1382 4727 1541 4790 adherere
1564 4735 1598 4789 ut
1618 4727 1648 4789 ei
1671 4726 1717 4790 vi·

162 4839 256 4894 vocat
281 4825 516 4912 philosophum,
539 4823 584 4888 ait
607 4823 640 4886 in
664 4823 766 4906 primo
792 4822 912 4903 Timaei,
968 4838 1031 4909 vat,
1058 4829 1132 4891 inde
1161 4826 1274 4910 sapiat,
1303 4827 1358 4890 illo
1386 4826 1532 4908 gaudeat,
1562 4834 1717 4906 tantoque

161 4931 248 5012 quod
285 4928 366 4991 Dens
399 4925 537 5008 optimus
566 4923 733 5005 exsistens,
764 4923 913 5004 omnique
968 4929 1052 4992 bono
1074 4927 1143 4989 sine
1168 4933 1280 5005 morte,
1297 4924 1367 4987 sine
1388 4943 1507 5005 errore,
1524 4923 1595 4987 sine
1620 4925 1718 4987 mole-

162 5048 296 5112 prorsus
316 5045 428 5090 carens
452 5025 585 5104 invidia,
603 5025 675 5089 ideo
699 5024 847 5089 universa
867 5025 915 5086 in·
969 5027 1030 5090 stic
1045 5024 1238 5110 perfruatur,
1255 5023 1328 5106 quis
1341 5023 1438 5106 digne
1460 5024 1599 5106 cogitare
1618 5025 1719 5106 possit

162 5128 281 5208 stituit,
297 5135 332 5189 ut
353 5126 477 5210 singula
491 5125 607 5190 divinae
622 5125 770 5190 bonitatis
793 5125 914 5206 aliquid
970 5135 1025 5190 aut
1046 5125 1175 5208 eloquit

197 2232 341 2305 Propter
359 2228 442 2305 quid
461 2226 657 2285 rationalem
678 2232 864 2284 creaturam

393 2318 480 2377 Deua
497 2314 669 2373 creauerit.

212 5323 219 5360 ¹
238 5317 284 5370 Ex
296 5317 417 5369 editione
432 5315 591 5370 Coloniensi
605 5315 721 5369 loannis
736 5315 853 5376 Soteris,
870 5313 942 5366 15³2.
