4309 6250
409 476 471 542 528
991 487 1133 533 rvrsrom
1157 486 1390 533 noucuvrronrn

300 690 384 735 rma.
410 670 488 735 fldei
507 665 761 743 confessionem,
782 681 820 728 33
838 664 970 727 tandem
985 664 1061 744 pest
1079 661 1274 743 multiplicis
1293 661 1437 724 caritatis
1458 661 1729 743 protestationem
1748 660 1903 741 tribuens,
1921 663 1967 725 ad

264 768 307 805 ¹¹¹⁹
320 758 387 799 Μ’
410 776 567 841 Ecclesiae
591 773 769 837 utilitatem
793 773 825 835 et
847 770 1090 835 necessitatem.

479 881 639 957 Quamvis
657 880 768 961 itaque
791 880 831 942 de
855 877 946 941 Petri
964 876 1103 957 eiusque
1122 891 1348 939 successorum
1369 877 1530 956 potestate
1552 876 1745 958 plenissima
1763 876 1813 939 illi
1831 895 1850 939 a
1869 876 1966 945 Chri·

409 992 462 1055 313
476 989 594 1053 collata
612 987 830 1069 apertissima
844 985 911 1048 sint
930 983 1172 1063 Scripturarum
1195 982 1406 1045 auctoritates
1424 999 1490 1045 non
1510 1000 1634 1064 paucae,
1648 983 1770 1063 quibus
1784 983 1964 1047 identidem

410 1098 555 1162 flendum
579 1090 855 1176 praefiguraretur,
881 1090 1140 1172 promitteretur,
1166 1088 1289 1169 etjam
1314 1087 1436 1151 factum
1462 1088 1657 1170 testaretur3
1678 1090 1768 1153 varie
1790 1091 1900 1152 tamen
1922 1090 1965 1153 de

410 1207 472 1269 133
490 1222 549 1286 pro
569 1203 780 1284 ingeniorum
798 1201 956 1264 varietate
977 1198 1196 1277 disceptatum
1219 1200 1279 1260 est.
1303 1197 1347 1259 At
1366 1196 1496 1276 quoties
1517 1196 1588 1260 haec
1607 1184 1749 1277 quaestio
1771 1198 1804 1259 in
1825 1196 1965 1260 dubium

411 1315 444 1377 et
469 1309 725 1375 controversiam
754 1307 906 1371 revocata
932 1305 1007 1384 luit,
1029 1304 1140 1383 toties,
1161 1303 1229 1366 imo
1256 1320 1387 1385 semper
1409 1302 1664 1366 determinatum
1690 1304 1740 1367 est
1769 1320 1828 1385 pro
1852 1305 1967 1366 sancta

411 1419 494 1485 Sede
517 1416 699 1499 apostolica
718 1416 750 1477 et
774 1414 846 1495 ejus
865 1412 1088 1476 auctoritate:
1116 1411 1379 1474 adversariorum
1408 1410 1542 1472 assertis
1566 1409 1749 1491 reprobatis
1772 1411 1804 1473 et
1830 1427 1968 1491 prorsus

410 1525 563 1607 rejectis3
580 1522 755 1601 machinis,
773 1520 932 1585 arietibus
952 1521 985 1581 et
1003 1518 1177 1581 tormentis
1199 1516 1320 1598 quibus
1339 1517 1425 1580 hanc
1443 1516 1559 1579 sedem
1582 1517 1741 1598 impetere
1760 1519 1792 1580 et
1809 1516 1968 1580 subruere

412 1632 610 1710 statuebant,
627 1630 769 1693 divulsis
799 1630 832 1691 31
854 1626 987 1706 amotis,
1012 1627 1050 1689 31
1076 1626 1236 1707 perpetuo
1265 1624 1462 1689 inconcussa
1485 1627 1688 1706 permaneat,
1712 1644 1830 1707 nempe
1853 1628 1970 1688 contra

264 1724 308 1765 ¹'¹'
351 1743 357 1756 '
412 1757 512 1823 quam
527 1756 587 1802 nec
603 1738 782 1820 potestates
801 1736 898 1799 aeriae
911 1735 944 1797 in
965 1732 1153 1796 ooelestibus
1171 1750 1231 1796 nec
1245 1734 1349 1814 portae
1365 1732 1461 1795 interi
1476 1732 1712 1814 praevalebunt.
1726 1734 1771 1797 Et
1787 1752 1827 1798 ne
1846 1750 1971 1815 propu-

411 1850 587 1929 gnatorum
602 1845 704 1926 bujus
721 1845 843 1907 sanctae
858 1842 954 1906 Sedis
973 1840 1124 1904 omnium
1140 1840 1251 1902 omnia
1266 1840 1493 1904 vetustissima
1512 1840 1545 1902 in
1570 1840 1718 1904 medium
1740 1842 1875 1905 alteram
1896 1857 1972 1902 mo-

411 1955 581 2033 numenta,
589 1952 733 2015 instituti
752 1951 819 2015 mei
838 1951 899 2027 est,
910 1949 957 2011 mi
973 1938 1121 2028 cognate,
1132 1946 1193 2009 tibi
1212 1964 1278 2009 non
1297 1946 1396 2009 modo
1411 1947 1516 2010 nostri
1532 1947 1685 2027 Dionysii
1700 1964 1721 2010 a
1735 1947 1848 2011 Rickel
1863 1946 1971 2010 libros

411 2062 453 2125 de
471 2060 549 2123 Vita
572 2061 604 2123 et
623 2058 783 2139 regimine
801 2056 982 2137 praesulum
1007 2054 1040 2116 31
1058 2052 1173 2117 Officio
1189 2052 1509 2133 archidiaconorum,
1531 2052 1664 2116 devita
1682 2054 1915 2117 canonicorum
1934 2055 1972 2115 et

2131 562 2132 619 1

412 2169 601 2231 curatorum
621 2182 697 2228 cum
716 2164 853 2244 reliquis
878 2161 1033 2226 omnibus
1056 2159 1335 2241 subsequentibus
1357 2159 1391 2222 in
1416 2160 1479 2223 hoo
1503 2160 1611 2241 primo
1634 2163 1727 2225 tomo
1752 2161 1972 2242 nuncupatim

412 2275 582 2355 dedicare,
602 2272 660 2337 sed
679 2271 782 2354 (quod
797 2270 1001 2353 praecipuum
1019 2269 1082 2349 cst)
1097 2284 1197 2348 quam
1213 2267 1357 2331 maxime
1371 2267 1583 2331 doctissimos
1602 2269 1668 2331 tres
1687 2268 1789 2331 libros
1806 2268 1846 2330 de
1863 2268 1970 2331 Sum-

412 2382 460 2445 mi
484 2377 655 2445 Pontificis
678 2382 711 2443 et
737 2378 952 2441 conciliorum
980 2375 1182 2456 generalium
1203 2374 1435 2454 jnrisdictione
1459 2376 1491 2437 et
1514 2376 1708 2439 anctoritate
1731 2393 1842 2456 :quos
1865 2376 1972 2438 bocca
2131 2394 2132 2445 1

413 2491 561 2571 tempore
590 2490 647 2550 tuo
673 2486 800 2550 nomini
827 2486 1044 2562 consecratos,
1064 2481 1266 2562 evulgandos
1293 2483 1477 2563 opportune
1508 2483 1698 2546 censuimus
1725 2483 1970 2561 commendare,

412 2596 497 2659 nihil
519 2594 738 2659 subdubitans
761 2611 818 2656 eos
836 2594 907 2654 turn
927 2589 1098 2653 liberiores
1118 2588 1186 2651 iore
1202 2606 1221 2651 a
1240 2588 1420 2651 Theoninis
1434 2587 1600 2668 dentibus,
1618 2589 1647 2652 si
1666 2592 1734 2653 tam
1754 2589 1857 2652 rabidi
1870 2607 1973 2654 canes

413 2704 462 2767 tui
483 2702 658 2784 patrocinii
674 2701 766 2781 virga
784 2698 1089 2777 arceantur.Neqne
1108 2696 1169 2759 erit
1182 2695 1362 2758 admodum
1382 2713 1480 2775 grave
1496 2695 1556 2759 tibi
1571 2700 1800 2760 consummato
1814 2696 1973 2778 theologo

413 2812 447 2874 et
472 2810 600 2890 jnrium
626 2808 745 2890 perito,
771 2805 996 2888 protonotario
1025 2805 1057 2865 et
1085 2802 1237 2883 scriptori
1263 2802 1457 2883 apostolico,
1480 2804 1681 2867 sanctissimi
1709 2804 1836 2867 domini
1863 2804 1973 2867 nostri

412 2916 512 2996 Papae
539 2914 693 2994 acolytho
718 2912 752 2975 in
780 2911 932 2975 Romana
960 2910 1050 2972 curia
1077 2908 1136 2972 diu
1166 2908 1308 2986 versate,
1339 2906 1411 2987 eJus
1440 2907 1624 2971 doctrinam
1657 2910 1755 2989 tueri,
1782 2926 1855 2990 quae
1884 2910 1973 2972 nihil

413 3021 512 3085 habet
540 3021 628 3101 quod
656 3037 789 3084 nonen
814 3018 916 3081 sacris
943 3016 1079 3079 Litteris
1106 3016 1164 3077 331
1191 3014 1375 3095 priscorum
1404 3014 1540 3078 Petrum
1569 3015 1709 3080 decretis
1738 3017 1770 3079 et
1796 3017 1971 3080 doctorum

413 3130 546 3211 scriptis
564 3128 748 3211 profectum
769 3127 823 3190 sit.
845 3124 950 3207 Cujus
968 3124 1015 3188 rei
1037 3141 1168 3188 mecum
1193 3122 1293 3186 testes
1312 3124 1389 3185 sunt
1414 3123 1480 3186 tres
1502 3122 1719 3188 eruditissimi
1744 3126 1779 3188 in
1805 3123 1973 3206 theologia

414 3239 447 3301 et
476 3235 609 3317 juribus
636 3235 771 3314 summi,
794 3249 938 3314 quorum
964 3231 1121 3308 examini,
1142 3246 1183 3293 ne
1206 3229 1287 3310 quid
1317 3231 1438 3292 temere
1462 3247 1605 3310 agerem,
1631 3232 1809 3296 commissa
1836 3231 1897 3295 est.
1928 3233 1972 3294 ut

414 3345 647 3425 argumentum
671 3343 761 3424 quod
788 3341 916 3419 tractat,
938 3357 957 3402 a
985 3337 1168 3402 Neotoriois
1193 3337 1281 3399 haud
1306 3338 1356 3400 est
1378 3336 1576 3417 neglectum.
1598 3337 1663 3401 Ubi
1688 3339 1842 3419 equidem
1866 3337 1973 3402 libros

414 3452 476 3515 hos
500 3451 654 3530 Dionysii
682 3450 799 3529 nostri,
825 3450 863 3511 31
885 3447 1008 3510 multos
1031 3445 1115 3508 alios
1144 3446 1379 3525 pertranseam,
1406 3460 1482 3507 oum
1510 3445 1776 3508 reverendissimi
1804 3445 1910 3526 patris
1939 3449 1972 3509 31

414 3557 542 3622 domini
571 3558 611 3620 D.
636 3555 773 3619 Thomae
803 3555 949 3634 Gajetani
980 3552 1155 3616 cardinalis
1182 3553 1216 3616 S.
1237 3551 1335 3630 Sixti,
1367 3568 1407 3613 ex
1435 3551 1557 3615 Ordine
1584 3552 1854 3630 Praedicatorum,
1882 3552 1972 3616 libro

415 3666 455 3729 de
475 3663 727 3746 Comparatione
752 3661 957 3726 auctoritatis
979 3660 1078 3740 Papae
1098 3661 1131 3722 et
1149 3659 1280 3722 concilii
1305 3675 1363 3721 seu
1382 3657 1538 3722 Ecclesiae
1557 3659 1754 3722 universalis
1777 3659 1971 3740 contuleris

414 3771 538 3853 absque
562 3770 695 3851 negotio
719 3769 884 3849 intelliges
909 3767 997 3829 hunc
1019 3765 1061 3828 ab
1085 3765 1176 3828 illius
1199 3765 1363 3830 sententia
1386 3781 1453 3827 non
1472 3764 1587 3828 abesse
1608 3785 1616 3826 :
1636 3765 1702 3828 nisi
1720 3766 1809 3847 quod
1826 3767 1973 3848 quisque

414 3895 476 3942 suo
503 3877 657 3959 tempori,
690 3877 780 3954 stilo,
808 3874 933 3956 phrasi,
964 3873 1063 3936 modo
1092 3874 1124 3936 et
1151 3872 1278 3936 ratione
1306 3871 1478 3951 tractandi,
1502 3871 1700 3935 inservierit.
1725 3871 1837 3934 Veluti
1867 3873 1973 3937 etiam

414 4002 514 4048 causa
533 3987 566 4048 et
589 3983 716 4046 occasio
741 3981 806 4045 alia
829 3980 949 4044 313113
972 3978 1047 4056 1311,
1068 3980 1145 4042 11331
1168 3979 1280 4042 eadem
1306 3979 1438 4059 utrique
1463 3978 1614 4057 intentio,
1635 3995 1753 4060 nempe
1775 3977 1974 4044 defensandi

415 4108 539 4171 veram,
556 4091 688 4153 unicam
712 4105 944 4168 summamque
967 4085 1110 4150 Romani
1135 4085 1307 4148 Pontificis
1331 4102 1431 4165 super
1453 4084 1674 4149 universalem
1692 4085 1875 4149 Ecclesiam
1897 4103 1975 4150 ma-

412 4198 579 4280 jestatem,
600 4197 796 4278 dignitatern
815 4197 848 4258 et
871 4195 1080 4275 potestatem.
1102 4194 1139 4255 ln
1164 4209 1229 4273 quo
1253 4193 1282 4255 si
1306 4195 1379 4255 tum
1402 4191 1457 4254 ille
1480 4208 1605 4255 errasse
1629 4192 1802 4270 diceretur,
1823 4193 1878 4255 hic
1897 4193 1974 4274 jam

415 4305 596 4370 acerrimus
614 4304 779 4383 defensor,
794 4303 966 4382 utriusque
984 4317 1195 4364 communem
1214 4300 1411 4364 sententiam
1434 4299 1607 4363 tutabitur.
1624 4299 1868 4380 Promptiorem
1890 4319 1975 4366 vero

415 4413 566 4476 animum
594 4411 787 4475 defensandi
816 4410 1015 4490 Dionysium
1044 4409 1078 4470 in
1115 4410 1147 4470 te
1174 4425 1241 4471 non
1274 4407 1437 4486 desidero,
1467 4422 1567 4487 quam
1601 4407 1759 4476 hactenus
1786 4406 1821 4469 in
1850 4424 1906 4472 me
1941 4411 1978 4474 31

415 4521 524 4583 totum
553 4519 711 4583 Ordinem
740 4520 890 4581 nostrum
921 4515 1098 4597 multiplici
1128 4514 1357 4578 benevolentia
1385 4515 1416 4576 et
1444 4513 1642 4594 largissimis
1669 4514 1841 4578 declarasti
1870 4515 1978 4581 1333-

416 4627 513 4707 113113,
537 4626 659 4709 quibus
677 4643 738 4688 nos
761 4627 850 4688 totos
873 4624 933 4687 1111
956 4623 1146 4686 devinxisti.
1169 4623 1306 4686 Possem
1332 4620 1385 4684 113
1408 4637 1539 4702 quoque
1563 4638 1629 4684 non
1654 4639 1775 4703 paucas
1801 4623 1979 4704 assignare

416 4735 562 4799 rationes
581 4751 639 4797 cur
653 4733 708 4796 hio
726 4733 833 4796 honor
851 4749 951 4813 qnam
969 4730 1115 4794 maxime
1134 4729 1195 4793 1111
1215 4747 1234 4791 3
1255 4747 1309 4792 me
1330 4727 1449 4798 deferri
1468 4722 1636 4808 debuerit,
1646 4732 1683 4791 ut
1701 4729 1786 4793 inter
1807 4731 1980 4816 plurimos

416 4842 599 4920 3311111313,
634 4841 806 4921 dignitate,
837 4839 957 4902 animae
989 4838 1022 4900 et
1050 4837 1197 4918 corporis
1228 4836 1362 4900 dotibus
1392 4835 1663 4916 praeclarissimos
1689 4837 1779 4899 viros
1807 4837 1981 4922 Dionysio

417 4951 631 5031 tarentasie
655 4949 953 5029 impraesentiarum
978 4945 1153 5025 delegerim
1181 4944 1393 5008 Maecenatem
1417 4943 1449 5004 et
1476 4941 1594 5004 horum
1623 4942 1838 5023 prelatorum
1871 4945 1982 5012 libro-

416 5077 491 5124 rum
506 5061 695 5140 patronum,
707 5055 773 5118 nisi
787 5071 914 5118 vererer
929 5070 1045 5116 rursus
1058 5051 1117 5116 abs
1130 5052 1162 5115 te
1175 5050 1336 5131 inculpari
1355 5067 1392 5112 ac
1407 5049 1457 5130 [si]
1477 5048 1553 5130 plus
1571 5048 1652 5112 satis
1670 5051 1702 5112 te
1720 5054 1984 5121 commendasse

416 5169 529 5248 velim,
550 5167 608 5248 qui
631 5165 738 5228 mavis
759 5163 867 5245 reipsa
886 5162 1040 5225 omnibus
1065 5159 1247 5224 honoribus
1269 5157 1390 5238 dignus
1415 5174 1498 5237 esse,
1514 5173 1614 5237 quarn
1640 5155 1750 5220 verbis
1775 5161 1988 5242 ampullosis

416 5274 627 5365 praeconizari
647 5275 680 5336 31
702 5271 827 5336 extolli.
849 5269 915 5333 Cur
938 5267 1063 5350 alioqui
1090 5267 1286 5330 subticerem
1314 5267 1409 5328 tuum
1433 5265 1578 5327 amicum
1602 5263 1841 5348 sincerumque
1864 5269 1903 5332 in
1930 5289 1987 5340 me
