4309 6250
300 3231 388 3276 umet.

269 3298 401 3346 nuntiat.

413 474 471 545 lid

638 500 678 546 DE
699 498 863 547 DlGNlTATll
882 500 921 545 ΕΤ
940 500 1089 548 txnnrnus
1109 501 1139 546 B.
1163 501 1191 545 t.
1213 499 1329 559 ΙΔΜΕ,
1352 502 1441 548 tmen
1460 502 1504 547 m.
1527 520 1568 531 ··
1588 502 1658 548 aar.
1680 502 1738 549 xm

413 676 445 731 et
465 670 683 734 mediatricem
706 670 929 735 universorum
951 671 1098 735 fidelium
1122 691 1160 735 ac
1174 671 1201 734 A
1215 672 1296 735 solet
1322 674 1531 756 proprietates
1558 683 1590 736 et
1615 673 1783 755 qualitates
1810 671 1881 752 ejus
1912 666 1976 733 cui

413 766 509 829 totius
519 768 815 832 Ecclesiaelllatrem
830 789 905 833 vero
919 778 951 832 et
961 771 1157 847 advocatam,

417 866 653 929 eustoditrieem
669 887 705 930 ao
718 867 933 931 mediatricem
948 868 1049 949 pietas
1060 876 1092 930 θῖ
1106 868 1162 931 mi-

415 963 585 1026 sericordia
599 964 763 1046 potissime
777 966 941 1041 decent,et
955 972 1042 1027 tanto
1057 965 1161 1046 cepio

416 1059 513 1122 siores
534 1070 652 1141 quanto
673 1062 794 1143 majora
809 1070 883 1125 sunt
897 1063 1083 1125 miserorum
1106 1081 1161 1144 pe-

416 1156 526 1235 ricula,
548 1178 612 1239 quo
634 1160 737 1241 maior
757 1160 943 1242 indigentia,
967 1178 1031 1241 quo
1053 1160 1160 1242 plures

416 1256 508 1337 egeni
530 1276 566 1319 ao
588 1257 707 1321 miseri.
723 1258 846 1322 ldciroo
866 1258 993 1320 Mariam
1014 1258 1162 1339 dignissi-

416 1373 499 1416 mam
515 1363 579 1417 tam
594 1355 874 1419 innumerabilium
887 1355 1019 1418 millium
1035 1357 1163 1419 misero

416 1472 498 1531 rum,
521 1454 584 1517 imo
609 1454 860 1518 miserrimorum
884 1474 921 1517 ac
948 1456 1161 1537 indigentissi-

416 1568 540 1612 morum
556 1560 688 1614 matrem
703 1560 734 1614 et
749 1553 944 1630 advocatam,
954 1562 1077 1636 oportet
1091 1572 1161 1615 esse

415 1647 584 1711 omnifarie
599 1650 928 1714 misericordissimam
947 1660 1042 1731 atque
1056 1651 1163 1733 piissi-

416 1766 500 1807 mam
517 1770 524 1807 :
542 1748 715 1827 prasertim
735 1766 832 1829 quum
854 1748 962 1810 miseri
984 1756 1016 1810 θῖ
1036 1748 1161 1810 exsules

1214 771 1318 852 magis
1332 771 1453 851 unitur,
1469 781 1501 835 θῖ
1514 772 1599 853 quod
1614 771 1823 854 propinquius
1843 770 1873 833 ei
1888 787 1978 833 eon·

1215 868 1370 951 jungitur,
1387 878 1418 933 θῖ
1438 872 1523 951 quod
1545 870 1629 933 infra
1643 871 1748 952 ipsum
1770 869 1973 947 continetur,

1216 977 1429 1031 commoratur
1450 989 1487 1032 ac
1511 969 1661 1031 diuturne
1683 966 1830 1050 quiescit.
1850 966 1974 1030 Nonne

1216 1084 1291 1147 ergo
1315 1066 1587 1129 venerandissime
1614 1066 1706 1146 virgo
1729 1065 1825 1127 hieria
1853 1064 1888 1126 in
1917 1063 1975 1125 vi·

1216 1183 1305 1226 scera
1328 1163 1555 1227 misericordie
1579 1183 1616 1226 ac
1641 1164 1767 1246 pietatis
1791 1180 1873 1245 pene
1897 1169 1973 1225 tota

1216 1277 1370 1322 conversa
1397 1269 1457 1338 est,
1486 1261 1637 1342 omnique
1664 1260 1783 1342 pietate
1810 1267 1841 1321 et
1868 1258 1975 1321 mise·

1216 1355 1352 1421 ricordia
1374 1358 1656 1421 exuberantissime
1674 1367 1707 1421 θῖ
1730 1356 1973 1439 supereffluen-

1215 1454 1335 1518 tissime
1357 1464 1406 1517 est
1427 1456 1558 1536 repleta,
1574 1476 1645 1537 quae
1665 1456 1756 1518 Fonti
1778 1454 1875 1518 totius
1897 1454 1973 1535 pie-

1215 1553 1288 1615 tatis
1307 1562 1339 1615 et
1357 1553 1583 1617 misericordiae
1604 1562 1669 1617 tarn
1692 1552 1970 1637 propinquissime

1214 1670 1252 1714 ac
1286 1641 1534 1714 familiarissime
1561 1662 1611 1715 est
1637 1652 1739 1730 unita,
1767 1670 1837 1732 qua
1870 1650 1968 1712 illurn

1214 1768 1288 1811 vere
1313 1750 1470 1831 concepit,
1496 1759 1591 1830 atque
1618 1770 1657 1813 ex
1685 1768 1720 1813 se
1748 1749 1966 1825 incarnatum,

416 1842 480 1920 isti,
493 1862 628 1924 quorum
644 1843 797 1907 divinitus
812 1846 985 1907 constituta
999 1852 1047 1907 est
1061 1854 1162 1907 mater
1176 1844 1199 1904 B
1214 1847 1299 1908 intra
1313 1867 1347 1909 εθ
1361 1855 1408 1909 ῖοῖ
1428 1847 1593 1911 mensibus
1613 1847 1780 1929 bajulavit,
1796 1865 1833 1909 ac
1852 1854 1968 1908 natum

416 1951 448 2005 et
462 1943 625 2021 advocata,
641 1942 706 2004 sint
723 1942 923 2023 gravissimis
938 1950 970 2005 et
988 1941 1162 2005 ineffabili-

415 2040 486 2117 bus,
503 2039 803 2122 irrecuperabilibus
818 2059 856 2103 ac
869 2040 997 2104 aeternis
1011 2040 1161 2121 periculis

416 2146 576 2221 perpetua
599 2137 812 2200 damnationis
837 2137 981 2219 expositi,
1003 2138 1162 2200 atrocissi-

416 2236 488 2314 mis,
512 2234 695 2297 fortissimis
718 2242 751 2297 et
767 2235 997 2297 versutissimis
1019 2234 1161 2297 inimicis

417 2332 614 2409 circumdati,
635 2332 722 2395 omni
738 2331 921 2415 fragilitate,
939 2332 1058 2414 inopia,
1080 2333 1162 2395 cala-

416 2431 525 2494 mitate
537 2430 735 2512 repletillaec
746 2447 821 2511 ergo
833 2430 974 2511 pericula
985 2430 1162 2493 clementis

416 2528 497 2591 sima
514 2536 546 2590 et
560 2526 793 2608 sapientissima
807 2526 861 2589 illa
875 2527 971 2589 llaria
985 2528 1161 2590 clarissime

415 2646 452 2690 ao
464 2626 706 2707 diligentissime
720 2625 860 2705 intuens,
870 2626 970 2689 multo
985 2627 1162 2708 plusquam

415 2725 542 2807 ipsimet
566 2724 683 2803 miseri,
711 2723 989 2787 vehementissime
1015 2725 1163 2787 condolet

415 2824 472 2903 eis,
494 2830 525 2885 et
545 2821 746 2904 paratissima
766 2830 815 2885 θεῖ
835 2822 989 2901 misereri,
1005 2821 1160 2902 auxiliari,

417 2930 448 2984 et
463 2939 563 3001 usque
580 2920 612 2980 in
627 2919 726 2982 linem
743 2921 867 2982 adstare
881 2928 911 2983 et
927 2919 1090 3000 adjuvare.

1215 1964 1253 2007 ex
1275 1964 1310 2006 se
1333 1952 1378 2007 tot
1402 1945 1495 2007 annis
1516 1945 1735 2023 contrectavit,
1757 1943 1849 2021 fovit,
1870 1943 1972 2006 coha-

1214 2040 1431 2123 bitantemque
1447 2043 1575 2105 babuitl
1590 2043 1712 2118 Quanto
1726 2042 1853 2124 pietatis
1867 2041 1969 2103 odore

1216 2139 1289 2202 inde
1304 2138 1433 2221 perfusa
1447 2147 1514 2202 est!
1531 2148 1648 2221 quanta
1664 2137 1891 2202 misericordie
1906 2138 1971 2200 lar-

1214 2238 1312 2318 gitate
1335 2257 1373 2299 ex
1398 2237 1454 2300 illo
1478 2238 1610 2319 impleta
1633 2246 1700 2301 θεῖῖ
1725 2246 1845 2318 quanta
1867 2238 1968 2301 totius

1214 2333 1421 2414 benignitatis
1443 2334 1610 2398 affluentia
1632 2344 1680 2398 θεῖ
1700 2335 1774 2397 inde
1799 2341 1966 2415 respersa!

1216 2432 1247 2493 Si
1267 2431 1339 2512 quis
1359 2433 1398 2493 ad
1422 2432 1567 2494 horulam
1591 2442 1698 2496 teneat
1720 2433 1755 2494 in
1775 2452 1874 2495 manu
1892 2431 1969 2495 her·

1215 2529 1288 2591 bam
1314 2528 1506 2610 fragrantem
1527 2539 1582 2592 aut
1601 2530 1797 2593 odorifemm
1819 2548 1966 2613 pomum,

1216 2644 1322 2689 nonne
1342 2646 1455 2689 manus
1474 2628 1545 2709 ejus
1564 2627 1639 2690 hinc
1654 2627 1813 2691 contrabit
1833 2628 1967 2691 odorem

1216 2726 1369 2786 suavcmf
1383 2724 1449 2786 lmo
1468 2733 1501 2786 et
1519 2725 1614 2786 rebus
1635 2725 1699 2788 illis
1717 2725 1844 2804 amotis,
1860 2724 1966 2787 adhuc

1216 2829 1324 2883 manet
1348 2821 1381 2883 in
1406 2841 1502 2884 manu
1530 2822 1637 2885 odoris
1666 2823 1815 2885 suavitas.
1842 2821 1967 2896 Quanto

1216 2918 1318 3000 magis
1339 2919 1540 2982 divinissima
1560 2920 1648 3001 virgo
1663 2921 1760 2983 Maria
1779 2940 1818 2982 ex
1832 2927 1896 2982 tam
1919 2918 1967 2981 fa-

455 3018 597 3098 lnsuper,
624 3036 715 3079 servo
740 3016 875 3098 ingrato,
905 3018 995 3095 duro,
1022 3016 1163 3079 immise-
1181 3016 1332 3079 Cmiliari
1359 3025 1390 3078 et
1414 3016 1525 3078 intima
1551 3018 1778 3099 conjunctione
1805 3036 1879 3080 curn
1908 3016 1966 3079 illo

417 3115 545 3196 ricordi,
570 3115 722 3178 Dominus
744 3115 777 3177 in
799 3114 971 3196 Evangelio
993 3114 1160 3196 loquitur:

416 3214 512 3276 Serve
534 3232 683 3294 nequam,
699 3231 793 3275 omne
814 3213 956 3275 debitum
978 3213 1084 3275 dirnisi
1105 3214 1163 3276 tibi

416 3312 566 3394 quoniam
584 3311 699 3392 rogasti
714 3329 766 3372 me
783 3334 790 3371 ε
808 3329 913 3372 nonne
929 3328 1004 3391 ergo
1024 3312 1165 3391 oportuit

415 3419 448 3474 et
472 3419 501 3472 ῖθ
525 3407 671 3471 misereri
695 3409 840 3470 conservi
867 3408 925 3486 tui,
946 3409 1028 3469 sicut
1052 3417 1084 3469 θῖ
1104 3427 1162 3488 ego

415 3507 564 3570 misertus
579 3525 650 3567 sum
666 3505 728 3566 tuif
739 3504 804 3579 Quo
819 3513 943 3568 constat
956 3525 1163 3586 unumquem-

415 3626 477 3688 que
505 3613 591 3667 tanto
620 3603 905 3666 misericordiorem
935 3623 1004 3666 esse
1033 3604 1160 3684 debere,

415 3711 533 3785 quanto
562 3702 714 3783 majorem
745 3702 882 3782 desuper
914 3701 1162 3765 misericordiam

337 3815 339 3819 ’
414 3810 463 3864 θεῖ
481 3800 620 3864 sortitus
641 3798 786 3860 Piissima
810 3807 914 3861 autem
941 3800 1029 3882 virgo
1054 3799 1159 3876 llaria,

414 3919 479 3982 pra
497 3899 583 3962 omni
603 3905 708 3960 creata
729 3915 864 3978 persona
888 3917 1043 3960 summam
1064 3906 1096 3960 θῖ
1114 3897 1162 3959 in-

413 3995 660 4079 comparabilem
675 4013 867 4076 prorsusque
884 3994 1082 4058 ineffabilem
1102 3996 1161 4058 rni-

413 4095 614 4158 sericordiam
642 4101 674 4155 et
709 4093 857 4172 pietatem
893 4101 940 4155 θεῖ
975 4103 1157 4174 consecuta,

1217 3114 1271 3195 qui
1287 3115 1536 3177 substantialiter
1550 3123 1582 3178 et
1598 3114 1878 3179 interminabiliter
1892 3114 1967 3196 pius

1217 3213 1462 3295 misericorsque
1491 3214 1647 3295 consistit,
1674 3214 1707 3275 in
1735 3214 1965 3277 suavissimum

1217 3309 1313 3372 totius
1337 3309 1463 3391 pietatis
1491 3329 1528 3372 ac
1557 3311 1782 3373 misericordia
1809 3309 1964 3373 affectum

1217 3416 1410 3470 commutata
1443 3411 1614 3470 censeturl
1643 3409 1681 3470 Et
1713 3427 1788 3470 vere
1820 3408 1966 3490 piissima

1218 3506 1412 3586 perhibetur,
1436 3504 1469 3567 in
1492 3514 1614 3567 fantum
1636 3514 1672 3567 ut
1694 3506 1753 3569 rite
1779 3506 1876 3569 llater
1894 3525 1966 3587 gra-

1217 3604 1280 3680 tiae,
1297 3603 1416 3684 Regina
1438 3602 1676 3680 misericordia,
1696 3602 1882 3685 imperatrix
1901 3604 1967 3666 cle-

1216 3701 1344 3762 mentita
1364 3709 1567 3782 nuncupetur
1584 3725 1591 3762 :
1609 3720 1704 3782 quam
1726 3701 1862 3763 'lrinitas
1881 3702 1965 3764 Deus

1216 3798 1250 3859 in
1267 3797 1356 3879 regni
1378 3799 1427 3860 sui
1451 3799 1588 3880 sumpsit
1607 3807 1800 3877 consortem,
1815 3808 1848 3862 θῖ
1865 3818 1966 3880 regno

1215 3896 1347 3977 justitiae
1365 3896 1425 3958 sibi
1448 3897 1509 3977 ipsi
1530 3905 1663 3975 retento,
1686 3917 1819 3980 regnum
1841 3897 1967 3960 miseri·

1216 3994 1332 4057 cordiae
1344 3994 1390 4056 illi
1406 3995 1586 4073 commisit3
1603 4015 1663 4058 nec
1677 3996 1749 4059 illos
1771 3996 1967 4059 condemnat

1216 4094 1270 4174 qui
1288 4094 1327 4155 ad
1348 4093 1496 4155 thronum
1522 4093 1711 4176 confugiunt
1736 4093 1965 4156 misericordiae

411 4201 520 4274 utpote
554 4189 826 4252 abundantissima
859 4188 1080 4253 benedictione
1112 4191 1198 4256 di-l)
1216 4191 1368 4272 piissimae
1382 4191 1498 4268 llatris,
1515 4191 1608 4271 cujus
1623 4193 1744 4254 meritis
1763 4200 1796 4254 et
1812 4192 1965 4274 precibus

411 4291 495 4352 vinae
505 4288 686 4352 dulcedinis
697 4288 827 4350 omnino
844 4287 1053 4368 praeventam
1070 4297 1159 4352 utero

411 4389 613 4454 sanctificata
635 4405 671 4447 ac
688 4385 806 4465 Spiritu
823 4384 937 4446 Sancto
959 4385 1089 4466 repleta,
1106 4387 1160 4449 de-

411 4489 485 4552 inde
505 4486 545 4548 ab
564 4484 651 4547 omni
671 4483 765 4563 culpa
784 4482 879 4544 etiarn
903 4481 1016 4544 veniali
1039 4483 1160 4546 miseri-

411 4585 597 4651 cordissime
611 4590 811 4663 praeservata,
829 4589 928 4642 mater
944 4580 991 4642 sui
1006 4580 1160 4644 creatoris

411 4705 448 4748 ao
468 4679 639 4745 Salvatoris
664 4678 793 4757 effecta,
814 4679 852 4740 ad
878 4678 1158 4760 incomparabilem

411 4781 520 4865 gratia
554 4797 591 4841 ac
627 4777 735 4858 gloriae
770 4776 989 4838 excellentiam
1023 4778 1161 4858 plenitu-

412 4881 582 4958 dinemque
603 4875 765 4957 perducta.
782 4873 845 4936 Nec
867 4874 1085 4937 misericordia
1106 4876 1159 4938 Dei

1214 4289 1260 4350 nil
1282 4288 1424 4350 decrevit
1443 4307 1513 4350 esse
1533 4290 1726 4370 negandum.

1254 4387 1425 4464 Postremo,
1442 4395 1572 4468 propter
1586 4389 1720 4451 miseros
1735 4388 1962 4466 sublevandos,

1213 4493 1300 4546 tanta
1327 4483 1435 4566 gratia
1466 4485 1631 4565 plenitudo
1665 4494 1714 4547 est
1744 4485 1965 4567 glorificanda

1213 4582 1316 4646 llariae
1344 4591 1408 4644 tam
1441 4582 1738 4646 misericordissime
1771 4585 1962 4648 condonata.

1214 4680 1477 4743 Decentissimum
1498 4698 1574 4762 ergo
1587 4688 1636 4742 θεῖ
1656 4688 1691 4743 ut
1704 4682 1743 4744 de
1763 4681 1965 4763 plenitudine

1214 4777 1440 4840 misericordiae
1475 4797 1539 4839 suae
1574 4778 1788 4841 communicet
1822 4776 1962 4860 miseris,

1214 4876 1389 4958 praesertim
1404 4895 1503 4956 quum
1524 4883 1556 4938 ct
1576 4875 1725 4957 princeps
1739 4877 1964 4958 Apostolorum

1214 4974 1300 5036 dicat
1316 4996 1323 5035 :
1340 4974 1561 5054 Unusquisque
1576 4973 1659 5035 sicut
1672 4975 1798 5056 accepit
1815 4976 1964 5057 gratiam,
1989 5009 1997 5051 ι
2010 5011 2087 5054 pm·
2101 5027 2132 5059 π,

1215 5073 1248 5135 in
1273 5073 1459 5134 alterutrum
1479 5072 1566 5134 illam
1588 5072 1857 5151 administrantes,
1880 5075 1967 5138 sicut
1981 5076 2021 5116 ¹⁰·
2152 5077 2153 5166 l

1214 5169 1291 5232 boni
1306 5169 1540 5251 dispensatores
1556 5169 1761 5232 multiformis
1774 5171 1884 5252 gratia
1894 5174 1963 5238 llci.
2152 5173 2153 5264 l

1216 5269 1346 5331 'l'actum
1371 5276 1420 5330 est
1443 5287 1581 5350 quoque,
1601 5276 1632 5331 et
1655 5276 1789 5348 certum,
1809 5273 1893 5352 quod
1917 5271 2030 5339 fe-na
2043 5307 2125 5346 m.
2152 5265 2153 5330 l

2152 5395 2153 5432 l

413 4977 516 5041 solum
540 4973 688 5038 consistit
711 4973 744 5034 in
768 4972 956 5035 remissione
980 4974 1159 5054 culpamm,

414 5076 467 5139 sed
497 5074 592 5137 etiam
624 5071 655 5133 in
684 5069 852 5151 largitione
884 5071 1161 5152 praeventioneque

414 5174 596 5257 gratiarum.

454 5271 564 5336 Adhuc
580 5275 698 5346 autem,
709 5267 958 5349 unumquodque
972 5267 1160 5331 contrahere
