4309 6250
445 515 506 582 ott

740 535 858 583 coma
879 534 1048 582 chartule!
1068 533 1239 592 uthotttttt,
1263 533 1351 580 tineo
1373 533 1403 580 11.
1426 549 1471 602 ''.
1488 535 1557 582 tur.
1581 533 1700 581 xxxvttt

444 704 575 769 ditionis
589 704 730 785 fuerunt,
746 723 849 787 poenao
862 704 1031 786 acquirunt
1044 722 1193 786 augmen·
1206 703 1232 766 A
1247 726 1419 767 cavernam
1439 708 1596 784 profectis
1617 707 1861 767 introducatur.
1876 705 1978 768 Nesia

445 811 513 866 tum
538 805 615 866 dum
639 804 687 867 illi
713 811 864 868 corruunt
886 803 920 865 in
945 802 1118 866 infernum.
1141 801 1192 864 Sic

445 921 584 984 namque
599 901 809 966 infelicissimi
824 901 992 966 hlahometi
1007 920 1102 984 poena
1115 919 1193 982 quo·

444 1000 520 1062 tidie
534 1000 813 1064 vehementissime
824 1001 1193 1083 augmentatur,descen-

443 1098 592 1162 dentibus
619 1100 659 1162 ad
687 1098 806 1162 inieros
834 1099 1025 1179 SarraceniS,
1054 1117 1190 1181 qnorum

442 1197 585 1262 omnium
600 1198 824 1261 condemnatio
839 1198 995 1261 redundat
1010 1198 1043 1260 in
1058 1199 1164 1279 ipsum
1182 1219 1189 1259 :

1248 806 1308 864 illa
1332 825 1473 866 caverna
1500 826 1598 866 aures
1626 809 1762 866 illorum
1785 822 1846 881 per
1867 813 1980 864 centvm

1247 923 1351 964 annos
1364 905 1637 974 obstruaimus,el
1652 907 1784 964 demum
1800 923 1849 963 evs
1864 904 1981 962 resusci-

1249 1004 1412 1072 tavimus,·
1425 1021 1483 1062 nec
1505 1023 1618 1063 eorum
1641 1005 1716 1082 quis
1740 1021 1907 1062 numerum
1926 1002 1981 1059 die·

1249 1121 1323 1161 rum
1346 1121 1414 1161 suee
1432 1103 1603 1178 sopitionis
1623 1103 1837 1161 resuscitatus
1854 1100 1978 1177 aquarii.

1249 1201 1372 1270 Quibus
1396 1201 1546 1260 dicimus
1560 1203 1642 1262 :Aa
1664 1219 1839 1259 cavernam
1862 1199 1979 1266 tendite,

442 1298 527 1360 undo
542 1305 588 1360 tot
602 1296 811 1379 reproborum
827 1315 938 1379 poenes
953 1296 1039 1360 solus
1060 1304 1192 1358 aetcrna-
1248 1299 1358 1378 ibique
1370 1302 1454 1359 Deus
1470 1299 1556 1358 vobis
1567 1299 1828 1358 misericordiam
1843 1305 1871 1356 el
1882 1317 1979 1356 rervm

442 1395 514 1458 liter
527 1394 710 1472 sustinebit,
726 1403 803 1477 quot
816 1395 953 1477 decepit.
966 1394 1192 1458 Verumtamen
1247 1397 1487 1457 abundantiam
1511 1397 1641 1458 tribuet.
1662 1400 1723 1458 Eos
1747 1405 1854 1456 autem
1877 1397 1979 1470 sopitos

442 1495 503 1557 hoo
524 1512 626 1577 poento
649 1502 855 1576 augmentum
880 1502 952 1576 post
970 1493 1056 1556 diem
1076 1492 1191 1574 judicii
1247 1498 1294 1555 sol
1308 1496 1417 1556 oriens
1432 1496 1466 1555 in
1482 1497 1631 1565 deutera,
1646 1497 1794 1554 occidens
1808 1495 1842 1553 in
1857 1495 1978 1553 sinistra

442 1609 516 1655 mox
539 1590 639 1655 linem
663 1591 828 1674 suscipiet,
849 1591 893 1654 ila
914 1591 999 1673 quod
1025 1591 1108 1653 ultra
1128 1609 1192 1652 non
1244 1601 1342 1669 parte
1363 1595 1534 1668 percussit.
1558 1595 1634 1654 Illis
1658 1593 1695 1652 in
1720 1593 1826 1652 medio
1848 1609 1979 1652 caverna

444 1697 566 1752 crescet
578 1713 585 1751 :
597 1689 673 1771 quia
687 1697 763 1752 tunc
778 1689 886 1753 omnia
900 1688 1085 1773 plenissime
1100 1697 1193 1751 erunt
1245 1692 1361 1766 positis
1379 1699 1477 1770 atque
1490 1692 1604 1766 sopitis
1622 1692 1713 1768 (licet
1735 1690 1870 1770 quilibet
1887 1689 1979 1764 adspi-

444 1788 476 1850 in
499 1787 648 1851 termino.
665 1788 935 1864 Quemadmodum
958 1796 1064 1850 aulem
1086 1786 1191 1869 augeli
1247 1791 1334 1848 ciens
1359 1809 1409 1848 eos
1438 1789 1552 1864 vipiles
1577 1790 1781 1865 testimaret),
1803 1788 1891 1848 canis
1916 1795 1980 1844 ante

444 1887 544 1950 suncti
574 1886 630 1968 qui
664 1886 831 1950 hominum
866 1893 941 1948 sunt
969 1885 1128 1963 custodeS,
1159 1883 1191 1947 in
1207 1884 1230 1945 B
1248 1887 1365 1946 ostium
1381 1887 1543 1956 accubuit,
1559 1887 1628 1946 iliis
1643 1888 1680 1946 in
1695 1889 1832 1946 deutera
1846 1887 1979 1944 sinistra·

442 1983 632 2049 accidentali
643 1984 773 2066 praemio
784 2003 927 2047 crescere
941 2003 1042 2065 usque
1053 1984 1091 2046 ud
1107 1983 1192 2045 diem

441 2083 555 2165 judicii
577 2091 720 2165 possunt,
737 2083 888 2164 quoniam
909 2102 947 2145 ex
968 2082 1119 2144 societate
1141 2100 1193 2145 eo-

443 2201 513 2244 rum
528 2180 582 2262 qui
599 2201 655 2263 per
669 2181 812 2263 ipsorum
824 2180 988 2243 salvantur
1001 2180 1190 2259 custodiam,

442 2280 561 2362 aliquid
585 2279 789 2342 accidentalis
813 2277 922 2361 glorie
945 2278 992 2342 eis
1016 2278 1190 2356 accrescit3

442 2377 489 2440 sic
504 2379 726 2440 damnatorum
747 2377 910 2440 damnatio
923 2397 962 2450 ac
984 2385 1189 2454 tormentum,

442 2483 597 2559 quantum
624 2476 664 2538 ed
692 2475 923 2538 accidentalem
951 2495 1061 2540 eorum
1097 2475 1192 2537 mise-

443 2574 533 2654 riam,
549 2593 651 2656 usque
672 2575 710 2636 ad
728 2572 842 2655 judicii
864 2574 950 2636 diem
973 2581 1077 2656 potest
1098 2593 1193 2655 auge-

443 2673 481 2753 ri,
506 2672 658 2754 quonium
685 2691 724 2735 ex
750 2691 861 2736 eorum
889 2672 1048 2735 consortio
1076 2671 1192 2753 quibus

442 2770 656 2834 damnationis
676 2789 772 2834 causa
795 2769 935 2848 inerunt,
952 2778 1087 2851 augelus
1108 2769 1193 2851 ipso-

443 2889 514 2933 rum
536 2868 710 2932 calamitas.

583 3134 829 3199 anrrcunus
857 3134 1049 3197 xxxvm.
1109 3222 1113 3227 Ι

443 3280 564 3339 Contra
579 3294 708 3336 errores
726 3273 868 3349 capituli
886 3274 1032 3332 vicesimi
1049 3273 1190 3348 septimi.

505 3461 664 3526 artrubo
678 3460 739 3524 isto
754 3460 904 3522 recitatur
923 3460 1056 3523 historia
1070 3467 1191 3540 septem

520 3558 781 3640 Sanctorum,qui
795 3567 916 3640 septem
931 3558 1124 3622 dormientes
1140 3576 1195 3620 vo-

444 3668 567 3724 cantur.
597 3658 636 3721 Et
664 3658 746 3721 sicut
773 3656 835 3719 alia
863 3665 963 3739 gesta,
993 3656 1037 3719 ita
1070 3664 1103 3719 et
1135 3655 1194 3718 isla

443 3760 556 3823 recitat
569 3758 681 3821 liuhan
697 3754 904 3835 mendaciter,
911 3753 1055 3818 fabulosa
1070 3764 1102 3817 et
1113 3775 1195 3817 vana

1248 2005 1310 2064 que
1322 1985 1534 2060 preemunilis
1548 2005 1560 2044 .·
1575 1987 1662 2044 unde
1675 1985 1812 2063 quilibet
1832 2002 1924 2059 super
1940 2001 1981 2040 eos

1248 2085 1434 2152 ascendens,
1446 2101 1518 2159 pree
1538 2085 1654 2142 timore
1673 2083 1866 2160 refuqiendo
1883 2081 1981 2140 disces·

1247 2183 1300 2240 sil.
1319 2183 1444 2242 Eorum
1461 2201 1534 2240 vero
1549 2183 1686 2260 quilibet
1705 2181 1889 2249 suscitatus,
1904 2189 1930 2238 et
1948 2180 1981 2238 te

1248 2301 1314 2340 sule
1335 2281 1505 2356 sopitionis
1528 2280 1632 2356 spatio
1657 2281 1889 2356 interroqatus,
1907 2279 1979 2338 diem

1247 2380 1354 2437 dicive
1372 2379 1486 2438 horam
1505 2380 1667 2455 affirmat.
1693 2379 1784 2439 Unde
1803 2378 1866 2452 ipsi
1880 2395 1980 2452 propo

1249 2484 1359 2534 nentes
1387 2475 1529 2553 aliquem
1557 2495 1598 2533 em
1624 2475 1672 2533 eis
1692 2495 1765 2534 cum
1791 2482 1920 2550 arqentv
1944 2474 1981 2530 nd

1249 2575 1360 2632 urbem
1390 2576 1520 2633 mittere
1548 2581 1584 2634 ut
1613 2574 1678 2632 sibi
1702 2575 1823 2632 victum
1847 2576 1979 2650 afferret,

1247 2671 1409 2729 diruerunt
1423 2690 1435 2728 .·
1451 2671 1612 2732 Notitiam
1634 2665 1779 2728 nostram
1799 2667 1960 2728 dissimula
1969 2685 1980 2732 ,·

1247 2768 1277 2825 si
1290 2769 1378 2827 enim
1395 2776 1424 2827 te
1438 2769 1659 2844 coqnoverint,
1676 2768 1777 2826 bonus
1786 2781 1981 2843 perseverare

1248 2885 1313 2925 nou
1329 2867 1453 2942 pateris
1468 2886 1480 2925 .·
1494 2867 1573 2944 quia
1592 2874 1650 2925 aut
1666 2874 1696 2925 te
1715 2865 1919 2941 lapidabunt,
1932 2869 1980 2920 aut

1248 2965 1293 3022 ad
1306 2983 1397 3023 suam
1414 2967 1512 3041 teqem
1529 2961 1783 3025 divertentflaec
1799 2969 1847 3026 est
1859 2959 1981 3022 narratio

1213 3062 1235 3124 G
1250 3061 1407 3124 Alcorani.

1290 3159 1380 3223 Nunc
1396 3180 1471 3224 vera
1484 3160 1631 3223 audiatur
1646 3160 1796 3224 narratio.
1813 3159 1923 3223 Decius
1936 3158 1982 3220 im·

1249 3268 1386 3342 perator,
1409 3266 1594 3341 persecutor
1614 3258 1873 3338 Christianorum,
1895 3275 1980 3339 quum

1250 3368 1334 3421 esset
1358 3359 1390 3420 iu
1418 3358 1553 3442 Epheso,
1578 3377 1689 3422 omnes
1713 3358 1904 3421 Christianos
1925 3356 1981 3437 jus

1251 3457 1292 3519 sit
1314 3456 1445 3539 inquiri,
1466 3465 1500 3519 ut
1521 3457 1571 3519 vel
1594 3456 1688 3519 idolis
1711 3455 1918 3535 immolarent,
1937 3462 1981 3515 aut

1251 3556 1416 3638 exquisitis
1438 3554 1604 3637 suppliciis
1626 3562 1827 3618 necarentur.
1852 3555 1933 3617 'lunc
1953 3552 1978 3615 iu

1250 3654 1328 3717 urbe
1351 3653 1405 3716 illa
1430 3652 1551 3716 inventi
1577 3661 1651 3715 sunt
1672 3662 1794 3736 septem
1814 3649 1978 3727 Christiani,

1251 3752 1409 3829 videlicet,
1430 3752 1647 3831 Maximianus,
1669 3751 1821 3829 llalchus,
1842 3750 1981 3813 ldartiuia·

444 3858 528 3921 veris
552 3857 672 3938 ubique
697 3854 945 3917 admiscens-Et
966 3853 1112 3935 quamvis
1135 3854 1196 3916 ista
1250 3870 1321 3927 une,
1339 3850 1519 3932 Dionysius,
1532 3850 1680 3929 loannes,
1694 3850 1858 3932 Serapion,
1873 3849 1981 3913 etCon-

443 3956 655 4020 narratiosua
675 3961 828 4035 quantum
851 3953 890 4015 ad
913 3952 944 4014 id
964 3952 1101 4033 adquod
1124 3971 1195 4033 pro
1250 3948 1407 4010 staulinus
1439 3970 1445 4010 :
1477 3947 1532 4029 qui
1568 3948 1747 4029 praesentali
1785 3956 1858 4011 sunl
1890 3946 1978 4010 Decio.

442 4054 584 4117 handum
609 4071 679 4115 eam
704 4050 840 4128 inducit,
867 4050 961 4113 nohis
984 4069 1048 4112 non
1068 4050 1192 4130 obviet,
1249 4045 1415 4128 Quumque
1430 4046 1522 4110 idolis
1543 4046 1726 4110 sacrificare
1746 4050 1979 4114 contemnerent,

444 4154 509 4216 imo
525 4152 697 4215 concordet
712 4149 883 4230 (siquidem
906 4150 944 4211 ad
966 4149 1191 4211 adstruendam
1248 4146 1337 4207 dedil
1351 4145 1396 4207 eis
1408 4145 1522 4208 Decius
1533 4153 1659 4228 tempus
1675 4145 1880 4227 resipiscendi
1895 4160 1980 4223 usque

444 4251 583 4315 futuram
614 4246 880 4311 resurrectionem
905 4266 975 4309 eam
1001 4241 1232 4310 commemo-ll
1250 4246 1289 4308 ad
1316 4246 1451 4308 reditum
1481 4263 1584 4307 suum.
1611 4245 1659 4308 llli
1690 4245 1818 4308 interim
1848 4246 1879 4307 in
1906 4260 1980 4305 mon·

447 4352 519 4428 ret),
536 4357 641 4410 tamen
666 4346 843 4409 secundnm
868 4344 1034 4407 veritatem
1059 4344 1194 4407 destruit

446 4455 543 4510 totam
564 4446 635 4526 ejus
658 4442 839 4526 perfidiam,
855 4449 888 4504 et
907 4448 1023 4504 noslrae
1045 4442 1121 4505 fidei
1146 4462 1194 4505 ro-

447 4546 536 4609 borat
551 4542 726 4606 veritatem.
743 4542 782 4603 Et
802 4540 947 4622 quamvis
962 4540 1119 4621 prolixum
1142 4548 1194 4603 ln-

445 4644 635 4723 diosumque
660 4640 739 4701 mihi
765 4638 890 4701 sitista
914 4639 1059 4720 probare,
1087 4648 1192 4701 tamen

446 4743 485 4806 ad
513 4741 569 4803 oei
597 4740 751 4803 honorem
779 4744 811 4799 el
839 4737 1086 4800 Sarracenorum
1119 4757 1193 4801 con-

444 4839 635 4917 versionem,
656 4836 784 4901 brcvius
804 4854 868 4917 quo
888 4844 998 4918 potero
1017 4836 1084 4899 haec
1105 4855 1194 4899 mon-

444 4937 562 5003 strabo.

482 5038 591 5117 ltaque
605 5033 696 5116 quasi
719 5053 757 5095 ex
777 5030 833 5095 llei
855 5051 991 5113 persona
1011 5032 1044 5094 in
1065 5031 1126 5095 isto
1140 5032 1193 5095 Al-

1250 4353 1314 4407 tem
1343 4344 1449 4407 Colion
1478 4344 1706 4423 discesserunt,
1738 4352 1774 4407 ut
1800 4344 1845 4407 ibi
1875 4348 1979 4407 secrete

1250 4444 1470 4506 consisterent.
1496 4443 1657 4506 Interdum
1681 4462 1756 4507 vero
1779 4444 1928 4508 idalchum
1951 4440 1979 4500 in

1250 4551 1337 4604 vesle
1365 4542 1516 4620 mendici,
1548 4550 1582 4605 ut
1610 4542 1657 4605 eis
1687 4542 1837 4606 victualia
1863 4548 1977 4613 emeret,

1249 4640 1373 4703 occulte
1402 4642 1558 4704 miserunt
1584 4665 1590 4703 :
1616 4641 1672 4722 qui
1701 4642 1837 4722 quodam
1863 4656 1978 4721 vespere
2038 4722 2040 4725 Ι

1249 4739 1548 4818 rediens,indicavit
1562 4740 1607 4802 eis
1622 4740 1844 4822 imperatorem
1860 4738 1974 4811 redisse,

1248 4846 1279 4901 et
1304 4857 1376 4900 eum
1402 4838 1488 4920 ipsos
1512 4838 1681 4919 requirere.
1698 4838 1753 4913 Qui
1775 4838 1908 4921 graviter
1926 4844 1977 4897 ter·

1248 4936 1313 5013 riti,
1343 4936 1427 4999 iacta
1455 4956 1556 5015 coena,
1584 4938 1807 5016 consederunt,
1838 4946 1868 5001 et
1893 4934 1976 4999 eollo

1247 5042 1379 5116 quantes
1394 5035 1433 5097 da
1448 5035 1522 5113 Deo,
1539 5044 1634 5117 altpue
1648 5056 1682 5099 se
1704 5037 1842 5100 invicem
1857 5036 1893 5099 ad
1907 5050 1977 5096 mar·

442 5136 550 5203 corani
579 5132 719 5217 capitulo
748 5130 900 5194 scribitur
925 5154 932 5193 ε
955 5136 1010 5194 Ad
1034 5134 1192 5209 majorem
1247 5134 1361 5215 tyrium
1384 5133 1610 5211 confortantes,
1627 5143 1768 5216 repenle,
1785 5142 1877 5217 prout
1890 5129 1975 5195 voluit

439 5242 538 5316 fide-m
550 5236 690 5312 publica
705 5232 955 5292 resurrectionis
969 5240 1117 5291 nostrum
1132 5234 1192 5292 mi·
1246 5232 1608 5309 beausobrianarum.
1631 5232 1719 5294 blane
1743 5232 1826 5296 iacto
1851 5227 1976 5313 percepll

442 5339 591 5397 raca-lam
607 5336 647 5394 dc
662 5332 859 5413 quibusdam
879 5332 1133 5392 adolescentibus
1147 5335 1191 5393 ad
1246 5330 1418 5412 imperator
1435 5331 1519 5413 quod
1541 5330 1599 5393 viri
1621 5330 1672 5393 isti
1687 5330 1720 5393 in
1735 5338 1842 5396 monle
1860 5327 1975 5414 profuiti
