4309 6250
180 547 183 552 ⁵
240 493 281 538 ns
302 490 511 540 romoarrxrn
533 492 628 538 surrru
649 491 815 539 roarurcrs
830 491 867 538 nr
887 491 1057 538 ennesius
1078 491 1219 550 cauum,
1241 494 1328 540 nram
1349 494 1394 540 nr.
1417 512 1457 524 -
1477 495 1548 541 aar.
1571 496 1623 541 xrr
1650 476 1708 541 att

157 663 362 743 documenta,
379 663 444 726 imo
466 671 498 725 et
517 661 709 744 jurisdictio,
727 669 761 724 ut
779 661 948 724 cancel-h
1115 655 1120 660 ’

158 760 258 824 larius
274 762 396 825 scribit.
413 761 447 823 ln
469 768 552 823 statu
571 778 697 843 quoque
718 759 908 824 innocentia
1155 730 1401 795 ARTICULUS
1425 731 1517 794 XVI·

156 859 232 920 talis
258 860 399 941 praelatm
422 859 666 941 juriSdi⁰ti⁰qu⁰
690 857 836 934 sument’
862 877 909 920 ω’
964 897 1125 962 Quomodo
1142 897 1392 971 intelligendum
1407 900 1450 957 st't
1465 900 1552 975 quod
1566 899 1712 958 Ecclesia

158 957 300 1019 cundum
329 957 475 1019 eumdem
510 957 652 1040 aliosque
686 957 906 1018 ⁰⁰m¹¹¹⁰¹¹it⁰¹⁸·
977 985 1161 1043 'catholica
1183 987 1311 1044 dicitur
1329 995 1453 1055 sancto,
1469 995 1500 1045 ct
1518 1006 1562 1045 on
1581 988 1711 1046 aitcon-

156 1055 399 1136 Secundo,quia
413 1055 554 1138 prelatio
570 1072 634 1117 non
646 1054 748 1117 solum
764 1054 909 1116 instituta
1002 1077 1137 1149 firmam
1157 1075 1194 1132 57,
1210 1075 1346 1150 magra,-
1360 1084 1390 1133 e,
1409 1079 1566 1152 quomodo
1586 1077 1713 1135 dicitur

156 1161 207 1214 est
221 1152 261 1214 ad
284 1153 508 1216 retrahendum
531 1172 549 1214 a
564 1151 660 1228 malo,
677 1152 742 1214 imo
756 1150 853 1213 etiam
868 1151 907 1212 ad
1004 1181 1068 1221 non
1081 1180 1172 1238 posse
1185 1182 1314 1231 errare,
1324 1172 1355 1222 er
1369 1183 1413 1223 an
1428 1184 1492 1223 non
1507 1168 1607 1240 possit
1621 1185 1713 1224 erra-

154 1252 411 1333 promovendum
434 1251 467 1314 in
489 1251 584 1331 bono,
601 1251 639 1312 ad
661 1249 906 1312 illuminandum
1005 1271 1059 1319 re,·
1082 1253 1239 1328 quomodo
1268 1253 1365 1311 etiam
1391 1254 1644 1329 intelligendum
1667 1256 1712 1314 sit

153 1367 192 1412 ac
208 1347 452 1432 perficiendum,
468 1356 500 1412 et
519 1359 554 1411 ut
574 1349 723 1412 increata
743 1347 908 1431 sapientia
1003 1343 1090 1418 quod
1100 1343 1254 1417 denewle
1271 1343 1447 1402 concilium
1467 1345 1595 1404 dicitur
1609 1345 1711 1420 insal-

153 1447 312 1529 periectio
331 1447 365 1510 in
390 1467 495 1510 rerum
521 1446 684 1512 ordinibus
705 1455 909 1528 repraesente—
1003 1431 1143 1490 libiliter
1162 1433 1234 1508 '³9²'
1253 1451 1273 1490 α
1293 1433 1428 1508 Spiritu
1446 1435 1567 1494 Sanc&
1591 1441 1621 1493 ei
1646 1452 1711 1493 ⁷²0st

154 1555 207 1608 tur
227 1565 264 1609 ac
288 1547 463 1630 splendeat.
998 1537 1091 1596 ΡΜ
1104 1540 1228 1581 mm·

195 1644 314 1722 Tertio,
337 1643 412 1725 quia
439 1644 465 1706 si
493 1643 565 1706 ideo
594 1642 767 1705 universali
800 1641 908 1705 Eccle-

153 1742 211 1804 siae
235 1760 300 1804 non
326 1749 520 1824 competeret
543 1741 660 1804 habere
685 1741 848 1822 praelatum
873 1742 905 1802 in
966 1739 1175 1940 QUAMVIS
1203 1745 1393 1827 precedenti
1422 1745 1557 1810 articulo
1589 1746 1711 1810 dictum

153 1847 241 1902 terra
264 1839 340 1920 quia
364 1860 383 1902 a
404 1839 528 1902 Christo
552 1839 734 1902 immediate
760 1857 816 1920 per
836 1842 947 1920 gra-B
1049 1840 1100 1918 sit,
1116 1859 1186 1902 esse
1201 1841 1270 1903 sine
1285 1841 1409 1904 macula
1423 1850 1519 1923 atque
1534 1862 1622 1924 ruga,
1640 1863 1712 1907 con·

154 1937 274 2000 tiarum
290 1937 479 2000 charismata
499 1936 704 2019 gubernatur,
722 1945 907 2018 sequeretur
962 1938 1072 2003 venire
1088 1937 1237 2001 Ecclesiae
1253 1957 1309 2020 pro
1325 1947 1408 2001 statu
1421 1959 1518 2021 quem
1532 1940 1664 2003 habebit
1677 1941 1710 2003 in

154 2037 242 2118 quod
271 2035 395 2100 devotis
422 2035 456 2098 in
484 2035 615 2098 caritate
639 2044 671 2098 et
699 2035 801 2116 gratia
826 2036 908 2098 exsi-
962 2037 1075 2120 patria,
1099 2037 1274 2099 secundum
1296 2037 1520 2118 augustinum,
1543 2038 1707 2117 Thomam‚

154 2135 316 2198 stentibns
345 2153 408 2198 non
438 2133 625 2197 conveniret
652 2133 769 2196 habere
797 2133 908 2215 praala-
962 2143 994 2198 et
1018 2135 1097 2198 alios
1121 2134 1261 2211 multos3
1278 2153 1342 2197 non
1367 2144 1473 2198 tamen
1492 2136 1637 2199 absolute
1656 2157 1711 2200 ne·
1815 2131 1820 2138 ⁴

154 2241 283 2296 tumet
309 2240 464 2295 rectorem
491 2230 524 2292 in
551 2240 645 2312 terra,
671 2231 747 2312 quia
772 2231 906 2294 interius
962 2235 1102 2316 gaudum
1130 2242 1180 2296 est
1206 2234 1284 2314 quin
1314 2234 1398 2295 istud
1427 2243 1586 2316 competat
1613 2235 1710 2298 etiam

154 2331 340 2394 immediate
365 2349 423 2412 per
446 2330 529 2393 dona
554 2329 690 2411 gratuita
714 2337 865 2411 reguntur
888 2350 907 2392 a
962 2331 1069 2412 aliquo
1091 2332 1185 2394 modo
1199 2330 1348 2393 Ecclesiae
1370 2331 1403 2393 in
1425 2333 1585 2413 presenti,
1601 2352 1711 2414 quam-

154 2430 291 2492 Christn.
307 2429 344 2491 Et
364 2430 404 2491 de
424 2427 621 2492 confirmatis
644 2428 677 2490 in
702 2429 814 2510 gratia,
831 2448 907 2510 qua·
963 2431 1011 2493 vis
1027 2449 1090 2493 non
1106 2438 1171 2492 tam
1186 2429 1327 2510 perlecta
1343 2430 1425 2492 sicut
1440 2430 1473 2491 in
1490 2431 1589 2513 patria
1607 2455 1614 2492 :
1633 2450 1711 2513 pre-

154 2528 201 2594 les
233 2546 251 2590 a
280 2527 332 2591 die
360 2527 561 2590 Pentecostes
594 2525 723 2589 luerunt
750 2526 904 2608 Apostoli,
962 2529 1070 2592 sertim
1094 2547 1193 2610 quum
1221 2529 1373 2591 articulus
1401 2527 1478 2591 fidei
1503 2530 1555 2609 sit,
1580 2531 1710 2594 credere

152 2626 239 2689 istud
268 2626 432 2709 potissime
460 2626 632 2704 videretur,
658 2625 743 2707 quod
767 2643 806 2686 ex
831 2633 905 2688 tunc
962 2627 1137 2689 Ecclesiam
1158 2635 1312 2704 sanctam,
1335 2626 1548 2705 catholicam3
1566 2637 1710 2692 sanctum

151 2725 264 2788 Petrus
289 2725 423 2787 aliorum
448 2724 671 2805 Apostolorum
701 2743 765 2788 non
793 2723 907 2786 fuisset
961 2735 1079 2804 autem,
1100 2734 1136 2787 ut
1159 2726 1190 2788 S.
1211 2725 1379 2806 Dionysius
1404 2726 1459 2804 ait,
1481 2727 1640 2789 maculam
1665 2728 1712 2790 vi·
1738 2759 1769 2804 ῃ.
1787 2759 1857 2804 Μ,

152 2824 304 2906 praelatus
332 2833 387 2886 aut
414 2823 585 2906 princeps3
615 2822 751 2886 maxime
778 2841 905 2904 quoque
961 2825 1104 2905 tiumque
1130 2823 1280 2885 excludit.
1303 2823 1444 2904 Denique
1468 2823 1611 2886 Ecclesia
1637 2834 1855 2888 con-mm·

152 2922 418 3004 praestantissima
447 2923 536 3004 virgo
563 2921 659 2984 Maria
687 2929 757 3005 post
790 2921 904 2983 Christi
960 2923 1103 3004 gregatic
1117 2920 1263 2984 fidelium
1285 2930 1497 3002 nuncupatur,
1514 2941 1584 3004 quae
1606 2923 1652 2985 sic
1670 2923 1711 2986 ab

153 3020 421 3084 resurrectionem
437 3037 501 3084 non
523 3019 636 3082 fuisset
651 3020 829 3083 membrum
845 3019 906 3080 illi·
921 3022 943 3085 C
961 3020 1122 3102 aliquibus
1149 3019 1305 3082 delinitur
1325 3042 1332 3081 ε
1353 3019 1496 3082 Ecclesia
1521 3029 1570 3083 est
1594 3039 1710 3102 corpus

152 3141 191 3184 us
218 3120 387 3202 primitiva
411 3119 571 3199 Ecclesiae,
588 3128 642 3182 aut
664 3118 801 3202 principi
824 3120 907 3201 Apo-
961 3118 1129 3200 mysticum
1162 3118 1361 3200 organicum,
1394 3117 1460 3181 fide
1493 3118 1608 3183 Christi
1642 3119 1711 3182 ani·

154 3219 311 3282 stolorum
327 3226 477 3300 tanquam
493 3218 621 3301 prelato
636 3227 668 3281 et
686 3218 802 3281 Christi
821 3220 906 3281 vica·
960 3226 1093 3279 matum.

153 3318 202 3381 rio
217 3318 453 3398 quodammodo
468 3317 709 3399 subdita:cujus
724 3318 905 3399 oppositum
999 3316 1086 3378 Hanc
1102 3315 1232 3397 quidam
1253 3323 1399 3378 asserunt
1419 3324 1574 3396 sanctam,
1591 3312 1709 3380 non‘ex

153 3415 241 3478 inira
263 3415 394 3498 patebit.
961 3422 1050 3495 parte
1078 3412 1217 3476 materias
1245 3432 1321 3492 suaa,
1352 3413 1502 3477 videlicet
1528 3414 1706 3493 hominum,

192 3515 323 3592 Quarto,
340 3513 492 3595 quoniam
507 3513 655 3595 generale
671 3513 843 3577 concilium
858 3514 906 3576 in·
961 3512 1016 3575 sed
1031 3532 1069 3575 ex
1084 3520 1173 3593 parte
1187 3510 1298 3574 forma
1313 3530 1388 3590 suae,
1406 3520 1518 3593 utputa
1532 3512 1623 3593 lidei,
1639 3532 1710 3594 quaa

151 3613 270 3695 tegrari
292 3621 325 3675 et
346 3620 491 3676 constare
513 3620 618 3693 potest
639 3630 675 3673 ex
691 3612 835 3693 personis
855 3632 905 3675 ca·
959 3611 1079 3693 jugiter
1110 3618 1218 3673 manet
1251 3618 1350 3688 recta,
1384 3628 1473 3688 sana,
1506 3610 1710 3674 immaculata

151 3712 247 3774 ritate
261 3718 293 3773 et
310 3710 412 3793 gratia
427 3710 609 3773 carentibus
621 3733 628 3771 :
639 3728 714 3791 argo
729 3711 904 3774 secundum
960 3708 1065 3789 quoad
1080 3727 1114 3771 se
1130 3717 1161 3770 et
1177 3708 1209 3769 in
1231 3728 1277 3788 se,
1294 3708 1338 3769 ita
1353 3709 1437 3789 quod
1459 3708 1490 3770 ei
1512 3708 1636 3771 nullum
1651 3709 1709 3772 ial-

152 3809 330 3894 praehabita
348 3809 510 3873 videretur
528 3809 612 3890 quod
633 3809 744 3871 saltem
764 3809 904 3890 generali
960 3826 1031 3871 sum
1048 3807 1221 3889 nullusque
1232 3826 1320 3871 error
1334 3808 1443 3870 subest
1454 3807 1626 3871 subesseve
1641 3827 1711 3890 pos·

152 3907 291 3971 concilio
313 3908 395 3989 Papa
421 3924 557 3989 praeesse
582 3906 694 3988 possit.
717 3906 754 3967 Et
775 3907 800 3968 si
820 3906 905 3970 dica·
960 3906 1011 3968 sit.
1038 3906 1107 3969 Non
1137 3914 1243 3968 antem
1271 3905 1389 3968 dicitur
1416 3904 1558 3969 Ecclesia
1586 3916 1707 3987 sancta,

151 4016 205 4069 tur
229 4005 314 4088 quod
339 4024 415 4085 non,
439 4012 594 4086 quatenus
616 4003 789 4067 concilium
811 4004 906 4068 hahet
960 4006 1137 4069 secundum
1156 4005 1245 4085 istos,
1263 4005 1386 4068 ratione
1407 4005 1545 4087 partium
1566 4007 1711 4070 materia·

152 4103 309 4187 Spiritum
336 4104 485 4166 Sanctum
508 4101 730 4184 presidentem
758 4111 788 4165 et
812 4102 906 4165 inlel—
961 4105 1051 4184 lium,
1072 4104 1195 4167 scilicet
1218 4104 1385 4166 hominum
1402 4128 1409 4166 :
1427 4105 1579 4186 qnoniam
1604 4114 1710 4189 partes

152 4202 286 4267 libiliter
306 4202 497 4284 dirigentem
513 4225 520 4263 ι
534 4201 594 4265 hoc
610 4220 719 4263 verum
740 4210 787 4263 est
802 4204 904 4283 quoad
919 4203 945 4265 l)
961 4204 1023 4266 illae
1039 4203 1199 4266 maculam
1213 4202 1333 4265 habent
1346 4211 1378 4264 et
1391 4222 1515 4284 rugam,
1531 4223 1589 4285 pcr
1606 4205 1712 4269 diver·

151 4301 377 4365 definiendum
398 4300 552 4364 veraciter
571 4299 647 4381 quid
666 4300 706 4362 ad
726 4298 803 4363 fidei
824 4302 905 4363 veri·
961 4322 995 4365 sa
1020 4301 1165 4365 mortalia
1187 4299 1314 4363 ioedatae
1333 4309 1474 4382 peccata.
1495 4302 1582 4365 Unde
1607 4302 1633 4366 si
1653 4302 1711 4366 Ec·

151 4408 251 4465 tatem
280 4418 446 4482 moresque
476 4400 575 4463 bonos
601 4398 773 4481 pertineat3
798 4400 831 4462 in
855 4420 905 4463 ce·
960 4400 1057 4463 clesia
1090 4401 1250 4463 diceretur
1283 4408 1392 4461 sancta
1420 4400 1540 4463 ratione
1571 4402 1709 4484 partium

150 4500 230 4565 teris
258 4498 448 4580 regulariter
471 4497 515 4561 ita
545 4516 609 4561 non
634 4506 693 4576 est,
720 4498 776 4561 sed
800 4508 905 4581 potest
959 4500 1184 4580 materialium,
1201 4498 1418 4580 proiectonec
1433 4498 1575 4563 Ecclesia
1591 4500 1711 4582 prada·

151 4617 289 4682 peccare
317 4604 353 4659 ut
383 4597 492 4659 ceteri.
519 4596 645 4676 Quinto,
671 4596 744 4677 quia
773 4597 904 4661 interior
959 4599 1148 4661 stinatorum
1169 4596 1334 4660 exsisteret
1357 4605 1479 4676 sancta,
1494 4616 1595 4678 quum
1615 4597 1708 4662 multi

150 4697 207 4761 illa
236 4696 424 4779 gubernatio
456 4694 570 4757 Christi
603 4694 790 4758 exteriorem
821 4697 904 4759 dire·
959 4696 1254 4778 predestinatorum
1279 4694 1401 4757 sintin
1427 4697 1568 4778 peccatis
1593 4705 1709 4761 morta·

151 4798 294 4861 ctionem
316 4814 380 4858 non
408 4793 546 4857 excludit
572 4792 693 4874 praelati
717 4817 724 4855 ε
748 4793 812 4857 imo
833 4795 903 4857 telis
958 4796 1043 4858 libus
1062 4814 1120 4878 pro
1137 4803 1280 4877 tempore
1305 4794 1534 4873 sordescentes,
1551 4804 1583 4858 et
1606 4794 1705 4878 aliqui

151 4914 281 4978 quoque
307 4892 444 4957 exterior
468 4891 602 4955 directio
630 4910 693 4974 qua
721 4893 840 4973 praelati
869 4893 902 4955 in
958 4895 1101 4957 nondum
1123 4892 1270 4957 venerint
1294 4893 1334 4955 ad
1355 4892 1465 4956 iidem.
1486 4892 1556 4955 Alia
1580 4911 1706 4975 qnoque

152 4996 213 5058 hac
231 4994 297 5056 vita
311 4992 455 5074 dirigunt
470 4991 737 5070 suos,universali
752 4991 903 5055 Ecclesia
957 4996 1005 5075 (ut
1025 4994 1149 5073 dicunt)
1170 5000 1219 5055 cst
1243 4992 1323 5055 ratio
1348 5011 1406 5054 cur
1424 4992 1566 5055 Ecclesia
1590 4992 1706 5055 dicitur

152 5093 320 5176 competit,
338 5090 466 5173 expedit
489 5099 521 5154 et
545 5098 723 5172 opportuna
743 5091 899 5155 consistit.
958 5101 1077 5171 sancta,
1096 5092 1245 5153 videlicet
1263 5109 1328 5153 non
1348 5100 1479 5173 propter
1497 5108 1705 5172 personarum

151 5193 226 5256 Ideo
252 5190 492 5255 concedendurn
517 5189 601 5271 quod
624 5188 708 5270 Papa
732 5189 838 5271 praesit
858 5190 903 5252 ei·
957 5192 991 5253 in
1006 5209 1043 5253 ea
1058 5189 1277 5252 exsistentium
1289 5188 1499 5268 sanctitatem,
1508 5190 1563 5251 sed
1578 5196 1707 5271 propter

152 5290 239 5371 dem,
256 5297 291 5351 ut
310 5286 531 5369 multipliciter
546 5293 594 5348 est
612 5287 789 5368 probatum.
958 5289 1159 5353 sanctitatem
1174 5297 1525 5369 sacramentorumque
1540 5286 1707 5353 conserun-

279 5422 312 5474 Τ.
326 5424 366 5474 36.
1546 5419 1577 5473 lt
