4309 6250
437 515 477 562 nr
495 515 600 564 nurus
620 515 803 564 maurrrour
822 516 985 564 emronma
1006 517 1037 564 m
1059 517 1182 565 ramis.
1204 537 1246 550 -
1265 519 1336 566 sur.
1358 521 1390 578 x,
1413 519 1446 567 rr
1658 493 1717 567 {87

164 695 331 751 vertentur
354 695 510 766 natumm,
526 688 581 751 sod
603 695 758 770 quantum
781 688 821 752 ad
842 706 915 771 pro
930 689 956 752 Α
970 688 1139 753 manifeste
1154 699 1321 773 repugnat.
1337 690 1388 754 Ait
1402 709 1540 772 namque
1554 690 1585 755 S.
1603 690 1719 774 Grego-

165 787 317 867 prietates
337 786 512 869 spiritualis
531 795 662 867 naturae,
682 805 739 850 seu
758 806 816 869 per
835 786 915 851 eile-
969 787 1037 851 rius
1059 788 1299 860 octavodecimo
1324 789 1486 852 Moralium
1516 808 1612 872 super
1638 789 1718 853 illud

164 893 252 948 ctum
267 884 443 968 spiritualis
456 885 621 968 potentiae3
636 887 758 967 etquis
771 885 914 949 dominio
968 885 1038 966 lob,
1053 885 1122 950 Non
1138 886 1358 968 adaequabitur
1378 887 1407 949 ei
1430 891 1518 969 (puta
1541 887 1717 969 sapientiae)
1740 913 1782 960 ιώ
1790 928 1863 966 mm,

164 982 281 1046 animm
305 992 400 1047 amnt
422 983 517 1066 plene
541 983 698 1066 subjecta,
720 992 814 1046 erunt
836 1001 914 1066 quo-
967 1003 1081 1047 aurum
1106 985 1157 1047 vel
1180 985 1309 1066 vitrum,
1326 987 1412 1068 quod
1431 985 1465 1048 in
1485 1004 1584 1068 regno
1608 986 1718 1069 patrias
1732 981 1765 1022 ¹⁷·

164 1099 227 1162 que
246 1081 385 1144 aliorum
406 1099 577 1163 corporum
600 1081 809 1164 penetrativa.
968 1081 1109 1146 eoelestis
1140 1082 1210 1165 ipsa
1240 1083 1337 1146 etiam
1372 1083 1516 1165 eorporis
1551 1083 1719 1147 harmonia

205 1179 378 1259 Postremo,
400 1180 475 1262 quia
496 1179 672 1263 proprietas
692 1179 802 1262 gratie
823 1199 914 1243 exce
968 1179 1187 1262 corporalibus
1202 1181 1303 1244 oculis
1318 1181 1449 1264 patebit.
1467 1181 1510 1244 Er
1530 1199 1593 1263 quo
1615 1183 1720 1263 sequi-

164 1277 212 1339 dit
227 1277 453 1360 proprietatem
469 1287 602 1356 nature,
618 1278 736 1344 merito
752 1278 913 1342 erudimus
969 1287 1031 1358 tur,
1046 1279 1132 1360 quod
1147 1279 1256 1342 omnia
1277 1281 1420 1362 corporis
1442 1279 1576 1361 viscera,
1592 1281 1719 1362 junctu·

163 1378 249 1457 quod
275 1395 409 1459 corpora
431 1376 615 1460 glorificata
641 1387 733 1440 erunt
757 1377 825 1440 sole
850 1377 915 1439 ela·
968 1396 1011 1440 ras
1032 1395 1069 1439 ac
1095 1376 1308 1459 disposituras,
1336 1395 1488 1458 corporeo
1514 1378 1607 1442 oculo
1633 1379 1719 1441 vide-

164 1474 261 1538 riora.
287 1476 368 1539 llinc
395 1475 539 1539 Christus
567 1477 601 1538 in
628 1475 803 1557 Evangelio
829 1475 874 1538 ait
903 1499 911 1537 z
968 1475 1097 1539 buntur.
1114 1475 1279 1554 Praeterea,
1296 1477 1330 1538 Β.
1347 1476 1544 1558 Augustinus
1565 1477 1718 1542 vicesimo

36 1573 344 1655 uernanl'ulgebunt
361 1573 439 1654 justi
463 1572 546 1637 sicut
569 1573 616 1638 sol
639 1573 672 1636 in
691 1592 791 1656 regno
814 1573 913 1637 Patris
968 1575 1110 1636 secundo
1138 1573 1337 1638 decivitate
1366 1575 1433 1653 Dei,
1458 1575 1563 1658 capite
1592 1574 1716 1654 ultimo,

35 1655 121 1772 *εἶν-ω,
130 1718 150 1758 7,
163 1670 288 1736 eorum.
308 1673 347 1735 Et
365 1671 534 1755 Sapientia
556 1673 651 1736 tertio
676 1673 793 1755 legitur
814 1694 821 1734 ε
842 1673 914 1735 our·
968 1671 1111 1754 loquitur
1135 1696 1141 1734 :
1164 1671 1277 1736 Omnia
1303 1672 1447 1736 membra
1471 1681 1503 1736 et
1527 1674 1649 1737 viscera
1672 1675 1719 1736 in-

162 1771 287 1852 gebunt
298 1770 429 1852 justi,et
442 1779 592 1853 unquam
607 1771 755 1834 scintille
770 1770 803 1833 in
818 1791 913 1833 arun-
967 1769 1184 1854 corruptibilis
1204 1771 1342 1851 (scilicet
1355 1771 1542 1853 glorilicati)
1564 1773 1717 1856 corporis,

162 1870 273 1932 dineto
286 1868 477 1932 discurrent.
493 1870 689 1952 Augustinus
710 1889 837 1952 quoquo
852 1877 913 1932 ter-
929 1867 953 1930 B
968 1869 1141 1952 proficient
1159 1869 1191 1932 in
1214 1869 1362 1932 laudibus
1385 1871 1450 1933 [tei.
1472 1871 1586 1934 Omnes
1600 1871 1718 1954 quippe

162 1968 335 2031 tiodecimo
357 1969 397 2030 de
420 1967 552 2032 Ciuitate
573 1970 628 2032 llei
647 1969 706 2031 :ln
725 1969 912 2052 corporibus
966 1968 1141 2031 hermonim
1156 1969 1383 2051 corporisque
1399 1989 1485 2032 nune
1500 1968 1598 2032 latent
1612 1969 1721 2032 intrin-

161 2067 294 2148 (inquit)
317 2065 518 2148 glorificatis,
544 2076 657 2130 natura
679 2069 784 2131 carnis
814 2086 913 2130 rema-
967 2084 1071 2141 secus,
1080 2073 1154 2128 tunc
1170 2083 1234 2129 nou
1246 2065 1400 2145 latebunt,
1410 2067 1464 2129 sed
1481 2065 1513 2129 in
1529 2065 1576 2130 eis
1592 2065 1719 2130 mirabi-

162 2174 271 2242 nante,
301 2165 390 2228 nulla
417 2166 551 2229 omnino
579 2167 827 2250 corruptibilitas
858 2173 913 2228 eut
967 2163 1006 2226 lis
1030 2163 1234 2245 pulchritudo
1253 2172 1413 2243 cernetur,
1434 2172 1529 2246 atque
1554 2185 1592 2227 or
1616 2165 1719 2229 omni-

163 2263 296 2326 terditas
324 2263 513 2327 remanebit.
543 2263 582 2326 Et
616 2273 652 2327 ut
679 2265 754 2329 alibi
789 2263 911 2343 scribit,
968 2259 1719 2345 busmonsinamorepulchritudinissuiCre-

163 2362 358 2444 ubicumque
386 2362 524 2426 voluerit
550 2361 669 2444 anima,
695 2363 739 2426 ibi
768 2363 914 2445 protinus
968 2358 1066 2422 atoris
1086 2359 1307 2422 succendetur.
1325 2359 1404 2422 hinc
1420 2361 1450 2422 S.
1469 2360 1604 2424 Thomas
1624 2379 1719 2444 super

162 2461 224 2522 erit
250 2478 380 2542 eorpus.
406 2460 483 2540 lmo,
510 2461 687 2524 seeundum
714 2460 912 2539 huselmum,
968 2465 1117 2539 quartum
1144 2457 1392 2536 Sententiarum,
1415 2459 1529 2522 asserit
1553 2459 1626 2522 huie
1648 2479 1720 2522 sen·
1745 2483 1863 2534 statam.

162 2557 195 2620 in
212 2566 377 2621 momento
391 2558 569 2640 glorificata
589 2548 722 2641 corpora
741 2559 915 2622 movcbnn-
969 2556 1076 2619 tentis
1097 2555 1464 2638 consentiendum,quia
1485 2577 1629 2640 peream
1652 2559 1746 2620 ma-‘l
1763 2549 1843 2594 unt.

161 2665 224 2732 tur,
252 2655 361 2718 idest
388 2657 422 2718 in
449 2665 592 2740 tempore
622 2657 823 2736 brevissimo,
850 2675 914 2720 non
970 2655 1018 2736 gis
1041 2654 1182 2718 salvatur
1205 2654 1344 2736 dignitas
1369 2657 1510 2739 corporis
1534 2656 1717 2738 glorilicati.

163 2762 273 2816 tamen
297 2752 332 2816 in
355 2754 497 2816 instanti.
671 2763 675 2770 '
970 2752 1031 2814 Sed
1053 2760 1085 2814 et
1104 2751 1253 2814 dominus
1277 2751 1414 2814 loannes
1438 2752 1652 2834 lluysbroeclr,
1671 2753 1721 2816 vir

970 2869 1094 2931 magnae
1115 2849 1370 2928 illuminationis,
1389 2850 1501 2913 scribit
1522 2851 1555 2914 in
1578 2851 1660 2914 libro
1681 2852 1721 2914 de

847 2943 857 2960 ‘
970 2948 1080 3028 Regno
1094 2947 1279 3026 electorum,
1296 2948 1380 3031 quod
1396 2968 1528 3032 corpora
1542 2949 1721 3032 glorificata

382 3017 627 3084 ARTICULUS
651 3019 694 3082 X·
933 3043 1204 3128 Ctransparentia
1226 3055 1329 3110 erunt.
1486 3027 1494 3042 ⁸

161 3170 211 3228 De
237 3168 395 3227 claritate
422 3184 596 3242 corporum
622 3169 884 3243 plorifientornm
904 3189 918 3237 ,¹
1011 3146 1054 3207 ¹⁴3¹
1075 3145 1193 3227 (imbus
1219 3146 1355 3226 ⁰¹5&th
1372 3150 1457 3228 ilu⁰d
1481 3168 1581 3212 ¹¹¹¹¹¹¹¹¹
1605 3168 1721 3231 ΕΟῙΊῊῙΒ

301 3265 332 3315 et
346 3275 390 3316 an
406 3264 506 3315 ornat
522 3258 781 3331 trancparenm
971 3243 1185 3325 glorificatum
1210 3252 1358 3308 cernetur
1382 3245 1600 3327 corporalibus
1620 3246 1722 3312 oculis

972 3360 1029 3424 per
1052 3342 1151 3420 aliud,
1179 3342 1221 3405 ita
1249 3342 1332 3423 quod
1363 3362 1477 3426 corpus
1505 3344 1720 3425 glorificatum

35 3471 151 3525 ems.
211 3444 270 3507 hh
284 3444 406 3506 dietum
420 3452 480 3521 est,
496 3442 581 3525 quod
596 3460 729 3523 corpora
749 3441 916 3506 beatorum
971 3458 1037 3503 non
1051 3438 1226 3502 abscondet
1240 3441 1280 3503 ab
1295 3440 1396 3503 oculis
1417 3460 1488 3522 qum
1510 3451 1593 3505 rotro
1615 3442 1720 3524 ipsum

226 3542 316 3605 clara
330 3562 367 3604 ac
383 3541 550 3627 splendida
564 3548 668 3618 erunt,
685 3548 835 3622 tantoque
855 3541 919 3603 cla·
972 3546 1056 3601 sont.
1072 3538 1173 3601 Erunt
1194 3557 1320 3620 quoque
1340 3539 1478 3604 colorata
1495 3540 1718 3621 pulcherrime,

163 3642 262 3721 riora,
279 3659 345 3722 quo
359 3640 484 3703 interna
499 3640 552 3703 lux
565 3640 679 3701 animae
693 3638 789 3701 luerit
804 3640 917 3720 maior,
972 3638 1149 3700 secundum
1179 3636 1370 3720 exigentiam
1403 3639 1621 3721 dispositionis
1657 3660 1721 3703 sum

162 3740 224 3802 boe
240 3731 304 3816 est,
320 3757 385 3818 quo
401 3736 510 3801 lumen
530 3736 639 3819 gloriae
653 3740 730 3818 (quo
750 3736 857 3799 aninra
878 3737 917 3799 ad
972 3744 1092 3799 naturae
1119 3736 1321 3819 partiumque
1345 3756 1485 3815 suerum,
1502 3747 1534 3801 et
1557 3738 1644 3801 color
1668 3737 1721 3801 ille

161 3837 217 3900 llei
234 3835 422 3899 beatificum
437 3834 586 3899 intuitum
601 3834 795 3916 disponitur)
816 3834 919 3917 perse
973 3856 1030 3919 per
1050 3836 1227 3899 claritatem
1248 3835 1431 3917 adjunctam
1454 3838 1535 3901 miro
1555 3838 1648 3902 modo
1672 3858 1722 3902 or·

161 3937 247 3999 etius
262 3934 527 4018 splendidiusque
549 3933 715 4010 exstiterit,
733 3942 764 3996 et
785 3952 848 4015 quo
872 3934 920 3996 in·
972 3934 1111 3997 nubitur.

162 4044 281 4098 creatae
295 4042 484 4117 aternoque
497 4032 652 4095 Creatoris
670 4032 734 4095 luci
758 4052 850 4097 mens
872 4033 920 4095 in-

161 4134 276 4196 timius
300 4132 397 4195 luerit
414 4132 537 4214 juncta.

202 4232 266 4295 Sed
283 4238 361 4294 tunc
376 4230 510 4313 questio
523 4229 636 4304 oritur,
654 4248 694 4293 an
710 4248 844 4311 corpora
858 4228 957 4293 istall
1184 4197 1428 4263 ARTICULUS
1452 4198 1512 4263 XI·

160 4330 346 4412 glorificata
365 4330 407 4394 ad
423 4328 542 4406 lucidas
558 4336 653 4391 Omni
675 4328 772 4392 eiiam
796 4330 916 4411 Pellias
1033 4348 1126 4416 Quod
1140 4349 1237 4407 Beati
1252 4358 1373 4407 secreta
1388 4351 1660 4411 conscientiarum

161 4428 400 4512 transparcntia
414 4448 471 4492 seu
486 4428 775 4492 translucentia-El
790 4448 919 4510 respon·
971 4447 1002 4497 et
1012 4438 1246 4513 cogitationum
1259 4456 1395 4497 suarum
1411 4447 1524 4498 rnutuo
1535 4441 1720 4503 intuentur.

159 4530 241 4591 dent
254 4527 389 4610 quidam
409 4527 493 4608 quod
513 4545 589 4590 non.
607 4526 693 4589 Unde
714 4526 746 4588 in
768 4545 918 4607 compen·

160 4628 215 4691 dio
229 4625 402 4708 theologie
415 4625 500 4707 quod
520 4626 644 4708 incipit,
661 4625 809 4688 Veritatis
830 4626 919 4689 theo
1033 4625 1118 4689 lCUl
1141 4625 1173 4687 in
1200 4624 1369 4687 hloralibus
1388 4646 1484 4707 super
1502 4628 1571 4707 lob,
1589 4628 1658 4692 loco
1681 4628 1722 4692 al·

160 4727 291 4808 logicas,
306 4724 425 4789 dicitur
438 4724 523 4806 quod
537 4724 658 4805 aliquid
674 4724 776 4787 lertur
795 4724 917 4787 clarum
1048 4724 1151 4805 legato
1171 4723 1304 4787 articulo
1325 4725 1527 4805 praecedenti,
1544 4726 1587 4788 ait
1606 4726 1721 4809 Grego-

159 4823 363 4906 dupliciter:
381 4821 495 4904 primo,
512 4822 586 4903 quia
601 4831 649 4885 est
664 4822 820 4905 pervium,
836 4823 919 4885 sicut
973 4823 1049 4899 rius,
1067 4823 1101 4884 in
1116 4821 1170 4885 illa
1185 4842 1395 4904 supernorum
1414 4822 1533 4885 civium
1556 4827 1719 4905 socictate,

159 4921 476 4997 vitrum3seoundo,
492 4919 567 5001 quia
591 4928 639 4983 est
664 4920 818 4999 lucidum,
835 4920 917 4982 sicut
972 4922 1068 4984 corda
1103 4921 1276 4984 electorum
1312 4921 1373 4983 sibi
1409 4921 1547 4985 invicem
1579 4924 1721 4988 claritate

158 5020 266 5083 stella.
282 5018 422 5099 Corpora
446 5026 553 5081 autem
577 5017 768 5099 glorificata,
785 5026 820 5080 ut
843 5036 918 5080 con-
971 5020 1097 5100 fulgent
1115 5028 1147 5083 ct
1171 5020 1306 5102 puritate
1333 5021 1550 5099 translucent3
1566 5031 1598 5086 et
1622 5043 1720 5105 quum

159 5126 338 5201 sequenter
350 5114 396 5179 ibi
410 5116 576 5195 asseritur,
593 5136 657 5180 non
679 5126 774 5179 erunt
795 5118 915 5199 pervia,
972 5118 1224 5200 uniuscujusque
1245 5119 1350 5182 vultus
1373 5121 1556 5198 attenditur,
1574 5122 1667 5183 simul
1689 5132 1722 5184 et

160 5218 216 5281 sed
232 5216 355 5279 lucida.
372 5214 433 5278 Sed
448 5214 532 5277 istud
551 5233 617 5279 non
634 5234 706 5278 reor
719 5216 914 5278 tenendum:
972 5217 1168 5281 conscientia
1182 5225 1365 5301 penetratur
1382 5241 1388 5279 :
1407 5218 1451 5280 ibi
1470 5220 1590 5302 quippe
1612 5221 1721 5285 unius-

161 5316 283 5399 primo,
299 5314 451 5397 quoniam
473 5322 655 5378 sanctorum
674 5314 801 5378 Patrum
821 5316 917 5379 dictis
972 5318 1128 5400 cujusque
1144 5326 1282 5381 mentem
1297 5318 1337 5380 ab
1352 5317 1483 5381 alterius
1497 5320 1599 5383 oculis
1622 5340 1721 5385 mem·
