4309 6250
503 526 623 575 comas
643 528 812 575 ιιιιιιιιιιι
832 525 1004 585 morian,
1026 527 1115 575 nram
1135 525 1179 573 ιιι.
1203 544 1243 556 -
1263 529 1334 577 ιιι.
1356 529 1377 575 1
1659 510 1720 574 ast

164 694 343 756 construxit
361 692 436 755 Noe.
457 691 520 755 Noc
543 710 624 775 opus
650 692 710 755 fuit
734 694 841 757 elavos
861 694 916 757 de·
930 698 955 759 ll
970 697 1185 765 transitum,-
1212 699 1273 777 qui
1305 717 1380 757 vero
1410 700 1595 769 renuerint,
1625 701 1721 760 ibant

36 818 148 867 ιωιιι.
163 810 263 873 super
289 790 461 873 apportari.
491 790 656 873 Quumque
685 809 774 872 aqua
801 791 913 854 diluvii
969 797 1209 870 compatribus
1223 797 1293 856 suis
1309 797 1343 855 in
1361 798 1544 874 infernum.

163 890 373 952 vehementer
400 888 585 968 crevissent,
610 890 790 953 extulerunt
813 897 844 952 et
871 890 915 952 le-
1009 889 1185 971 Responsio
1213 890 1273 953 ista
1301 909 1383 954 versa
1412 890 1492 955 fidei
1519 893 1720 957 documentis

163 996 323 1050 naverunt
350 1006 456 1049 aream
486 987 519 1049 in
547 986 658 1049 altum.
688 986 809 1049 idcirco
844 1006 915 1069 pro-
970 996 1135 1068 repugnat.
1162 988 1388 1052 Verumtamen
1416 990 1607 1071 profitemur
1634 993 1719 1073 quod

163 1086 271 1149 babile
286 1104 369 1163 reor,
384 1085 469 1166 quod
483 1092 652 1165 antequam
667 1084 733 1147 Noe
754 1103 827 1147 cum
842 1103 916 1147 arca
970 1084 1039 1147 sine
1065 1084 1186 1147 ratione
1209 1085 1292 1148 Deus
1316 1086 1478 1150 neminem
1501 1089 1604 1171 punit,
1619 1109 1720 1171 quan·

162 1183 350 1247 notabiliter
363 1182 525 1247 ferebatur
539 1202 635 1265 super
650 1183 761 1262 undas,
769 1182 914 1247 civitates
969 1200 1065 1264 quarn
1081 1192 1209 1246 sanctus
1223 1184 1282 1247 lob
1302 1193 1494 1267 protestetur
1511 1209 1518 1249 :
1535 1187 1617 1250 Deus
1639 1189 1774 1260 mul-100
1789 1230 1819 1269 η,
1832 1220 1865 1263 ῃ,

162 1282 377 1347 communiter
389 1282 482 1364 aquis
503 1291 659 1365 coopertis
680 1280 821 1361 fuerunt,
836 1300 915 1363 prn-
970 1279 1128 1362 tiplionbit
1143 1280 1275 1344 vulnera
1290 1300 1361 1345 mea
1374 1281 1471 1345 etiarn
1486 1283 1555 1347 sine
1570 1304 1678 1367 eausa,
1686 1285 1720 1353 id

162 1380 276 1443 sertim
291 1380 443 1462 quoniam
463 1388 557 1443 tantae
577 1378 806 1462 magnitudinis
821 1380 915 1443 exsti·
970 1386 1019 1441 est
1036 1378 1156 1462 absque
1181 1380 1311 1464 propria
1334 1381 1439 1463 culpa.
1457 1380 1576 1465 Nempe
1601 1382 1635 1446 in
1660 1384 1720 1448 hac

162 1480 203 1542 tit
226 1498 311 1559 arca,
327 1486 359 1542 ιι
383 1485 506 1541 tantum
529 1479 654 1561 pondus
679 1476 741 1540 fnit
760 1477 794 1539 in
813 1496 861 1541 ea.
877 1478 915 1542 Et
972 1476 1035 1538 vita
1054 1476 1137 1541 Deus
1158 1478 1318 1541 intertium
1343 1478 1462 1542 electos
1487 1499 1561 1545 suos
1581 1482 1721 1546 adversi-

161 1577 312 1659 quamvis
340 1576 448 1640 blecba
480 1585 575 1657 atquo
602 1576 775 1640 Jerusalem
810 1576 914 1640 adhuc
971 1574 1088 1638 tatibus
1107 1576 1339 1660 suppliciisque
1358 1588 1495 1657 exercet,
1512 1598 1576 1643 non
1591 1589 1722 1663 propter

161 1675 339 1753 stetissent,
356 1694 413 1738 cur
427 1694 481 1738 aas
498 1674 714 1739 vitiosissimis
729 1674 914 1737 bominibus
971 1690 1081 1736 eorum
1108 1682 1251 1757 peccam,
1277 1675 1333 1737 sed
1361 1684 1491 1757 propter
1518 1696 1629 1741 eorum
1655 1699 1721 1741 ma-

160 1775 277 1857 plenas
292 1772 384 1837 toties
403 1772 592 1837 circuissetl
607 1773 673 1837 lmo
687 1780 816 1855 putatur
830 1772 914 1853 quod
970 1770 1072 1853 joram
1098 1770 1277 1853 profectum
1301 1773 1334 1835 in
1358 1773 1469 1854 gratia,
1495 1775 1720 1858 copiosiusque

160 1882 236 1935 ante
252 1872 411 1935 diluvium
433 1890 498 1935 non
519 1871 659 1933 fuerunt.
677 1870 819 1953 Denique
841 1890 916 1933 arca
933 1874 1178 1951 Baugrnentum
1201 1870 1235 1933 in
1259 1871 1371 1952 gloria.
1397 1872 1621 1937 Verumtamen
1650 1884 1722 1958 post

161 1970 328 2034 ferebatur
358 1978 448 2034 motu
482 1970 603 2034 incerto
638 1970 727 2051 juxta
760 1969 914 2051 impeturn
971 1969 1053 2030 banc
1069 1968 1168 2031 vitam
1182 1970 1265 2033 licus
1287 1970 1449 2033 neminem
1471 1972 1564 2053 punit
1578 1972 1640 2035 nisi
1662 1992 1721 2057 pro

160 2088 265 2151 aqnae,
286 2088 346 2132 neo
371 2068 436 2133 Noe
461 2088 533 2132 eam
560 2068 687 2146 direxit,
710 2088 769 2131 nec
794 2068 914 2150 remige
971 2066 1066 2149 culpa
1089 2086 1146 2129 sua
1173 2090 1180 2128 :
1205 2066 1281 2149 quia
1308 2076 1381 2150 post
1409 2069 1507 2132 vitam
1530 2079 1720 2151 presentem

161 2167 450 2231 circumferebatur
466 2190 473 2229 ι
489 2168 627 2251 qualiter
645 2185 721 2249 ergo
742 2166 860 2248 septies
880 2166 913 2229 in
972 2183 1036 2228 non
1051 2174 1101 2229 est
1114 2172 1214 2228 status
1227 2166 1413 2229 meritorum
1427 2186 1466 2248 ac
1480 2168 1718 2249 demeritorum,
1777 2221 1815 2241 f

161 2285 200 2329 ιι
236 2266 387 2329 circuivit
414 2266 508 2329 urbes
537 2264 705 2349 profatasi
734 2265 797 2328 nisi
831 2262 913 2328 forte
971 2264 1026 2325 sed
1051 2262 1254 2345 premiorum
1278 2283 1315 2326 ac
1339 2264 1582 2346 suppliciorum.
1598 2265 1718 2347 ltaque,

161 2366 356 2429 miraculose
370 2372 424 2427 aut
438 2383 498 2447 ope
513 2364 658 2445 angelica
672 2364 705 2426 id
725 2363 845 2427 factum
867 2362 915 2426 di·
972 2360 1055 2424 sicut
1076 2361 1217 2425 secundo
1237 2362 1433 2425 declaratum
1453 2371 1485 2426 et
1503 2382 1561 2446 per
1579 2364 1720 2449 Scriptu-

161 2470 266 2524 catur.
972 2479 1022 2523 ras
1048 2469 1174 2523 sanctas
1198 2460 1366 2543 probatum
1390 2469 1440 2525 est
1457 2461 1551 2542 libro,
1567 2482 1653 2527 mors
1671 2473 1721 2527 ιιι
1732 2491 1774 2531 ιιι.
1791 2499 1835 2529 m.

200 2563 278 2632 Dio,
294 2581 367 2640 quoe
389 2562 477 2621 ratio
495 2562 582 2639 quod
604 2562 740 2639 quidam
766 2560 915 2619 namitur
972 2558 1126 2621 terminus
1149 2560 1293 2621 morendi
1316 2578 1354 2623 ac
1378 2561 1575 2639 demerendi,
1595 2569 1627 2623 ιι
1649 2562 1721 2644 qui·

158 2657 284 2721 similis
298 2662 395 2736 patri
413 2668 472 2719 aut
495 2660 610 2728 matri,
628 2678 779 2718 eorumne
795 2675 914 2733 paren·
972 2676 1108 2739 cumque
1136 2657 1170 2719 ιιι
1197 2657 1323 2720 mortali
1346 2658 1483 2721 moritur
1506 2659 1612 2741 culpa,
1639 2680 1720 2723 nun·

159 2758 271 2818 tibus?
283 2759 463 2833 Respondit
473 2776 486 2815 .·
496 2760 603 2825 Οιιιιιη
618 2764 750 2833 superat
767 2759 914 2831 voluptas
971 2774 1066 2837 quam
1086 2755 1262 2819 secundum
1282 2774 1486 2821 communem
1504 2755 1652 2839 loquendi
1677 2759 1721 2822 la·

159 2858 232 2917 viri
246 2860 444 2933 voluptatem
459 2856 732 2925 molieris,traiit
746 2863 916 2931 conceptus
970 2872 1043 2935 garn
1069 2852 1203 2935 eripitur
1225 2874 1245 2915 a
1267 2854 1423 2935 gebenna.
1451 2854 1643 2919 Fabnloaum
1671 2866 1720 2919 est

159 2956 419 3015 similitudinem
441 2956 552 3029 patris
580 2956 690 3032 ejusve
713 2962 917 3030 parentum‚·
971 2970 1046 3033 ergo
1060 2952 1146 3033 quod
1160 2953 1200 3014 (ie
1216 2951 1401 3016 infidelibus
1416 2953 1469 3015 hic
1483 2963 1645 3033 narratum
1658 2974 1719 3017 nec

159 3054 273 3133 sicque
287 3053 325 3111 in
336 3060 434 3129 parte
448 3054 567 3121 attera,
575 3060 750 3128 superante
765 3051 916 3110 mulieris
933 3050 955 3113 C
972 3050 1004 3112 in
1027 3049 1151 3132 judicio
1174 3068 1232 3113 suo
1256 3050 1440 3133 particulari
1462 3070 1521 3114 nec
1543 3052 1576 3114 in
1597 3052 1719 3134 judicio

161 3154 316 3212 libidine.
334 3149 419 3213 istud
434 3149 469 3212 in
490 3149 687 3212 naturalibus
709 3148 791 3211 bene
805 3147 915 3232 peritis
969 3148 1111 3230 generali
1137 3168 1172 3211 ιι
1196 3157 1346 3231 poterunt
1368 3169 1520 3212 excusare
1542 3151 1719 3232 :quoniam

162 3256 292 3313 constat
306 3267 376 3312 esse
391 3248 580 3311 mendosum
599 3271 606 3309 ι
623 3247 688 3310 imo
706 3247 916 3330 prndomina·
970 3247 996 3309 si
1016 3247 1169 3311 fecissent
1189 3247 1275 3328 quod
1294 3245 1326 3309 in
1346 3247 1426 3329 ipsis
1444 3255 1524 3326 erat,
1546 3247 1578 3310 id
1597 3256 1646 3311 est
1665 3249 1721 3312 bo-

160 3349 207 3413 tio
234 3347 474 3429 imaginationis
499 3346 533 3409 in
556 3354 710 3430 apparatu
731 3347 916 3410 conventio
969 3364 1045 3408 num
1061 3345 1147 3427 quod
1162 3344 1267 3409 facere
1282 3353 1464 3427 potuerunt,
1481 3345 1563 3408 Deus
1584 3365 1639 3409 eos
1654 3365 1719 3410 non

159 3447 226 3526 nis,
253 3447 327 3528 plus
355 3445 479 3510 confert
502 3446 542 3508 ad
566 3445 662 3509 istud.
689 3444 913 3508 Verumtamen
970 3443 1162 3524 reliquisset.
1188 3443 1330 3526 lienique
1355 3451 1387 3505 ιι
1411 3443 1458 3506 ιιι
1478 3444 1620 3526 deputati
1645 3453 1720 3507 sunt

158 3565 199 3608 ex
222 3545 405 3610 rationabili
427 3563 523 3608 causa
542 3544 617 3608 nolo
636 3543 675 3608 de
693 3544 754 3607 hoc
775 3542 914 3626 amplius
970 3544 1118 3606 custodes
1138 3543 1244 3624 angeli
1266 3542 1367 3606 sancti
1386 3565 1393 3602 :
1409 3561 1544 3624 quorum
1568 3543 1594 3605 si
1619 3543 1720 3626 inspi-

160 3644 317 3723 scribere,
343 3662 527 3726 quanquam
553 3641 706 3726 perfacile
729 3649 814 3704 esset
837 3642 913 3705 binc
970 3642 1146 3705 rationibus
1161 3641 1398 3722 acquievissent
1409 3638 1559 3704 infideles
1570 3641 1716 3721 internis,

158 3743 255 3824 plura
275 3742 436 3805 evolvere.
969 3740 1052 3803 Deus
1068 3740 1178 3821 utique
1198 3739 1246 3802 eis
1265 3739 1458 3821 providisset
1475 3740 1515 3802 da
1529 3741 1718 3803 necessariis

200 3844 341 3918 Expone
360 3862 372 3901 .·
393 3843 542 3904 Punitne
566 3843 654 3903 Deus
677 3841 820 3918 aliquem
843 3841 914 3899 sina
970 3839 1009 3902 ad
1029 3839 1174 3902 salutem.
1192 3837 1355 3919 Siquidem
1378 3845 1443 3900 ιιιιι
1468 3839 1571 3902 bonna
1593 3847 1627 3902 et
1644 3839 1717 3922 pius

158 3939 618 4017 racioneiieespondttwon.
634 3941 694 4001 Ait
710 3957 721 3997 :
736 3939 825 4007 Quid
838 3956 914 4015 erpo
969 3945 1017 4001 est
1044 3938 1139 4015 Deua,
1169 3943 1204 3998 ut
1232 3935 1395 3999 neminem
1423 3936 1508 4018 quod
1536 3937 1570 3999 in
1603 3956 1638 4000 se
1670 3946 1719 4000 cst

157 4041 200 4100 ds
221 4040 409 4116 infidelium
430 4039 514 4116 filiis
532 4037 632 4115 faciet
647 4039 734 4098 Dens
745 4037 760 4095 f
773 4038 913 4112 Respon-
969 4035 1141 4107 facientem
1155 4035 1325 4117 relinquat,
1343 4035 1398 4096 sed
1413 4034 1480 4098 sive
1502 4055 1561 4118 per
1573 4036 1715 4117 angelos,

157 4140 233 4200 dit:
245 4138 378 4200 Venient
392 4138 430 4195 in
443 4136 634 4212 diejndicii
646 4135 715 4212 filii
728 4135 913 4211 infidelium
969 4136 1038 4199 sive
1052 4153 1110 4217 per
1125 4133 1270 4197 homines
1285 4153 1304 4196 a
1325 4153 1359 4196 ιι
1373 4133 1500 4213 missos,
1517 4133 1586 4198 sive
1605 4134 1718 4198 instin-

157 4245 240 4296 ante
261 4235 383 4310 faeiem
406 4233 480 4304 Dei,
501 4241 531 4292 ιι
555 4234 640 4292 dicet
663 4232 710 4292 eis
733 4231 846 4299 :Quis
869 4239 914 4290 est
930 4231 955 4294 li
969 4240 1023 4297 ctu
1046 4232 1168 4310 divino,
1184 4251 1258 4295 curn
1282 4231 1321 4294 ad
1346 4231 1446 4296 fidem
1469 4239 1502 4294 et
1524 4231 1658 4314 gratiam
1679 4251 1717 4298 ιι

156 4334 325 4398 Dominus
348 4331 476 4392 cester?
500 4330 617 4392 dicent
640 4349 651 4389 :
678 4331 739 4399 Tu,
763 4329 913 4399 Domine,
969 4333 1104 4396 salutern
1123 4331 1285 4414 perducet.
1301 4330 1388 4394 istud
1407 4331 1443 4394 in
1462 4331 1603 4396 secundo
1620 4330 1718 4395 diffu-

157 4433 221 4512 qui
245 4430 367 4490 creasti
389 4447 455 4490 eos.
472 4429 566 4490 Dicet
589 4429 635 4488 eis
649 4447 661 4487 ··
676 4427 738 4489 Cui
754 4445 830 4504 erdo
848 4445 915 4487 ser·
968 4433 1035 4496 sius
1060 4431 1255 4494 elucidatum
1282 4429 1431 4494 recordor
1454 4429 1537 4495 libro
1563 4454 1570 4494 ι
1597 4430 1717 4496 idcirco
1731 4459 1858 4500 namn.

157 4529 285 4590 aistis?
305 4529 405 4596 Quem
425 4526 615 4587 adorastis?
633 4526 883 4602 Respondebam
902 4545 914 4586 .·
968 4532 1033 4616 jam
1055 4539 1193 4594 transeo.

155 4629 301 4692 maraine
319 4635 441 4696 noster,
455 4645 558 4704 neque
571 4625 708 4686 aurium
726 4643 829 4704 neqzte
850 4625 913 4684 lin·
1009 4631 1171 4699 Οιιιιηιιιο
1195 4638 1287 4688 ιιννα
1309 4630 1479 4689 solvetur?
1501 4629 1680 4708 Respondit
1705 4647 1717 4691 .·

152 4748 233 4805 yuoe
246 4727 356 4804 officio
365 4725 701 4802 utipotuimus.Dicet
713 4725 914 4784 eia-Facere·
967 4731 1061 4807 Ipnis
1091 4738 1212 4788 terram
1238 4729 1363 4804 rediget
1386 4729 1421 4787 in
1450 4730 1606 4798 cinerem,
1630 4749 1716 4809 aqua

157 4829 202 4886 fis
218 4827 364 4905 aliquid,
380 4826 411 4884 δι’
420 4826 633 4902 ρνιιιρινιιιι
650 4824 757 4884 cobis?
769 4824 886 4884 Dicent
902 4842 914 4882 .·
968 4831 1083 4889 diluet.
1100 4824 1241 4901 Qualiter
1263 4826 1347 4906 ignis
1371 4824 1632 4908 conflagrationis
1655 4835 1718 4890 ter·

156 4927 270 5003 Digne
294 4925 431 4986 Domine
453 4931 563 4983 noster
586 4931 617 4982 et
630 4923 735 5000 juste,
750 4923 915 5000 quidquid
969 4945 1037 4988 ram
1060 4924 1094 4986 ιιι
1118 4925 1259 4987 cinerem
1283 4923 1416 5005 rediget,
1432 4931 1463 4986 ιι
1483 4923 1618 5006 qualiter
1638 4943 1715 5002 non,

153 5027 267 5100 piacet
288 5023 443 5098 precipe.
470 5023 562 5083 Tunc
587 5022 724 5098 effluere
743 5022 915 5096 praecipiet
970 5025 1110 5088 secundo
1137 5024 1332 5088 declaratum
1360 5030 1409 5086 ιιι
1432 5022 1523 5086 libro.
1550 5023 1583 5084 si
1611 5032 1717 5086 autem
1731 5049 1772 5091 ιιι
1787 5056 1858 5091 nna

158 5142 269 5184 unum
295 5123 336 5181 de
357 5121 472 5198 fluviis
497 5121 639 5197 inferni,
662 5121 810 5198 dicetque
833 5122 880 5179 eis
904 5141 915 5180 .·
969 5125 1038 5188 vult
1058 5124 1165 5186 dicare
1188 5123 1273 5204 quod
1298 5131 1370 5204 post
1392 5122 1501 5203 ignem
1524 5120 1615 5184 illum
1636 5139 1718 5201 aqua

158 5221 326 5285 Prosilite
340 5221 377 5281 in
392 5221 560 5298 ynrpicem
580 5221 688 5282 istum.
706 5221 754 5281 Hi
767 5239 843 5298 ereo
857 5221 916 5299 qni
969 5223 1070 5287 diluet
1084 5230 1211 5302 terram,
1219 5220 1456 5285 mentitur.llox
1470 5219 1557 5283 enim
1571 5227 1607 5282 nt
1619 5219 1718 5282 Index
1759 5274 1839 5324 Μ

158 5321 467 5390 οιιιιιινιιιι,ι“ιιιιιι’
479 5321 665 5390 occidental
675 5321 713 5380 in
718 5322 915 5396 paradisum
970 5323 1145 5386 altissimus
1160 5321 1285 5400 dixerit,
1302 5320 1356 5401 lte,
1373 5319 1546 5398 maledicti,
1561 5319 1595 5382 in
1610 5319 1718 5401 ignem
1732 5353 1782 5392 ιιι,
1793 5307 1848 5386 ιι.’

291 5455 326 5508 Τ.
344 5455 383 5508 36.
776 5495 784 5516 .
1563 5455 1594 5506 25
