4309 6250
427 507 466 553 bs
486 506 651 553 brorum
672 505 709 552 Π
729 505 877 553 muamus
898 505 926 552 tt.
950 506 979 550 v.
1002 503 1120 562 nhil,
1141 505 1230 551 blm
1250 505 1272 551 l.
1293 521 1335 534 -
1356 504 1426 550 All'l'·
1448 504 1537 552 mn
1715 486 1756 552 59

205 693 269 756 que
302 675 427 738 ldariam
460 675 636 758 poterimus
668 674 745 738 satis
773 682 828 738 aut
856 675 953 757 digna
969 674 995 737 Δ
1011 675 1238 756 conjunctione
1256 675 1436 757 gaudebas!
1453 675 1584 758 Nempe,
1601 673 1628 736 si
1643 678 1692 756 (ut
1712 674 1758 738 ait

206 773 393 836 beatificare
414 794 469 837 seu
490 774 652 852 admirari,
668 793 738 856 que
758 773 833 855 Regi
860 773 956 836 coelo-
1010 773 1185 855 Scriptura)
1199 773 1287 836 lilius
1307 775 1433 857 sapiens
1454 775 1624 858 gloriaest
1645 793 1758 856 paren·
1770 797 1896 848 rma.

207 890 290 948 rum,
317 873 504 954 praeceptori
528 871 746 954 angelicorum
772 870 953 953 spirituum,
1010 873 1062 948 tis,
1088 881 1242 954 quantum
1271 881 1317 952 tn,
1342 873 1463 955 optima
1490 873 1617 952 Parcas,
1641 872 1758 955 gloria·

205 969 403 1034 Dominatori
419 971 651 1046 universomm‚
669 977 811 1033 materna
825 969 957 1033 auctori·
1011 971 1097 1034 baris
1122 971 1156 1034 in
1180 971 1262 1035 Filio
1285 979 1340 1035 tuo
1365 971 1577 1035 essentialiter
1601 970 1755 1052 sapiente,

205 1076 282 1146 tate,
311 1087 436 1131 summa
463 1077 495 1132 et
523 1068 700 1132 inviolabili
729 1067 954 1148 lamiliaritate,
1011 1069 1065 1152 qui
1087 1079 1136 1132 ast
1154 1070 1315 1152 Sapientia
1338 1069 1467 1132 infinita
1489 1079 1525 1133 ut
1543 1071 1637 1147 Dans,
1654 1078 1686 1132 et
1709 1087 1759 1131 se·

205 1167 388 1249 gratissima
403 1167 659 1250 obsequiositate,
677 1167 883 1249 integerrima
905 1187 956 1230 ca·
1011 1169 1152 1231 cundum
1180 1177 1325 1232 naturam
1360 1176 1555 1250 assumptam
1583 1175 1670 1230 tanta
1697 1166 1759 1230 luit

206 1266 299 1328 ritate
322 1266 576 1346 inseparabiliter
594 1285 630 1328 ac
653 1265 796 1348 proxime
819 1265 954 1343 adstitit,
1012 1265 1169 1346 sapientia
1190 1265 1392 1345 adimpletus,
1418 1265 1504 1347 quod
1529 1273 1594 1328 tota
1619 1265 1690 1346 ejus
1711 1264 1759 1326 in·

22 1380 190 1432 eamme.
206 1363 291 1426 sicut
320 1363 463 1444 praedixit
491 1362 664 1442 Psalmista,
690 1363 819 1426 Adstitit
847 1363 955 1446 regina
1012 1363 1157 1426 tellectus
1180 1364 1277 1426 creati
1296 1363 1456 1445 capacitas
1475 1363 1538 1426 luit
1558 1363 1689 1427 omnino
1709 1382 1758 1425 re-

205 1480 226 1522 a
240 1460 355 1524 dextris
371 1461 432 1524 tuis
446 1461 479 1523 in
494 1461 609 1525 vestitu
623 1461 786 1540 deaurato,
805 1461 835 1522 id
852 1468 901 1523 est
922 1460 954 1522 in
1012 1460 1115 1542 pletal

205 1558 363 1638 spirituali
381 1558 499 1622 amictu
515 1558 656 1622 caritatis
674 1559 800 1622 larvore
821 1561 955 1622 ornatel
1051 1558 1201 1621 Videmus
1228 1559 1312 1640 quod
1338 1567 1484 1638 parentas
1507 1557 1539 1620 in
1565 1557 1674 1622 sobole
1701 1577 1758 1620 sna

204 1657 329 1735 Adhuc,
351 1655 459 1738 ragina
484 1655 575 1734 Sabe,
596 1657 665 1720 visa
688 1655 846 1738 sapientia
870 1656 957 1718 Salo·
1011 1655 1093 1718 bane
1107 1655 1261 1738 disposita
1276 1657 1309 1718 in
1324 1655 1520 1718 naturalibus
1539 1654 1692 1737 bonaeque
1711 1655 1759 1716 in·

206 1755 313 1816 monis
331 1761 363 1816 et
380 1754 576 1817 excellentiis
595 1755 677 1837 ejus,
694 1753 773 1816 dixit
792 1755 831 1817 ad
854 1773 927 1816 eum
945 1777 952 1814 ι
1010 1754 1092 1817 dolis
1108 1755 1312 1819 vehementer
1326 1754 1482 1834 laetentur,
1496 1763 1659 1836 sperantes
1673 1755 1758 1835 quod

33 1868 192 1926 tumeas.
206 1851 293 1913 Raeti
319 1851 378 1914 viri
394 1851 452 1928 tui,
473 1859 505 1914 et
527 1851 610 1915 beati
637 1851 719 1914 servi
746 1851 803 1929 tui,
820 1851 875 1931 qui
900 1851 954 1912 hic
972 1853 996 1916 B
1011 1853 1049 1915 ad
1072 1871 1188 1934 magna
1206 1853 1247 1915 sit
1266 1853 1468 1935 perducenda
1492 1862 1546 1915 ant
1570 1871 1759 1933 promoven-

206 1949 334 2012 adstant
351 1968 457 2012 coram
483 1958 513 2012 te
538 1967 676 2030 semper,
692 1957 724 2013 ct
747 1947 881 2012 audiunt
907 1967 956 2012 sa·
1010 1951 1070 2028 da3
1086 1960 1119 2014 et
1132 1951 1160 2014 si
1174 1970 1289 2033 parens
1305 1951 1473 2014 mediocris
1487 1958 1640 2033 agnoscat
1653 1950 1758 2013 lilium

207 2045 359 2128 pientiam
376 2047 604 2122 tumultuante
619 2047 756 2129 amplius
771 2045 956 2110 beatissima
1011 2067 1105 2110 suum
1133 2049 1165 2111 in
1190 2048 1377 2131 episcopum
1401 2049 1666 2130 promovendum,
1693 2065 1758 2110 non

206 2143 345 2225 gloriosa
366 2144 472 2222 llaria,
488 2163 559 2226 quar
579 2163 685 2208 coram
705 2145 775 2226 ipsa
793 2143 956 2226 Sapientia
1011 2164 1124 2228 parum
1142 2147 1297 2229 gloriatur
1320 2147 1354 2209 in
1379 2147 1460 2229 ipso.
1477 2148 1523 2209 Tu
1547 2165 1669 2229 ergo,o
1692 2163 1760 2209 cm·

206 2251 324 2306 aeterna
339 2261 413 2306 vare
428 2262 466 2306 ax
481 2244 549 2325 ipsa
568 2243 692 2326 virgine
712 2243 875 2306 incarnata
894 2251 956 2306 sta-
1011 2244 1101 2308 nium
1116 2243 1304 2308 lalicissima
1319 2253 1468 2323 matrum,
1483 2245 1517 2306 in
1533 2251 1588 2308 tuo
1607 2243 1686 2307 Filio
1704 2261 1760 2306 ve·

206 2340 247 2402 tit
267 2339 458 2417 assiduare
480 2340 715 2424 sapientissima
737 2341 834 2404 verba
854 2339 955 2423 ipsius
1010 2342 1250 2408 hamentissime
1274 2342 1441 2422 letabaris,
1458 2343 1512 2425 qui
1535 2342 1683 2406 omnihus
1704 2343 1760 2406 do-

206 2437 330 2500 audivit
350 2438 522 2502 continuet
1010 2441 1061 2504 nis
1086 2449 1207 2504 naturae
1229 2460 1268 2503 ac
1290 2440 1399 2522 gratita
1421 2439 1484 2503 luit
1506 2441 1539 2502 in
1563 2439 1759 2503 excellentia

247 2536 409 2616 Preteraa,
439 2555 537 2619 ᾳιιιιιιι
572 2537 723 2620 gaudium
753 2538 795 2600 sit
822 2537 955 2601 dillusio
1011 2540 1149 2603 termino
1181 2538 1414 2619 speciosissime
1442 2538 1631 2616 decoratus3
1661 2555 1758 2618 quam

206 2635 306 2698 animi
323 2635 355 2696 in
372 2643 529 2717 conceptu
544 2635 631 2714 boni,
647 2643 678 2697 et
693 2635 814 2698 oriatur
827 2656 866 2699 ex
885 2636 956 2698 nni·
1011 2646 1117 2700 tecum
1132 2647 1196 2699 mm
1210 2636 1384 2714 humiliter,
1400 2644 1464 2698 tam
1481 2644 1672 2713 reverenter,
1684 2635 1760 2698 obe·

204 2750 267 2794 one
293 2731 442 2812 potentiae
466 2751 540 2795 cum
564 2733 691 2813 objecto
716 2733 919 2796 convenienti
945 2757 952 2796 ι
1010 2735 1146 2815 dianter‚
1172 2752 1317 2798 amorosa
1340 2753 1378 2796 ac
1403 2732 1603 2796 lamiliariter
1627 2751 1760 2796 conver·

204 2829 277 2911 quis
298 2829 411 2911 poterit
430 2830 622 2912 excogitare,
638 2830 745 2908 ellari,
760 2831 953 2908 describere,
1011 2841 1147 2911 sautem,
1184 2833 1361 2895 certissima
1396 2849 1533 2896 noveras
1566 2850 1624 2913 par
1657 2839 1759 2894 totum

204 2935 359 3009 quantum
379 2935 423 3006 tu,
439 2947 459 2991 o
474 2927 690 2992 sincerissima
710 2938 741 2992 et
756 2928 956 2993 allectuosis·
1011 2933 1166 2994 mnndum
1182 2931 1215 2994 in
1229 2949 1355 2994 summo
1374 2931 1494 2993 honore
1514 2930 1709 3008 habendum,
1724 2929 1759 2992 in

206 3027 288 3088 sima
315 3025 423 3103 llaria,
447 3027 618 3108 gaudebas,
650 3029 726 3090 dum
755 3028 954 3110 unigenitum
974 3029 1093 3096 Ccoelo
1117 3037 1148 3092 at
1173 3029 1206 3090 in
1228 3037 1314 3091 terra
1336 3027 1587 3106 dominaturum,
1603 3027 1669 3090 imo
1690 3027 1760 3108 jam

205 3124 323 3187 Filium
343 3134 446 3204 tuum,
463 3124 519 3207 qui
543 3128 718 3189 secundum
744 3146 833 3190 suam
859 3128 956 3189 deita-
1011 3128 1183 3191 habentem
1201 3146 1329 3191 omnem
1350 3135 1539 3208 potestatem
1564 3127 1597 3188 in
1622 3126 1705 3189 eoelo
1728 3134 1760 3189 at
1784 3143 1871 3188 aare.

207 3232 271 3285 tem
296 3230 345 3285 est
368 3222 519 3285 bonitatis
544 3224 672 3305 penitus
698 3224 844 3301 infinitae,
862 3234 955 3307 atque
1011 3234 1106 3289 terra.
1122 3224 1147 3287 Ο
1161 3244 1256 3307 qnam
1275 3225 1522 3289 consolatorium
1536 3232 1568 3287 at
1580 3224 1759 3307 jucundum
1772 3220 1846 3257 '‘¹¹¹¹''
1860 3211 1894 3252 ¹⁸·

207 3322 383 3383 secundum
404 3330 550 3384 naturam
570 3331 764 3406 assumptam
784 3322 871 3386 omni
892 3342 956 3385 me·
1011 3324 1131 3387 exstitit
1150 3323 1220 3403 tihi,
1235 3342 1317 3403 esse,
1334 3323 1453 3401 vivere,
1471 3323 1707 3386 communicare
1728 3330 1761 3386 at

207 3420 269 3481 lior
294 3426 448 3497 creatura,
474 3419 605 3483 videbas
629 3420 769 3501 quotidie
794 3440 900 3483 coram
925 3429 956 3483 te
1011 3422 1200 3486 commorari
1226 3442 1300 3485 cnm
1325 3422 1393 3501 illo,
1416 3441 1510 3503 quem
1536 3420 1760 3485 considerabas

206 3518 266 3595 ire,
284 3526 379 3597 stare,
393 3518 660 3600 sedera,ajusqua
677 3538 780 3581 mores
796 3538 832 3582 ac
847 3528 955 3601 gestus
1012 3526 1074 3579 tam
1101 3536 1246 3582 amomse
1264 3526 1297 3581 et
1314 3516 1462 3595 dulciter,
1478 3526 1542 3580 tam
1565 3517 1758 3597 humillima,

206 3617 371 3694 cemebes,
388 3624 420 3678 at
434 3616 532 3679 verba
546 3616 696 3679 audiebas
712 3616 811 3695 illius,
827 3616 880 3699 qui
898 3618 954 3680 tihi
1011 3616 1165 3693 filialiter,
1181 3615 1368 3679 obedienter
1392 3635 1426 3679 sa
1445 3616 1563 3679 habere
1582 3616 1620 3678 ad
1645 3622 1686 3691 te,
1703 3614 1759 3696 qui

205 3723 270 3776 tam
286 3721 392 3791 notus,
408 3721 472 3776 tam
488 3732 592 3793 carus,
608 3722 672 3777 tam
688 3714 874 3795 munificae,
891 3724 955 3777 tam
1011 3722 1059 3777 ast
1073 3715 1259 3795 angelornm
1276 3712 1422 3794 lalicitas,
1437 3714 1538 3776 virtus
1552 3722 1584 3776 at
1598 3713 1905 3794 sapientialem.

207 3811 477 3874 familiarissimus
491 3810 564 3889 luit,
580 3832 598 3874 a
612 3830 675 3895 quo
695 3812 818 3876 sciebas
839 3822 870 3875 te
892 3821 954 3875 tam
1011 3811 1065 3875 Dei
1081 3812 1193 3889 Patris,
1211 3812 1305 3889 Dens,
1322 3821 1456 3889 creator,
1473 3812 1623 3875 Dominus
1645 3819 1676 3873 at
1698 3810 1760 3873 sal·

209 3910 419 3992 praeelectam,
437 3918 500 3972 tam
516 3929 639 3973 summa
653 3910 814 3990 dilectam,
828 3919 891 3973 tam
908 3912 956 3972 in·
1011 3920 1102 3973 vator
1116 3918 1200 3990 tuns,
1213 3930 1233 3975 o
1248 3910 1455 3974 celeberrima
1469 3910 1613 3987 Domina,
1629 3928 1649 3972 o
1663 3910 1760 3991 Virgo

209 4007 476 4089 comparabilibus
504 4007 673 4071 beneficiis
707 4010 893 4073 honoratam
925 4018 957 4073 et
1010 4007 1273 4091 pulcherrima,o
1296 4008 1443 4090 piissima
1466 4008 1582 4070 Mater!
1599 4006 1758 4090 Numquid

209 4106 449 4170 honorandaml
1011 4125 1151 4187 unquam
1177 4115 1343 4188 paterent
1370 4115 1472 4169 mater
1499 4114 1618 4168 tantam
1648 4106 1760 4169 habuit

249 4205 421 4281 Postremo,
437 4223 534 4285 quum
557 4204 719 4269 beatitudo
738 4214 890 4269 creatura
915 4206 995 4269 siti)
1012 4204 1260 4268 consolationem
1280 4215 1312 4267 at
1330 4205 1572 4267 delectationem
1594 4205 1628 4267 in
1650 4204 1759 4268 sobole

210 4303 286 4366 unio
313 4302 384 4382 eius
410 4320 482 4364 cum
509 4301 665 4381 creatora,
692 4321 787 4383 quam
818 4304 897 4367 mira
925 4312 956 4367 et
1012 4302 1248 4365 suainsaecnlo
1268 4303 1511 4385 isto,quantnm
1531 4310 1576 4380 tu,
1593 4302 1760 4365 benedicta

209 4400 436 4481 specialissima
450 4398 551 4479 luit,o
566 4400 685 4482 optima
698 4401 802 4479 Maria,
815 4410 869 4464 tua
883 4402 956 4465 hea—
1011 4400 1116 4478 llaria,
1133 4402 1167 4463 in
1182 4402 1271 4482 prola
1286 4410 1339 4463 tua
1356 4402 1451 4464 unica
1465 4410 1529 4463 tam
1543 4400 1718 4481 praeclaral

210 4499 310 4561 titudo
333 4506 364 4561 at
388 4498 500 4581 gloria,
526 4498 620 4561 etiam
646 4498 680 4561 in
705 4499 764 4562 hac
789 4500 864 4579 vita,
885 4519 956 4580 quae

209 4604 272 4659 tam
287 4595 580 4679 incomparabiliter
594 4596 682 4659 luisti
698 4596 776 4660 Filio
796 4605 862 4676 tuo,
880 4616 955 4661 vero

208 4695 282 4771 Deo,
304 4692 488 4775 conjuncta,
508 4702 540 4755 at
558 4713 656 4757 unum
676 4714 749 4758 cum
769 4714 807 4759 ao
826 4696 954 4777 allecta,
1177 4664 1422 4728 ARTICULUS
1445 4664 1590 4728 XXXII·

208 4802 239 4855 θῑ
254 4812 327 4855 θῑΠΠ
349 4809 387 4854 ⁰⁰
407 4799 470 4853 ΜΠ
491 4791 737 4856 fflffliliflsiffiifflfl
758 4795 953 4858 Vssmbssl'ssl
1009 4815 1058 4874 De
1074 4815 1195 4888 florido
1216 4817 1332 4873 lectulo
1352 4816 1462 4890 sponsi
1478 4816 1614 4874 coelestc's
1634 4824 1665 4874 et
1688 4816 1759 4892 ejus

207 4891 305 4966 Quam
320 4898 451 4970 accepta
465 4898 497 4953 al
510 4889 660 4971 gaudiosa
679 4891 796 4955 exstitit
815 4893 871 4955 tihi
891 4901 954 4955 tam
1038 4904 1221 4979 stupratoris
1231 4906 1530 4979 sponsae,oirqirrcoe
1542 4906 1728 4965 Genitricis.

206 4987 381 5073 predilaeti
401 4994 434 5049 et
451 4987 551 5065 unici,
568 4996 631 5050 tam
646 4990 781 5071 speciosi
802 5010 838 5053 ac
858 4991 956 5053 virtu·

205 5088 251 5150 osi
278 5086 349 5149 Filii
375 5085 422 5149 tui
448 5086 625 5166 prasentia,
642 5087 835 5151 cohabitatio
860 5098 954 5171 atque
1073 5092 1270 5151 ECTULUS
1300 5099 1409 5150 noster
1434 5092 1586 5165 floridas.
1616 5090 1758 5154 Christus
1774 5110 1902 5160 cananis.

205 5185 403 5264 communio,
430 5202 525 5265 quem
549 5192 668 5266 quanto
692 5186 763 5267 plus
787 5186 952 5270 diligebas,
1085 5186 1118 5248 in
1138 5205 1196 5248 sua
1215 5186 1350 5250 inlantia
1370 5186 1470 5250 instar
1494 5188 1629 5251 aliorum
1654 5188 1758 5251 inian-

204 5294 290 5351 tanto
305 5284 380 5369 plus
395 5281 427 5345 in
442 5282 513 5365 ejus
533 5282 781 5367 pulchritudine,
798 5286 950 5366 bonitate,
1011 5287 1091 5349 tium
1119 5286 1153 5349 in
1181 5286 1289 5350 multis
1322 5306 1357 5350 sa
1385 5286 1506 5368 hahuit,
1535 5288 1711 5371 prasertim
1738 5308 1757 5352 a
