4309 6250
56 1285 83 1327 ls.
91 1298 123 1333 ιι,
131 1287 165 1325 31.

69 2266 74 2277 ·
183 2251 291 2313 medio
307 2250 445 2314 nationis
468 2249 665 2331 pravissima
684 2249 770 2311 stetit
788 2247 935 2310 immobi-

418 517 457 565 na
476 515 640 565 oronnam
660 514 697 561 ar
717 514 865 561 eunomus
886 514 913 559 r.
937 512 966 558 v.
988 512 1105 570 arara,
1128 513 1216 559 niara
1237 514 1282 560 ιιι.
1304 532 1346 545 -
1364 516 1435 561 rar.
1457 514 1490 562 rr
1672 492 1728 559 ιιι

945 682 1055 745 dcem
1087 682 1379 765 splendidissimam
1415 683 1633 767 intelligentia
1661 681 1732 764 ejus

391 744 635 809 ARTICULUS
657 742 718 807 XI·
985 779 1072 843 nulla
1095 780 1200 863 potnit
1222 782 1366 862 tenutio,
1382 802 1511 861 moeror,
1526 782 1663 846 varietas
1687 781 1732 843 ita

180 896 230 955 Da
252 894 466 970 fortitudine,
485 892 669 951 constantia
694 908 731 949 ac
753 889 932 948 stabilitate
983 878 1130 955 obrucre,
1145 888 1182 941 ut
1205 880 1243 942 de
1265 880 1399 944 veritate
1418 890 1450 943 et
1468 882 1614 962 inquitate
1638 879 1733 943 fieret

222 982 449 1041 invictissimis
467 1000 505 1039 ac
523 978 796 1039 victoriosissima
812 977 932 1038 Marica
984 975 1134 1039 dubitans
1154 985 1210 1040 aut
1231 977 1396 1041 vacillans,

222 1070 425 1131 clarissim·
1025 1074 1132 1137 Talem
1147 1076 1254 1137 decuit
1272 1094 1342 1139 osse
1362 1075 1582 1139 felicissimam
1602 1076 1732 1139 Matrem

260 1276 310 1336 Ul
319 1284 452 1351 sperant
468 1276 502 1334 in
518 1272 849 1341 Domino,mutubunt
863 1272 931 1346 for·

985 1172 1055 1253 ejus
1069 1173 1125 1255 qui
1139 1182 1189 1235 est
1209 1174 1309 1237 virtus
1323 1182 1354 1237 et
1368 1174 1526 1255 sapientia
1546 1174 1658 1253 Patris,
1674 1174 1734 1237 [ιο-
1748 1190 1880 1237 reatae.

184 1269 251 1469 O
985 1270 1092 1331 minus
1106 1270 1198 1333 fortis
1212 1279 1244 1333 et
1258 1279 1381 1353 potens,
1398 1272 1551 1334 Dominus
1565 1270 1731 1350 virtutum,
1756 1253 1880 1304 ''⁸·¹¹¹¹¹'⁸·

270 1375 459 1433 titudinem.
476 1372 583 1434 Virtus
599 1369 695 1434 robur
715 1375 763 1431 est
783 1366 900 1430 mentis
922 1391 929 1429 :

180 1468 256 1533 ideo
270 1471 334 1533 nisi
355 1468 614 1552 prestantissima
633 1468 722 1549 virgo
740 1466 836 1529 biaria
855 1465 932 1529 fuis-

985 1367 1050 1429 liex
1082 1368 1211 1449 gloriae3
1241 1388 1298 1451 per
1330 1388 1425 1451 qnam
1460 1369 1609 1451 princeps
1637 1368 1733 1449 bnjus
1749 1319 1782 1359 ω’

986 1466 1096 1527 mundi
1118 1465 1222 1529 fuerat
1242 1469 1462 1549 superandus3
1478 1487 1575 1549 quam
1589 1466 1733 1531 omnium

181 1574 232 1629 set
251 1566 413 1629 ineffabili
431 1573 617 1629 cunctarum
642 1565 794 1627 virtutum
818 1562 932 1626 robore
985 1563 1140 1626 virtutum
1155 1565 1297 1646 oportuit
1317 1584 1387 1628 osse
1409 1566 1571 1647 exemplar
1585 1564 1736 1627 formam-

181 1664 466 1728 rehemontissimo
494 1664 706 1739 corroborata,
732 1679 932 1743 nequaquam
986 1680 1048 1743 que
1063 1662 1146 1725 vita.
1163 1661 1273 1725 Nonne
1287 1663 1540 1744 Omnipotentenr
1560 1663 1667 1726 decuit
1687 1662 1734 1725 sio

180 1763 228 1825 sic
246 1764 482 1841 evasisset,non
497 1761 600 1824 solum
616 1760 839 1823 universorum
854 1778 934 1821 mor
986 1760 1133 1823 roborare
1162 1760 1325 1841 Virginem
1360 1780 1455 1843 quam
1483 1762 1580 1843 elegit
1607 1760 1641 1824 in
1669 1780 1735 1823 ma·

181 1862 310 1939 talium,
341 1860 396 1923 sed
431 1859 605 1922 venialium
633 1876 760 1940 quoque
788 1856 932 1920 omnium
949 1856 973 1918 B
988 1858 1149 1919 tremilie
1163 1858 1467 1939 quaconrenienter
1487 1858 1565 1921 dixit
1585 1858 1735 1940 Hierony-

181 1968 391 2040 peccatorum
411 1957 548 2019 ruinam.
565 1956 638 2030 Qua
661 1974 737 2037 ergo
762 1954 795 2017 in
821 1971 934 2035 campo
987 1975 1057 2018 mus
1075 1979 1083 2017 ε
1099 1956 1228 2019 Talibus
1242 1956 1376 2019 decebat
1397 1957 1561 2039 Virginem
1581 1956 1736 2039 oppigne-

182 2056 294 2119 saeculi
325 2054 434 2137 hujus,
464 2054 497 2116 in
531 2053 633 2116 stadio
669 2050 934 2133 peregrinationis
988 2053 1263 2130 rarimuneribus,
1279 2054 1649 2135 utessetgratiaplena,
1665 2073 1735 2136 qun

182 2154 290 2233 istius,
308 2153 341 2215 in
357 2152 470 2215 humili
492 2170 580 2229 sexu,
597 2151 630 2213 in
650 2150 754 2233 fragili
776 2169 883 2226 carne,
900 2150 934 2211 in
988 2151 1074 2213 dedit
1094 2152 1183 2214 coelis
1206 2150 1353 2234 gloriam,
1369 2152 1463 2215 tern‘s
1486 2153 1586 2215 Deum
1610 2172 1737 2233 pacem·

988 2267 1050 2329 que
1073 2248 1201 2327 refudit,
1218 2248 1317 2311 fidem
1338 2249 1498 2330 gentibus,
1514 2248 1615 2311 finem
1634 2250 1734 2329 vitiis,

181 2349 235 2427 lis,
255 2366 382 2430 semper
396 2348 525 2425 invicta,
539 2365 665 2429 semper
679 2346 849 2409 victoriosa
864 2363 935 2408 con·
988 2346 1133 2410 ordinem
1161 2347 1246 2425 vita,
1275 2347 1419 2411 moribus
1446 2348 1661 2429 disciplinam.
1692 2348 1736 2411 De

179 2456 230 2509 tra
255 2445 357 2509 aciem
378 2446 540 2524 vitiorum,
557 2453 667 2507 contra
692 2444 799 2507 turbas
824 2442 935 2505 invisi-

180 2544 299 2607 bilium
325 2542 541 2619 inimicorum,
563 2550 672 2605 contra
696 2540 934 2622 persecutiones

179 2640 266 2703 llilio
280 2658 339 2703 suo
353 2659 390 2703 ao
406 2639 465 2701 sibi
481 2639 596 2715 illatas,
613 2638 675 2700 fnit
690 2638 820 2701 omnino
836 2637 935 2699 virtu-

179 2737 344 2817 osissima‚
353 2756 481 2818 prorsus
495 2736 724 2813 fortissima,in
739 2736 825 2799 omni
840 2754 935 2798 eveu-

179 2845 214 2898 tn
240 2834 414 2915 tranquilla
435 2842 467 2897 et
487 2843 649 2897 consuas.

221 2932 306 3008 Quid
343 2931 429 2995 enim
466 2931 717 3009 instabilitatem,
753 2931 935 2994 inconstan-

989 2444 1083 2525 oujus
1096 2444 1284 2507 excellentia
1299 2445 1484 2527 potentique
1497 2446 1608 2527 gratia,
1624 2454 1657 2509 et
1678 2445 1737 2507 mi-

989 2541 1141 2605 rabilibus
1159 2561 1217 2623 per
1235 2560 1304 2605 eam
1325 2550 1356 2604 et
1377 2543 1410 2604 in
1431 2562 1467 2605 ea
1489 2541 1666 2624 completis,
1684 2544 1738 2606 de-

989 2659 1053 2702 nuo
1087 2646 1279 2722 protestatur
1310 2640 1341 2702 S.
1371 2640 1580 2722 Hieronymus
1610 2664 1617 2702 ε
1647 2641 1736 2716 Quod

989 2746 1101 2801 natura
1123 2756 1187 2801 non
1205 2737 1328 2815 habuit,
1346 2757 1422 2800 usus
1446 2738 1595 2817 nescivit,
1612 2738 1737 2821 ignora-

990 2837 1036 2899 vit
1058 2834 1148 2911 ratio,
1165 2854 1256 2898 mens
1280 2854 1344 2899 non
1368 2836 1453 2919 capit
1475 2836 1626 2914 bumana,
1642 2846 1738 2918 pavet

990 2933 1119 3010 coelum,
1130 2940 1235 3015 stupet
1249 2941 1344 3011 terra,
1354 2941 1498 2996 creatura
1512 2934 1628 3012 omnis,
1640 2935 1736 2996 etiam

182 3032 275 3110 tiam,
302 3030 556 3110 fluctuationem,
587 3029 806 3091 infirmitatem
836 3029 933 3091 menti
953 3028 1140 3109 Ccoelestis,
1156 3031 1289 3093 miratur
1305 3054 1313 3091 ε
1329 3032 1389 3095 boc
1404 3039 1504 3093 totum
1519 3032 1665 3113 estquod
1683 3050 1739 3112 per

182 3129 322 3206 inducit,
340 3127 402 3190 nisi
424 3128 587 3210 passiones
608 3137 638 3190 et
660 3127 800 3190 vitialb
821 3128 935 3210 quibus
990 3129 1168 3192 Gabrielem
1196 3130 1298 3193 bfariae
1331 3131 1487 3194 divinitus
1514 3132 1680 3194 nuntiatur
1706 3139 1739 3194 et

183 3229 272 3290 siout
306 3226 514 3289 celeberrima
548 3226 644 3307 Virgo
672 3225 734 3288 fuit
761 3225 934 3302 liberrima,
991 3247 1047 3310 per
1067 3227 1226 3290 Christum
1248 3228 1409 3310 impletur.

184 3333 314 3389 constat
328 3325 412 3406 quod
428 3325 460 3386 in
476 3324 561 3388 omni
577 3325 766 3400 constantia,
783 3324 937 3387 stabilita·
1030 3325 1277 3408 insuper‚qnum
1290 3327 1377 3388 dicat
1390 3327 1737 3410 Apostolus,0ptimum
1760 3349 1885 3397 asara.

184 3434 216 3486 te
233 3423 451 3503 firmitateque
465 3421 563 3484 animi
580 3421 642 3483 fuit
661 3422 828 3503 completa.
845 3421 937 3484 Nem·
991 3431 1039 3486 est
1057 3425 1158 3505 gratia
1177 3424 1313 3486 stabiliri
1338 3443 1415 3500 cor;
1431 3433 1553 3488 certum
1578 3434 1627 3488 est
1648 3434 1741 3487 natu·
1753 3414 1774 3455 ⁹·

46 3547 170 3595 emsa
185 3542 240 3603 pe,
259 3529 294 3583 ut
316 3519 466 3584 Salomon
485 3519 573 3596 dixit,
590 3519 695 3600 justus
714 3520 803 3600 qnasi
823 3518 937 3581 funda·
991 3540 1057 3583 ram
1073 3541 1132 3604 per
1148 3522 1283 3602 gratiam
1305 3522 1451 3601 stabiliri,
1467 3531 1499 3586 et
1518 3531 1656 3586 mentem
1677 3524 1740 3585 vir-

185 3629 333 3682 mcutum
349 3617 589 3700 sempiternum.
602 3616 639 3678 Et
653 3617 692 3679 de
708 3617 875 3680 obediente
890 3617 935 3679 sic
991 3619 1112 3682 tutibus
1132 3619 1202 3702 figi.
1219 3620 1480 3702 lncomparabilis
1499 3640 1575 3700 ergo
1594 3621 1656 3682 fuit
1677 3631 1740 3684 sta-

184 3719 231 3780 ait
251 3717 418 3780 Salvator:
435 3715 544 3779 Omnis
563 3715 617 3796 qui
637 3715 726 3778 audit
750 3715 847 3778 verba
869 3716 936 3779 hero
992 3717 1122 3780 bilitatis
1136 3736 1173 3779 ac
1190 3717 1364 3793 firmitatis,
1382 3718 1433 3780 cni
1454 3726 1519 3779 tarn
1540 3719 1739 3781 excellentis-

185 3826 218 3879 et
234 3815 375 3894 facitea,
391 3813 619 3876 assimilabitur
639 3813 706 3877 viro
726 3813 861 3896 sapienti
882 3814 935 3896 qni
991 3815 1071 3876 sima
1098 3817 1207 3896 gratiae
1242 3814 1406 3896 plenitudo
1443 3817 1740 3898 consummatioque

184 3913 361 3977 aedificavit
375 3913 505 3975 domum
521 3930 610 3974 suam
631 3930 726 3992 supra
747 3920 867 3993 petram
882 3935 890 3988 ;
907 3919 938 3973 et
991 3912 1145 3974 virtutum
1166 3921 1258 3975 erant
1279 3913 1452 3994 impressae.

184 4011 355 4075 descendit
374 4010 494 4092 pluvia,
510 4017 542 4072 et
566 4017 721 4071 venerunt
745 4008 890 4086 flumina,
908 4016 938 4070 et
1030 4009 1158 4090 Legitur
1176 4027 1302 4091 quoque
1324 4010 1428 4092 primo
1446 4010 1568 4091 Regum
1583 4012 1623 4074 de
1637 4011 1738 4091 Anna,

184 4109 351 4171 flaverunt
378 4107 475 4187 venti,
502 4115 534 4168 et
559 4106 717 4168 irruerunt
746 4105 778 4166 in
807 4106 936 4168 domum
990 4109 1074 4188 quod
1091 4107 1196 4170 vultus
1216 4108 1287 4188 ejus
1308 4127 1372 4170 nou
1392 4116 1467 4170 sunt
1487 4109 1624 4190 amplius
1643 4110 1675 4171 in
1694 4109 1741 4171 di·
1755 4128 1886 4183 ineptit.

185 4209 289 4285 illam,
313 4215 344 4269 et
368 4224 432 4269 non
453 4205 570 4268 cecidit
587 4229 593 4266 :
611 4204 742 4266 fundata
762 4203 848 4266 enim
871 4205 975 4267 erati)
992 4225 1084 4268 versa
1098 4207 1222 4268 mutati.
1240 4207 1301 4268 Sed
1316 4214 1348 4268 ct
1362 4207 1402 4268 de
1418 4206 1448 4269 S.
1465 4207 1597 4270 Martino
1612 4206 1742 4290 scripsit

185 4325 284 4386 supra
299 4311 433 4386 petram.
451 4303 637 4366 Beatissima
652 4321 728 4382 ergo
745 4301 852 4383 Virgo,
868 4321 938 4382 quea
992 4303 1127 4365 Severus
1144 4327 1151 4365 :
1168 4303 1266 4366 Nemo
1291 4303 1381 4365 illum
1406 4323 1546 4384 unquam
1572 4304 1653 4366 vidit
1681 4305 1741 4366 ira-

186 4405 219 4465 in
236 4401 363 4464 cunetis
378 4399 638 4464 obedientissima
652 4399 772 4462 exstitit
786 4399 934 4476 Creatori,
992 4409 1071 4480 tum,
1097 4421 1192 4464 nemo
1216 4411 1415 4478 moerentem,
1440 4421 1534 4464 nemo
1560 4403 1738 4478 ridentem3

186 4498 366 4562 immobilis
380 4498 442 4560 fuit
457 4498 489 4559 in
505 4517 554 4575 eo,
572 4517 630 4560 neo
646 4517 663 4560 a
678 4498 765 4578 regia
780 4496 833 4558 via
848 4495 938 4558 flexi·
992 4499 1046 4559 sed
1063 4518 1126 4560 uno
1145 4507 1177 4560 et
1198 4501 1309 4562 eodem
1324 4499 1443 4580 jugiter
1460 4519 1652 4581 permanens
1671 4501 1741 4563 vul-

186 4599 263 4662 bilis
285 4617 324 4660 cx
345 4595 519 4658 incidentia
537 4613 809 4678 quarumcumque
828 4594 939 4657 adver·
992 4605 1036 4672 tu,
1064 4598 1202 4678 angelici
1230 4598 1338 4660 vultus
1367 4598 1510 4660 exhibuit
1538 4607 1737 4679 apparatum.

186 4698 329 4772 sitatum,
356 4692 610 4772 tribulationum,
641 4693 850 4756 tentationum
884 4701 939 4755 aut
991 4693 1140 4757 Salomon
1164 4696 1258 4758 etiam
1276 4719 1283 4756 :
1301 4695 1368 4757 Non
1395 4696 1593 4759 contristabit
1609 4696 1740 4778 (inquit)
1767 4716 1884 4762 erasit.

186 4792 490 4866 varietatum.0uod
507 4791 615 4854 itidem
632 4790 812 4870 innotescit,
826 4791 852 4852 si
868 4811 938 4872 queo
989 4792 1111 4872 justum
1137 4793 1290 4874 quidquid
1315 4793 1345 4854 ei
1370 4792 1534 4856 acciderit.
1556 4793 1588 4856 Si
1614 4795 1681 4857 haec
1709 4804 1741 4858 et
1753 4783 1788 4824 ²¹·

186 4892 227 4954 de
251 4889 451 4972 plenitudine
471 4888 634 4970 sapientia
653 4888 723 4969 ejus
745 4888 884 4950 secundo
901 4885 938 4949 li·
991 4889 1174 4952 consimilia
1188 4891 1227 4953 de
1239 4891 1363 4953 Sanctis
1378 4892 1543 4974 utriusque
1558 4911 1651 4955 sexus
1666 4913 1739 4955 vere

186 4988 273 5053 bello
298 4995 374 5050 sunt
394 4986 574 5050 introducta
593 4993 777 5067 pensentur.
799 4985 935 5062 Etenim,
991 4989 1173 5069 conscripta
1188 4996 1261 5050 sunt
1278 5011 1285 5048 ε
1302 4997 1422 5070 quanto
1442 4990 1543 5070 magis
1564 4991 1604 5052 de
1626 4991 1741 5052 Sancta

88 5105 158 5150 aaa.
188 5096 268 5150 teste
283 5085 458 5167 Scriptura,
477 5084 572 5147 bomo
590 5092 717 5147 sanctus
733 5083 764 5145 in
782 5083 937 5166 sapientia
992 5087 1189 5163 Sanctarum,
1213 5086 1253 5148 de
1268 5086 1508 5166 praeclarissima
1523 5089 1618 5150 Matre
1634 5089 1739 5151 Sancti

54 5180 114 5218 ¹¹¹¹¹'
128 5171 160 5212 ¹²·
187 5193 296 5248 manet
319 5192 357 5247 ut
380 5183 439 5263 sol,
464 5183 578 5245 stultus
602 5189 708 5246 autem
737 5190 876 5245 mutatur
903 5190 938 5244 ut
992 5183 1192 5261 Sanctorum,
1208 5192 1239 5245 et
1253 5185 1347 5266 plane
1363 5185 1402 5247 de
1418 5185 1660 5267 incomparabili
1683 5186 1740 5249 Ge

188 5284 273 5348 luna.
290 5283 366 5347 ideo
391 5281 623 5364 plenitudinem
649 5279 811 5364 sapientias
835 5289 867 5343 et
891 5282 938 5344 lu·
992 5281 1106 5344 nitrice
1122 5283 1176 5344 Dei
1191 5283 1325 5346 deorum
1339 5284 1406 5346 hac
1422 5283 1536 5364 hisque
1551 5283 1672 5366 maj0ra
1687 5304 1740 5348 ve·

51 3734 170 3786 ttatmsn,

48 3798 77 3844 ib,
86 3801 116 3840 2⁵.

61 4912 125 4951 utu
127 4924 170 4952 ιιιιι
