4309 6250
297 514 448 563 nunooos
469 514 699 562 nrsrurarrours
720 514 812 561 rursu
832 514 1039 561 ennianauurr
1060 515 1098 561 rr
1119 513 1334 563 sanmcnuuu.
1357 534 1397 545 -
1418 515 1487 563 aur.
1509 515 1567 563 xm
1653 496 1713 561 tto

159 684 199 747 ad
223 685 284 749 boc
308 686 399 767 jubet
423 684 573 749 diurnum
593 704 630 748 ac
652 685 838 748 diuturnum
859 686 906 768 jo-
923 686 948 749 A
964 686 1025 749 biis
1043 711 1049 749 :
1067 685 1112 748 Ne
1126 687 1225 765 dicas,
1242 687 1382 749 Reddam
1397 687 1517 749 malum
1531 706 1589 768 pro
1604 686 1708 765 malo;
1738 702 1804 747 rrae.
1821 715 1858 754 n.

157 783 298 864 junium,
315 793 350 847 ut
371 792 479 865 postea
497 784 634 861 avidius,
651 784 794 866 gulosius
813 792 908 865 atquc
962 792 1111 866 exspecta
1133 784 1315 862 Dominum,
1338 793 1371 848 et
1395 784 1544 848 liberabit
1566 792 1608 847 te.
1624 784 1710 847 Unde
1725 767 1759 809 ²²·

157 880 280 944 diutius
305 881 539 959 comessationi,
564 882 816 963 ingurgitationi,
841 902 909 945 car·
963 881 996 943 in
1016 881 1240 945 Ecclesiastico
1261 882 1306 944 ait
1328 883 1377 945 vir
1396 883 1524 965 saplens
1541 906 1548 944 :
1564 882 1623 957 Qui
1641 882 1711 944 vin·
1738 898 1811 943 aaa.

158 980 283 1043 ualitati
302 990 444 1060 vacetur,
460 988 492 1044 et
514 982 599 1062 quod
625 980 778 1043 finalibus
803 981 908 1044 causis
962 980 1060 1042 dicari
1083 979 1199 1058 vult,a
1222 980 1286 1043 Ileo
1309 980 1483 1044 vindictam
1509 980 1661 1057 inveniet,
1678 979 1711 1041 id
1725 974 1798 1012 ¹¹¹¹''·
1811 964 1830 1004 ¹·

154 1078 354 1160 jejuniorum
381 1073 764 1161 prorsus'contrariaturt
788 1078 907 1159 Nempe
962 1086 1021 1154 est,
1037 1078 1121 1140 Deus
1142 1077 1321 1141 vindicabit
1341 1087 1471 1161 peccata
1492 1079 1590 1142 illius.

154 1178 195 1239 ad
212 1178 272 1241 boc
286 1177 412 1259 jejunia
426 1186 458 1241 et
478 1177 678 1241 abstinentia
697 1186 772 1241 sunt
792 1176 908 1240 divini·
1002 1176 1165 1257 Preterea,
1182 1178 1274 1241 tortIo
1295 1177 1443 1240 Aleorani
1464 1177 1604 1259 capitulo
1622 1177 1711 1257 quasi

155 1285 207 1337 tus
222 1276 378 1355 instituta,
394 1278 710 1359 utconcupisccntiae
725 1276 830 1339 carnis
845 1277 907 1338 lre-
962 1294 1000 1337 ex
1028 1283 1118 1356 parte
1146 1275 1202 1338 Ilei
1229 1275 1345 1337 dicitur
1372 1276 1547 1339 llabometo
1577 1299 1585 1337 ε
1612 1274 1710 1336 'luam

153 1384 284 1451 nentur,
301 1394 374 1438 caro
389 1374 449 1437 sub
468 1374 600 1438 rationis
621 1376 787 1438 dominatu
802 1394 908 1437 serve·
962 1372 1066 1454 legem
1094 1382 1224 1455 propter
1251 1373 1346 1435 aliam
1375 1380 1502 1435 mumns
1529 1381 1562 1436 et
1589 1373 1621 1435 in
1656 1371 1712 1435 illa

153 1481 217 1549 tur,
235 1481 268 1535 et
280 1472 377 1536 bomo
392 1492 448 1554 pro
463 1473 530 1535 suis
551 1492 584 1536 se
605 1472 733 1554 affligat
756 1472 904 1554 peccatis.
962 1490 1107 1548 manens,
1122 1470 1176 1533 bic
1191 1479 1223 1533 et
1238 1471 1270 1533 in
1291 1471 1400 1534 futuro
1414 1472 1530 1534 seculo
1545 1490 1618 1535 reus
1637 1471 1709 1551 orit,

154 1570 217 1632 Sed
247 1579 313 1633 tota
341 1589 422 1651 pene
446 1580 540 1634 nocte
564 1572 603 1634 ad
628 1570 755 1634 libitum
784 1569 907 1652 epulari
963 1576 994 1632 et
1009 1569 1083 1651 igne
1098 1569 1305 1632 indeficiente
1327 1569 1454 1651 peribit.
1471 1569 1553 1648 Noli,
1569 1588 1589 1632 o
1604 1570 1712 1633 Sarra-

154 1678 186 1731 et
201 1668 321 1747 satiari,
337 1669 484 1732 omnibus
505 1670 556 1731 bis
577 1678 744 1751 repugnat,
761 1679 793 1732 et
813 1688 832 1731 a
854 1669 907 1732 de
963 1686 1052 1745 cene,
1070 1668 1200 1730 credere
1216 1668 1348 1729 verbum
1363 1667 1423 1730 boc
1445 1686 1515 1730 esse
1529 1686 1548 1729 a
1562 1667 1626 1731 Deo
1640 1686 1722 1750 pro·-

154 1765 298 1846 votione,
320 1767 474 1830 orationis
496 1768 644 1849 puritate,
669 1767 908 1849 contemplatio
963 1764 1180 1847 latum,quum
1196 1767 1237 1828 sit
1248 1766 1426 1829 certissime
1440 1785 1459 1827 a
1473 1766 1600 1829 diabolo
1612 1766 1713 1848 inspi-

156 1866 208 1928 nis
232 1866 382 1929 acumine
408 1866 543 1929 maxime
564 1866 705 1949 impedit.
728 1868 794 1930 lmo
819 1876 908 1929 natu·
924 1870 948 1931 ll
964 1874 1079 1943 ratum,
1095 1873 1127 1927 et
1147 1866 1189 1927 ab
1208 1864 1398 1946 impiissimo
1412 1864 1524 1927 lIabon
1539 1864 1711 1927 salsissIme

156 1964 232 2027 ralis
249 1964 330 2027 ratio
345 1964 454 2045 dictat,
470 1966 510 2027 de
525 1964 598 2028 cibo
619 1973 651 2027 et
665 1974 742 2046 potu
757 1984 820 2028 non
836 1965 908 2047 plus
963 1962 1172 2025 allirmatum.
1189 1963 1256 2025 lam
1276 1962 1362 2024 enlm
1382 1970 1545 2024 ostensum
1564 1963 1712 2043 estquod
1726 1989 1768 2029 aa.
1782 1999 1804 2027 ιι.

156 2062 305 2144 accipere
334 2082 429 2143 quam
458 2063 585 2144 expedit
613 2063 726 2127 animae
754 2064 792 2127 ad
830 2064 909 2125 bene
964 2062 1156 2123 Alcoranum
1177 2062 1220 2123 sit
1240 2070 1340 2123 totum
1362 2061 1552 2142 sacrilegum
1572 2068 1606 2123 et
1625 2080 1712 2123 men-

156 2170 189 2223 et
205 2161 347 2223 virtuose
362 2160 535 2223 vivendum
554 2180 670 2243 :aquo
687 2162 757 2223 talis
772 2180 808 2224 ac
824 2170 910 2223 tanta
965 2159 1090 2239 desum,
1113 2167 1208 2241 atque
1231 2158 1348 2222 divinis
1373 2158 1556 2241 Scripturis,
1577 2178 1714 2240 evange·

158 2258 294 2340 repletio
323 2259 445 2321 ventris
479 2258 613 2343 impedit
646 2260 851 2322 vehementer
879 2268 912 2321 et
966 2256 1149 2339 liceatque
1169 2256 1312 2320 blosaicas
1333 2256 1395 2339 legi
1417 2258 1624 2321 contrarium.

156 2365 270 2439 gravat
284 2365 440 2419 naturam.
457 2358 481 2420 O
496 2366 648 2439 quantum
664 2357 823 2420 discordat
843 2357 911 2420 baec

155 2456 261 2537 jussio
282 2456 489 2520 blabometia
512 2456 662 2519 doctrinis
681 2456 910 2537 preceptisque

48 2590 77 2619 ac.
156 2554 294 2617 Christi!
311 2554 369 2628 Qui
385 2554 419 2616 in
434 2554 606 2635 EvangeIIo
621 2554 759 2635 loquitur
775 2578 782 2616 ι
800 2554 911 2617 Videte
1157 2550 1403 2617 ARTICULUS
1428 2552 1522 2615 XIII.

48 2670 53 2681 ⁵
158 2672 197 2716 ΗΘ
217 2662 394 2762 ‚graventur
413 2653 509 2716 ⁰⁰¹'da
532 2660 637 2715 mm
658 2653 690 2713 in
711 2651 840 2761 Quia
860 2652 910 2715 vel
965 2691 1155 2751 Prosecutt'o
1177 2692 1383 2749 deductionis
1410 2690 1519 2759 istius,
1541 2698 1571 2748 et
1597 2690 1717 2765 specia-

157 2752 323 2830 ebnemoea
335 2759 390 2813 ΜΠ
405 2750 489 2813 θῦήε
503 2750 600 2832 hujus
616 2750 740 2829 mun?
753 2759 909 2833 ¹t⁰¹¹¹q¹¹⁰²
1006 2780 1084 2837 liter
1107 2798 1206 2857 quam
1231 2780 1514 2838 irrationabiliter
1537 2787 1567 2837 et
1593 2781 1717 2856 injuste

31 2847 387 2929 rasa..1.2sQVev0bisqui
404 2848 532 2911 saturati
554 2849 640 2927 estis,
657 2848 732 2929 quia
752 2848 908 2911 esurietis.
1002 2867 1211 2941 prohibuerit
1222 2868 1342 2928 Mallon
1357 2867 1540 2925 cultoribus
1554 2886 1622 2926 m
1637 2869 1717 2943 [0953

196 2946 318 3009 Eodem
343 2947 483 3028 capitulo
503 2946 594 3028 jubet
612 2946 725 3009 blabon
747 2946 826 3027 legis
848 2966 912 3009 suae
1007 2948 1300 3029 m'ui'potationem.

156 3044 335 3107 cultoribus
354 3068 362 3107 t
380 3043 571 3107 Inlerentem
597 3044 686 3107 vobis
707 3043 842 3127 injurias
867 3044 949 3107 art-C

155 3163 220 3225 que
236 3142 639 3222 molestias,consimilibus
655 3144 759 3226 poenis
774 3143 908 3206 allicite.
1006 3140 1221 3204 Gnnrsrmuus.
1247 3177 1288 3187 -
1313 3142 1432 3203 Rursus
1456 3141 1597 3222 capitulo
1619 3143 1713 3206 tertio

156 3241 292 3324 Oquam
316 3241 438 3304 discors
458 3249 507 3304 est
526 3241 587 3304 ista
606 3242 750 3306 doctrina
764 3242 910 3304 Alcorani
965 3240 1055 3322 quasi
1080 3259 1117 3301 ex
1144 3257 1278 3320 persona
1297 3239 1352 3301 Ilei
1374 3239 1491 3301 dicitur
1509 3239 1710 3303 llabomcto:

34 3351 141 3402 uaeris.
156 3339 197 3402 ab
219 3338 393 3420 Evangelio
413 3338 528 3402 Christi
542 3347 549 3402 t
566 3339 623 3414 Qui
645 3340 688 3402 ait
705 3365 712 3401 :
729 3339 911 3402 Benelacite
965 3335 1208 3399 sciscitantibus
1221 3336 1261 3398 de
1276 3336 1363 3416 vino,
1380 3345 1507 3398 scacatu
1520 3341 1544 3417 ',
1556 3337 1607 3399 vel
1622 3337 1710 3414 aleis,
1741 3367 1860 3422 qm...

31 3421 94 3462 “¹⁴⁵¹
156 3438 207 3501 bis
234 3437 288 3518 qui
314 3437 450 3500 oderunt
474 3457 542 3516 vos,
562 3446 594 3500 et
618 3447 706 3502 orate
727 3457 784 3520 pro
806 3457 912 3520 perse·
965 3443 996 3497 et
1011 3433 1265 3516 hujusmodi,dic
1281 3443 1446 3516 peccatum
1459 3435 1628 3497 maximum
1644 3430 1862 3537 esseffim·

156 3535 331 3617 quentibus
353 3543 385 3597 et
405 3535 672 3598 calumniantibus
694 3555 762 3618 vos,
785 3545 819 3598 ut
841 3537 910 3598 sitis
965 3532 1149 3612 hujusmodi
1174 3540 1284 3614 potum
1310 3540 1343 3594 ct
1368 3531 1488 3595 ludum.
1505 3534 1604 3609 Quam
1626 3552 1713 3596 men-

155 3632 218 3696 srlii
243 3633 343 3696 Patris
376 3633 472 3697 vestri
503 3635 556 3716 qui
587 3634 620 3696 in
651 3634 740 3698 coelis
771 3642 829 3713 cst,
854 3635 909 3717 qul
965 3631 1042 3694 dose
1060 3652 1097 3694 ac
1117 3631 1214 3714 imple
1233 3631 1433 3695 adscribatur
1447 3633 1632 3696 constitutio
1653 3632 1715 3696 ista

156 3732 260 3795 solem
289 3751 383 3794 suum
412 3731 490 3795 lacit
518 3732 593 3795 oriri
624 3751 721 3814 super
749 3732 850 3795 bonos
879 3743 910 3795 et
964 3730 1040 3809 Deo,
1057 3731 1201 3813 pandunt
1222 3730 1387 3813 utriusque
1413 3731 1603 3795 Testamenti
1624 3749 1714 3793 sacra

157 3829 272 3908 malos,
282 3838 314 3891 et
328 3828 409 3910 pluit
424 3847 520 3910 super
533 3829 635 3911 justos
650 3839 682 3892 et
696 3830 842 3910 injustos.
852 3829 909 3905 Qui
965 3829 1127 3910 Scriptura
1141 3829 1358 3910 naturalisque
1381 3831 1472 3909 ratio,
1490 3829 1655 3911 potissime
1674 3829 1714 3892 de

31 3945 140 4000 rmum.
157 3947 270 3990 rursus
299 3927 462 3990 consuluit
488 3951 495 3990 ε
522 3927 662 3991 Audistis
690 3929 765 4010 qnia
788 3929 908 3991 dictum
966 3926 1030 3988 vini
1053 3928 1225 4009 potatione,
1240 3946 1339 4008 quum
1362 3928 1412 3990 vir
1432 3935 1559 3990 sanctus
1579 3927 1665 3990 dicat
1679 3929 1713 3990 in

157 4035 204 4088 est
233 4024 384 4106 antiquis,
410 4023 542 4088 Oculum
567 4044 624 4108 pro
649 4025 755 4106 oculo,
781 4027 909 4088 dentem
965 4024 1089 4087 Psalmo
1103 4025 1142 4086 ad
1158 4025 1257 4087 Qum
1275 4048 1282 4086 :
1297 4025 1418 4087 Educas
1433 4044 1549 4108 panem
1563 4027 1603 4088 de
1618 4034 1711 4104 terra,
1736 4055 1861 4105 mma,

156 4143 216 4206 pro
245 4124 360 4201 dcnte;
391 4141 450 4204 ego
479 4131 584 4186 autem
612 4123 685 4187 dico
715 4123 819 4204 vobis,
846 4143 909 4188 non
966 4130 997 4185 et
1017 4123 1126 4184 vinum
1147 4121 1289 4184 latificat
1308 4141 1363 4185 cor
1386 4122 1713 4201 bominis;Salomon
1729 4121 1762 4161 ¹⁵·

158 4223 308 4284 resistere
330 4220 426 4302 malo,
447 4222 502 4286 sed
525 4223 551 4284 si
573 4222 644 4304 quis
666 4231 697 4285 te
718 4225 911 4305 percusserit
926 4223 950 4286 D
966 4239 1091 4302 quoque
1112 4221 1146 4282 ln
1161 4220 1337 4283 Proverbiis
1354 4245 1361 4282 :
1379 4221 1455 4283 Date
1478 4221 1614 4284 siceram
1636 4241 1714 4284 mcc
1734 4246 1860 4294 mun.

156 4321 189 4384 in
205 4341 304 4384 unam
320 4320 492 4399 maxillam,
509 4321 614 4403 praebe
629 4321 657 4384 ei
672 4330 703 4384 et
718 4322 860 4385 alteram.
873 4323 912 4386 Et
967 4319 1121 4395 rentibus,
1148 4327 1179 4380 et
1208 4319 1317 4380 vinum
1345 4319 1394 4380 bis
1422 4319 1478 4401 qui
1507 4339 1615 4384 amaro
1640 4330 1715 4384 sunt
1728 4311 1750 4358 ⁶·
1760 4310 1780 4350 ⁷·

156 4441 216 4483 cur
236 4419 433 4482 miserrimus
453 4420 563 4483 blabon
582 4420 792 4502 Evangelium
818 4421 911 4484 toties
965 4418 1094 4494 anim03
1125 4417 1245 4492 bibant,
1276 4425 1308 4478 et
1336 4417 1566 4480 obIIviscantur
1597 4421 1714 4484 doloris

157 4519 278 4594 laudat,
309 4519 360 4581 cui
394 4525 458 4580 tam
492 4518 665 4602 saepissime
699 4519 910 4582 contradicitl
966 4516 1026 4578 sul.
1048 4515 1127 4578 llinc
1154 4515 1185 4576 in
1210 4515 1433 4579 Ecclesiastico
1455 4517 1609 4598 scrIptum
1634 4528 1712 4582 est:

155 4617 271 4680 Nonne
299 4618 432 4680 adversa
461 4627 536 4680 sunt
563 4617 782 4700 equanimiter
816 4619 911 4680 susti·
966 4615 1082 4676 l'innm
1105 4613 1138 4674 in
1158 4613 1389 4694 jucunditatem
1411 4625 1553 4678 creatum
1574 4625 1633 4697 est,
1649 4637 1714 4681 non
1729 4640 1793 4684 aceo
1795 4653 1860 4690 ιιιιιι

157 4714 276 4792 nenda,
289 4722 323 4776 ut
339 4714 420 4777 Deus
435 4715 638 4797 omnipotens
653 4715 803 4796 dignetur
817 4715 910 4778 nobis
965 4713 997 4774 in
1011 4712 1198 4774 ebrietatem
1212 4734 1220 4790 3
1236 4730 1331 4792 quam
1347 4711 1515 4776 sufficiens
1530 4723 1579 4777 est
1592 4716 1713 4780 homini
1730 4707 1763 4754 ³⁵¹
1778 4705 1811 4755 ²³¹
1826 4706 1860 4746 ²⁶·

157 4811 321 4875 remittere
337 4821 444 4874 nostra
460 4817 607 4893 peccalal
619 4812 696 4875 llinc
712 4832 769 4895 per
784 4814 909 4895 Moysen
965 4811 1089 4874 erudito
1105 4809 1215 4872 vinum
1231 4810 1378 4890 exiguum
1393 4833 1401 4886 ς
1417 4812 1585 4877 exsultatio
1600 4817 1714 4880 animae

31 4927 140 4981 tauers.
154 4910 279 4992 jussit:
296 4909 364 4974 Non
384 4929 507 4991 quaeres
528 4907 695 4992 ultionem,
712 4930 771 4974 nec
788 4930 911 4974 memor
966 4919 998 4972 et
1012 4909 1165 4991 corporis,
1183 4909 1293 4970 vinum
1315 4909 1420 4971 sobrie
1436 4919 1589 4992 potatum.
1607 4915 1715 4978 Sedet

155 5009 220 5072 eris
253 5008 377 5090 injuriae
406 5008 525 5071 civium
551 5017 688 5072 tuorum.
715 5010 751 5072 Et
781 5018 909 5072 sanctus
965 5008 1066 5070 sancti
1095 5009 1279 5091 patriarcba
1302 5008 1474 5088 Abrabam,
1491 5010 1588 5090 Isaac,
1605 5013 1713 5093 Jacob,

32 5115 107 5170 ram,
120 5125 139 5164 a.
155 5107 257 5170 David
272 5106 423 5169 disseruit
439 5130 445 5168 :
463 5106 495 5170 Si
518 5107 640 5170 reddidi
662 5107 909 5170 retribuentibus
965 5116 995 5170 et
1018 5107 1086 5186 alii,
1103 5107 1214 5169 vinum
1236 5106 1396 5170 biberunt.
1419 5109 1581 5190 Siquidem
1602 5113 1635 5174 in
1657 5112 1715 5174 Ge-
1737 5138 1860 5187 canam,

155 5205 237 5268 mibi
268 5205 363 5282 mala,
389 5205 533 5267 decidam
562 5206 676 5268 merito
704 5205 744 5268 ab
771 5204 908 5268 inimicis
964 5205 1032 5268 nesi
1048 5205 1239 5267 describitur
1251 5204 1389 5287 qualiter
1402 5205 1531 5269 Jacoba
1552 5218 1640 5289 patre
1655 5230 1713 5274 suo
1728 5203 1763 5244 ²⁵·

154 5304 240 5368 meis
266 5301 379 5366 inanis.
397 5301 545 5366 Salomon
570 5322 697 5386 quoque
722 5303 754 5365 in
779 5303 908 5367 Prover·
962 5303 1048 5366 Isaac
1065 5303 1311 5383 benedicendus,
1322 5303 1436 5367 obtulit
1450 5305 1479 5367 ei
1496 5306 1617 5387 vinum,
1627 5310 1712 5392 quod
