<?xml version="1.0" encoding="UTF-8"?>
<!DOCTYPE html PUBLIC "-//W3C//DTD XHTML 1.0 Transitional//EN"
    "http://www.w3.org/TR/xhtml1/DTD/xhtml1-transitional.dtd">
<html xmlns="http://www.w3.org/1999/xhtml" xml:lang="en" lang="en">
 <head>
  <title>
</title>
<meta http-equiv="Content-Type" content="text/html;charset=utf-8" />
  <meta name='ocr-system' content='tesseract 3.04.00' />
  <meta name='ocr-capabilities' content='ocr_page ocr_carea ocr_par ocr_line ocrx_word'/>
</head>
<body>
  <div class='ocr_page' id='page_1' title='image "./doctorisecstati03unkngoog_0087.png"; bbox 0 0 4309 6250; ppageno 0'>
   <div class='ocr_carea' id='block_1_1' title="bbox 462 490 1778 572">
    <p class='ocr_par' dir='ltr' id='par_1_1' title="bbox 462 490 1778 572">
     <span class='ocr_line' id='line_1_1' title="bbox 462 490 1778 572; baseline -0.008 -6"><span class='ocrx_word' id='word_1_1' title='bbox 462 519 502 567; x_wconf 83' lang='lat' dir='ltr'><strong>nn</strong></span> <span class='ocrx_word' id='word_1_2' title='bbox 522 517 685 566; x_wconf 77' lang='lat' dir='ltr'><strong>excurrare</strong></span> <span class='ocrx_word' id='word_1_3' title='bbox 705 516 743 563; x_wconf 82' lang='lat' dir='ltr'><strong>nr</strong></span> <span class='ocrx_word' id='word_1_4' title='bbox 763 513 911 563; x_wconf 79' lang='lat' dir='ltr'><strong>muninus</strong></span> <span class='ocrx_word' id='word_1_5' title='bbox 933 513 961 560; x_wconf 89' lang='lat' dir='ltr'><strong>a.</strong></span> <span class='ocrx_word' id='word_1_6' title='bbox 979 513 1007 558; x_wconf 88' lang='lat' dir='ltr'><strong>v.</strong></span> <span class='ocrx_word' id='word_1_7' title='bbox 1030 512 1149 572; x_wconf 77' lang='lat' dir='ltr'><strong>nante,</strong></span> <span class='ocrx_word' id='word_1_8' title='bbox 1170 511 1260 559; x_wconf 81' lang='lat' dir='ltr'><strong>uam</strong></span> <span class='ocrx_word' id='word_1_9' title='bbox 1280 511 1315 558; x_wconf 82' lang='lat' dir='ltr'><strong>tr.</strong></span> <span class='ocrx_word' id='word_1_10' title='bbox 1337 531 1379 542; x_wconf 90' lang='lat'><em>-</em></span> <span class='ocrx_word' id='word_1_11' title='bbox 1398 512 1469 560; x_wconf 80' lang='lat' dir='ltr'><strong>arr.</strong></span> <span class='ocrx_word' id='word_1_12' title='bbox 1491 511 1548 558; x_wconf 88' lang='lat' dir='ltr'><strong>vm</strong></span> <span class='ocrx_word' id='word_1_13' title='bbox 1739 490 1778 556; x_wconf 80' lang='lat' dir='ltr'><strong>te</strong></span> 
     </span>
    </p>
   </div>
   <div class='ocr_carea' id='block_1_2' title="bbox 225 677 1785 2531">
    <p class='ocr_par' dir='ltr' id='par_1_2' title="bbox 225 677 1785 2236">
     <span class='ocr_line' id='line_1_2' title="bbox 228 677 1781 766; baseline -0.008 -12"><span class='ocrx_word' id='word_1_14' title='bbox 228 691 387 754; x_wconf 75' lang='lat' dir='ltr'><strong>stabiliter</strong></span> <span class='ocrx_word' id='word_1_15' title='bbox 418 689 592 753; x_wconf 77' lang='lat' dir='ltr'><strong>immorari.</strong></span> <span class='ocrx_word' id='word_1_16' title='bbox 620 685 838 750; x_wconf 87' lang='lat' dir='ltr'><strong>illustrissima</strong></span> <span class='ocrx_word' id='word_1_17' title='bbox 871 683 1019 748; x_wconf 69' lang='lat' dir='ltr'><strong>nummi</strong></span> <span class='ocrx_word' id='word_1_18' title='bbox 1075 683 1247 762; x_wconf 89' lang='lat' dir='ltr'><strong>Postremo,</strong></span> <span class='ocrx_word' id='word_1_19' title='bbox 1277 681 1347 766; x_wconf 83' lang='lat' dir='ltr'><strong>ipss</strong></span> <span class='ocrx_word' id='word_1_20' title='bbox 1378 679 1671 764; x_wconf 74' lang='lat' dir='ltr'><strong>incomparabiliter</strong></span> <span class='ocrx_word' id='word_1_21' title='bbox 1704 677 1781 742; x_wconf 83' lang='lat' dir='ltr'><strong>felix</strong></span> 
     </span>
     <span class='ocr_line' id='line_1_3' title="bbox 228 779 1781 870; baseline -0.007 -20"><span class='ocrx_word' id='word_1_22' title='bbox 228 797 325 870; x_wconf 80' lang='lat' dir='ltr'><strong>etque</strong></span> <span class='ocrx_word' id='word_1_23' title='bbox 358 787 560 850; x_wconf 77' lang='lat' dir='ltr'><strong>sanctissima</strong></span> <span class='ocrx_word' id='word_1_24' title='bbox 590 785 676 867; x_wconf 75' lang='lat' dir='ltr'><strong>virgo</strong></span> <span class='ocrx_word' id='word_1_25' title='bbox 705 784 808 861; x_wconf 86' lang='lat' dir='ltr'><strong>hieria,</strong></span> <span class='ocrx_word' id='word_1_26' title='bbox 835 784 876 847; x_wconf 88' lang='lat' dir='ltr'><strong>ab</strong></span> <span class='ocrx_word' id='word_1_27' title='bbox 903 783 980 845; x_wconf 88' lang='lat' dir='ltr'><strong>hore</strong></span> <span class='ocrx_word' id='word_1_28' title='bbox 1034 799 1071 844; x_wconf 90' lang='lat' dir='ltr'><strong>ac</strong></span> <span class='ocrx_word' id='word_1_29' title='bbox 1099 781 1202 844; x_wconf 90' lang='lat' dir='ltr'><strong>dulcis</strong></span> <span class='ocrx_word' id='word_1_30' title='bbox 1228 781 1324 844; x_wconf 78' lang='lat' dir='ltr'><strong>liaris</strong></span> <span class='ocrx_word' id='word_1_31' title='bbox 1348 789 1395 844; x_wconf 88' lang='lat' dir='ltr'><strong>tot</strong></span> <span class='ocrx_word' id='word_1_32' title='bbox 1419 781 1512 843; x_wconf 89' lang='lat' dir='ltr'><strong>annis</strong></span> <span class='ocrx_word' id='word_1_33' title='bbox 1537 779 1648 842; x_wconf 88' lang='lat' dir='ltr'><strong>habuit</strong></span> <span class='ocrx_word' id='word_1_34' title='bbox 1672 796 1781 840; x_wconf 90' lang='lat' dir='ltr'><strong>secum</strong></span> 
     </span>
     <span class='ocr_line' id='line_1_4' title="bbox 229 875 1782 969; baseline -0.008 -20"><span class='ocrx_word' id='word_1_35' title='bbox 229 906 295 967; x_wconf 90' lang='lat' dir='ltr'><strong>qua</strong></span> <span class='ocrx_word' id='word_1_36' title='bbox 322 885 420 969; x_wconf 85' lang='lat' dir='ltr'><strong>coepit</strong></span> <span class='ocrx_word' id='word_1_37' title='bbox 447 885 573 946; x_wconf 91' lang='lat' dir='ltr'><strong>assidue</strong></span> <span class='ocrx_word' id='word_1_38' title='bbox 601 883 646 946; x_wconf 89' lang='lat' dir='ltr'><strong>uti</strong></span> <span class='ocrx_word' id='word_1_39' title='bbox 674 883 806 959; x_wconf 90' lang='lat' dir='ltr'><strong>ratione,</strong></span> <span class='ocrx_word' id='word_1_40' title='bbox 833 881 865 943; x_wconf 90' lang='lat' dir='ltr'><strong>in</strong></span> <span class='ocrx_word' id='word_1_41' title='bbox 894 899 982 942; x_wconf 87' lang='lat' dir='ltr'><strong>exer·</strong></span> <span class='ocrx_word' id='word_1_42' title='bbox 1035 899 1175 962; x_wconf 85' lang='lat' dir='ltr'><strong>presens</strong></span> <span class='ocrx_word' id='word_1_43' title='bbox 1199 885 1232 942; x_wconf 90' lang='lat' dir='ltr'><strong>et</strong></span> <span class='ocrx_word' id='word_1_44' title='bbox 1258 878 1320 941; x_wconf 91' lang='lat' dir='ltr'><strong>sibi</strong></span> <span class='ocrx_word' id='word_1_45' title='bbox 1344 878 1520 942; x_wconf 79' lang='lat' dir='ltr'><strong>convivens</strong></span> <span class='ocrx_word' id='word_1_46' title='bbox 1543 895 1579 939; x_wconf 89' lang='lat' dir='ltr'><strong>ac</strong></span> <span class='ocrx_word' id='word_1_47' title='bbox 1607 875 1782 940; x_wconf 90' lang='lat' dir='ltr'><strong>domestice</strong></span> 
     </span>
     <span class='ocr_line' id='line_1_5' title="bbox 229 973 1783 1061; baseline -0.005 -18"><span class='ocrx_word' id='word_1_48' title='bbox 229 983 317 1045; x_wconf 90' lang='lat' dir='ltr'><strong>citiis</strong></span> <span class='ocrx_word' id='word_1_49' title='bbox 349 983 422 1045; x_wconf 84' lang='lat' dir='ltr'><strong>vite</strong></span> <span class='ocrx_word' id='word_1_50' title='bbox 457 979 712 1061; x_wconf 85' lang='lat' dir='ltr'><strong>contemplative</strong></span> <span class='ocrx_word' id='word_1_51' title='bbox 746 976 915 1060; x_wconf 76' lang='lat' dir='ltr'><strong>prefectis,</strong></span> <span class='ocrx_word' id='word_1_52' title='bbox 947 975 978 1036; x_wconf 94' lang='lat' dir='ltr'><strong>iu</strong></span> <span class='ocrx_word' id='word_1_53' title='bbox 1035 996 1237 1041; x_wconf 88' lang='lat' dir='ltr'><strong>commorans</strong></span> <span class='ocrx_word' id='word_1_54' title='bbox 1261 977 1359 1040; x_wconf 88' lang='lat' dir='ltr'><strong>totius</strong></span> <span class='ocrx_word' id='word_1_55' title='bbox 1387 974 1666 1058; x_wconf 71' lang='lat' dir='ltr'><strong>contemplationis</strong></span> <span class='ocrx_word' id='word_1_56' title='bbox 1693 973 1783 1054; x_wconf 82' lang='lat' dir='ltr'><strong>obje-</strong></span> 
     </span>
     <span class='ocr_line' id='line_1_6' title="bbox 228 1072 1783 1157; baseline -0.006 -15"><span class='ocrx_word' id='word_1_57' title='bbox 228 1079 426 1144; x_wconf 88' lang='lat' dir='ltr'><strong>orationibus</strong></span> <span class='ocrx_word' id='word_1_58' title='bbox 442 1077 584 1155; x_wconf 90' lang='lat' dir='ltr'><strong>fervidis,</strong></span> <span class='ocrx_word' id='word_1_59' title='bbox 601 1077 633 1138; x_wconf 91' lang='lat' dir='ltr'><strong>in</strong></span> <span class='ocrx_word' id='word_1_60' title='bbox 649 1074 908 1138; x_wconf 71' lang='lat' dir='ltr'><strong>meditationibus</strong></span> <span class='ocrx_word' id='word_1_61' title='bbox 923 1091 980 1154; x_wconf 86' lang='lat' dir='ltr'><strong>pu·</strong></span> <span class='ocrx_word' id='word_1_62' title='bbox 1035 1083 1134 1153; x_wconf 90' lang='lat' dir='ltr'><strong>ctum,</strong></span> <span class='ocrx_word' id='word_1_63' title='bbox 1156 1074 1321 1157; x_wconf 76' lang='lat' dir='ltr'><strong>sapientia</strong></span> <span class='ocrx_word' id='word_1_64' title='bbox 1349 1072 1482 1152; x_wconf 89' lang='lat' dir='ltr'><strong>fontem,</strong></span> <span class='ocrx_word' id='word_1_65' title='bbox 1503 1074 1668 1136; x_wconf 91' lang='lat' dir='ltr'><strong>veritatem</strong></span> <span class='ocrx_word' id='word_1_66' title='bbox 1693 1079 1783 1134; x_wconf 88' lang='lat' dir='ltr'><strong>eter-</strong></span> 
     </span>
     <span class='ocr_line' id='line_1_7' title="bbox 227 1169 1783 1254; baseline -0.004 -15"><span class='ocrx_word' id='word_1_67' title='bbox 227 1177 286 1254; x_wconf 91' lang='lat' dir='ltr'><strong>ris,</strong></span> <span class='ocrx_word' id='word_1_68' title='bbox 313 1178 344 1238; x_wconf 92' lang='lat' dir='ltr'><strong>iu</strong></span> <span class='ocrx_word' id='word_1_69' title='bbox 369 1173 584 1239; x_wconf 85' lang='lat' dir='ltr'><strong>devotissimis</strong></span> <span class='ocrx_word' id='word_1_70' title='bbox 610 1173 663 1236; x_wconf 89' lang='lat' dir='ltr'><strong>Dei</strong></span> <span class='ocrx_word' id='word_1_71' title='bbox 690 1172 837 1235; x_wconf 87' lang='lat' dir='ltr'><strong>laudibus</strong></span> <span class='ocrx_word' id='word_1_72' title='bbox 862 1179 893 1234; x_wconf 89' lang='lat' dir='ltr'><strong>et</strong></span> <span class='ocrx_word' id='word_1_73' title='bbox 917 1170 979 1251; x_wconf 91' lang='lat' dir='ltr'><strong>spi·</strong></span> <span class='ocrx_word' id='word_1_74' title='bbox 1036 1193 1122 1252; x_wconf 93' lang='lat' dir='ltr'><strong>nam,</strong></span> <span class='ocrx_word' id='word_1_75' title='bbox 1151 1173 1249 1235; x_wconf 87' lang='lat' dir='ltr'><strong>Deum</strong></span> <span class='ocrx_word' id='word_1_76' title='bbox 1279 1171 1489 1250; x_wconf 89' lang='lat' dir='ltr'><strong>incarnatum,</strong></span> <span class='ocrx_word' id='word_1_77' title='bbox 1520 1169 1575 1232; x_wconf 84' lang='lat' dir='ltr'><strong>llei</strong></span> <span class='ocrx_word' id='word_1_78' title='bbox 1612 1170 1711 1233; x_wconf 90' lang='lat' dir='ltr'><strong>Patris</strong></span> <span class='ocrx_word' id='word_1_79' title='bbox 1746 1188 1783 1232; x_wconf 91' lang='lat' dir='ltr'><strong>ac</strong></span> 
     </span>
     <span class='ocr_line' id='line_1_8' title="bbox 227 1267 1785 1350; baseline -0.004 -14"><span class='ocrx_word' id='word_1_80' title='bbox 227 1274 398 1337; x_wconf 86' lang='lat' dir='ltr'><strong>ritualibus</strong></span> <span class='ocrx_word' id='word_1_81' title='bbox 430 1272 565 1336; x_wconf 89' lang='lat' dir='ltr'><strong>canticis</strong></span> <span class='ocrx_word' id='word_1_82' title='bbox 600 1270 782 1334; x_wconf 81' lang='lat' dir='ltr'><strong>exercitavit</strong></span> <span class='ocrx_word' id='word_1_83' title='bbox 818 1287 852 1332; x_wconf 90' lang='lat' dir='ltr'><strong>se</strong></span> <span class='ocrx_word' id='word_1_84' title='bbox 887 1267 978 1331; x_wconf 92' lang='lat' dir='ltr'><strong>valde</strong></span> <span class='ocrx_word' id='word_1_85' title='bbox 1036 1290 1129 1333; x_wconf 90' lang='lat' dir='ltr'><strong>suum</strong></span> <span class='ocrx_word' id='word_1_86' title='bbox 1154 1271 1285 1333; x_wconf 91' lang='lat' dir='ltr'><strong>unicum</strong></span> <span class='ocrx_word' id='word_1_87' title='bbox 1310 1270 1446 1332; x_wconf 84' lang='lat' dir='ltr'><strong>lilium:</strong></span> <span class='ocrx_word' id='word_1_88' title='bbox 1463 1288 1558 1350; x_wconf 90' lang='lat' dir='ltr'><strong>quem</strong></span> <span class='ocrx_word' id='word_1_89' title='bbox 1584 1277 1648 1331; x_wconf 91' lang='lat' dir='ltr'><strong>tam</strong></span> <span class='ocrx_word' id='word_1_90' title='bbox 1672 1285 1785 1349; x_wconf 90' lang='lat' dir='ltr'><strong>corpo-</strong></span> 
     </span>
     <span class='ocr_line' id='line_1_9' title="bbox 226 1365 1785 1452; baseline -0.004 -17"><span class='ocrx_word' id='word_1_91' title='bbox 226 1373 308 1450; x_wconf 90' lang='lat' dir='ltr'><strong>fixe,</strong></span> <span class='ocrx_word' id='word_1_92' title='bbox 344 1370 614 1452; x_wconf 90' lang='lat' dir='ltr'><strong>frequentissime,</strong></span> <span class='ocrx_word' id='word_1_93' title='bbox 646 1366 911 1431; x_wconf 88' lang='lat' dir='ltr'><strong>affectuosissime</strong></span> <span class='ocrx_word' id='word_1_94' title='bbox 947 1373 979 1428; x_wconf 92' lang='lat' dir='ltr'><strong>et</strong></span> <span class='ocrx_word' id='word_1_95' title='bbox 1036 1367 1156 1431; x_wconf 91' lang='lat' dir='ltr'><strong>ralibus</strong></span> <span class='ocrx_word' id='word_1_96' title='bbox 1183 1386 1278 1449; x_wconf 89' lang='lat' dir='ltr'><strong>qaam</strong></span> <span class='ocrx_word' id='word_1_97' title='bbox 1308 1367 1527 1448; x_wconf 88' lang='lat' dir='ltr'><strong>spiritualibus</strong></span> <span class='ocrx_word' id='word_1_98' title='bbox 1551 1367 1652 1430; x_wconf 89' lang='lat' dir='ltr'><strong>oculis</strong></span> <span class='ocrx_word' id='word_1_99' title='bbox 1682 1365 1785 1429; x_wconf 88' lang='lat' dir='ltr'><strong>since-</strong></span> 
     </span>
     <span class='ocr_line' id='line_1_10' title="bbox 227 1464 1784 1553; baseline -0.004 -20"><span class='ocrx_word' id='word_1_100' title='bbox 227 1490 323 1553; x_wconf 90' lang='lat' dir='ltr'><strong>purc,</strong></span> <span class='ocrx_word' id='word_1_101' title='bbox 348 1479 442 1550; x_wconf 90' lang='lat' dir='ltr'><strong>atque</strong></span> <span class='ocrx_word' id='word_1_102' title='bbox 471 1469 505 1531; x_wconf 91' lang='lat' dir='ltr'><strong>iu</strong></span> <span class='ocrx_word' id='word_1_103' title='bbox 533 1467 681 1532; x_wconf 90' lang='lat' dir='ltr'><strong>omnibus</strong></span> <span class='ocrx_word' id='word_1_104' title='bbox 709 1465 760 1528; x_wconf 90' lang='lat' dir='ltr'><strong>his</strong></span> <span class='ocrx_word' id='word_1_105' title='bbox 790 1464 980 1528; x_wconf 87' lang='lat' dir='ltr'><strong>mirabiliter</strong></span> <span class='ocrx_word' id='word_1_106' title='bbox 1035 1465 1173 1544; x_wconf 89' lang='lat' dir='ltr'><strong>rissime,</strong></span> <span class='ocrx_word' id='word_1_107' title='bbox 1190 1465 1447 1528; x_wconf 90' lang='lat' dir='ltr'><strong>reverentissime</strong></span> <span class='ocrx_word' id='word_1_108' title='bbox 1466 1474 1499 1528; x_wconf 88' lang='lat' dir='ltr'><strong>et</strong></span> <span class='ocrx_word' id='word_1_109' title='bbox 1517 1464 1784 1528; x_wconf 90' lang='lat' dir='ltr'><strong>affectuosissime</strong></span> 
     </span>
     <span class='ocr_line' id='line_1_11' title="bbox 228 1562 1785 1649; baseline -0.002 -19"><span class='ocrx_word' id='word_1_110' title='bbox 228 1577 262 1630; x_wconf 89' lang='lat' dir='ltr'><strong>et</strong></span> <span class='ocrx_word' id='word_1_111' title='bbox 280 1565 574 1649; x_wconf 86' lang='lat' dir='ltr'><strong>incomparabiliter</strong></span> <span class='ocrx_word' id='word_1_112' title='bbox 587 1563 724 1646; x_wconf 89' lang='lat' dir='ltr'><strong>profecit</strong></span> <span class='ocrx_word' id='word_1_113' title='bbox 737 1563 890 1645; x_wconf 90' lang='lat' dir='ltr'><strong>quotidie.</strong></span> <span class='ocrx_word' id='word_1_114' title='bbox 905 1562 979 1624; x_wconf 90' lang='lat' dir='ltr'><strong>ldeo</strong></span> <span class='ocrx_word' id='word_1_115' title='bbox 1036 1564 1238 1642; x_wconf 70' lang='lat' dir='ltr'><strong>intuebatur,</strong></span> <span class='ocrx_word' id='word_1_116' title='bbox 1255 1573 1349 1646; x_wconf 88' lang='lat' dir='ltr'><strong>atque</strong></span> <span class='ocrx_word' id='word_1_117' title='bbox 1372 1583 1411 1626; x_wconf 86' lang='lat' dir='ltr'><strong>cx</strong></span> <span class='ocrx_word' id='word_1_118' title='bbox 1435 1573 1499 1626; x_wconf 81' lang='lat' dir='ltr'><strong>tem</strong></span> <span class='ocrx_word' id='word_1_119' title='bbox 1523 1563 1687 1641; x_wconf 90' lang='lat' dir='ltr'><strong>diuturno,</strong></span> <span class='ocrx_word' id='word_1_120' title='bbox 1706 1582 1785 1645; x_wconf 71' lang='lat' dir='ltr'><strong>que</strong></span> 
     </span>
     <span class='ocr_line' id='line_1_12' title="bbox 228 1660 1785 1748; baseline -0.003 -19"><span class='ocrx_word' id='word_1_121' title='bbox 228 1675 374 1748; x_wconf 89' lang='lat' dir='ltr'><strong>tempore</strong></span> <span class='ocrx_word' id='word_1_122' title='bbox 400 1665 602 1747; x_wconf 83' lang='lat' dir='ltr'><strong>procedente,</strong></span> <span class='ocrx_word' id='word_1_123' title='bbox 619 1663 703 1726; x_wconf 83' lang='lat' dir='ltr'><strong>fecta</strong></span> <span class='ocrx_word' id='word_1_124' title='bbox 724 1670 772 1724; x_wconf 90' lang='lat' dir='ltr'><strong>est</strong></span> <span class='ocrx_word' id='word_1_125' title='bbox 794 1662 858 1724; x_wconf 87' lang='lat' dir='ltr'><strong>vita</strong></span> <span class='ocrx_word' id='word_1_126' title='bbox 880 1661 979 1742; x_wconf 90' lang='lat' dir='ltr'><strong>ipsius</strong></span> <span class='ocrx_word' id='word_1_127' title='bbox 1036 1662 1167 1740; x_wconf 91' lang='lat' dir='ltr'><strong>tidiano,</strong></span> <span class='ocrx_word' id='word_1_128' title='bbox 1192 1662 1321 1725; x_wconf 91' lang='lat' dir='ltr'><strong>assiduo</strong></span> <span class='ocrx_word' id='word_1_129' title='bbox 1350 1660 1649 1743; x_wconf 88' lang='lat' dir='ltr'><strong>ferventissimoque</strong></span> <span class='ocrx_word' id='word_1_130' title='bbox 1672 1661 1785 1744; x_wconf 89' lang='lat' dir='ltr'><strong>adspe-</strong></span> 
     </span>
     <span class='ocr_line' id='line_1_13' title="bbox 226 1759 1784 1844; baseline -0.003 -17"><span class='ocrx_word' id='word_1_131' title='bbox 226 1761 578 1844; x_wconf 90' lang='lat' dir='ltr'><strong>contemplativissima,</strong></span> <span class='ocrx_word' id='word_1_132' title='bbox 596 1761 662 1825; x_wconf 90' lang='lat' dir='ltr'><strong>imo</strong></span> <span class='ocrx_word' id='word_1_133' title='bbox 686 1759 881 1824; x_wconf 90' lang='lat' dir='ltr'><strong>eminentius</strong></span> <span class='ocrx_word' id='word_1_134' title='bbox 905 1777 980 1822; x_wconf 91' lang='lat' dir='ltr'><strong>con·</strong></span> <span class='ocrx_word' id='word_1_135' title='bbox 1035 1769 1101 1840; x_wconf 91' lang='lat' dir='ltr'><strong>ctu,</strong></span> <span class='ocrx_word' id='word_1_136' title='bbox 1128 1761 1160 1822; x_wconf 92' lang='lat' dir='ltr'><strong>in</strong></span> <span class='ocrx_word' id='word_1_137' title='bbox 1189 1760 1276 1824; x_wconf 91' lang='lat' dir='ltr'><strong>omni</strong></span> <span class='ocrx_word' id='word_1_138' title='bbox 1306 1759 1515 1842; x_wconf 76' lang='lat' dir='ltr'><strong>perfectione,</strong></span> <span class='ocrx_word' id='word_1_139' title='bbox 1547 1759 1718 1823; x_wconf 88' lang='lat' dir='ltr'><strong>stabilitate</strong></span> <span class='ocrx_word' id='word_1_140' title='bbox 1746 1779 1784 1823; x_wconf 93' lang='lat' dir='ltr'><strong>ac</strong></span> 
     </span>
     <span class='ocr_line' id='line_1_14' title="bbox 226 1857 1784 1944; baseline -0.003 -20"><span class='ocrx_word' id='word_1_141' title='bbox 226 1861 418 1944; x_wconf 82' lang='lat' dir='ltr'><strong>templativn</strong></span> <span class='ocrx_word' id='word_1_142' title='bbox 444 1878 540 1941; x_wconf 88' lang='lat' dir='ltr'><strong>quam</strong></span> <span class='ocrx_word' id='word_1_143' title='bbox 569 1860 633 1923; x_wconf 82' lang='lat' dir='ltr'><strong>vita</strong></span> <span class='ocrx_word' id='word_1_144' title='bbox 660 1859 734 1922; x_wconf 85' lang='lat' dir='ltr'><strong>Ade</strong></span> <span class='ocrx_word' id='word_1_145' title='bbox 762 1860 794 1920; x_wconf 93' lang='lat' dir='ltr'><strong>in</strong></span> <span class='ocrx_word' id='word_1_146' title='bbox 820 1865 903 1920; x_wconf 88' lang='lat' dir='ltr'><strong>statu</strong></span> <span class='ocrx_word' id='word_1_147' title='bbox 931 1857 1016 1928; x_wconf 87' lang='lat' dir='ltr'><strong>in·B</strong></span> <span class='ocrx_word' id='word_1_148' title='bbox 1035 1859 1235 1941; x_wconf 88' lang='lat' dir='ltr'><strong>plenitudine</strong></span> <span class='ocrx_word' id='word_1_149' title='bbox 1257 1858 1331 1921; x_wconf 87' lang='lat' dir='ltr'><strong>vite</strong></span> <span class='ocrx_word' id='word_1_150' title='bbox 1358 1859 1613 1942; x_wconf 77' lang='lat' dir='ltr'><strong>contemplative</strong></span> <span class='ocrx_word' id='word_1_151' title='bbox 1637 1857 1784 1920; x_wconf 90' lang='lat' dir='ltr'><strong>indicibi-</strong></span> 
     </span>
     <span class='ocr_line' id='line_1_15' title="bbox 225 1956 1784 2040; baseline -0.002 -18"><span class='ocrx_word' id='word_1_152' title='bbox 225 1959 400 2038; x_wconf 87' lang='lat' dir='ltr'><strong>noceutie,</strong></span> <span class='ocrx_word' id='word_1_153' title='bbox 415 1958 682 2040; x_wconf 89' lang='lat' dir='ltr'><strong>quemadmodum</strong></span> <span class='ocrx_word' id='word_1_154' title='bbox 708 1957 740 2019; x_wconf 91' lang='lat' dir='ltr'><strong>iu</strong></span> <span class='ocrx_word' id='word_1_155' title='bbox 768 1956 909 2034; x_wconf 78' lang='lat' dir='ltr'><strong>caritate,</strong></span> <span class='ocrx_word' id='word_1_156' title='bbox 931 1975 979 2018; x_wconf 93' lang='lat' dir='ltr'><strong>sa·</strong></span> <span class='ocrx_word' id='word_1_157' title='bbox 1035 1957 1108 2020; x_wconf 89' lang='lat' dir='ltr'><strong>liter</strong></span> <span class='ocrx_word' id='word_1_158' title='bbox 1125 1957 1226 2020; x_wconf 92' lang='lat' dir='ltr'><strong>crevit</strong></span> <span class='ocrx_word' id='word_1_159' title='bbox 1244 1957 1442 2038; x_wconf 90' lang='lat' dir='ltr'><strong>quietissima</strong></span> <span class='ocrx_word' id='word_1_160' title='bbox 1460 1975 1497 2018; x_wconf 95' lang='lat' dir='ltr'><strong>ac</strong></span> <span class='ocrx_word' id='word_1_161' title='bbox 1519 1956 1784 2038; x_wconf 81' lang='lat' dir='ltr'><strong>tranquillissime</strong></span> 
     </span>
     <span class='ocr_line' id='line_1_16' title="bbox 225 2055 1779 2141; baseline -0.003 -21"><span class='ocrx_word' id='word_1_162' title='bbox 225 2057 365 2141; x_wconf 78' lang='lat' dir='ltr'><strong>pientia,</strong></span> <span class='ocrx_word' id='word_1_163' title='bbox 393 2057 484 2120; x_wconf 90' lang='lat' dir='ltr'><strong>latria</strong></span> <span class='ocrx_word' id='word_1_164' title='bbox 510 2057 664 2136; x_wconf 89' lang='lat' dir='ltr'><strong>omnique</strong></span> <span class='ocrx_word' id='word_1_165' title='bbox 692 2057 808 2118; x_wconf 87' lang='lat' dir='ltr'><strong>virtute</strong></span> <span class='ocrx_word' id='word_1_166' title='bbox 837 2062 868 2118; x_wconf 90' lang='lat' dir='ltr'><strong>et</strong></span> <span class='ocrx_word' id='word_1_167' title='bbox 895 2055 979 2118; x_wconf 90' lang='lat' dir='ltr'><strong>dono</strong></span> <span class='ocrx_word' id='word_1_168' title='bbox 1034 2055 1140 2137; x_wconf 78' lang='lat' dir='ltr'><strong>Virgo,</strong></span> <span class='ocrx_word' id='word_1_169' title='bbox 1169 2073 1241 2136; x_wconf 89' lang='lat' dir='ltr'><strong>que</strong></span> <span class='ocrx_word' id='word_1_170' title='bbox 1267 2056 1314 2117; x_wconf 90' lang='lat' dir='ltr'><strong>sic</strong></span> <span class='ocrx_word' id='word_1_171' title='bbox 1342 2055 1536 2136; x_wconf 87' lang='lat' dir='ltr'><strong>quiescendo</strong></span> <span class='ocrx_word' id='word_1_172' title='bbox 1570 2055 1779 2137; x_wconf 86' lang='lat' dir='ltr'><strong>prudentissi-</strong></span> 
     </span>
     <span class='ocr_line' id='line_1_17' title="bbox 226 2153 1178 2236; baseline 0 -20"><span class='ocrx_word' id='word_1_173' title='bbox 226 2155 324 2218; x_wconf 85' lang='lat' dir='ltr'><strong>vnlde</strong></span> <span class='ocrx_word' id='word_1_174' title='bbox 349 2153 520 2236; x_wconf 79' lang='lat' dir='ltr'><strong>perfectior</strong></span> <span class='ocrx_word' id='word_1_175' title='bbox 543 2153 604 2216; x_wconf 90' lang='lat' dir='ltr'><strong>fuit</strong></span> <span class='ocrx_word' id='word_1_176' title='bbox 629 2153 705 2216; x_wconf 88' lang='lat' dir='ltr'><strong>illo:</strong></span> <span class='ocrx_word' id='word_1_177' title='bbox 722 2161 754 2216; x_wconf 88' lang='lat' dir='ltr'><strong>et</strong></span> <span class='ocrx_word' id='word_1_178' title='bbox 777 2153 978 2215; x_wconf 81' lang='lat' dir='ltr'><strong>interritam</strong></span> <span class='ocrx_word' id='word_1_179' title='bbox 1034 2153 1178 2216; x_wconf 91' lang='lat' dir='ltr'><strong>maluit.</strong></span> 
     </span>
    </p>

    <p class='ocr_par' dir='ltr' id='par_1_3' title="bbox 225 2250 981 2333">
     <span class='ocr_line' id='line_1_18' title="bbox 225 2250 981 2333; baseline -0.005 -17"><span class='ocrx_word' id='word_1_180' title='bbox 225 2253 397 2316; x_wconf 86' lang='lat' dir='ltr'><strong>Beatorum</strong></span> <span class='ocrx_word' id='word_1_181' title='bbox 419 2271 456 2314; x_wconf 91' lang='lat' dir='ltr'><strong>ao</strong></span> <span class='ocrx_word' id='word_1_182' title='bbox 479 2251 635 2314; x_wconf 84' lang='lat' dir='ltr'><strong>viatorum</strong></span> <span class='ocrx_word' id='word_1_183' title='bbox 657 2250 716 2313; x_wconf 89' lang='lat' dir='ltr'><strong>fuit</strong></span> <span class='ocrx_word' id='word_1_184' title='bbox 735 2251 895 2333; x_wconf 84' lang='lat' dir='ltr'><strong>precipue</strong></span> <span class='ocrx_word' id='word_1_185' title='bbox 915 2269 981 2312; x_wconf 90' lang='lat' dir='ltr'><strong>me-</strong></span> 
     </span>
    </p>

    <p class='ocr_par' dir='ltr' id='par_1_4' title="bbox 225 2347 979 2430">
     <span class='ocr_line' id='line_1_19' title="bbox 225 2347 979 2430; baseline -0.004 -17"><span class='ocrx_word' id='word_1_186' title='bbox 225 2351 285 2414; x_wconf 93' lang='lat' dir='ltr'><strong>dio</strong></span> <span class='ocrx_word' id='word_1_187' title='bbox 301 2351 395 2413; x_wconf 91' lang='lat' dir='ltr'><strong>modo</strong></span> <span class='ocrx_word' id='word_1_188' title='bbox 416 2368 449 2412; x_wconf 90' lang='lat' dir='ltr'><strong>se</strong></span> <span class='ocrx_word' id='word_1_189' title='bbox 464 2347 597 2428; x_wconf 89' lang='lat' dir='ltr'><strong>habens,</strong></span> <span class='ocrx_word' id='word_1_190' title='bbox 612 2357 707 2430; x_wconf 89' lang='lat' dir='ltr'><strong>atque</strong></span> <span class='ocrx_word' id='word_1_191' title='bbox 728 2348 767 2410; x_wconf 91' lang='lat' dir='ltr'><strong>ad</strong></span> <span class='ocrx_word' id='word_1_192' title='bbox 789 2348 886 2410; x_wconf 91' lang='lat' dir='ltr'><strong>vitam</strong></span> <span class='ocrx_word' id='word_1_193' title='bbox 905 2347 979 2410; x_wconf 84' lang='lat' dir='ltr'><strong>ilea-</strong></span> 
     </span>
    </p>

    <p class='ocr_par' dir='ltr' id='par_1_5' title="bbox 225 2433 1585 2531">
     <span class='ocr_line' id='line_1_20' title="bbox 225 2433 1585 2531; baseline -0.007 -20"><span class='ocrx_word' id='word_1_194' title='bbox 225 2457 335 2512; x_wconf 86' lang='lat' dir='ltr'><strong>torum</strong></span> <span class='ocrx_word' id='word_1_195' title='bbox 355 2467 420 2531; x_wconf 84' lang='lat' dir='ltr'><strong>pre</strong></span> <span class='ocrx_word' id='word_1_196' title='bbox 440 2447 563 2510; x_wconf 90' lang='lat' dir='ltr'><strong>cunetis</strong></span> <span class='ocrx_word' id='word_1_197' title='bbox 583 2446 756 2510; x_wconf 88' lang='lat' dir='ltr'><strong>viatoribus</strong></span> <span class='ocrx_word' id='word_1_198' title='bbox 775 2446 978 2510; x_wconf 90' lang='lat' dir='ltr'><strong>inenarrabili</strong></span> <span class='ocrx_word' id='word_1_199' title='bbox 1224 2433 1469 2500; x_wconf 77' lang='lat' dir='ltr'>ARTICULUS</span> <span class='ocrx_word' id='word_1_200' title='bbox 1492 2434 1585 2498; x_wconf 85' lang='lat' dir='ltr'><strong>VIII.</strong></span> 
     </span>
    </p>
   </div>
   <div class='ocr_carea' id='block_1_3' title="bbox 223 2545 1782 2828">
    <p class='ocr_par' dir='ltr' id='par_1_6' title="bbox 223 2545 1782 2828">
     <span class='ocr_line' id='line_1_21' title="bbox 226 2545 1782 2660; baseline 0.007 -29"><span class='ocrx_word' id='word_1_201' title='bbox 226 2546 326 2656; x_wconf 65' lang='lat' dir='ltr'><strong>¹⁹⁰}l0</strong></span> <span class='ocrx_word' id='word_1_202' title='bbox 348 2545 579 2628; x_wconf 75' lang='lat' dir='ltr'><strong>propinquans,</strong></span> <span class='ocrx_word' id='word_1_203' title='bbox 605 2553 637 2656; x_wconf 54' lang='lat'><strong>⁰}</strong></span> <span class='ocrx_word' id='word_1_204' title='bbox 660 2545 803 2656; x_wconf 67' lang='lat' dir='ltr'><strong>proxima</strong></span> <span class='ocrx_word' id='word_1_205' title='bbox 826 2545 900 2655; x_wconf 73' lang='lat' dir='ltr'><strong>vus</strong></span> <span class='ocrx_word' id='word_1_206' title='bbox 926 2563 980 2607; x_wconf 78' lang='lat'><strong>¹²¹¹·</strong></span> <span class='ocrx_word' id='word_1_207' title='bbox 1033 2583 1126 2650; x_wconf 71' lang='lat' dir='ltr'><strong>euos</strong></span> <span class='ocrx_word' id='word_1_208' title='bbox 1144 2581 1320 2641; x_wconf 78' lang='lat' dir='ltr'><strong>mitissima</strong></span> <span class='ocrx_word' id='word_1_209' title='bbox 1349 2589 1447 2660; x_wconf 75' lang='lat' dir='ltr'><strong>atque</strong></span> <span class='ocrx_word' id='word_1_210' title='bbox 1468 2584 1660 2642; x_wconf 58' lang='lat' dir='ltr'><strong>eureseim</strong></span> <span class='ocrx_word' id='word_1_211' title='bbox 1688 2585 1782 2660; x_wconf 64' lang='lat' dir='ltr'><strong>sepo</strong></span> 
     </span>
     <span class='ocr_line' id='line_1_22' title="bbox 224 2643 1782 2748; baseline 0.005 -40"><span class='ocrx_word' id='word_1_212' title='bbox 224 2645 351 2726; x_wconf 82' lang='lat' dir='ltr'><strong>gelrce.</strong></span> <span class='ocrx_word' id='word_1_213' title='bbox 378 2643 715 2726; x_wconf 78' lang='lat' dir='ltr'><strong>incompreheusibilis</strong></span> <span class='ocrx_word' id='word_1_214' title='bbox 743 2662 830 2706; x_wconf 89' lang='lat' dir='ltr'><strong>emm</strong></span> <span class='ocrx_word' id='word_1_215' title='bbox 858 2662 979 2707; x_wconf 86' lang='lat' dir='ltr'><strong>rnoom-</strong></span> <span class='ocrx_word' id='word_1_216' title='bbox 1071 2671 1197 2738; x_wconf 54' lang='lat' dir='ltr'><strong>Mam,</strong></span> <span class='ocrx_word' id='word_1_217' title='bbox 1209 2687 1282 2745; x_wconf 64' lang='lat' dir='ltr'><strong>pm</strong></span> <span class='ocrx_word' id='word_1_218' title='bbox 1296 2671 1446 2730; x_wconf 58' lang='lat' dir='ltr'><strong>omnibu,</strong></span> <span class='ocrx_word' id='word_1_219' title='bbox 1459 2673 1592 2732; x_wconf 64' lang='lat' dir='ltr'><strong>Sam„</strong></span> <span class='ocrx_word' id='word_1_220' title='bbox 1602 2681 1674 2748; x_wconf 55' lang='lat' dir='ltr'><strong>pop</strong></span> <span class='ocrx_word' id='word_1_221' title='bbox 1689 2673 1782 2733; x_wconf 80' lang='lat' dir='ltr'><strong>ctri-</strong></span> 
     </span>
     <span class='ocr_line' id='line_1_23' title="bbox 223 2740 1782 2828; baseline 0.007 -18"><span class='ocrx_word' id='word_1_222' title='bbox 223 2742 489 2826; x_wconf 73' lang='lat' dir='ltr'><strong>processibiliter</strong></span> <span class='ocrx_word' id='word_1_223' title='bbox 515 2760 552 2804; x_wconf 75' lang='lat'><strong>8⁰</strong></span> <span class='ocrx_word' id='word_1_224' title='bbox 580 2740 803 2805; x_wconf 69' lang='lat' dir='ltr'><strong>libffllfssifflfl</strong></span> <span class='ocrx_word' id='word_1_225' title='bbox 826 2742 979 2826; x_wconf 64' lang='lat' dir='ltr'><strong>Ollflfflbf·</strong></span> <span class='ocrx_word' id='word_1_226' title='bbox 1070 2769 1170 2828; x_wconf 82' lang='lat' dir='ltr'><strong>stum,</strong></span> <span class='ocrx_word' id='word_1_227' title='bbox 1181 2761 1218 2818; x_wconf 83' lang='lat' dir='ltr'><strong>in</strong></span> <span class='ocrx_word' id='word_1_228' title='bbox 1232 2759 1293 2818; x_wconf 82' lang='lat' dir='ltr'><strong>ftac</strong></span> <span class='ocrx_word' id='word_1_229' title='bbox 1308 2761 1377 2818; x_wconf 83' lang='lat' dir='ltr'><strong>vita</strong></span> <span class='ocrx_word' id='word_1_230' title='bbox 1390 2761 1631 2822; x_wconf 80' lang='lat' dir='ltr'><strong>altissimarum</strong></span> <span class='ocrx_word' id='word_1_231' title='bbox 1645 2771 1782 2821; x_wconf 84' lang='lat' dir='ltr'><strong>contem·</strong></span> 
     </span>
    </p>
   </div>
   <div class='ocr_carea' id='block_1_4' title="bbox 20 2839 1926 5381">
    <p class='ocr_par' dir='ltr' id='par_1_7' title="bbox 225 2839 1671 2925">
     <span class='ocr_line' id='line_1_24' title="bbox 225 2839 1671 2925; baseline 0.006 -23"><span class='ocrx_word' id='word_1_232' title='bbox 225 2849 293 2920; x_wconf 84' lang='lat' dir='ltr'><strong>tur,</strong></span> <span class='ocrx_word' id='word_1_233' title='bbox 321 2839 494 2920; x_wconf 75' lang='lat' dir='ltr'><strong>irradiavit,</strong></span> <span class='ocrx_word' id='word_1_234' title='bbox 524 2839 785 2920; x_wconf 85' lang='lat' dir='ltr'><strong>communicavit,</strong></span> <span class='ocrx_word' id='word_1_235' title='bbox 819 2840 975 2918; x_wconf 79' lang='lat' dir='ltr'><strong>calefecit,</strong></span> <span class='ocrx_word' id='word_1_236' title='bbox 1067 2848 1255 2924; x_wconf 71' lang='lat' dir='ltr'><strong>plectionem</strong></span> <span class='ocrx_word' id='word_1_237' title='bbox 1271 2849 1442 2923; x_wconf 79' lang='lat' dir='ltr'><strong>splendore</strong></span> <span class='ocrx_word' id='word_1_238' title='bbox 1457 2851 1671 2925; x_wconf 75' lang='lat' dir='ltr'><strong>resplenduit.</strong></span> 
     </span>
    </p>

    <p class='ocr_par' dir='ltr' id='par_1_8' title="bbox 225 2937 978 3020">
     <span class='ocr_line' id='line_1_25' title="bbox 225 2937 978 3020; baseline 0 -18"><span class='ocrx_word' id='word_1_239' title='bbox 225 2938 365 3019; x_wconf 89' lang='lat' dir='ltr'><strong>monuit,</strong></span> <span class='ocrx_word' id='word_1_240' title='bbox 377 2937 535 3017; x_wconf 87' lang='lat' dir='ltr'><strong>excitavit,</strong></span> <span class='ocrx_word' id='word_1_241' title='bbox 548 2937 695 3020; x_wconf 90' lang='lat' dir='ltr'><strong>perfecit,</strong></span> <span class='ocrx_word' id='word_1_242' title='bbox 707 2937 810 3001; x_wconf 90' lang='lat' dir='ltr'><strong>univit</strong></span> <span class='ocrx_word' id='word_1_243' title='bbox 823 2937 856 3000; x_wconf 94' lang='lat' dir='ltr'><strong>in</strong></span> <span class='ocrx_word' id='word_1_244' title='bbox 871 2939 978 3002; x_wconf 89' lang='lat' dir='ltr'><strong>anima</strong></span> 
     </span>
    </p>

    <p class='ocr_par' dir='ltr' id='par_1_9' title="bbox 222 3033 1926 3415">
     <span class='ocr_line' id='line_1_26' title="bbox 223 3033 1926 3120; baseline 0 -20"><span class='ocrx_word' id='word_1_245' title='bbox 223 3055 296 3100; x_wconf 85' lang='lat' dir='ltr'><strong>sue</strong></span> <span class='ocrx_word' id='word_1_246' title='bbox 310 3033 525 3100; x_wconf 76' lang='lat' dir='ltr'><strong>dilectissime</strong></span> <span class='ocrx_word' id='word_1_247' title='bbox 538 3035 655 3114; x_wconf 87' lang='lat' dir='ltr'><strong>listris,</strong></span> <span class='ocrx_word' id='word_1_248' title='bbox 670 3054 741 3119; x_wconf 87' lang='lat' dir='ltr'><strong>que</strong></span> <span class='ocrx_word' id='word_1_249' title='bbox 761 3036 833 3099; x_wconf 91' lang='lat' dir='ltr'><strong>luce</strong></span> <span class='ocrx_word' id='word_1_250' title='bbox 852 3037 1014 3120; x_wconf 82' lang='lat' dir='ltr'><strong>sapien-G</strong></span> <span class='ocrx_word' id='word_1_251' title='bbox 1095 3037 1301 3098; x_wconf 82' lang='lat' dir='ltr'><em>RAHITUR</em></span> <span class='ocrx_word' id='word_1_252' title='bbox 1323 3035 1487 3110; x_wconf 74' lang='lat' dir='ltr'><strong>sapentia</strong></span> <span class='ocrx_word' id='word_1_253' title='bbox 1515 3039 1556 3096; x_wconf 84' lang='lat' dir='ltr'><strong>de</strong></span> <span class='ocrx_word' id='word_1_254' title='bbox 1578 3040 1724 3107; x_wconf 81' lang='lat' dir='ltr'><strong>occultis,</strong></span> <span class='ocrx_word' id='word_1_255' title='bbox 1748 3044 1781 3100; x_wconf 91' lang='lat' dir='ltr'><strong>et</strong></span> <span class='ocrx_word' id='word_1_256' title='bbox 1804 3061 1926 3113; x_wconf 57' lang='lat' dir='ltr'><strong>ratenus</strong></span> 
     </span>
     <span class='ocr_line' id='line_1_27' title="bbox 222 3130 1878 3215; baseline -0.001 -17"><span class='ocrx_word' id='word_1_257' title='bbox 222 3134 293 3215; x_wconf 84' lang='lat' dir='ltr'><strong>tie,</strong></span> <span class='ocrx_word' id='word_1_258' title='bbox 309 3134 448 3197; x_wconf 89' lang='lat' dir='ltr'><strong>caritatis</strong></span> <span class='ocrx_word' id='word_1_259' title='bbox 462 3133 599 3211; x_wconf 90' lang='lat' dir='ltr'><strong>fervore,</strong></span> <span class='ocrx_word' id='word_1_260' title='bbox 616 3133 841 3198; x_wconf 89' lang='lat' dir='ltr'><strong>exercitatione</strong></span> <span class='ocrx_word' id='word_1_261' title='bbox 852 3135 977 3199; x_wconf 88' lang='lat' dir='ltr'><strong>interne</strong></span> <span class='ocrx_word' id='word_1_262' title='bbox 1109 3135 1296 3195; x_wconf 81' lang='lat' dir='ltr'><strong>abscondita</strong></span> <span class='ocrx_word' id='word_1_263' title='bbox 1315 3143 1361 3193; x_wconf 85' lang='lat' dir='ltr'><strong>est</strong></span> <span class='ocrx_word' id='word_1_264' title='bbox 1379 3133 1420 3193; x_wconf 82' lang='lat' dir='ltr'><strong>ab</strong></span> <span class='ocrx_word' id='word_1_265' title='bbox 1439 3138 1542 3195; x_wconf 80' lang='lat' dir='ltr'><strong>oculis</strong></span> <span class='ocrx_word' id='word_1_266' title='bbox 1560 3138 1708 3198; x_wconf 82' lang='lat' dir='ltr'><strong>omnium</strong></span> <span class='ocrx_word' id='word_1_267' title='bbox 1732 3140 1780 3197; x_wconf 80' lang='lat' dir='ltr'><strong>vi·</strong></span> <span class='ocrx_word' id='word_1_268' title='bbox 1795 3130 1829 3177; x_wconf 67' lang='lat'><strong>¹⁸¹</strong></span> <span class='ocrx_word' id='word_1_269' title='bbox 1843 3130 1878 3171; x_wconf 84' lang='lat'><strong>²¹·</strong></span> 
     </span>
     <span class='ocr_line' id='line_1_28' title="bbox 222 3230 1780 3316; baseline 0.001 -20"><span class='ocrx_word' id='word_1_270' title='bbox 222 3242 295 3296; x_wconf 68' lang='lat' dir='ltr'><strong>mm</strong></span> <span class='ocrx_word' id='word_1_271' title='bbox 330 3232 549 3315; x_wconf 88' lang='lat' dir='ltr'><strong>copiosissime</strong></span> <span class='ocrx_word' id='word_1_272' title='bbox 583 3231 645 3295; x_wconf 90' lang='lat' dir='ltr'><strong>fuit</strong></span> <span class='ocrx_word' id='word_1_273' title='bbox 679 3230 805 3311; x_wconf 89' lang='lat' dir='ltr'><strong>referta,</strong></span> <span class='ocrx_word' id='word_1_274' title='bbox 834 3234 974 3316; x_wconf 88' lang='lat' dir='ltr'><strong>perlusa,</strong></span> <span class='ocrx_word' id='word_1_275' title='bbox 1032 3234 1190 3293; x_wconf 78' lang='lat' dir='ltr'><strong>centium.</strong></span> <span class='ocrx_word' id='word_1_276' title='bbox 1206 3231 1447 3313; x_wconf 85' lang='lat' dir='ltr'><strong>Contemplatio,</strong></span> <span class='ocrx_word' id='word_1_277' title='bbox 1467 3250 1538 3315; x_wconf 90' lang='lat' dir='ltr'><strong>que</strong></span> <span class='ocrx_word' id='word_1_278' title='bbox 1562 3242 1610 3297; x_wconf 90' lang='lat' dir='ltr'><strong>est</strong></span> <span class='ocrx_word' id='word_1_279' title='bbox 1635 3254 1780 3300; x_wconf 83' lang='lat' dir='ltr'><strong>amoross</strong></span> 
     </span>
     <span class='ocr_line' id='line_1_29' title="bbox 222 3328 1780 3415; baseline 0.001 -21"><span class='ocrx_word' id='word_1_280' title='bbox 222 3330 419 3411; x_wconf 79' lang='lat' dir='ltr'><strong>assuefacta,</strong></span> <span class='ocrx_word' id='word_1_281' title='bbox 435 3331 520 3412; x_wconf 92' lang='lat' dir='ltr'><strong>quod</strong></span> <span class='ocrx_word' id='word_1_282' title='bbox 539 3348 740 3413; x_wconf 85' lang='lat' dir='ltr'><strong>nequaquem</strong></span> <span class='ocrx_word' id='word_1_283' title='bbox 760 3340 883 3412; x_wconf 90' lang='lat' dir='ltr'><strong>poterat</strong></span> <span class='ocrx_word' id='word_1_284' title='bbox 897 3333 976 3396; x_wconf 86' lang='lat' dir='ltr'><strong>obli·</strong></span> <span class='ocrx_word' id='word_1_285' title='bbox 1032 3348 1068 3393; x_wconf 88' lang='lat' dir='ltr'><strong>ac</strong></span> <span class='ocrx_word' id='word_1_286' title='bbox 1093 3329 1204 3411; x_wconf 88' lang='lat' dir='ltr'><strong>sapide</strong></span> <span class='ocrx_word' id='word_1_287' title='bbox 1227 3328 1282 3391; x_wconf 87' lang='lat' dir='ltr'><strong>Dei</strong></span> <span class='ocrx_word' id='word_1_288' title='bbox 1307 3329 1460 3411; x_wconf 76' lang='lat' dir='ltr'><strong>cognitio,</strong></span> <span class='ocrx_word' id='word_1_289' title='bbox 1475 3339 1565 3395; x_wconf 89' lang='lat' dir='ltr'><strong>actas</strong></span> <span class='ocrx_word' id='word_1_290' title='bbox 1586 3340 1636 3395; x_wconf 88' lang='lat' dir='ltr'><strong>est</strong></span> <span class='ocrx_word' id='word_1_291' title='bbox 1656 3333 1780 3415; x_wconf 88' lang='lat' dir='ltr'><strong>sapien-</strong></span> 
     </span>
    </p>

    <p class='ocr_par' dir='ltr' id='par_1_10' title="bbox 222 3428 1879 3709">
     <span class='ocr_line' id='line_1_30' title="bbox 223 3428 1780 3514; baseline 0.003 -23"><span class='ocrx_word' id='word_1_292' title='bbox 223 3428 311 3491; x_wconf 89' lang='lat' dir='ltr'><strong>visci</strong></span> <span class='ocrx_word' id='word_1_293' title='bbox 331 3428 379 3491; x_wconf 92' lang='lat' dir='ltr'><strong>sui</strong></span> <span class='ocrx_word' id='word_1_294' title='bbox 400 3428 521 3509; x_wconf 89' lang='lat' dir='ltr'><strong>dilecti,</strong></span> <span class='ocrx_word' id='word_1_295' title='bbox 544 3446 648 3511; x_wconf 89' lang='lat' dir='ltr'><strong>neque</strong></span> <span class='ocrx_word' id='word_1_296' title='bbox 669 3428 709 3493; x_wconf 86' lang='lat' dir='ltr'><strong>ab</strong></span> <span class='ocrx_word' id='word_1_297' title='bbox 730 3428 852 3491; x_wconf 89' lang='lat' dir='ltr'><strong>intimis</strong></span> <span class='ocrx_word' id='word_1_298' title='bbox 877 3438 908 3493; x_wconf 91' lang='lat' dir='ltr'><strong>et</strong></span> <span class='ocrx_word' id='word_1_299' title='bbox 929 3450 976 3495; x_wconf 93' lang='lat' dir='ltr'><strong>se-</strong></span> <span class='ocrx_word' id='word_1_300' title='bbox 1032 3428 1084 3491; x_wconf 87' lang='lat' dir='ltr'><strong>tie</strong></span> <span class='ocrx_word' id='word_1_301' title='bbox 1102 3445 1173 3508; x_wconf 86' lang='lat' dir='ltr'><strong>que</strong></span> <span class='ocrx_word' id='word_1_302' title='bbox 1186 3436 1236 3490; x_wconf 92' lang='lat' dir='ltr'><strong>est</strong></span> <span class='ocrx_word' id='word_1_303' title='bbox 1248 3428 1368 3491; x_wconf 88' lang='lat' dir='ltr'><strong>donum</strong></span> <span class='ocrx_word' id='word_1_304' title='bbox 1385 3450 1393 3489; x_wconf 72' lang='grc' dir='ltr'><strong>ε</strong></span> <span class='ocrx_word' id='word_1_305' title='bbox 1409 3436 1441 3491; x_wconf 91' lang='lat' dir='ltr'><strong>et</strong></span> <span class='ocrx_word' id='word_1_306' title='bbox 1455 3429 1538 3491; x_wconf 91' lang='lat' dir='ltr'><strong>sicut</strong></span> <span class='ocrx_word' id='word_1_307' title='bbox 1554 3430 1644 3511; x_wconf 73' lang='lat' dir='ltr'><strong>Juxta</strong></span> <span class='ocrx_word' id='word_1_308' title='bbox 1658 3432 1780 3514; x_wconf 88' lang='lat' dir='ltr'><strong>preha-</strong></span> 
     </span>
     <span class='ocr_line' id='line_1_31' title="bbox 222 3524 1879 3610; baseline 0.005 -19"><span class='ocrx_word' id='word_1_309' title='bbox 222 3526 416 3591; x_wconf 90' lang='lat' dir='ltr'><strong>cretissimis</strong></span> <span class='ocrx_word' id='word_1_310' title='bbox 451 3525 539 3589; x_wconf 87' lang='lat' dir='ltr'><strong>illius</strong></span> <span class='ocrx_word' id='word_1_311' title='bbox 570 3526 769 3608; x_wconf 85' lang='lat' dir='ltr'><strong>amplexibus</strong></span> <span class='ocrx_word' id='word_1_312' title='bbox 803 3528 974 3609; x_wconf 89' lang='lat' dir='ltr'><strong>abstinere,</strong></span> <span class='ocrx_word' id='word_1_313' title='bbox 1031 3524 1108 3605; x_wconf 88' lang='lat' dir='ltr'><strong>bita,</strong></span> <span class='ocrx_word' id='word_1_314' title='bbox 1123 3524 1338 3588; x_wconf 86' lang='lat' dir='ltr'><strong>sacratissima</strong></span> <span class='ocrx_word' id='word_1_315' title='bbox 1351 3526 1443 3607; x_wconf 79' lang='lat' dir='ltr'><strong>virgo</strong></span> <span class='ocrx_word' id='word_1_316' title='bbox 1456 3526 1552 3591; x_wconf 85' lang='lat' dir='ltr'><strong>lderia</strong></span> <span class='ocrx_word' id='word_1_317' title='bbox 1571 3547 1635 3610; x_wconf 85' lang='lat' dir='ltr'><strong>pre</strong></span> <span class='ocrx_word' id='word_1_318' title='bbox 1653 3530 1779 3593; x_wconf 88' lang='lat' dir='ltr'><strong>cunctis</strong></span> <span class='ocrx_word' id='word_1_319' title='bbox 1793 3558 1834 3598; x_wconf 70' lang='lat' dir='ltr'><strong>m.</strong></span> <span class='ocrx_word' id='word_1_320' title='bbox 1849 3567 1879 3599; x_wconf 76' lang='lat' dir='ltr'><strong>m.</strong></span> 
     </span>
     <span class='ocr_line' id='line_1_32' title="bbox 222 3622 1780 3709; baseline 0.003 -22"><span class='ocrx_word' id='word_1_321' title='bbox 222 3625 296 3687; x_wconf 91' lang='lat' dir='ltr'><strong>imo</strong></span> <span class='ocrx_word' id='word_1_322' title='bbox 317 3624 512 3687; x_wconf 87' lang='lat' dir='ltr'><strong>incessanter</strong></span> <span class='ocrx_word' id='word_1_323' title='bbox 533 3622 678 3687; x_wconf 87' lang='lat' dir='ltr'><strong>fervebat</strong></span> <span class='ocrx_word' id='word_1_324' title='bbox 697 3624 730 3685; x_wconf 93' lang='lat' dir='ltr'><strong>in</strong></span> <span class='ocrx_word' id='word_1_325' title='bbox 752 3623 854 3689; x_wconf 92' lang='lat' dir='ltr'><strong>illum.</strong></span> <span class='ocrx_word' id='word_1_326' title='bbox 1031 3623 1207 3686; x_wconf 91' lang='lat' dir='ltr'><strong>viatoribus</strong></span> <span class='ocrx_word' id='word_1_327' title='bbox 1230 3624 1315 3687; x_wconf 92' lang='lat' dir='ltr'><strong>douo</strong></span> <span class='ocrx_word' id='word_1_328' title='bbox 1337 3624 1501 3706; x_wconf 76' lang='lat' dir='ltr'><strong>sapientie</strong></span> <span class='ocrx_word' id='word_1_329' title='bbox 1526 3625 1780 3709; x_wconf 91' lang='lat' dir='ltr'><strong>incomparabili·</strong></span> 
     </span>
    </p>

    <p class='ocr_par' dir='ltr' id='par_1_11' title="bbox 223 3720 1781 4597">
     <span class='ocr_line' id='line_1_33' title="bbox 269 3720 1778 3806; baseline 0.003 -21"><span class='ocrx_word' id='word_1_330' title='bbox 269 3724 311 3785; x_wconf 83' lang='lat' dir='ltr'><strong>At</strong></span> <span class='ocrx_word' id='word_1_331' title='bbox 332 3740 408 3785; x_wconf 82' lang='lat' dir='ltr'><strong>vero</strong></span> <span class='ocrx_word' id='word_1_332' title='bbox 433 3728 479 3785; x_wconf 91' lang='lat' dir='ltr'><strong>tot</strong></span> <span class='ocrx_word' id='word_1_333' title='bbox 502 3726 535 3783; x_wconf 89' lang='lat' dir='ltr'><strong>et</strong></span> <span class='ocrx_word' id='word_1_334' title='bbox 558 3730 656 3801; x_wconf 82' lang='lat' dir='ltr'><strong>tante,</strong></span> <span class='ocrx_word' id='word_1_335' title='bbox 678 3721 742 3786; x_wconf 93' lang='lat' dir='ltr'><strong>imo</strong></span> <span class='ocrx_word' id='word_1_336' title='bbox 767 3730 831 3786; x_wconf 87' lang='lat' dir='ltr'><strong>tam</strong></span> <span class='ocrx_word' id='word_1_337' title='bbox 856 3724 977 3787; x_wconf 90' lang='lat' dir='ltr'><strong>iucom-</strong></span> <span class='ocrx_word' id='word_1_338' title='bbox 1032 3728 1082 3783; x_wconf 90' lang='lat' dir='ltr'><strong>ter</strong></span> <span class='ocrx_word' id='word_1_339' title='bbox 1104 3720 1166 3783; x_wconf 93' lang='lat' dir='ltr'><strong>luit</strong></span> <span class='ocrx_word' id='word_1_340' title='bbox 1188 3730 1310 3802; x_wconf 88' lang='lat' dir='ltr'><strong>ornata,</strong></span> <span class='ocrx_word' id='word_1_341' title='bbox 1337 3722 1595 3803; x_wconf 88' lang='lat' dir='ltr'><strong>splendidissime</strong></span> <span class='ocrx_word' id='word_1_342' title='bbox 1618 3724 1778 3806; x_wconf 87' lang='lat' dir='ltr'><strong>decorata,</strong></span> 
     </span>
     <span class='ocr_line' id='line_1_34' title="bbox 223 3818 1781 3904; baseline 0.004 -21"><span class='ocrx_word' id='word_1_343' title='bbox 223 3820 383 3904; x_wconf 82' lang='lat' dir='ltr'><strong>parabilis</strong></span> <span class='ocrx_word' id='word_1_344' title='bbox 405 3818 567 3883; x_wconf 88' lang='lat' dir='ltr'><strong>beneficia</strong></span> <span class='ocrx_word' id='word_1_345' title='bbox 587 3820 616 3883; x_wconf 90' lang='lat' dir='ltr'><strong>ei</strong></span> <span class='ocrx_word' id='word_1_346' title='bbox 638 3818 769 3883; x_wconf 89' lang='lat' dir='ltr'><strong>fuerunt</strong></span> <span class='ocrx_word' id='word_1_347' title='bbox 789 3820 914 3900; x_wconf 91' lang='lat' dir='ltr'><strong>collata,</strong></span> <span class='ocrx_word' id='word_1_348' title='bbox 932 3830 978 3885; x_wconf 91' lang='lat' dir='ltr'><strong>tot</strong></span> <span class='ocrx_word' id='word_1_349' title='bbox 1033 3818 1304 3900; x_wconf 79' lang='lat' dir='ltr'><strong>ineffabiliterque</strong></span> <span class='ocrx_word' id='word_1_350' title='bbox 1332 3819 1483 3901; x_wconf 80' lang='lat' dir='ltr'><strong>impleta3</strong></span> <span class='ocrx_word' id='word_1_351' title='bbox 1513 3820 1560 3885; x_wconf 89' lang='lat' dir='ltr'><strong>sie</strong></span> <span class='ocrx_word' id='word_1_352' title='bbox 1588 3841 1653 3903; x_wconf 86' lang='lat' dir='ltr'><strong>pre</strong></span> <span class='ocrx_word' id='word_1_353' title='bbox 1680 3824 1781 3889; x_wconf 92' lang='lat' dir='ltr'><strong>viato-</strong></span> 
     </span>
     <span class='ocr_line' id='line_1_35' title="bbox 225 3916 1780 4003; baseline 0.004 -23"><span class='ocrx_word' id='word_1_354' title='bbox 225 3918 484 4001; x_wconf 89' lang='lat' dir='ltr'><strong>supernaluralia</strong></span> <span class='ocrx_word' id='word_1_355' title='bbox 507 3938 544 3981; x_wconf 91' lang='lat' dir='ltr'><strong>ac</strong></span> <span class='ocrx_word' id='word_1_356' title='bbox 573 3918 893 4001; x_wconf 75' lang='lat' dir='ltr'><strong>magnificentissime</strong></span> <span class='ocrx_word' id='word_1_357' title='bbox 921 3920 976 3984; x_wconf 87' lang='lat' dir='ltr'><strong>Dei</strong></span> <span class='ocrx_word' id='word_1_358' title='bbox 1033 3917 1122 3980; x_wconf 88' lang='lat' dir='ltr'><strong>ribus</strong></span> <span class='ocrx_word' id='word_1_359' title='bbox 1149 3917 1308 3979; x_wconf 89' lang='lat' dir='ltr'><strong>universis</strong></span> <span class='ocrx_word' id='word_1_360' title='bbox 1330 3916 1447 3980; x_wconf 86' lang='lat' dir='ltr'><strong>clarius</strong></span> <span class='ocrx_word' id='word_1_361' title='bbox 1471 3926 1565 4001; x_wconf 88' lang='lat' dir='ltr'><strong>atque</strong></span> <span class='ocrx_word' id='word_1_362' title='bbox 1589 3921 1780 4003; x_wconf 88' lang='lat' dir='ltr'><strong>profundius</strong></span> 
     </span>
     <span class='ocr_line' id='line_1_36' title="bbox 224 4016 1781 4100; baseline 0.002 -19"><span class='ocrx_word' id='word_1_363' title='bbox 224 4036 327 4100; x_wconf 87' lang='lat' dir='ltr'><strong>opera</strong></span> <span class='ocrx_word' id='word_1_364' title='bbox 345 4016 408 4080; x_wconf 89' lang='lat' dir='ltr'><strong>fuit</strong></span> <span class='ocrx_word' id='word_1_365' title='bbox 425 4017 460 4079; x_wconf 92' lang='lat' dir='ltr'><strong>in</strong></span> <span class='ocrx_word' id='word_1_366' title='bbox 479 4036 514 4079; x_wconf 91' lang='lat' dir='ltr'><strong>se</strong></span> <span class='ocrx_word' id='word_1_367' title='bbox 533 4016 603 4098; x_wconf 91' lang='lat' dir='ltr'><strong>ipsa</strong></span> <span class='ocrx_word' id='word_1_368' title='bbox 621 4024 760 4098; x_wconf 86' lang='lat' dir='ltr'><strong>experta,</strong></span> <span class='ocrx_word' id='word_1_369' title='bbox 777 4025 822 4080; x_wconf 91' lang='lat' dir='ltr'><strong>tot</strong></span> <span class='ocrx_word' id='word_1_370' title='bbox 841 4026 873 4080; x_wconf 91' lang='lat' dir='ltr'><strong>et</strong></span> <span class='ocrx_word' id='word_1_371' title='bbox 891 4026 977 4081; x_wconf 87' lang='lat' dir='ltr'><strong>tenta</strong></span> <span class='ocrx_word' id='word_1_372' title='bbox 1032 4016 1066 4077; x_wconf 92' lang='lat' dir='ltr'><strong>in</strong></span> <span class='ocrx_word' id='word_1_373' title='bbox 1086 4016 1153 4079; x_wconf 81' lang='lat' dir='ltr'><strong>vite</strong></span> <span class='ocrx_word' id='word_1_374' title='bbox 1173 4016 1234 4078; x_wconf 90' lang='lat' dir='ltr'><strong>hac</strong></span> <span class='ocrx_word' id='word_1_375' title='bbox 1252 4016 1466 4097; x_wconf 77' lang='lat' dir='ltr'><strong>contemplata</strong></span> <span class='ocrx_word' id='word_1_376' title='bbox 1484 4026 1534 4081; x_wconf 90' lang='lat' dir='ltr'><strong>est</strong></span> <span class='ocrx_word' id='word_1_377' title='bbox 1552 4018 1664 4099; x_wconf 69' lang='lat' dir='ltr'><strong>Deum</strong></span> <span class='ocrx_word' id='word_1_378' title='bbox 1680 4030 1713 4083; x_wconf 90' lang='lat' dir='ltr'><strong>et</strong></span> <span class='ocrx_word' id='word_1_379' title='bbox 1732 4023 1781 4084; x_wconf 91' lang='lat' dir='ltr'><strong>in·</strong></span> 
     </span>
     <span class='ocr_line' id='line_1_37' title="bbox 225 4114 1777 4200; baseline 0.005 -23"><span class='ocrx_word' id='word_1_380' title='bbox 225 4114 351 4178; x_wconf 86' lang='lat' dir='ltr'><strong>audivit</strong></span> <span class='ocrx_word' id='word_1_381' title='bbox 375 4115 471 4178; x_wconf 85' lang='lat' dir='ltr'><strong>verbe</strong></span> <span class='ocrx_word' id='word_1_382' title='bbox 494 4114 637 4178; x_wconf 87' lang='lat' dir='ltr'><strong>coelestia</strong></span> <span class='ocrx_word' id='word_1_383' title='bbox 660 4134 697 4177; x_wconf 91' lang='lat' dir='ltr'><strong>ac</strong></span> <span class='ocrx_word' id='word_1_384' title='bbox 721 4114 831 4178; x_wconf 94' lang='lat' dir='ltr'><strong>diviua</strong></span> <span class='ocrx_word' id='word_1_385' title='bbox 855 4116 895 4180; x_wconf 89' lang='lat' dir='ltr'><strong>ab</strong></span> <span class='ocrx_word' id='word_1_386' title='bbox 923 4136 978 4179; x_wconf 90' lang='lat' dir='ltr'><strong>an·</strong></span> <span class='ocrx_word' id='word_1_387' title='bbox 1032 4114 1153 4177; x_wconf 90' lang='lat' dir='ltr'><strong>tellexit</strong></span> <span class='ocrx_word' id='word_1_388' title='bbox 1180 4114 1300 4193; x_wconf 89' lang='lat' dir='ltr'><strong>diviua,</strong></span> <span class='ocrx_word' id='word_1_389' title='bbox 1315 4114 1458 4179; x_wconf 87' lang='lat' dir='ltr'><strong>coelestia</strong></span> <span class='ocrx_word' id='word_1_390' title='bbox 1485 4136 1523 4179; x_wconf 92' lang='lat' dir='ltr'><strong>ac</strong></span> <span class='ocrx_word' id='word_1_391' title='bbox 1551 4125 1679 4182; x_wconf 85' lang='lat' dir='ltr'><strong>eterna.</strong></span> <span class='ocrx_word' id='word_1_392' title='bbox 1699 4120 1777 4200; x_wconf 90' lang='lat' dir='ltr'><strong>Imo,</strong></span> 
     </span>
     <span class='ocr_line' id='line_1_38' title="bbox 225 4212 1780 4299; baseline 0.004 -23"><span class='ocrx_word' id='word_1_393' title='bbox 225 4212 304 4297; x_wconf 78' lang='lat' dir='ltr'><strong>gelo</strong></span> <span class='ocrx_word' id='word_1_394' title='bbox 328 4222 449 4294; x_wconf 90' lang='lat' dir='ltr'><strong>sancto,</strong></span> <span class='ocrx_word' id='word_1_395' title='bbox 469 4213 510 4276; x_wconf 89' lang='lat' dir='ltr'><strong>ab</strong></span> <span class='ocrx_word' id='word_1_396' title='bbox 533 4212 695 4275; x_wconf 86' lang='lat' dir='ltr'><strong>Elisabeth</strong></span> <span class='ocrx_word' id='word_1_397' title='bbox 723 4221 755 4276; x_wconf 90' lang='lat' dir='ltr'><strong>et</strong></span> <span class='ocrx_word' id='word_1_398' title='bbox 778 4214 938 4292; x_wconf 89' lang='lat' dir='ltr'><strong>Zacharia,</strong></span> <span class='ocrx_word' id='word_1_399' title='bbox 960 4212 1016 4279; x_wconf 84' lang='lat' dir='ltr'><strong>al)</strong></span> <span class='ocrx_word' id='word_1_400' title='bbox 1032 4221 1186 4294; x_wconf 91' lang='lat' dir='ltr'><strong>quantum</strong></span> <span class='ocrx_word' id='word_1_401' title='bbox 1211 4232 1298 4295; x_wconf 88' lang='lat' dir='ltr'><strong>pure</strong></span> <span class='ocrx_word' id='word_1_402' title='bbox 1320 4212 1441 4276; x_wconf 90' lang='lat' dir='ltr'><strong>exstitit</strong></span> <span class='ocrx_word' id='word_1_403' title='bbox 1463 4233 1605 4296; x_wconf 90' lang='lat' dir='ltr'><strong>unquam</strong></span> <span class='ocrx_word' id='word_1_404' title='bbox 1628 4218 1780 4299; x_wconf 90' lang='lat' dir='ltr'><strong>possibile</strong></span> 
     </span>
     <span class='ocr_line' id='line_1_39' title="bbox 227 4310 1779 4395; baseline 0.003 -20"><span class='ocrx_word' id='word_1_405' title='bbox 227 4310 457 4394; x_wconf 90' lang='lat' dir='ltr'><strong>pastoribus,a</strong></span> <span class='ocrx_word' id='word_1_406' title='bbox 481 4311 628 4375; x_wconf 88' lang='lat' dir='ltr'><strong>Simecne</strong></span> <span class='ocrx_word' id='word_1_407' title='bbox 654 4319 686 4373; x_wconf 90' lang='lat' dir='ltr'><strong>et</strong></span> <span class='ocrx_word' id='word_1_408' title='bbox 708 4312 844 4391; x_wconf 67' lang='lat' dir='ltr'><strong>Aunes</strong></span> <span class='ocrx_word' id='word_1_409' title='bbox 867 4314 976 4395; x_wconf 72' lang='lat' dir='ltr'><strong>bingis,</strong></span> <span class='ocrx_word' id='word_1_410' title='bbox 1033 4320 1185 4375; x_wconf 75' lang='lat' dir='ltr'><strong>creature</strong></span> <span class='ocrx_word' id='word_1_411' title='bbox 1209 4312 1243 4373; x_wconf 90' lang='lat' dir='ltr'><strong>ia</strong></span> <span class='ocrx_word' id='word_1_412' title='bbox 1269 4330 1339 4374; x_wconf 90' lang='lat' dir='ltr'><strong>esse</strong></span> <span class='ocrx_word' id='word_1_413' title='bbox 1365 4321 1472 4376; x_wconf 89' lang='lat' dir='ltr'><strong>creato</strong></span> <span class='ocrx_word' id='word_1_414' title='bbox 1496 4314 1694 4395; x_wconf 89' lang='lat' dir='ltr'><strong>subsistenti,</strong></span> <span class='ocrx_word' id='word_1_415' title='bbox 1718 4326 1779 4380; x_wconf 83' lang='lat' dir='ltr'><strong>ste-</strong></span> 
     </span>
     <span class='ocr_line' id='line_1_40' title="bbox 226 4408 1778 4494; baseline 0.005 -21"><span class='ocrx_word' id='word_1_416' title='bbox 226 4409 346 4473; x_wconf 91' lang='lat' dir='ltr'><strong>deinde</strong></span> <span class='ocrx_word' id='word_1_417' title='bbox 370 4429 389 4472; x_wconf 85' lang='lat' dir='ltr'><strong>e</strong></span> <span class='ocrx_word' id='word_1_418' title='bbox 413 4408 543 4492; x_wconf 93' lang='lat' dir='ltr'><strong>proprio</strong></span> <span class='ocrx_word' id='word_1_419' title='bbox 567 4408 646 4473; x_wconf 83' lang='lat' dir='ltr'><strong>lilio</strong></span> <span class='ocrx_word' id='word_1_420' title='bbox 670 4428 779 4472; x_wconf 90' lang='lat' dir='ltr'><strong>secum</strong></span> <span class='ocrx_word' id='word_1_421' title='bbox 803 4410 978 4492; x_wconf 75' lang='lat' dir='ltr'><strong>dignantis-</strong></span> <span class='ocrx_word' id='word_1_422' title='bbox 1033 4410 1151 4487; x_wconf 92' lang='lat' dir='ltr'><strong>biliter,</strong></span> <span class='ocrx_word' id='word_1_423' title='bbox 1167 4428 1257 4491; x_wconf 88' lang='lat' dir='ltr'><strong>pure,</strong></span> <span class='ocrx_word' id='word_1_424' title='bbox 1273 4408 1445 4489; x_wconf 89' lang='lat' dir='ltr'><strong>ferventer,</strong></span> <span class='ocrx_word' id='word_1_425' title='bbox 1461 4421 1492 4473; x_wconf 90' lang='lat' dir='ltr'><strong>et</strong></span> <span class='ocrx_word' id='word_1_426' title='bbox 1514 4412 1604 4494; x_wconf 88' lang='lat' dir='ltr'><strong>quasi</strong></span> <span class='ocrx_word' id='word_1_427' title='bbox 1626 4416 1778 4481; x_wconf 89' lang='lat' dir='ltr'><strong>continue</strong></span> 
     </span>
     <span class='ocr_line' id='line_1_41' title="bbox 228 4506 1778 4597; baseline 0.003 -26"><span class='ocrx_word' id='word_1_428' title='bbox 228 4508 312 4571; x_wconf 87' lang='lat' dir='ltr'><strong>sime</strong></span> <span class='ocrx_word' id='word_1_429' title='bbox 346 4514 567 4587; x_wconf 87' lang='lat' dir='ltr'><strong>conversante,</strong></span> <span class='ocrx_word' id='word_1_430' title='bbox 601 4508 684 4589; x_wconf 90' lang='lat' dir='ltr'><strong>quod</strong></span> <span class='ocrx_word' id='word_1_431' title='bbox 700 4508 833 4584; x_wconf 82' lang='lat' dir='ltr'><strong>¹horum</strong></span> <span class='ocrx_word' id='word_1_432' title='bbox 869 4509 977 4591; x_wconf 91' lang='lat' dir='ltr'><strong>utique</strong></span> <span class='ocrx_word' id='word_1_433' title='bbox 1032 4506 1095 4569; x_wconf 90' lang='lat' dir='ltr'><strong>luit</strong></span> <span class='ocrx_word' id='word_1_434' title='bbox 1127 4506 1310 4570; x_wconf 91' lang='lat' dir='ltr'><strong>divinorum</strong></span> <span class='ocrx_word' id='word_1_435' title='bbox 1345 4508 1605 4589; x_wconf 85' lang='lat' dir='ltr'><strong>contemplationi</strong></span> <span class='ocrx_word' id='word_1_436' title='bbox 1644 4510 1778 4597; x_wconf 79' lang='lat' dir='ltr'><strong>intente,</strong></span> 
     </span>
    </p>

    <p class='ocr_par' dir='ltr' id='par_1_12' title="bbox 20 4604 1781 4985">
     <span class='ocr_line' id='line_1_42' title="bbox 27 4604 1781 4695; baseline 0.004 -26"><span class='ocrx_word' id='word_1_437' title='bbox 27 4624 434 4695; x_wconf 68' lang='lat' dir='ltr'><strong>nae.1=.¹⁹.¹¹⁰‘l¹¹³(l¹¹³¹¹¹</strong></span> <span class='ocrx_word' id='word_1_438' title='bbox 457 4612 581 4688; x_wconf 91' lang='lat' dir='ltr'><strong>poterat</strong></span> <span class='ocrx_word' id='word_1_439' title='bbox 607 4604 766 4684; x_wconf 91' lang='lat' dir='ltr'><strong>oblivisci,</strong></span> <span class='ocrx_word' id='word_1_440' title='bbox 793 4606 848 4669; x_wconf 89' lang='lat' dir='ltr'><strong>sed</strong></span> <span class='ocrx_word' id='word_1_441' title='bbox 877 4608 978 4670; x_wconf 89' lang='lat' dir='ltr'><strong>conti·</strong></span> <span class='ocrx_word' id='word_1_442' title='bbox 1033 4605 1319 4689; x_wconf 83' lang='lat' dir='ltr'><strong>mysteriorumque</strong></span> <span class='ocrx_word' id='word_1_443' title='bbox 1343 4606 1458 4668; x_wconf 86' lang='lat' dir='ltr'><strong>Christi</strong></span> <span class='ocrx_word' id='word_1_444' title='bbox 1486 4606 1597 4670; x_wconf 90' lang='lat' dir='ltr'><strong>sedula</strong></span> <span class='ocrx_word' id='word_1_445' title='bbox 1625 4627 1662 4672; x_wconf 91' lang='lat' dir='ltr'><strong>ac</strong></span> <span class='ocrx_word' id='word_1_446' title='bbox 1684 4611 1781 4677; x_wconf 71' lang='lat' dir='ltr'><strong>deve</strong></span> 
     </span>
     <span class='ocr_line' id='line_1_43' title="bbox 20 4702 1781 4790; baseline 0.004 -24"><span class='ocrx_word' id='word_1_447' title='bbox 20 4715 74 4759; x_wconf 74' lang='lat'><strong>⁵¹-</strong></span> <span class='ocrx_word' id='word_1_448' title='bbox 228 4722 298 4766; x_wconf 79' lang='lat' dir='ltr'><strong>nus</strong></span> <span class='ocrx_word' id='word_1_449' title='bbox 315 4702 428 4768; x_wconf 88' lang='lat' dir='ltr'><strong>horum</strong></span> <span class='ocrx_word' id='word_1_450' title='bbox 448 4703 611 4781; x_wconf 91' lang='lat' dir='ltr'><strong>memoria,</strong></span> <span class='ocrx_word' id='word_1_451' title='bbox 629 4702 767 4783; x_wconf 91' lang='lat' dir='ltr'><strong>collatio,</strong></span> <span class='ocrx_word' id='word_1_452' title='bbox 784 4707 979 4788; x_wconf 90' lang='lat' dir='ltr'><strong>contempla·</strong></span> <span class='ocrx_word' id='word_1_453' title='bbox 1033 4703 1158 4766; x_wconf 85' lang='lat' dir='ltr'><strong>tissime</strong></span> <span class='ocrx_word' id='word_1_454' title='bbox 1177 4702 1378 4766; x_wconf 88' lang='lat' dir='ltr'><strong>meditatrix:</strong></span> <span class='ocrx_word' id='word_1_455' title='bbox 1396 4704 1547 4767; x_wconf 90' lang='lat' dir='ltr'><strong>intuitum</strong></span> <span class='ocrx_word' id='word_1_456' title='bbox 1563 4724 1628 4769; x_wconf 88' lang='lat' dir='ltr'><strong>sue</strong></span> <span class='ocrx_word' id='word_1_457' title='bbox 1650 4708 1781 4790; x_wconf 87' lang='lat' dir='ltr'><strong>purissi-</strong></span> 
     </span>
     <span class='ocr_line' id='line_1_44' title="bbox 227 4800 1780 4887; baseline 0.004 -22"><span class='ocrx_word' id='word_1_458' title='bbox 227 4803 289 4883; x_wconf 88' lang='lat' dir='ltr'><strong>tio,</strong></span> <span class='ocrx_word' id='word_1_459' title='bbox 305 4800 472 4865; x_wconf 77' lang='lat' dir='ltr'><strong>admiratio</strong></span> <span class='ocrx_word' id='word_1_460' title='bbox 497 4801 599 4865; x_wconf 83' lang='lat' dir='ltr'><strong>inerat</strong></span> <span class='ocrx_word' id='word_1_461' title='bbox 621 4800 720 4864; x_wconf 90' lang='lat' dir='ltr'><strong>menti</strong></span> <span class='ocrx_word' id='word_1_462' title='bbox 744 4801 837 4883; x_wconf 86' lang='lat' dir='ltr'><strong>ejus;</strong></span> <span class='ocrx_word' id='word_1_463' title='bbox 854 4812 886 4865; x_wconf 90' lang='lat' dir='ltr'><strong>et</strong></span> <span class='ocrx_word' id='word_1_464' title='bbox 909 4803 978 4887; x_wconf 89' lang='lat' dir='ltr'><strong>ipsa</strong></span> <span class='ocrx_word' id='word_1_465' title='bbox 1033 4822 1093 4865; x_wconf 89' lang='lat' dir='ltr'><strong>me</strong></span> <span class='ocrx_word' id='word_1_466' title='bbox 1107 4821 1144 4865; x_wconf 91' lang='lat' dir='ltr'><strong>ac</strong></span> <span class='ocrx_word' id='word_1_467' title='bbox 1160 4800 1402 4865; x_wconf 77' lang='lat' dir='ltr'><strong>ferventissime</strong></span> <span class='ocrx_word' id='word_1_468' title='bbox 1421 4802 1539 4865; x_wconf 92' lang='lat' dir='ltr'><strong>mentis</strong></span> <span class='ocrx_word' id='word_1_469' title='bbox 1553 4803 1586 4866; x_wconf 92' lang='lat' dir='ltr'><strong>in</strong></span> <span class='ocrx_word' id='word_1_470' title='bbox 1605 4804 1780 4871; x_wconf 91' lang='lat' dir='ltr'><strong>increatam</strong></span> 
     </span>
     <span class='ocr_line' id='line_1_45' title="bbox 225 4898 1781 4985; baseline 0.003 -20"><span class='ocrx_word' id='word_1_471' title='bbox 225 4899 497 4965; x_wconf 87' lang='lat' dir='ltr'><strong>excellentissime</strong></span> <span class='ocrx_word' id='word_1_472' title='bbox 521 4900 661 4963; x_wconf 89' lang='lat' dir='ltr'><strong>creditur</strong></span> <span class='ocrx_word' id='word_1_473' title='bbox 683 4900 874 4983; x_wconf 90' lang='lat' dir='ltr'><strong>adimplesse</strong></span> <span class='ocrx_word' id='word_1_474' title='bbox 899 4902 978 4966; x_wconf 90' lang='lat' dir='ltr'><strong>illud</strong></span> <span class='ocrx_word' id='word_1_475' title='bbox 1033 4898 1281 4982; x_wconf 74' lang='lat' dir='ltr'><strong>simplicissime</strong></span> <span class='ocrx_word' id='word_1_476' title='bbox 1308 4900 1436 4962; x_wconf 80' lang='lat' dir='ltr'><strong>Deitatis</strong></span> <span class='ocrx_word' id='word_1_477' title='bbox 1468 4920 1505 4964; x_wconf 91' lang='lat' dir='ltr'><strong>ac</strong></span> <span class='ocrx_word' id='word_1_478' title='bbox 1539 4904 1781 4985; x_wconf 89' lang='lat' dir='ltr'><strong>superbeatissi-</strong></span> 
     </span>
    </p>

    <p class='ocr_par' dir='ltr' id='par_1_13' title="bbox 134 4998 1779 5381">
     <span class='ocr_line' id='line_1_46' title="bbox 134 4998 1778 5085; baseline -0.001 -17"><span class='ocrx_word' id='word_1_479' title='bbox 134 5061 142 5073; x_wconf 89' lang='lat'><strong><em>.</em></strong></span> <span class='ocrx_word' id='word_1_480' title='bbox 171 5038 207 5075; x_wconf 69' lang='lat' dir='ltr'><strong>n.</strong></span> <span class='ocrx_word' id='word_1_481' title='bbox 226 4998 467 5064; x_wconf 87' lang='lat' dir='ltr'><strong>Deuteronomii</strong></span> <span class='ocrx_word' id='word_1_482' title='bbox 500 5022 506 5060; x_wconf 95' lang='lat'><strong>:</strong></span> <span class='ocrx_word' id='word_1_483' title='bbox 537 4998 636 5061; x_wconf 87' lang='lat' dir='ltr'><strong>Erunt</strong></span> <span class='ocrx_word' id='word_1_484' title='bbox 664 4998 760 5062; x_wconf 89' lang='lat' dir='ltr'><strong>verba</strong></span> <span class='ocrx_word' id='word_1_485' title='bbox 789 5000 913 5063; x_wconf 89' lang='lat' dir='ltr'><strong>Domini</strong></span> <span class='ocrx_word' id='word_1_486' title='bbox 943 5002 976 5063; x_wconf 92' lang='lat' dir='ltr'><strong>in</strong></span> <span class='ocrx_word' id='word_1_487' title='bbox 1034 5017 1093 5061; x_wconf 84' lang='lat' dir='ltr'><strong>me</strong></span> <span class='ocrx_word' id='word_1_488' title='bbox 1112 4998 1273 5060; x_wconf 78' lang='lat' dir='ltr'><strong>Trinitatis</strong></span> <span class='ocrx_word' id='word_1_489' title='bbox 1294 4998 1396 5061; x_wconf 88' lang='lat' dir='ltr'><strong>lucem</strong></span> <span class='ocrx_word' id='word_1_490' title='bbox 1416 4999 1640 5082; x_wconf 89' lang='lat' dir='ltr'><strong>limpidissime</strong></span> <span class='ocrx_word' id='word_1_491' title='bbox 1660 5002 1778 5085; x_wconf 83' lang='lat' dir='ltr'><strong>figens,</strong></span> 
     </span>
     <span class='ocr_line' id='line_1_47' title="bbox 226 5097 1777 5182; baseline 0.001 -19"><span class='ocrx_word' id='word_1_492' title='bbox 226 5099 325 5163; x_wconf 90' lang='lat' dir='ltr'><strong>corde</strong></span> <span class='ocrx_word' id='word_1_493' title='bbox 353 5106 420 5177; x_wconf 89' lang='lat' dir='ltr'><strong>tuo,</strong></span> <span class='ocrx_word' id='word_1_494' title='bbox 445 5106 477 5160; x_wconf 90' lang='lat' dir='ltr'><strong>et</strong></span> <span class='ocrx_word' id='word_1_495' title='bbox 504 5097 707 5161; x_wconf 88' lang='lat' dir='ltr'><strong>meditaberis</strong></span> <span class='ocrx_word' id='word_1_496' title='bbox 735 5118 773 5161; x_wconf 89' lang='lat' dir='ltr'><strong>ea</strong></span> <span class='ocrx_word' id='word_1_497' title='bbox 801 5099 915 5161; x_wconf 89' lang='lat' dir='ltr'><strong>sedens</strong></span> <span class='ocrx_word' id='word_1_498' title='bbox 945 5100 978 5161; x_wconf 93' lang='lat' dir='ltr'><strong>in</strong></span> <span class='ocrx_word' id='word_1_499' title='bbox 1033 5097 1267 5161; x_wconf 91' lang='lat' dir='ltr'><strong>amorosissime</strong></span> <span class='ocrx_word' id='word_1_500' title='bbox 1302 5116 1339 5159; x_wconf 92' lang='lat' dir='ltr'><strong>ac</strong></span> <span class='ocrx_word' id='word_1_501' title='bbox 1377 5098 1529 5162; x_wconf 90' lang='lat' dir='ltr'><strong>deliciose</strong></span> <span class='ocrx_word' id='word_1_502' title='bbox 1567 5100 1777 5182; x_wconf 74' lang='lat' dir='ltr'><strong>demergens;</strong></span> 
     </span>
     <span class='ocr_line' id='line_1_48' title="bbox 225 5194 1779 5281; baseline 0.002 -20"><span class='ocrx_word' id='word_1_503' title='bbox 225 5199 325 5261; x_wconf 90' lang='lat' dir='ltr'><strong>domo</strong></span> <span class='ocrx_word' id='word_1_504' title='bbox 343 5204 410 5276; x_wconf 90' lang='lat' dir='ltr'><strong>tua,</strong></span> <span class='ocrx_word' id='word_1_505' title='bbox 426 5203 459 5259; x_wconf 92' lang='lat' dir='ltr'><strong>ct</strong></span> <span class='ocrx_word' id='word_1_506' title='bbox 477 5194 644 5258; x_wconf 80' lang='lat' dir='ltr'><strong>ambulans</strong></span> <span class='ocrx_word' id='word_1_507' title='bbox 663 5196 697 5257; x_wconf 92' lang='lat' dir='ltr'><strong>in</strong></span> <span class='ocrx_word' id='word_1_508' title='bbox 716 5196 842 5277; x_wconf 89' lang='lat' dir='ltr'><strong>itinere,</strong></span> <span class='ocrx_word' id='word_1_509' title='bbox 860 5205 892 5259; x_wconf 91' lang='lat' dir='ltr'><strong>et</strong></span> <span class='ocrx_word' id='word_1_510' title='bbox 906 5197 978 5261; x_wconf 90' lang='lat' dir='ltr'><strong>dor·</strong></span> <span class='ocrx_word' id='word_1_511' title='bbox 1033 5198 1182 5280; x_wconf 87' lang='lat' dir='ltr'><strong>abyssum</strong></span> <span class='ocrx_word' id='word_1_512' title='bbox 1197 5216 1323 5279; x_wconf 89' lang='lat' dir='ltr'><strong>quoque</strong></span> <span class='ocrx_word' id='word_1_513' title='bbox 1342 5196 1714 5280; x_wconf 87' lang='lat' dir='ltr'><strong>incomprehensibilium</strong></span> <span class='ocrx_word' id='word_1_514' title='bbox 1728 5200 1779 5281; x_wconf 89' lang='lat' dir='ltr'><strong>ju-</strong></span> 
     </span>
     <span class='ocr_line' id='line_1_49' title="bbox 224 5296 1779 5381; baseline 0.004 -22"><span class='ocrx_word' id='word_1_515' title='bbox 224 5296 332 5359; x_wconf 88' lang='lat' dir='ltr'><strong>miens</strong></span> <span class='ocrx_word' id='word_1_516' title='bbox 354 5304 450 5376; x_wconf 87' lang='lat' dir='ltr'><strong>atque</strong></span> <span class='ocrx_word' id='word_1_517' title='bbox 470 5312 677 5376; x_wconf 80' lang='lat' dir='ltr'><strong>consurgens.</strong></span> <span class='ocrx_word' id='word_1_518' title='bbox 1033 5297 1191 5360; x_wconf 90' lang='lat' dir='ltr'><strong>diciorum</strong></span> <span class='ocrx_word' id='word_1_519' title='bbox 1212 5296 1313 5378; x_wconf 90' lang='lat' dir='ltr'><strong>ipsius</strong></span> <span class='ocrx_word' id='word_1_520' title='bbox 1336 5296 1526 5377; x_wconf 89' lang='lat' dir='ltr'><strong>profundius</strong></span> <span class='ocrx_word' id='word_1_521' title='bbox 1550 5298 1731 5381; x_wconf 89' lang='lat' dir='ltr'><strong>speculans,</strong></span> <span class='ocrx_word' id='word_1_522' title='bbox 1747 5308 1779 5366; x_wconf 86' lang='lat' dir='ltr'><strong>et</strong></span> 
     </span>
    </p>
   </div>
   <div class='ocr_carea' id='block_1_5' title="bbox 0 0 2160 6245">
    <p class='ocr_par' dir='ltr' id='par_1_14' title="bbox 0 0 2160 6245">
     <span class='ocr_line' id='line_1_50' title="bbox 0 0 2160 6245; baseline 0 0"><span class='ocrx_word' id='word_1_523' title='bbox 0 0 2160 6245; x_wconf 95' lang='lat' dir='ltr'><strong> </strong></span> 
     </span>
    </p>
   </div>
  </div>
 </body>
</html>
