4309 6250
463 484 523 550 tlt
796 503 913 552 comm
936 504 1104 550 ruarmmu
1125 501 1295 560 ursonem,
1319 503 1406 549 ursan
1427 503 1471 550 m.
1495 521 1535 533 —
1556 503 1625 549 aar.
1649 503 1681 550 vr

462 673 516 758 jus
544 674 693 738 officium
718 695 819 757 usque
844 678 883 738 ad
907 675 1020 738 mundi
1045 675 1144 738 linem
1172 675 1212 738 ab
1227 673 1251 738 A
1268 693 1337 737 esse
1357 673 1492 738 videtur.
1510 674 1567 737 Ubi
1587 681 1692 738 autem
1711 681 1768 736 aut
1784 669 1926 755 quomodo
1945 665 1979 730 si-
2085 688 2086 692 ¹

463 772 565 856 ipsius
587 773 679 838 initio
700 783 814 838 cuncta
835 777 1070 856 praenotenturl
1268 774 1335 836 ride
1351 774 1401 852 sit,
1419 793 1482 838 non
1498 782 1629 856 apparet
1645 797 1652 835 :
1671 773 1733 836 nisi
1750 771 1828 836 forta
1840 766 1981 834 causaliter

503 871 661 954 Amplius,
677 891 775 954 quum
794 872 848 936 lux
868 873 909 936 sit
927 872 1064 954 qualitas
1083 880 1114 934 at
1129 872 1212 935 aeci·
1266 881 1321 935 aut
1342 872 1558 955 metaphorice
1580 872 1681 936 viride
1703 870 1884 954 appelletur.

463 970 543 1033 dens
567 970 736 1051 quoddam,
752 971 888 1052 qualiter
911 973 950 1033 de
974 991 1012 1034 ea
1036 970 1140 1033 factus
1163 978 1210 1032 est
1308 971 1482 1033 Audiamus
1509 980 1618 1034 tamen
1639 971 1811 1054 gloriosam
1833 967 1980 1050 responsio

463 1069 627 1132 calamusl
642 1070 690 1131 An
711 1070 751 1131 de
775 1069 940 1132 accidente
963 1068 1140 1132 substantia
1166 1066 1211 1129 fa·
1267 1089 1340 1132 nem
1356 1071 1395 1132 ad
1411 1070 1508 1134 istud.
1525 1072 1727 1146 Respondit:
1740 1071 1792 1132 na
1805 1077 1900 1128 monte
1912 1069 1979 1144 l'rff.

464 1175 514 1228 cta
534 1170 603 1229 estl
618 1166 791 1244 Postremo,
807 1167 833 1228 si
858 1167 965 1230 tabula
984 1175 1016 1229 et
1037 1167 1108 1248 ejus
1133 1165 1210 1228 sori·
1266 1172 1361 1230 Mons
1375 1171 1495 1229 etenim
1508 1171 1646 1247 Kaffest
1662 1188 1703 1227 ear
1721 1168 1895 1243 smarapdts
1904 1183 1982 1240 parr-

463 1273 556 1347 ptura
576 1274 651 1328 sunt
669 1266 877 1328 materialiter
891 1265 1117 1346 intelligendae,
1134 1283 1212 1345 quo·
1266 1269 1333 1327 disi
1348 1288 1359 1326 .·
1374 1269 1433 1346 qni
1447 1287 1538 1328 mons
1552 1269 1660 1327 orbem
1682 1276 1782 1326 terrra
1798 1268 1925 1341 cingens,
1937 1285 1981 1322 ro-

463 1364 665 1428 modoverba
680 1365 879 1427 tabulresunt
893 1362 1210 1445 demergaritistnisi
1266 1369 1333 1426 lam
1355 1368 1503 1426 sustinet.
1521 1365 1607 1427 lstud
1630 1372 1678 1427 est
1698 1363 1830 1427 infinitae
1850 1360 1979 1440 mditatis,

462 1461 570 1527 forsan
595 1463 772 1544 margaritae
800 1462 863 1524 sint
890 1461 979 1543 quasi
1009 1471 1208 1539 encaustum,
1266 1462 1445 1527 stoliditatis
1461 1483 1498 1526 ae
1514 1457 1980 1537 falsitatis.0numenimcoelum

460 1580 560 1641 quum
575 1569 682 1623 tamen
697 1569 883 1623 encaustum
904 1560 945 1622 sit
963 1560 1070 1637 molle,
1088 1579 1211 1640 marga·
1266 1561 1428 1642 sphaericae
1448 1561 1487 1623 sit
1512 1560 1634 1641 figura,
1656 1559 1763 1624 omnia
1787 1559 1864 1621 intra
1885 1577 1913 1620 se
1933 1577 1982 1618 arn·

461 1659 591 1740 ritaeque
605 1660 703 1722 durae.
721 1658 781 1720 Sed
796 1667 827 1720 et
841 1658 971 1720 dorsum
985 1658 1112 1736 tabulae,
1125 1659 1209 1738 quod
1265 1659 1357 1722 hiens
1374 1667 1405 1722 et
1420 1659 1589 1722 continens
1605 1660 1775 1738 elementa,
1792 1657 1891 1720 nullus
1910 1675 1981 1718 mons

460 1765 508 1819 est
536 1756 714 1820 substantia
742 1756 928 1838 corporalis,
954 1758 1112 1838 quomodo
1140 1775 1210 1818 esse
1265 1765 1355 1820 terrae
1380 1759 1516 1820 sustinet
1538 1758 1629 1835 illud,
1656 1757 1721 1820 imo
1750 1777 1808 1820 nec
1834 1755 1933 1836 tangit.
1954 1752 1982 1814 llt

460 1863 565 1938 potest
585 1856 626 1918 de
646 1855 776 1937 pietate,
800 1874 871 1936 quas
896 1863 945 1917 est
969 1855 1120 1918 accidens
1148 1855 1211 1936 spi·
1227 1861 1250 1923 B
1266 1858 1397 1919 verbum
1417 1857 1477 1921 hoo
1500 1865 1592 1920 sonat
1609 1855 1699 1939 quasi
1721 1857 1835 1920 coelum
1854 1855 1892 1916 sit
1909 1853 1982 1916 semi-

460 1953 597 2017 ritualel
1266 1955 1432 2018 circularis
1457 1954 1580 2037 figure,
1598 1956 1731 2038 ejusque
1756 1963 1888 2018 extrema
1908 1970 1983 2032 super

499 2053 593 2115 llulta
614 2061 744 2134 possent
766 2053 818 2114 lric
843 2052 954 2135 quaeri,
971 2051 1058 2132 argui
1085 2060 1116 2113 ct
1139 2069 1211 2113 con·
1265 2062 1405 2116 montem
1432 2055 1517 2116 hunc
1542 2054 1782 2135 conquiescant.
1809 2053 1890 2115 Certe
1912 2069 1982 2112 mons

459 2150 639 2229 scribi3sed
661 2150 860 2231 superfluum
883 2150 962 2212 milri
978 2149 1116 2226 videtur,
1132 2169 1210 2230 prar—
1266 2151 1335 2229 iste,
1367 2152 1393 2213 si
1423 2170 1514 2214 mons
1543 2161 1634 2214 terras
1661 2160 1720 2229 est,
1751 2151 1882 2232 cingitur
1909 2167 1981 2228 aqua,

459 2248 568 2311 sertim
584 2267 681 2330 quum
693 2247 819 2311 aliunde
835 2249 1032 2310 abundanter
1043 2248 1210 2330 probatum
1264 2269 1334 2332 quae
1355 2250 1536 2313 universam
1559 2249 1674 2313 circuit
1693 2259 1821 2328 terram,
1836 2268 1909 2329 aqua
1924 2265 1983 2328 quo

459 2346 500 2409 sit
524 2347 736 2410 llalrometum
760 2347 867 2411 omnia
893 2366 974 2429 pene
1001 2365 1072 2408 esse
1096 2347 1210 2408 menti·
1264 2367 1326 2430 qne
1351 2349 1392 2410 ab
1415 2367 1499 2426 aere,
1526 2356 1557 2411 et
1582 2367 1636 2410 aer
1658 2347 1798 2429 cingitur
1821 2347 1898 2428 igne,
1918 2344 1983 2426 ignis
2087 2345 2088 2358 ¹

459 2453 539 2522 tum,
557 2454 588 2508 et
609 2447 730 2528 pseudo
751 2445 852 2508 fuisse
874 2445 1072 2527 proplietam.
1264 2456 1369 2509 autem
1382 2467 1400 2508 a
1415 2448 1537 2529 sphaera
1553 2446 1818 2521 lrrnae.Ouomodo
1832 2464 1899 2528 ergo
1912 2463 1983 2506 mons

499 2543 620 2606 Deinde
648 2544 774 2607 Judaeus
798 2567 806 2606 :
829 2547 976 2619 Expone,
1007 2542 1122 2623 inquit,
1149 2563 1210 2602 cur
1264 2545 1323 2607 iste
1348 2545 1483 2607 sustinet
1508 2545 1647 2608 coelumi
1663 2545 1782 2607 Coelum
1809 2561 1931 2626 quoque,
1947 2561 1983 2602 se

458 2647 575 2702 coelum
602 2645 728 2703 dictum
756 2652 802 2700 est
834 2646 960 2702 ooetum.
991 2643 1169 2717 Respondit
1199 2661 1210 2700 .·
1265 2644 1404 2705 cundum
1430 2643 1642 2722 Aristotelem,
1658 2662 1718 2705 nec
1743 2661 1840 2723 mave
1860 2659 1913 2704 nec
1930 2639 1983 2701 lere

459 2744 548 2810 Ideo,
564 2742 644 2819 quia
667 2743 707 2800 de
729 2744 822 2816 fumo
845 2749 992 2800 creatam
1012 2749 1082 2807 est;
1095 2741 1210 2814 sumus
1264 2750 1335 2804 est:
1355 2741 1472 2804 idcirco
1498 2741 1729 2804 sustentatione
1753 2739 1868 2804 montis
1890 2735 1982 2800 terreri

460 2858 536 2898 vero
554 2841 595 2896 de
611 2856 729 2914 vapore
747 2840 861 2897 moris.
878 2837 962 2898 lstud
988 2835 1210 2918 multipliciter
1264 2858 1328 2901 non
1344 2847 1425 2920 eget.
1442 2839 1594 2902 Praeterea
1614 2857 1677 2901 non
1693 2837 1754 2900 nisi
1773 2837 1918 2901 ficticium
1937 2843 1981 2912 est,

460 2935 657 3016 reprobatur.
674 2935 791 3013 Primo,
807 2935 882 3016 qula
903 2938 953 3014 (ut
973 2933 1158 3019 Aristoteles
1178 2942 1210 2996 ct
1264 2955 1382 3018 ponere
1403 2945 1543 3000 montem
1564 2937 1672 3012 istum,
1689 2955 1788 3018 quum
1809 2933 1925 3018 plurimi
1943 2933 1983 2994 lro

460 3033 658 3115 Peripatetici
672 3053 745 3096 eum
761 3041 931 3113 sequentes
946 3031 1126 3095 efficaciter
1141 3051 1209 3114 pro
1223 3033 1244 3096 C
1264 3036 1367 3098 mines
1392 3036 1425 3097 in
1450 3035 1587 3098 diversis
1610 3035 1719 3099 mundi
1741 3035 1890 3116 partibus,
1904 3049 1982 3112 usque

461 3135 629 3212 har'erunt)
653 3152 786 3215 corpora
811 3131 952 3195 coelestia
977 3150 1042 3193 non
1067 3140 1142 3193 sunt
1170 3133 1209 3194 de
1264 3137 1303 3198 ad
1320 3136 1533 3198 extremitates
1550 3146 1640 3198 terrea
1659 3135 1843 3198 habitabilis
1862 3142 1891 3197 et
1905 3150 1983 3213 usque

460 3240 573 3293 natura
598 3250 701 3313 neque
729 3231 859 3293 materia
889 3230 1130 3293 elementorum.
1158 3232 1211 3291 Sc-
1264 3236 1302 3298 ad
1333 3234 1422 3297 littus
1451 3234 1546 3297 maris
1570 3234 1685 3297 Oceani
1717 3232 1893 3315 frequenter
1911 3232 1984 3292 dere
2088 3246 2089 3319 ξ

461 3331 578 3408 eundo,
595 3330 747 3410 quoniam
766 3328 897 3392 Genesis
922 3328 1024 3410 primo
1048 3328 1207 3391 habetur:
1264 3332 1382 3411 norint,
1407 3352 1466 3395 nec
1493 3341 1632 3395 montem
1659 3332 1753 3394 istum
1780 3328 1981 3413 conspexerint.
2088 3320 2089 3327 '

343 3428 497 3496 oen‚1.r.ln
520 3428 678 3510 principio
702 3426 821 3489 creavit
844 3426 926 3489 Deus
951 3426 1068 3489 coelum
1093 3434 1125 3489 et
1149 3434 1210 3489 ter·
1265 3430 1395 3513 Nempe,
1417 3430 1441 3493 si
1470 3449 1561 3493 mons
1584 3438 1633 3492 est
1656 3438 1758 3507 terrra,
1775 3430 1890 3493 eminet
1910 3444 1984 3507 super

462 3547 541 3589 ram.
558 3526 678 3589 Goelum
702 3544 777 3607 ergo
797 3524 981 3587 immediate
999 3544 1017 3587 a
1038 3524 1102 3587 Deo
1124 3544 1211 3587 crea·
1265 3537 1392 3610 terram,
1408 3537 1440 3591 et
1463 3528 1553 3591 visus
1573 3528 1687 3591 fuisset
1707 3528 1748 3590 ab
1766 3527 1842 3590 illis.
1859 3525 1982 3605 Denique,

461 3634 528 3688 tum
544 3634 592 3688 est
607 3624 639 3686 in
656 3624 813 3706 principio
829 3623 950 3686 mundi.
963 3624 1075 3686 Creare
1090 3632 1207 3700 autem,
1265 3629 1423 3708 quomodo
1444 3645 1534 3689 mons
1554 3626 1607 3689 ille
1628 3646 1666 3689 au
1686 3625 1861 3710 smaragdis
1875 3620 1983 3707 paradisi

461 3732 511 3787 est
528 3723 650 3805 aliquid
669 3724 709 3786 de
728 3722 829 3785 nihilo
850 3721 969 3785 facere.
984 3721 1053 3785 Non
1075 3740 1151 3801 crgo
1173 3740 1211 3783 ex
1265 3724 1434 3788 consistitt
1450 3726 1497 3786 An
1518 3743 1557 3786 eu
1577 3723 1713 3806 gemmis
1734 3722 1910 3804 hujusmodi
1928 3736 1985 3783 con·

461 3821 551 3884 fumo
578 3821 767 3902 productum
789 3828 838 3883 est
858 3820 987 3883 coelum.
1004 3819 1121 3897 Tertio,
1137 3839 1211 3900 quo
1265 3826 1348 3884 stati
1364 3823 1401 3885 Et
1421 3824 1505 3885 unde
1521 3831 1567 3887 tot
1580 3841 1713 3904 gemmea
1734 3822 1833 3904 hujus
1847 3819 1948 3905 speciei
1959 3816 1983 3877 in

463 3921 549 3982 niam
564 3921 638 3982 dato
652 3919 736 4000 quod
752 3918 869 3982 coelnm
890 3926 1049 3982 constaret
1063 3938 1102 3980 ex
1115 3937 1208 3999 aqua,
1266 3921 1435 4003 paradisol
1458 3922 1629 4001 Postremo,
1656 3920 1682 3983 si
1707 3930 1791 3984 esset
1814 3939 1899 3984 mous
1920 3915 1983 3991 talis,

464 4027 650 4083 nontamen
666 4016 896 4080 rationabiliter
914 4016 977 4078 dici
999 4024 1107 4097 posset
1125 4018 1209 4097 quod
1266 4020 1425 4101 quomodo
1459 4039 1497 4083 ex
1532 4019 1602 4101 ipso
1635 4019 1751 4082 coelum
1785 4019 1883 4081 viride
1911 4020 1983 4091 esset,

462 4116 582 4179 facturn
605 4117 647 4179 sit
668 4136 706 4179 ex
726 4114 815 4178 fumo
839 4114 894 4195 qui
915 4134 1013 4195 vapor
1034 4123 1083 4177 est
1102 4114 1208 4177 maris.
1267 4136 1365 4199 quum
1387 4117 1468 4179 nihil
1488 4118 1527 4180 de
1547 4125 1654 4181 monte
1674 4116 1729 4180 illo
1750 4116 1982 4200 compositionem

463 4215 625 4290 Quomodo
658 4214 744 4276 enim
777 4221 883 4275 tantus
916 4213 956 4275 de
988 4212 1067 4274 mari
1101 4212 1249 4281 fumuslt
1268 4215 1432 4278 intraverit
1461 4215 1558 4278 coelil
1587 4216 1635 4277 An
1664 4215 1745 4279 forte
1773 4234 1812 4277 ex
1839 4210 1983 4278 relucentia

463 4313 618 4392 ascendit,
633 4320 669 4375 ut
682 4331 721 4374 ex
735 4330 773 4375 eo
788 4312 907 4373 factum
924 4310 965 4372 sit
979 4311 1109 4389 ooelum,
1125 4313 1210 4391 quod
1266 4315 1401 4396 quadam
1417 4334 1435 4375 a
1451 4323 1559 4377 monte
1579 4314 1635 4376 illo
1655 4332 1750 4395 super
1769 4313 1883 4377 ooelum
1899 4308 1983 4373 viridi-

464 4421 558 4475 tantae
572 4420 621 4473 est
635 4410 832 4492 quantitatis,
849 4417 884 4471 ut
897 4409 969 4491 ejus
983 4418 1130 4491 respectu
1146 4418 1210 4473 tota
1266 4422 1312 4475 tas
1334 4420 1464 4493 apparet
1483 4412 1515 4474 in
1535 4411 1640 4474 coelol
1657 4412 1757 4474 Stulta
1777 4420 1809 4474 et
1831 4412 1893 4473 risu
1910 4409 1982 4489 digna

464 4519 548 4574 terra
567 4509 608 4571 sit
630 4508 721 4589 quasi
737 4512 914 4590 punctuml
929 4507 1055 4585 Quarto,
1073 4508 1149 4589 quia
1164 4514 1211 4589 (ut
1266 4520 1339 4573 sunt
1357 4510 1464 4573 omnia
1485 4511 1556 4571 ista.
1577 4509 1640 4573 Noc
1660 4510 1720 4572 ista
1739 4519 1813 4572 sunt
1832 4510 1983 4589 verbapro-

415 4646 451 4681 vu.
465 4609 499 4672 in
520 4608 578 4671 Job
601 4607 645 4669 ait
663 4607 838 4687 Scriptura)
860 4605 933 4669 coeli
958 4614 1033 4668 sunt
1056 4606 1211 4668 solidissi-
1265 4610 1378 4691 phetes,
1403 4610 1456 4671 sad
1479 4608 1573 4671 unius
1595 4608 1785 4691 phantastici
1807 4628 1844 4671 ac
1865 4604 1981 4671 amentis.

345 4733 351 4745 ·
464 4706 520 4783 mi,
538 4705 629 4788 quasi
652 4724 714 4768 aere
738 4704 811 4767 fusi.
828 4705 918 4786 Aqua
940 4721 1016 4785 ergo
1038 4711 1123 4767 esset
1146 4724 1211 4767 ma·
1304 4710 1364 4771 Ait
1380 4710 1510 4770 :Habet
1529 4704 1983 4784 coetumportastftespourlit:

463 4805 544 4868 teria
559 4803 870 4885 magisconvenions
885 4811 917 4865 et
932 4802 1109 4883 propinqua
1124 4810 1158 4864 ut
1172 4822 1210 4865 err
1265 4808 1369 4868 Habet
1389 4808 1521 4884 quidem
1537 4814 1651 4881 portas
1672 4806 1857 4880 pendentes.
1874 4805 1922 4867 Ait
1935 4801 1982 4861 :lit

463 4923 501 4967 aa
522 4903 585 4966 tale
605 4902 700 4965 fieret
719 4920 847 4983 corpus,
870 4918 966 4982 quam
988 4900 1107 4963 fumus.
1261 4913 1365 4980 portae
1379 4904 1690 4979 elaoestdespondr't
1707 4922 1719 4962 .·
1732 4905 1845 4964 Portae
1858 4898 1982 4962 claustr

502 5005 562 5065 Ait
577 5023 589 5062 .·
605 5004 692 5071 Quid
710 5020 786 5078 erpo
802 5002 896 5061 ltdbet
911 5003 997 5080 quod
1016 5002 1125 5060 viride
1138 5002 1210 5060 est?
1264 5004 1416 5062 thesauro
1441 5004 1513 5063 Dei.
1531 5003 1590 5063 Ait
1606 5022 1619 5061 .·
1633 5004 1675 5061 nt
1696 5010 1801 5093 portae
1826 5000 1928 5061 unde?
1938 5000 1982 5058 lte·

461 5103 541 5177 Quid
566 5109 615 5165 cst
638 5102 746 5163 istudl
761 5102 795 5163 ln
817 5119 880 5181 qua
899 5098 1016 5161 etenim
1038 5108 1127 5180 parte
1147 5118 1210 5163 coe-
1263 5102 1415 5176 spondit:
1432 5104 1541 5162 Portoe
1556 5120 1677 5169 oureoe,
1690 5108 1865 5175 portorum
1880 5096 1982 5159 serode

461 5202 528 5264 lum
553 5193 684 5283 apparet
709 5199 832 5261 vir-idel
848 5197 973 5261 Alieubi
999 5198 1130 5279 quippe,
1148 5198 1208 5260 sci·
1263 5203 1344 5268 lace,
1356 5202 1460 5258 claves
1471 5202 1510 5258 de
1523 5200 1652 5273 pietate.
1663 5196 1846 5278 Philosophi
1862 5192 1983 5277 copiosis

461 5300 537 5364 licet
559 5299 646 5363 eirca
665 5298 833 5381 galaxiam,
849 5298 958 5361 album
985 5317 1041 5361 seu
1063 5296 1205 5360 lucidum
1263 5295 1344 5359 sime
1359 5298 1506 5379 probant,
1519 5304 1551 5359 et
1564 5294 1664 5359 sancti
1681 5295 1831 5359 Doctores
1847 5288 1981 5359 christiani
