4309 6250
537 1109 806 1228 INDEX
862 1104 1355 1231 GENERALIS

153 1685 301 1759 Opuscula
315 1685 402 1760 hujus
420 1683 579 1742 voluminis
590 1724 828 1741 ......
868 1681 902 1739 10
991 1682 1128 1757 Virginis,
1143 1688 1173 1743 et
1193 1687 1300 1759 gaudio
1319 1689 1445 1762 glorioso
1463 1697 1542 1765 quod
1560 1700 1631 1754 tunc

991 1772 1046 1831 suit
1060 1774 1090 1830 in
1106 1776 1219 1832 mundo
1250 1820 1629 1844 ,,,,,,,,,
1666 1790 1703 1845 28

253 1872 302 1935 DE
324 1870 526 1935 DIGNITATE
548 1870 596 1933 ET
617 1869 800 1933 Llublllus
955 1863 1102 1921 Articulus
1128 1864 1160 1921 ll.
1190 1865 1230 1922 be
1259 1870 1476 1941 comparatione
1502 1873 1631 1948 Virginis

406 1969 441 2032 Β,
458 1968 494 2031 V,
511 1967 640 2030 MARIAE
989 1969 1117 2010 summae
1143 1956 1181 2011 ad
1213 1960 1347 2028 parentes
1374 1960 1402 2015 S.
1431 1961 1551 2020 loannis
1578 1966 1631 2022 Βῃ.

353 2066 471 2129 n1sn1
496 2064 699 2141 euaruon
987 2042 1084 2117 peres
1111 2086 1629 2112 ............
1665 2057 1703 2114 ac

952 2132 1099 2192 Articulus
1111 2134 1156 2190 xl.
1172 2135 1255 2200 Oucd
1269 2138 1456 2198 serenissima
1469 2158 1504 2199 ac
1520 2145 1630 2201 suaria-

148 2221 277 2297 Epistola
292 2217 506 2291 nuncupatoria
534 2256 824 2274 .......
865 2217 899 2273 13
988 2221 1064 2278 sima
1077 2222 1159 2295 rirgc
1172 2223 1264 2281 llaria
1282 2224 1339 2282 tuit
1354 2244 1373 2283 a
1392 2230 1507 2287 saeculis
1528 2232 1628 2290 multl-

987 2310 1102 2383 pliciter
1115 2312 1291 2387 proeslguata
1309 2331 1343 2373 ac
1360 2319 1534 2391 prophetata
1571 2365 1578 2378 .
1618 2367 1625 2380 .
1663 2323 1700 2380 30

314 2442 317 2449 .
408 2432 496 2478 um
516 2430 639 2478 mus·
951 2399 1099 2459 articulus
1117 2401 1175 2457 llll.
1192 2404 1232 2460 lle
1248 2405 1394 2464 oblatione
1411 2424 1447 2465 ac
1464 2426 1628 2469 commora-

986 2489 1066 2549 tione
1079 2490 1209 2565 Vlrginis
1222 2494 1382 2553 benedictn
1396 2496 1426 2553 in
1441 2499 1578 2573 templo.
1616 2544 1624 2557 .
1662 2504 1698 2559 32

150 2577 328 2637 l‘rooemlum
350 2616 823 2632 ...........
863 2573 897 2628 ¹7
951 2579 1100 2638 Articulus
1113 2581 1183 2639 lllll.
1199 2582 1257 2640 Cur
1278 2583 1369 2642 Filius
1387 2585 1436 2643 Dei
1460 2602 1518 2644 non
1542 2590 1630 2664 elegit

147 2667 297 2725 Articulus
311 2667 331 2723 l.
348 2666 387 2725 lle
401 2664 571 2731 intentione,
587 2680 724 2737 processu
742 2680 776 2723 ac
789 2663 825 2719 tl·
986 2670 1066 2727 nasci
1080 2687 1116 2729 cx
1131 2670 1243 2745 virgine
1257 2674 1404 2747 opulenta,
1420 2678 1540 2749 potenti,
1554 2682 1629 2738 tem

183 2758 246 2814 tulo
259 2756 347 2830 bajus
364 2754 496 2831 opusculi
536 2794 822 2811 .......
863 2753 896 2809 18
985 2760 1181 2833 perallterque
1195 2768 1337 2836 regnante
1340 2807 1625 2828 .......
1664 2772 1700 2828 32

145 2846 295 2904 Articulus
314 2848 347 2904 ll.
364 2845 464 2913 Qualis
484 2862 546 2903 esse
569 2846 673 2903 debeat
695 2846 824 2901 coutem-
950 2849 1098 2907 Articulua
1111 2850 1182 2931 liIV.
1199 2852 1282 2917 Quod
1301 2851 1470 2912 beatissima
1488 2860 1517 2914 et
1534 2859 1629 2915 admi·

182 2936 278 3009 plator
295 2939 324 2993 et
341 2936 476 2992 laudator
494 2933 743 3007 praestantissimae
762 2932 824 2988 Vir·
983 2938 1162 2997 rabillssima
1178 2940 1260 3014 virgo
1273 2941 1364 2999 blaria
1381 2944 1533 3003 verissime
1551 2947 1628 3005 sacta

182 3026 259 3099 ginis
304 3065 821 3081 ............
862 3022 895 3079 {9
985 3028 1023 3084 sit
1035 3033 1064 3086 et
1083 3028 1203 3086 exsistat
1216 3030 1346 3088 Genltrix
1360 3033 1420 3091 reri
1436 3034 1486 3091 Del
1524 3080 1530 3092 .
1571 3080 1577 3092 .
1618 3081 1625 3094 .
1662 3040 1698 3096 33

144 3114 294 3174 Articulus
308 3114 354 3172 lll.
371 3116 465 3181 Quam
486 3112 673 3172 formidolose
692 3129 726 3170 ac
743 3129 822 3170 reve·
949 3117 1097 3176 Articulus
1111 3120 1168 3174 xv.
1183 3121 1265 3186 Quod
1280 3121 1408 3194 dignitas
1421 3128 1450 3183 et
1460 3124 1565 3198 gratia,
1577 3144 1628 3199 pu·

180 3209 287 3270 renter,
308 3221 397 3277 quam
421 3220 555 3262 amurcae
582 3207 669 3277 atque
692 3201 824 3259 hilariter
983 3207 1056 3264 ritas
1082 3211 1112 3265 ct
1132 3208 1305 3266 excellentia
1325 3212 1423 3269 blariar
1446 3213 1625 3274 dulcissimae

180 3297 219 3352 ad
237 3293 508 3366 contemplandum,
524 3293 706 3350 laudandum
726 3309 760 3349 ac
778 3292 822 3348 in·
984 3296 1022 3352 sit
1041 3297 1260 3370 quodammodo
1274 3298 1390 3357 inlinita
1428 3344 1623 3362 .....
1660 3307 1697 3364 34

179 3386 346 3442 vocandum
361 3383 589 3441 sacratissimam
607 3383 750 3456 virginem
766 3383 823 3440 bla-
947 3385 1096 3442 Articulus
1108 3387 1178 3458 xvt,
1192 3387 1275 3454 Quod
1297 3405 1349 3461 per
1362 3388 1566 3449 intemeratam
1582 3394 1626 3452 di·

180 3475 256 3532 riam
272 3475 431 3532 debeamus
445 3490 560 3545 semper
574 3474 729 3545 procedere
767 3515 774 3528 .
814 3515 820 3530 .
858 3473 893 3529 20
981 3473 1224 3548 vicissimamque
1238 3476 1359 3534 blarlam
1373 3477 1417 3535 sol
1431 3484 1461 3537 et
1478 3480 1626 3548 luna‚imo

144 3563 292 3621 Articulus
316 3564 360 3619 lV.
385 3563 467 3629 Quod
495 3563 533 3618 ad
561 3562 820 3635 contemplandum
983 3567 1090 3621 cuncta
1101 3563 1237 3631 coelestia,
1253 3570 1281 3622 ct
1294 3567 1440 3626 elementa
1457 3586 1491 3626 ac
1507 3570 1626 3630 inferio-

179 3652 337 3726 glericsam
358 3649 677 3724 incomparabilemque
700 3651 820 3709 Mariam
982 3670 1024 3717 ra,
1049 3653 1223 3727 dignitatem
1254 3656 1433 3730 praecipuam
1465 3664 1534 3717 sunt
1563 3679 1624 3721 sor-

178 3741 217 3799 sit
230 3740 412 3800 deiformiter
426 3740 644 3813 procedendum
672 3781 679 3796 .
720 3784 726 3797 .
766 3783 774 3798 .
813 3786 819 3798 .
857 3742 891 3797 21
982 3741 1035 3798 tite
1060 3785 1622 3808 .............
1661 3755 1697 3810 36

141 3830 290 3889 Articulus
308 3830 342 3886 V.
362 3830 445 3896 Quod
463 3827 500 3886 ab
520 3827 687 3886 infidelibus
705 3845 820 3903 quoque
946 3831 1094 3889 Articulus
1107 3832 1239 3890 xv11.be
1253 3837 1469 3906 supernaturali
1484 3837 1625 3913 dignitate
1681 3875 1685 3883 ·

177 3918 391 3977 amabilissima
422 3917 503 3991 virgo
534 3916 625 3974 Maria
655 3917 821 3976 sublimiter
980 3924 1010 3978 et
1022 3920 1192 3978 admirabili
1207 3921 1334 3995 puritate
1348 3925 1479 3998 corporis
1493 3930 1625 3986 sacratis·

177 4009 403 4067 commendetur
437 4047 818 4066 .........
856 4011 891 4067 ²3
981 4010 1064 4067 slmoe
1081 4009 1209 4084 Virginis
1218 4029 1227 4078 ;
1241 4014 1271 4069 et
1284 4015 1362 4086 quod
1377 4031 1429 4087 per
1442 4015 1516 4074 illud
1530 4018 1624 4092 digni-

142 4100 290 4158 Articulus
317 4098 363 4153 Vl.
388 4098 426 4154 lle
455 4095 561 4153 illustri
590 4095 759 4169 genealogia
785 4115 820 4154 ac
981 4100 1067 4156 licata
1080 4103 1150 4157 sunt
1163 4116 1286 4174 corpora
1299 4102 1434 4160 omnium
1449 4110 1583 4164 nostrum
1612 4153 1620 4166 .
1657 4113 1694 4169 37

178 4187 379 4262 procreatione
394 4185 592 4258 glorificandae
611 4202 645 4241 ac
660 4201 821 4258 praeaman-
944 4189 1093 4246 Articulus
1107 4190 1202 4246 xvtll.
1217 4191 1256 4247 tle
1270 4191 1412 4264 dignitate
1426 4197 1455 4250 et
1468 4197 1620 4257 sanctitate

178 4281 225 4336 dm
247 4275 354 4342 blariae,
377 4291 413 4332 ex
437 4274 549 4332 semine
572 4275 818 4342 Patriarcbarum,
979 4279 1164 4351 singulorum
1184 4281 1385 4338 membrorum
1403 4283 1542 4356 virginea
1563 4287 1621 4344 bla-

178 4366 390 4440 Prcpbetarum
413 4367 442 4422 et
464 4381 578 4437 regum,
595 4364 656 4422 imo
679 4368 707 4422 et
724 4383 819 4424 sacer·
979 4368 1051 4435 tris;
1065 4369 1145 4426 etde
1159 4367 1276 4441 copiosa
1285 4369 1470 4442 jucunditate
1483 4373 1576 4446 ipsius
1590 4375 1621 4434 ln

179 4459 282 4514 dotum
301 4495 817 4515 ............
854 4461 891 4517 bl
980 4457 1144 4531 presentia,
1167 4458 1392 4517 contrectatione
1419 4464 1448 4519 et
1475 4464 1623 4523 deoscula-

142 4546 290 4606 Artlculns
303 4546 407 4602 Vll.De
421 4545 508 4618 plena
522 4544 671 4601 nobilitate
686 4546 819 4618 gloriose
977 4549 1056 4605 tiene
1070 4546 1218 4620 Unigeniti
1233 4547 1279 4605 sul
1282 4589 1618 4614 ........
1657 4559 1693 4614 38

178 4653 212 4694 αα
226 4634 386 4693 benedictae
399 4635 497 4690 blarire
515 4633 545 4689 in
561 4634 661 4691 anima
674 4638 703 4692 et
717 4653 818 4709 corpo·
943 4637 1090 4696 Articulus
1109 4637 1179 4694 lllll.
1199 4637 1283 4704 Quod
1301 4638 1429 4710 praelatae
1441 4641 1621 4714 jucunditati

176 4743 207 4784 re
218 4743 226 4793 ;
242 4728 270 4782 et
285 4723 356 4796 quid
370 4723 408 4780 sit
420 4723 557 4781 nobilitas
571 4724 677 4781 carnis.
716 4771 722 4782 .
763 4771 768 4782 .
810 4771 816 4784 .
853 4730 889 4785 25
979 4726 1139 4784 benedicte
1152 4742 1186 4782 ac
1199 4725 1339 4799 virginee
1355 4729 1453 4786 Matris
1470 4732 1621 4791 admixtus

141 4815 289 4875 Articulus
303 4814 373 4870 Vlll.
389 4817 432 4870 An
448 4813 638 4886 glorificanda
652 4819 681 4872 et
697 4816 817 4874 benedi·
978 4816 1033 4873 luit
1057 4814 1224 4888 frequenter
1246 4815 1330 4873 dolor
1347 4821 1376 4876 et
1394 4835 1502 4877 moeror
1519 4824 1620 4880 multi·

176 4910 223 4963 cta
236 4905 317 4976 virgo
326 4903 416 4959 llaria
426 4901 538 4960 beilera
550 4919 586 4960 ex
595 4902 728 4976 angelica
742 4921 817 4962 nun·
967 4906 1043 4979 plex
1058 4909 1087 4962 et
1100 4921 1220 4962 amarus
1235 4949 1616 4970 .........
1654 4915 1690 4973 so

175 4995 295 5053 tiatione
314 5010 348 5050 ac
368 4992 541 5049 miraculose
561 4997 700 5065 concepta
718 4995 773 5061 sit;
789 5000 816 5053 et
941 4995 1090 5053 Articulus
1103 4995 1159 5051 llll.
1170 4995 1393 5053 Commendatio
1407 4998 1481 5056 uteri
1495 5001 1618 5075 virginei

175 5084 247 5157 quid
269 5081 399 5140 veritatis
421 5081 568 5138 contineat
588 5081 662 5139 liber
682 5082 730 5140 ille
748 5101 817 5156 apo·
978 5103 1012 5143 ac
1026 5083 1152 5142 materni
1192 5127 1617 5150 ,,,,,,,,,,
1654 5096 1691 5152 42

176 5173 303 5247 crypbus
316 5173 476 5242 reputatus,
483 5171 518 5227 de
528 5172 601 5228 ortu
610 5175 639 5228 ct
652 5171 711 5228 vita
720 5172 817 5232 blariec
942 5174 1089 5233 Articulus
1103 5176 1173 5232 xxt-
1188 5177 1227 5232 lle
1242 5174 1418 5235 fecunditate
1433 5179 1566 5252 gloriose
1584 5199 1619 5240 ac

177 5262 341 5320 intitulatus
345 5301 814 5322 ...........
852 5269 887 5324 27
978 5282 1126 5340 generose
1138 5265 1236 5322 blariae
1238 5308 1616 5331 .........
1654 5276 1690 5333 43

141 5351 289 5415 Articulus
312 5351 358 5408 Ill.
379 5351 417 5409 lle
439 5350 588 5409 nativitate
612 5351 818 5412 illustrissima
942 5357 1090 5416 Articulus
1106 5357 1188 5414 llllll.
1205 5359 1299 5424 Quam
1318 5357 1482 5432 specialiter
1492 5363 1528 5434 ⁴et
1545 5360 1618 5421 inel-
