4309 6250
474 472 535 540 d92
601 493 752 545 premens
773 496 1002 546 nrsnnrarmms
1024 497 1115 545 mrsu
1135 496 1343 545 cunrsrraumr
1364 498 1401 544 ar
1421 496 1636 546 amaneum.
1658 516 1700 529 -
1719 498 1791 546 aar.
1811 498 1886 545 xvur

474 666 610 730 uetratio
637 666 884 732 dimensionum.
914 669 952 731 iit
979 677 1084 733 nmen
1114 668 1259 732 omniah
1275 667 1308 730 in
1324 668 1407 733 aliud
1422 670 1655 753 praeexsistens,
1668 671 1738 735 siue
1754 670 1938 736 intermedio
1951 690 1997 734 mo

474 762 535 827 ista
550 764 760 848 impossibilia
781 777 811 831 et
832 768 969 831 absurda
983 777 1221 849 consequuntur
1276 776 1320 847 tu,
1338 770 1512 833 mutatione
1527 778 1559 833 et
1577 769 1774 850 alienatione,
1792 778 1898 854 utpote
1917 770 1948 833 in
1964 771 1996 833 iu

474 863 514 925 ad
529 863 628 927 sidem
642 866 826 929 assertionis
845 874 1013 949 praetactae.
1030 866 1062 929 Si
1077 866 1163 929 enim
1185 866 1220 928 iu
1276 868 1383 931 stanti.

473 962 616 1044 qualibet
630 963 734 1026 hostia
749 973 933 1029 consecrata
947 973 996 1027 est
1010 984 1127 1047 corpus
1137 964 1220 1028 Chri·
1315 966 1557 1048 Denique,sicut
1567 967 1754 1031 naturaliter
1764 966 1937 1049 corporalia
1946 986 1997 1030 eon·

473 1060 525 1139 sti,
541 1060 575 1122 in
597 1081 660 1124 uua
680 1081 796 1145 corpus
815 1063 876 1126 hoc
896 1071 1042 1127 movetur
1064 1064 1141 1126 dum
1165 1065 1221 1127 ho·
1275 1064 1449 1127 stituuntur
1471 1066 1504 1128 in
1528 1065 1599 1129 loco
1618 1086 1676 1148 per
1689 1067 1852 1149 propriam
1867 1066 1997 1148 quantita·

472 1158 533 1221 stia
560 1160 713 1239 elevatur,
737 1170 769 1225 et
795 1162 932 1245 quiescit
955 1163 989 1225 in
1016 1162 1098 1241 atia3
1125 1162 1221 1225 distat
1276 1172 1350 1241 tam,
1367 1164 1593 1247 propterquod
1613 1164 1683 1228 loeo
1703 1174 1995 1241 commensurantur;

472 1274 599 1338 quoque
617 1278 636 1320 a
657 1260 839 1342 semetipso.
861 1260 899 1323 Et
918 1260 944 1322 si
962 1260 1005 1322 ibi
1027 1268 1102 1323 sunt
1121 1279 1221 1341 quan·
1275 1262 1320 1324 sic
1344 1261 1626 1343 supernaturaliter
1650 1264 1828 1327 substantia
1848 1262 1996 1345 corporalis

472 1354 546 1417 titas
565 1356 656 1437 panis
676 1359 822 1421 conversi
843 1366 875 1421 et
893 1358 1053 1441 quantitas
1079 1359 1220 1441 corporis
1275 1368 1323 1422 est
1350 1360 1467 1423 alicubi
1493 1360 1614 1423 ratione
1639 1361 1858 1425 conversionis
1885 1360 1995 1441 aiicujus

472 1452 599 1532 Christi,
620 1463 669 1518 ast
690 1455 734 1518 ibi
759 1458 935 1538 penetratio
958 1458 1217 1535 dimensionum3
1274 1458 1307 1520 in
1323 1459 1424 1539 ipsam
1442 1481 1448 1520 :
1466 1459 1558 1521 etsie
1578 1459 1693 1543 incipit
1711 1479 1781 1523 esse
1802 1459 1835 1522 in
1851 1459 1917 1523 loco
1930 1467 1995 1523 certo

472 1570 532 1614 uec
547 1553 664 1634 poterit
681 1554 725 1617 ibi
740 1574 811 1619 esse
831 1556 909 1619 ordo
923 1556 1060 1638 partium
1076 1563 1107 1617 at
1122 1575 1221 1618 mam·
1274 1565 1306 1619 et
1328 1556 1547 1621 habitudinem
1577 1558 1616 1620 ad
1641 1565 1774 1620 certum·
1793 1559 1897 1621 iocum
1926 1556 1996 1621 sorti·

388 1648 393 1656 ’
472 1649 602 1713 brorum
626 1652 769 1734 eorporis
792 1652 917 1733 Christi,
943 1662 976 1717 at
1000 1652 1047 1717 sic
1071 1672 1136 1717 non
1162 1654 1221 1717 erit
1274 1663 1325 1717 tur
1345 1655 1465 1718 ratione
1486 1655 1719 1719 dimensionum
1740 1656 1785 1719 rai
1807 1676 1955 1720 conversa
1970 1654 1994 1716 iu

472 1746 518 1810 ibi
534 1747 639 1830 figura
652 1750 878 1834 ipsiuszcujus
892 1753 1073 1834 oppositum
1090 1772 1128 1816 err
1142 1773 1220 1836 prra-
1274 1751 1388 1833 ipsam,
1407 1770 1478 1833 qua
1502 1762 1667 1817 remanent
1691 1754 1775 1816 iacta
1800 1754 1993 1818 conversione.

474 1845 567 1909 dictis
591 1850 807 1932 consequitur.
1237 1851 1315 1914 B-
1328 1852 1435 1933 Itaque
1454 1852 1535 1931 dico,
1552 1853 1637 1934 quod
1657 1871 1772 1935 eorpus
1793 1851 1903 1915 Christi
1924 1850 1997 1913 ratio

513 1944 729 2011 Cuarsrmnus.
743 1984 785 1993 -
798 1949 868 2011 Hanc
883 1949 990 2012 omnia
1004 1957 1037 2013 et
1049 1949 1155 2030 atique
1169 1950 1220 2011 his
1274 1968 1315 2012 na
1330 1950 1465 2031 pmpria
1485 1949 1670 2031 quantitatis
1688 1949 1914 2013 determinatur
1925 1955 1997 2011 otest

473 2041 668 2124 diiiicitiora,
691 2045 856 2108 christiani
882 2047 1028 2110 doctores
1052 2056 1222 2111 moverunt
1275 2048 1308 2110 iu
1328 2048 1397 2111 loco
1417 2066 1492 2127 uuo,
1508 2056 1540 2111 et
1563 2049 1904 2111 commensurationem
1924 2047 1997 2109 hahet

438 2167 459 2197 v.
473 2148 505 2203 at
520 2142 745 2206 dissolvemnt.
761 2144 881 2226 ltaque,
897 2144 980 2208 sicut
998 2145 1145 2227 superius
1160 2145 1221 2209 cir·
1274 2147 1313 2208 ad
1336 2145 1499 2227 pmprium
1526 2146 1642 2209 locum.
1669 2146 1765 2209 Porro
1790 2145 1908 2209 ratione
1929 2153 1955 2207 et
1972 2142 1996 2204 vi

474 2257 512 2301 ea
530 2240 721 2305 solutionem
743 2242 963 2305 instantiarum
985 2250 1124 2322 tuarum,
1141 2264 1220 2325 quas
1275 2244 1494 2308 conversionis
1512 2244 1646 2307 aliarum
1667 2264 1772 2307 rarum
1788 2243 1943 2325 (videlicet
1957 2262 1998 2324 pa·

473 2345 583 2400 contra
612 2340 897 2421 superbeatissimaa
929 2340 1092 2404 Trinitatis
1121 2340 1219 2404 iidem
1276 2345 1366 2423 num)
1386 2343 1419 2405 in
1439 2342 1555 2423 ipsum,
1572 2351 1620 2405 ast
1644 2342 1676 2405 in
1701 2342 1848 2423 pluribus
1871 2340 1996 2417 locis3et

473 2434 776 2514 induxisti,testatus
791 2438 926 2515 sum‚ita
939 2458 1025 2501 nunc
1040 2438 1113 2501 dico
1127 2439 1158 2501 id
1173 2439 1221 2502 in·
1276 2442 1403 2525 propria
1427 2441 1585 2523 quantitas
1604 2440 1748 2522 corporis
1768 2440 1817 2502 sui
1837 2448 1884 2503 est
1906 2458 1998 2503 coneo

472 2531 624 2597 fidelibus
646 2534 846 2617 philosophis
868 2544 900 2599 et
919 2536 1076 2600 hereticis
1099 2538 1220 2619 potissi·
1275 2540 1425 2603 mitauter
1438 2539 1472 2602 in
1488 2538 1563 2619 iltis,
1580 2545 1615 2601 ut
1628 2538 1706 2618 diri,
1722 2539 1799 2620 quia
1814 2538 1996 2601 substantiam

473 2649 525 2693 ma
540 2629 640 2694 inisse
654 2632 855 2696 occasionem
870 2634 996 2696 errandi
1017 2633 1103 2697 circa
1122 2634 1219 2697 sidem
1276 2638 1417 2720 corporis
1432 2638 1481 2700 sui
1497 2636 1738 2701 concomitatur.
1754 2673 1795 2684 —
1809 2636 1886 2699 Hinc
1904 2654 1997 2716 corpus

453 2728 677 2809 'catholicam
689 2732 773 2812 quod
788 2750 826 2793 ar
841 2731 1094 2815 consideratione
1110 2752 1219 2796 eorum
1275 2736 1387 2801 Christi
1403 2736 1435 2798 iu
1451 2736 1665 2814 Sacramenta,
1682 2735 1830 2798 consistit
1848 2735 1880 2796 in
1895 2733 1997 2797 modico

473 2846 544 2908 quae
565 2827 649 2890 fiunt
670 2829 701 2891 in
724 2848 828 2892 rerum
853 2838 975 2908 natura,
993 2850 1087 2893 cursu
1112 2850 1148 2894 ac
1171 2851 1221 2894 on
1276 2834 1347 2899 loco
1377 2858 1383 2895 :
1415 2834 1489 2915 quia
1515 2853 1573 2916 per
1601 2835 1760 2916 propriam
1790 2832 1997 2895 dimensionem

473 2925 558 3005 dina,
589 2927 758 2990 votuerunt
784 2928 824 2990 de
857 2928 908 2991 his
940 2948 1010 3010 qua
1042 2929 1220 2993 christianae
1276 2952 1340 2996 non
1365 2940 1565 3015 comparatur
1589 2932 1627 2995 ad
1652 2931 1758 2995 locum
1784 2930 1885 3012 illum,
1902 2930 1949 2993 sad
1969 2948 1998 2991 er

473 3031 548 3085 sunt
567 3022 644 3086 fidei
664 3025 819 3106 judicare,
841 3026 1131 3108 omnipotentisque
1150 3027 1221 3090 Cre
1240 3032 1261 3095 C
1277 3031 1485 3095 conversione
1510 3030 1694 3094 substantiae
1717 3030 1812 3112 panis
1837 3030 1868 3091 iu
1893 3029 1997 3111 ipsum3

473 3122 569 3186 atoris
594 3122 766 3204 potentiam
785 3143 824 3187 ex
848 3123 982 3188 naturali
1006 3145 1112 3188 rerum
1138 3127 1223 3189 ordi·
1276 3129 1397 3211 atquin
1412 3129 1588 3192 substantia
1606 3129 1699 3212 panis
1719 3129 1753 3191 in
1773 3128 1911 3210 qualibet
1929 3134 1999 3208 parte

473 3241 525 3300 ne,
543 3240 637 3284 cursu
659 3242 696 3285 ac
718 3223 788 3306 tege
810 3224 911 3286 metiri
930 3243 968 3286 ac
990 3223 1128 3286 limitare
1145 3248 1152 3286 ι
1167 3244 1223 3306 per
1277 3249 1341 3292 sue
1356 3237 1423 3291 arat
1436 3227 1657 3313 dimensionis,
1665 3225 1804 3290 fatemur
1817 3246 1924 3309 eorpus
1933 3224 2000 3288 Chri·

474 3320 558 3402 quod
583 3320 719 3384 infinitae
738 3321 884 3403 potestati
904 3321 1223 3404 incircumscriptihi-
1277 3328 1315 3390 sti
1342 3335 1505 3408 totumque
1530 3326 1687 3389 Christum
1712 3326 1744 3388 iu
1770 3326 1905 3407 qualibet
1928 3330 1999 3405 parte

473 3421 514 3485 lis
529 3422 582 3485 Dei
599 3424 772 3487 enormiter
785 3425 1027 3506 derogaverunt.
1044 3423 1163 3506 Nempe
1179 3425 1222 3487 in·
1276 3426 1387 3488 hostiae
1406 3432 1597 3488 consacratae
1617 3423 1781 3487 verissima
1801 3421 1956 3488 contineri.
1969 3453 2000 3464 -

473 3521 769 3602 comprehensibilis
784 3523 877 3597 Deus,
892 3522 947 3603 qui
967 3541 1095 3585 omnem
1115 3542 1220 3585 rerum
1275 3522 1320 3585 Εττ
1347 3523 1398 3584 his
1427 3521 1578 3604 colligere
1609 3529 1710 3604 potas,
1736 3522 1821 3603 quod
1848 3542 1867 3585 a
1892 3539 1923 3583 se
1944 3518 1999 3599 ipso

472 3628 630 3698 naturam,
655 3621 891 3703 proprietatem,
917 3629 1050 3701 motum,
1077 3641 1218 3701 cursum,
1275 3621 1404 3699 distare,
1420 3629 1451 3684 at
1466 3621 1561 3682 simui
1576 3621 1740 3702 quiescere
1755 3640 1794 3683 ac
1808 3617 1933 3696 moveri,
1947 3633 1998 3677 nou
2059 3618 2061 3622 ’

470 3718 641 3797 actionem,
663 3727 862 3800 potestatem,
883 3719 1142 3782 cohabitudiuem
1170 3739 1220 3783 or·
1276 3727 1460 3800 compet-unt
1474 3718 1598 3784 Christo
1617 3727 1671 3782 aut
1688 3719 1815 3802 corpori
1836 3718 1900 3800 ejus
1914 3715 1943 3777 iu
1956 3714 1998 3776 Sa·
2099 3753 2100 3800 1

471 3817 644 3899 diuemque
659 3817 807 3896 instituit,
824 3818 923 3881 multo
942 3817 1036 3880 aliter
1056 3819 1219 3901 multoque
1248 3825 1438 3882 ·cramento
1462 3817 1524 3880 uisi
1548 3837 1606 3900 par
1629 3817 1779 3881 accidens
1806 3816 1912 3878 :sicut
1932 3811 1999 3875 ersi·
2099 3857 2100 3878 τ

471 3916 690 3994 excellentius,
717 3916 869 3979 sacratius
893 3924 925 3977 et
949 3915 1220 3998 incomprehensi-
1274 3925 1361 3980 stans
1379 3917 1412 3978 in
1431 3915 1504 3980 nari
1523 3935 1594 3998 quaa
1618 3916 1736 3998 agitata
1760 3915 1853 3978 simul
1876 3909 1999 3976 ascendit

473 4015 571 4079 bilius
585 4035 679 4097 agera
694 4023 798 4096 potest
813 4014 845 4077 in
860 4014 967 4092 rebus,
983 4033 1078 4096 quam
1093 4022 1219 4078 natura·
1273 4021 1304 4076 et
1326 4013 1501 4093 descendit,
1518 4021 1663 4077 movetur
1683 4022 1777 4094 atqua
1800 4010 1937 4094 quiescit.

471 4115 545 4177 liter
565 4113 605 4176 iit
625 4123 680 4176 aut
700 4113 769 4176 heri
791 4121 906 4196 potest.
1313 4113 1353 4174 At
1382 4130 1456 4175 vero
1484 4111 1659 4194 penetratio
1691 4111 1922 4174 dimensionum
1950 4105 2000 4168 ire·

511 4214 619 4294 ltaque
634 4213 808 4293 dico,quod
822 4210 927 4274 omnis
941 4220 1054 4274 natura
1068 4218 1101 4273 et
1115 4220 1219 4274 creata
1233 4213 1258 4274 D
1273 4217 1408 4291 quanter
1422 4210 1533 4274 habuit
1544 4210 1649 4274 locum
1665 4210 1697 4273 iu
1713 4209 1836 4273 Christo
1852 4216 1904 4270 :nt
1917 4222 2000 4286 quau-

471 4312 611 4376 assentia
635 4309 963 4394 supergloriosissimo
986 4309 1124 4372 Creatori
1146 4310 1220 4372 obe·
1274 4309 1314 4371 do
1342 4307 1439 4371 exivit
1470 4308 1509 4372 de
1542 4306 1651 4372 clauso
1683 4307 1891 4390 integerrima
1920 4310 2005 4382 atqua

472 4409 520 4473 dit
534 4410 573 4471 ad
587 4416 713 4487 nutum,
729 4415 761 4469 et
776 4406 844 4488 ipsa
863 4406 931 4469 soto
952 4406 1086 4487 imperio
1106 4406 1220 4468 immu-
1276 4405 1491 4470 mundissimae
1503 4406 1643 4489 Virginis
1659 4413 1759 4485 utero,
1770 4407 1810 4469 de
1824 4404 1926 4468 clauso
1939 4417 2001 4480 quo

474 4516 520 4571 tat
546 4515 698 4585 naturas;
714 4505 841 4586 attingit
868 4523 995 4587 quoque
1024 4525 1081 4567 sua
1105 4505 1220 4568 virtute
1275 4524 1337 4586 que
1366 4505 1512 4586 sepulcro
1537 4505 1683 4583 surrexit,
1710 4504 1887 4584 clausisque
1909 4496 2001 4582 januis

473 4605 593 4669 causati
621 4613 765 4667 naturam
794 4622 858 4666 uon
883 4603 986 4666 solum
1004 4611 1045 4666 -ut
1068 4611 1220 4686 quautam
1276 4603 1315 4666 ad
1337 4601 1510 4686 discipulos
1530 4603 1681 4666 introivit.

473 4713 528 4769 aut
551 4705 690 4787 quatem,
711 4703 767 4765 sed
791 4702 867 4765 item
890 4704 994 4783 quoad
1017 4703 1090 4783 ejus
1114 4722 1220 4766 essen-
1315 4701 1485 4778 Postremo,
1502 4700 1770 4782 quemadmodum
1795 4718 1906 4782 corpus
1927 4691 2002 4758 Chri·

474 4805 561 4867 tiam.
591 4803 677 4880 Ideo,
703 4801 786 4863 sicut
814 4819 871 4881 per
898 4800 1161 4882 omnipotentiam
1189 4809 1221 4864 et
1275 4799 1315 4861 sti
1341 4799 1444 4862 estin
1469 4799 1671 4863 Sacramenta
1695 4817 1759 4862 non
1784 4819 1838 4881 per
1857 4794 2000 4880 propriam

472 4901 634 4965 infinitam
662 4918 753 4962 suam
781 4907 968 4980 potestatem
1000 4900 1146 4980 producit
1169 4919 1220 4962 res
1275 4898 1494 4979 quantitatem,
1510 4897 1555 4960 sic
1570 4916 1630 4960 nac
1644 4897 1788 4961 ordinem
1804 4895 1933 4979 partium
1947 4911 2002 4954 cer-

473 5003 559 5085 ipsas
572 5008 605 5062 et
619 5017 729 5062 aarum
747 5005 876 5059 naturas
890 5015 928 5059 ax
947 4996 1061 5076 nihilo,
1078 5005 1109 5059 et
1125 5017 1220 5060 unam
1274 5005 1383 5060 tumve
1398 4995 1494 5058 situm
1509 4995 1606 5058 habet
1619 5014 1677 5077 per
1696 4994 1956 5076 comparationem
1970 4987 2002 5049 ad

473 5105 664 5161 transmutat
681 5097 713 5157 in
733 5095 829 5157 aliam
852 5114 909 5177 per
928 5095 1165 5176 generationem
1190 5104 1222 5158 et
1276 5095 1380 5158 locum
1405 5093 1508 5173 illum,
1525 5094 1580 5156 sed
1606 5113 1664 5177 par
1684 5101 1858 5176 respectum
1882 5089 2002 5173 partium

475 5195 732 5278 corruptionem,
749 5193 795 5254 sic
814 5211 872 5273 per
896 5192 1222 5256 transsubstantiatio
1276 5194 1314 5256 ad
1337 5211 1371 5255 se
1393 5192 1531 5255 invicem
1553 5201 1585 5255 at
1605 5193 1645 5255 ad
1667 5211 1795 5273 corpus.

476 5314 549 5359 nam
566 5301 670 5376 potest
688 5299 874 5356 convertere
892 5298 924 5353 at
943 5291 1102 5355 convertit
1121 5311 1220 5355 unum
1316 5293 1530 5357 Sannaumvus.
1560 5327 1599 5338 -
1627 5291 1672 5356 Ex
1704 5290 1775 5354 istis
1806 5288 1907 5368 alicio,
1932 5284 2003 5368 quod
