<?xml version="1.0" encoding="UTF-8"?>
<!DOCTYPE html PUBLIC "-//W3C//DTD XHTML 1.0 Transitional//EN"
    "http://www.w3.org/TR/xhtml1/DTD/xhtml1-transitional.dtd">
<html xmlns="http://www.w3.org/1999/xhtml" xml:lang="en" lang="en">
 <head>
  <title>
</title>
<meta http-equiv="Content-Type" content="text/html;charset=utf-8" />
  <meta name='ocr-system' content='tesseract 3.04.00' />
  <meta name='ocr-capabilities' content='ocr_page ocr_carea ocr_par ocr_line ocrx_word'/>
</head>
<body>
  <div class='ocr_page' id='page_1' title='image "./doctorisecstati03unkngoog/doctorisecstati03unkngoog_0167.png"; bbox 0 0 4309 6250; ppageno 0'>
   <div class='ocr_carea' id='block_1_1' title="bbox 416 492 1721 565">
    <p class='ocr_par' dir='ltr' id='par_1_1' title="bbox 416 492 1721 565">
     <span class='ocr_line' id='line_1_1' title="bbox 416 492 1721 565; baseline -0.004 -3"><span class='ocrx_word' id='word_1_1' title='bbox 416 514 457 562; x_wconf 84' lang='lat' dir='ltr'><strong>ns</strong></span> <span class='ocrx_word' id='word_1_2' title='bbox 477 512 641 563; x_wconf 81' lang='lat' dir='ltr'><strong>ntonrmrn</strong></span> <span class='ocrx_word' id='word_1_3' title='bbox 660 512 698 558; x_wconf 69' lang='grc' dir='ltr'><strong>ιτ</strong></span> <span class='ocrx_word' id='word_1_4' title='bbox 717 509 867 557; x_wconf 78' lang='lat' dir='ltr'><strong>muamus</strong></span> <span class='ocrx_word' id='word_1_5' title='bbox 887 509 915 555; x_wconf 86' lang='lat' dir='ltr'><strong>c.</strong></span> <span class='ocrx_word' id='word_1_6' title='bbox 932 508 962 553; x_wconf 91' lang='lat' dir='ltr'><strong>v.</strong></span> <span class='ocrx_word' id='word_1_7' title='bbox 984 507 1100 565; x_wconf 72' lang='lat' dir='ltr'><strong>uenia,</strong></span> <span class='ocrx_word' id='word_1_8' title='bbox 1123 508 1211 555; x_wconf 79' lang='lat' dir='ltr'><strong>crana</strong></span> <span class='ocrx_word' id='word_1_9' title='bbox 1231 510 1271 556; x_wconf 83' lang='lat' dir='ltr'><strong>iv.</strong></span> <span class='ocrx_word' id='word_1_10' title='bbox 1293 528 1334 541; x_wconf 94' lang='lat'>-</span> <span class='ocrx_word' id='word_1_11' title='bbox 1353 510 1425 557; x_wconf 76' lang='lat' dir='ltr'><strong>aar.</strong></span> <span class='ocrx_word' id='word_1_12' title='bbox 1447 512 1479 558; x_wconf 81' lang='lat' dir='ltr'><strong>rr</strong></span> <span class='ocrx_word' id='word_1_13' title='bbox 1661 492 1721 558; x_wconf 72' lang='grc'><strong>153</strong></span> 
     </span>
    </p>
   </div>
   <div class='ocr_carea' id='block_1_2' title="bbox 159 677 1869 5376">
    <p class='ocr_par' dir='ltr' id='par_1_2' title="bbox 159 677 1869 5376">
     <span class='ocr_line' id='line_1_2' title="bbox 174 677 1720 765; baseline -0.003 -16"><span class='ocrx_word' id='word_1_14' title='bbox 174 692 362 751; x_wconf 88' lang='lat' dir='ltr'><strong>manserunt</strong></span> <span class='ocrx_word' id='word_1_15' title='bbox 376 704 450 750; x_wconf 92' lang='lat' dir='ltr'><strong>cum</strong></span> <span class='ocrx_word' id='word_1_16' title='bbox 465 682 653 749; x_wconf 89' lang='lat' dir='ltr'><strong>mulieribus</strong></span> <span class='ocrx_word' id='word_1_17' title='bbox 671 689 703 745; x_wconf 89' lang='lat' dir='ltr'><strong>et</strong></span> <span class='ocrx_word' id='word_1_18' title='bbox 716 678 811 743; x_wconf 86' lang='lat' dir='ltr'><strong>llaria</strong></span> <span class='ocrx_word' id='word_1_19' title='bbox 825 678 920 743; x_wconf 84' lang='lat' dir='ltr'><strong>ldatre</strong></span> <span class='ocrx_word' id='word_1_20' title='bbox 935 677 960 740; x_wconf 75' lang='lat' dir='ltr'><strong>A</strong></span> <span class='ocrx_word' id='word_1_21' title='bbox 976 678 1101 760; x_wconf 79' lang='lat' dir='ltr'>corpori</span> <span class='ocrx_word' id='word_1_22' title='bbox 1113 679 1228 743; x_wconf 89' lang='lat' dir='ltr'><strong>sociari</strong></span> <span class='ocrx_word' id='word_1_23' title='bbox 1239 681 1504 763; x_wconf 90' lang='lat' dir='ltr'><strong>quemadmodum</strong></span> <span class='ocrx_word' id='word_1_24' title='bbox 1514 688 1615 746; x_wconf 92' lang='lat' dir='ltr'><strong>totum</strong></span> <span class='ocrx_word' id='word_1_25' title='bbox 1626 680 1720 765; x_wconf 84' lang='lat' dir='ltr'><strong>parti.</strong></span> 
     </span>
     <span class='ocr_line' id='line_1_3' title="bbox 172 777 1725 865; baseline -0.002 -17"><span class='ocrx_word' id='word_1_26' title='bbox 172 785 246 848; x_wconf 87' lang='lat' dir='ltr'><strong>lesu</strong></span> <span class='ocrx_word' id='word_1_27' title='bbox 266 792 300 848; x_wconf 93' lang='lat' dir='ltr'><strong>et</strong></span> <span class='ocrx_word' id='word_1_28' title='bbox 321 784 473 848; x_wconf 86' lang='lat' dir='ltr'><strong>fratribus</strong></span> <span class='ocrx_word' id='word_1_29' title='bbox 492 782 574 865; x_wconf 86' lang='lat' dir='ltr'><strong>ejus.</strong></span> <span class='ocrx_word' id='word_1_30' title='bbox 591 782 652 845; x_wconf 89' lang='lat' dir='ltr'><strong>Sed</strong></span> <span class='ocrx_word' id='word_1_31' title='bbox 672 778 818 862; x_wconf 91' lang='lat' dir='ltr'><strong>quamvis</strong></span> <span class='ocrx_word' id='word_1_32' title='bbox 840 780 922 861; x_wconf 82' lang='lat' dir='ltr'><strong>Apo</strong></span> <span class='ocrx_word' id='word_1_33' title='bbox 1015 777 1172 859; x_wconf 78' lang='lat' dir='ltr'>Amplius,</span> <span class='ocrx_word' id='word_1_34' title='bbox 1193 779 1276 842; x_wconf 89' lang='lat' dir='ltr'><strong>sicut</strong></span> <span class='ocrx_word' id='word_1_35' title='bbox 1299 778 1560 862; x_wconf 87' lang='lat' dir='ltr'><strong>incomparabilis</strong></span> <span class='ocrx_word' id='word_1_36' title='bbox 1583 788 1615 843; x_wconf 95' lang='lat' dir='ltr'><strong>et</strong></span> <span class='ocrx_word' id='word_1_37' title='bbox 1637 780 1725 845; x_wconf 94' lang='lat' dir='ltr'><strong>dele·</strong></span> 
     </span>
     <span class='ocr_line' id='line_1_4' title="bbox 172 875 1724 964; baseline -0.002 -18"><span class='ocrx_word' id='word_1_38' title='bbox 172 882 243 947; x_wconf 88' lang='lat' dir='ltr'><strong>stoli</strong></span> <span class='ocrx_word' id='word_1_39' title='bbox 264 891 296 947; x_wconf 88' lang='lat' dir='ltr'><strong>et</strong></span> <span class='ocrx_word' id='word_1_40' title='bbox 315 883 524 964; x_wconf 78' lang='lat' dir='ltr'><strong>Evangelistm</strong></span> <span class='ocrx_word' id='word_1_41' title='bbox 549 900 650 963; x_wconf 83' lang='lat' dir='ltr'><strong>pauca</strong></span> <span class='ocrx_word' id='word_1_42' title='bbox 673 878 764 943; x_wconf 91' lang='lat' dir='ltr'><strong>nobis</strong></span> <span class='ocrx_word' id='word_1_43' title='bbox 787 878 826 941; x_wconf 93' lang='lat' dir='ltr'><strong>de</strong></span> <span class='ocrx_word' id='word_1_44' title='bbox 852 878 921 958; x_wconf 91' lang='lat' dir='ltr'><strong>ipsa</strong></span> <span class='ocrx_word' id='word_1_45' title='bbox 976 875 1185 939; x_wconf 91' lang='lat' dir='ltr'><strong>ctabilissima</strong></span> <span class='ocrx_word' id='word_1_46' title='bbox 1220 877 1311 959; x_wconf 87' lang='lat' dir='ltr'><strong>virgo</strong></span> <span class='ocrx_word' id='word_1_47' title='bbox 1339 878 1434 942; x_wconf 81' lang='lat' dir='ltr'><strong>Maria</strong></span> <span class='ocrx_word' id='word_1_48' title='bbox 1461 899 1518 942; x_wconf 89' lang='lat' dir='ltr'><strong>sua</strong></span> <span class='ocrx_word' id='word_1_49' title='bbox 1553 880 1724 961; x_wconf 89' lang='lat' dir='ltr'><strong>purissima</strong></span> 
     </span>
     <span class='ocr_line' id='line_1_5' title="bbox 173 974 1724 1063; baseline -0.002 -19"><span class='ocrx_word' id='word_1_50' title='bbox 173 981 371 1063; x_wconf 89' lang='lat' dir='ltr'><strong>reliquerunt</strong></span> <span class='ocrx_word' id='word_1_51' title='bbox 383 982 418 1043; x_wconf 92' lang='lat' dir='ltr'><strong>in</strong></span> <span class='ocrx_word' id='word_1_52' title='bbox 437 980 575 1062; x_wconf 88' lang='lat' dir='ltr'><strong>scriptis,</strong></span> <span class='ocrx_word' id='word_1_53' title='bbox 592 988 698 1041; x_wconf 89' lang='lat' dir='ltr'><strong>tamen</strong></span> <span class='ocrx_word' id='word_1_54' title='bbox 718 994 756 1040; x_wconf 90' lang='lat' dir='ltr'><strong>eo</strong></span> <span class='ocrx_word' id='word_1_55' title='bbox 775 974 844 1057; x_wconf 90' lang='lat' dir='ltr'><strong>ipso</strong></span> <span class='ocrx_word' id='word_1_56' title='bbox 858 992 921 1055; x_wconf 95' lang='lat' dir='ltr'><strong>quo</strong></span> <span class='ocrx_word' id='word_1_57' title='bbox 976 994 1070 1037; x_wconf 91' lang='lat' dir='ltr'><strong>carne</strong></span> <span class='ocrx_word' id='word_1_58' title='bbox 1096 974 1195 1038; x_wconf 88' lang='lat' dir='ltr'><strong>Deum</strong></span> <span class='ocrx_word' id='word_1_59' title='bbox 1223 976 1337 1039; x_wconf 78' lang='lat' dir='ltr'><strong>lilium</strong></span> <span class='ocrx_word' id='word_1_60' title='bbox 1365 997 1404 1041; x_wconf 87' lang='lat' dir='ltr'><strong>ex</strong></span> <span class='ocrx_word' id='word_1_61' title='bbox 1432 997 1467 1040; x_wconf 94' lang='lat' dir='ltr'><strong>se</strong></span> <span class='ocrx_word' id='word_1_62' title='bbox 1496 985 1606 1041; x_wconf 90' lang='lat' dir='ltr'><strong>natum</strong></span> <span class='ocrx_word' id='word_1_63' title='bbox 1630 978 1724 1041; x_wconf 92' lang='lat' dir='ltr'><strong>unice</strong></span> 
     </span>
     <span class='ocr_line' id='line_1_6' title="bbox 172 1072 1724 1160; baseline -0.003 -17"><span class='ocrx_word' id='word_1_64' title='bbox 172 1081 351 1143; x_wconf 91' lang='lat' dir='ltr'><strong>docuerunt</strong></span> <span class='ocrx_word' id='word_1_65' title='bbox 365 1088 397 1141; x_wconf 94' lang='lat' dir='ltr'><strong>et</strong></span> <span class='ocrx_word' id='word_1_66' title='bbox 418 1078 678 1160; x_wconf 90' lang='lat' dir='ltr'><strong>conscripserunt</strong></span> <span class='ocrx_word' id='word_1_67' title='bbox 691 1094 761 1139; x_wconf 91' lang='lat' dir='ltr'><strong>eam</strong></span> <span class='ocrx_word' id='word_1_68' title='bbox 777 1093 847 1137; x_wconf 90' lang='lat' dir='ltr'><strong>esse</strong></span> <span class='ocrx_word' id='word_1_69' title='bbox 863 1074 922 1135; x_wconf 87' lang='lat' dir='ltr'><strong>lla·</strong></span> <span class='ocrx_word' id='word_1_70' title='bbox 976 1092 1012 1135; x_wconf 91' lang='lat' dir='ltr'><strong>ac</strong></span> <span class='ocrx_word' id='word_1_71' title='bbox 1038 1072 1288 1155; x_wconf 89' lang='lat' dir='ltr'><strong>singularissime</strong></span> <span class='ocrx_word' id='word_1_72' title='bbox 1311 1075 1490 1155; x_wconf 83' lang='lat' dir='ltr'><strong>honoravit,</strong></span> <span class='ocrx_word' id='word_1_73' title='bbox 1512 1076 1617 1158; x_wconf 92' lang='lat' dir='ltr'><strong>ipsum</strong></span> <span class='ocrx_word' id='word_1_74' title='bbox 1641 1076 1724 1139; x_wconf 88' lang='lat' dir='ltr'><strong>intra</strong></span> 
     </span>
     <span class='ocr_line' id='line_1_7' title="bbox 173 1170 1725 1259; baseline -0.002 -18"><span class='ocrx_word' id='word_1_75' title='bbox 173 1188 253 1241; x_wconf 91' lang='lat' dir='ltr'><strong>trem</strong></span> <span class='ocrx_word' id='word_1_76' title='bbox 273 1178 450 1259; x_wconf 87' lang='lat' dir='ltr'><strong>virgineam</strong></span> <span class='ocrx_word' id='word_1_77' title='bbox 469 1176 536 1240; x_wconf 88' lang='lat' dir='ltr'><strong>veri</strong></span> <span class='ocrx_word' id='word_1_78' title='bbox 557 1174 624 1253; x_wconf 84' lang='lat' dir='ltr'><strong>llei,</strong></span> <span class='ocrx_word' id='word_1_79' title='bbox 640 1173 788 1237; x_wconf 86' lang='lat' dir='ltr'><strong>videlicet</strong></span> <span class='ocrx_word' id='word_1_80' title='bbox 808 1170 921 1234; x_wconf 85' lang='lat' dir='ltr'>Christi</span> <span class='ocrx_word' id='word_1_81' title='bbox 976 1190 1011 1235; x_wconf 88' lang='lat' dir='ltr'><strong>se</strong></span> <span class='ocrx_word' id='word_1_82' title='bbox 1039 1170 1317 1249; x_wconf 89' lang='lat' dir='ltr'><strong>affectuosissime,</strong></span> <span class='ocrx_word' id='word_1_83' title='bbox 1345 1175 1601 1237; x_wconf 89' lang='lat' dir='ltr'><strong>reverentissime</strong></span> <span class='ocrx_word' id='word_1_84' title='bbox 1630 1183 1725 1256; x_wconf 91' lang='lat' dir='ltr'><strong>atque</strong></span> 
     </span>
     <span class='ocr_line' id='line_1_8' title="bbox 173 1268 1726 1354; baseline -0.003 -15"><span class='ocrx_word' id='word_1_85' title='bbox 173 1277 244 1339; x_wconf 84' lang='lat' dir='ltr'><strong>Filii</strong></span> <span class='ocrx_word' id='word_1_86' title='bbox 272 1276 372 1339; x_wconf 91' lang='lat' dir='ltr'><strong>Patris</strong></span> <span class='ocrx_word' id='word_1_87' title='bbox 399 1275 520 1353; x_wconf 65' lang='lat' dir='ltr'><strong>ademi,</strong></span> <span class='ocrx_word' id='word_1_88' title='bbox 551 1293 622 1337; x_wconf 91' lang='lat' dir='ltr'><strong>eam</strong></span> <span class='ocrx_word' id='word_1_89' title='bbox 655 1268 922 1335; x_wconf 87' lang='lat' dir='ltr'><strong>excellentissime</strong></span> <span class='ocrx_word' id='word_1_90' title='bbox 977 1269 1158 1333; x_wconf 90' lang='lat' dir='ltr'><strong>humillime</strong></span> <span class='ocrx_word' id='word_1_91' title='bbox 1178 1269 1363 1351; x_wconf 83' lang='lat' dir='ltr'><strong>bajulando,</strong></span> <span class='ocrx_word' id='word_1_92' title='bbox 1379 1272 1504 1349; x_wconf 90' lang='lat' dir='ltr'><strong>alendo,</strong></span> <span class='ocrx_word' id='word_1_93' title='bbox 1521 1280 1553 1335; x_wconf 93' lang='lat' dir='ltr'><strong>et</strong></span> <span class='ocrx_word' id='word_1_94' title='bbox 1573 1274 1726 1354; x_wconf 78' lang='lat' dir='ltr'><strong>deinceps</strong></span> 
     </span>
     <span class='ocr_line' id='line_1_9' title="bbox 174 1367 1726 1451; baseline -0.002 -15"><span class='ocrx_word' id='word_1_95' title='bbox 174 1375 395 1451; x_wconf 90' lang='lat' dir='ltr'><strong>laudaverunt,</strong></span> <span class='ocrx_word' id='word_1_96' title='bbox 428 1373 619 1451; x_wconf 82' lang='lat' dir='ltr'><strong>extulemnt‚</strong></span> <span class='ocrx_word' id='word_1_97' title='bbox 650 1370 801 1451; x_wconf 89' lang='lat' dir='ltr'><strong>omnique</strong></span> <span class='ocrx_word' id='word_1_98' title='bbox 836 1386 922 1449; x_wconf 87' lang='lat' dir='ltr'><strong>purae</strong></span> <span class='ocrx_word' id='word_1_99' title='bbox 978 1367 1186 1449; x_wconf 89' lang='lat' dir='ltr'><strong>pariendo,ac</strong></span> <span class='ocrx_word' id='word_1_100' title='bbox 1202 1376 1310 1431; x_wconf 91' lang='lat' dir='ltr'><strong>natum</strong></span> <span class='ocrx_word' id='word_1_101' title='bbox 1326 1388 1410 1433; x_wconf 83' lang='lat' dir='ltr'><strong>exse</strong></span> <span class='ocrx_word' id='word_1_102' title='bbox 1424 1390 1495 1433; x_wconf 90' lang='lat' dir='ltr'><strong>cum</strong></span> <span class='ocrx_word' id='word_1_103' title='bbox 1512 1371 1726 1434; x_wconf 72' lang='lat' dir='ltr'><strong>inestimabili</strong></span> 
     </span>
     <span class='ocr_line' id='line_1_10' title="bbox 174 1464 1728 1554; baseline -0.004 -19"><span class='ocrx_word' id='word_1_104' title='bbox 174 1472 382 1554; x_wconf 77' lang='lat' dir='ltr'><strong>praetulerunt</strong></span> <span class='ocrx_word' id='word_1_105' title='bbox 393 1478 655 1551; x_wconf 87' lang='lat' dir='ltr'><strong>creaturae‚atque</strong></span> <span class='ocrx_word' id='word_1_106' title='bbox 670 1464 922 1550; x_wconf 82' lang='lat' dir='ltr'><strong>copiosissimam</strong></span> <span class='ocrx_word' id='word_1_107' title='bbox 978 1465 1157 1528; x_wconf 88' lang='lat' dir='ltr'><strong>reverentia</strong></span> <span class='ocrx_word' id='word_1_108' title='bbox 1180 1474 1211 1527; x_wconf 91' lang='lat' dir='ltr'><strong>et</strong></span> <span class='ocrx_word' id='word_1_109' title='bbox 1234 1467 1376 1530; x_wconf 85' lang='lat' dir='ltr'><strong>caritatis</strong></span> <span class='ocrx_word' id='word_1_110' title='bbox 1401 1470 1513 1532; x_wconf 92' lang='lat' dir='ltr'><strong>ardore</strong></span> <span class='ocrx_word' id='word_1_111' title='bbox 1537 1488 1575 1532; x_wconf 90' lang='lat' dir='ltr'><strong>ac</strong></span> <span class='ocrx_word' id='word_1_112' title='bbox 1599 1468 1728 1550; x_wconf 91' lang='lat' dir='ltr'><strong>profun-</strong></span> 
     </span>
     <span class='ocr_line' id='line_1_11' title="bbox 174 1562 1725 1651; baseline -0.003 -17"><span class='ocrx_word' id='word_1_113' title='bbox 174 1578 205 1634; x_wconf 91' lang='lat' dir='ltr'><strong>et</strong></span> <span class='ocrx_word' id='word_1_114' title='bbox 219 1570 311 1651; x_wconf 92' lang='lat' dir='ltr'><strong>quasi</strong></span> <span class='ocrx_word' id='word_1_115' title='bbox 327 1570 516 1632; x_wconf 77' lang='lat' dir='ltr'><strong>immensam</strong></span> <span class='ocrx_word' id='word_1_116' title='bbox 533 1567 625 1632; x_wconf 91' lang='lat' dir='ltr'><strong>nobis</strong></span> <span class='ocrx_word' id='word_1_117' title='bbox 647 1565 845 1646; x_wconf 91' lang='lat' dir='ltr'><strong>reliquerunt</strong></span> <span class='ocrx_word' id='word_1_118' title='bbox 859 1582 924 1625; x_wconf 91' lang='lat' dir='ltr'><strong>ma·</strong></span> <span class='ocrx_word' id='word_1_119' title='bbox 978 1562 1111 1626; x_wconf 88' lang='lat' dir='ltr'><strong>dissima</strong></span> <span class='ocrx_word' id='word_1_120' title='bbox 1125 1564 1303 1627; x_wconf 89' lang='lat' dir='ltr'><strong>humilitate</strong></span> <span class='ocrx_word' id='word_1_121' title='bbox 1319 1567 1557 1646; x_wconf 91' lang='lat' dir='ltr'><strong>contrectando,</strong></span> <span class='ocrx_word' id='word_1_122' title='bbox 1568 1567 1725 1645; x_wconf 90' lang='lat' dir='ltr'><strong>lactando,</strong></span> 
     </span>
     <span class='ocr_line' id='line_1_12' title="bbox 175 1661 1728 1745; baseline -0.003 -15"><span class='ocrx_word' id='word_1_123' title='bbox 175 1669 299 1745; x_wconf 88' lang='lat' dir='ltr'><strong>teriam,</strong></span> <span class='ocrx_word' id='word_1_124' title='bbox 327 1668 532 1731; x_wconf 86' lang='lat' dir='ltr'><strong>incitamenta</strong></span> <span class='ocrx_word' id='word_1_125' title='bbox 560 1673 591 1729; x_wconf 94' lang='lat' dir='ltr'><strong>et</strong></span> <span class='ocrx_word' id='word_1_126' title='bbox 620 1684 731 1727; x_wconf 84' lang='lat' dir='ltr'><strong>causas</strong></span> <span class='ocrx_word' id='word_1_127' title='bbox 761 1661 921 1738; x_wconf 91' lang='lat' dir='ltr'><strong>laudandi,</strong></span> <span class='ocrx_word' id='word_1_128' title='bbox 978 1681 1015 1724; x_wconf 91' lang='lat' dir='ltr'><strong>ac</strong></span> <span class='ocrx_word' id='word_1_129' title='bbox 1039 1680 1136 1725; x_wconf 92' lang='lat' dir='ltr'><strong>omne</strong></span> <span class='ocrx_word' id='word_1_130' title='bbox 1157 1663 1366 1725; x_wconf 80' lang='lat' dir='ltr'><strong>maternitatis</strong></span> <span class='ocrx_word' id='word_1_131' title='bbox 1390 1663 1578 1745; x_wconf 85' lang='lat' dir='ltr'><strong>obsequium</strong></span> <span class='ocrx_word' id='word_1_132' title='bbox 1607 1665 1728 1728; x_wconf 90' lang='lat' dir='ltr'><strong>fidelis-</strong></span> 
     </span>
     <span class='ocr_line' id='line_1_13' title="bbox 173 1759 1728 1848; baseline -0.003 -19"><span class='ocrx_word' id='word_1_133' title='bbox 173 1766 404 1848; x_wconf 87' lang='lat' dir='ltr'><strong>magnificandi</strong></span> <span class='ocrx_word' id='word_1_134' title='bbox 427 1774 459 1828; x_wconf 86' lang='lat' dir='ltr'><strong>et</strong></span> <span class='ocrx_word' id='word_1_135' title='bbox 479 1762 680 1846; x_wconf 82' lang='lat' dir='ltr'><strong>glorificandi</strong></span> <span class='ocrx_word' id='word_1_136' title='bbox 704 1762 862 1839; x_wconf 89' lang='lat' dir='ltr'><strong>eamdem,</strong></span> <span class='ocrx_word' id='word_1_137' title='bbox 880 1760 924 1823; x_wconf 90' lang='lat' dir='ltr'><strong>ita</strong></span> <span class='ocrx_word' id='word_1_138' title='bbox 979 1760 1059 1822; x_wconf 92' lang='lat' dir='ltr'><strong>sime</strong></span> <span class='ocrx_word' id='word_1_139' title='bbox 1073 1780 1111 1822; x_wconf 90' lang='lat' dir='ltr'><strong>nc</strong></span> <span class='ocrx_word' id='word_1_140' title='bbox 1125 1759 1368 1841; x_wconf 90' lang='lat' dir='ltr'><strong>diligentissime</strong></span> <span class='ocrx_word' id='word_1_141' title='bbox 1383 1762 1617 1845; x_wconf 89' lang='lat' dir='ltr'><strong>impendendo;</strong></span> <span class='ocrx_word' id='word_1_142' title='bbox 1635 1763 1682 1825; x_wconf 92' lang='lat' dir='ltr'><strong>sic</strong></span> <span class='ocrx_word' id='word_1_143' title='bbox 1696 1771 1728 1826; x_wconf 93' lang='lat' dir='ltr'><strong>et</strong></span> 
     </span>
     <span class='ocr_line' id='line_1_14' title="bbox 172 1850 1728 1942; baseline -0.001 -15"><span class='ocrx_word' id='word_1_144' title='bbox 172 1874 207 1927; x_wconf 90' lang='lat' dir='ltr'><strong>ut</strong></span> <span class='ocrx_word' id='word_1_145' title='bbox 221 1864 331 1927; x_wconf 92' lang='lat' dir='ltr'><strong>omnia</strong></span> <span class='ocrx_word' id='word_1_146' title='bbox 345 1864 400 1926; x_wconf 92' lang='lat' dir='ltr'><strong>illa</strong></span> <span class='ocrx_word' id='word_1_147' title='bbox 420 1852 687 1926; x_wconf 86' lang='lat' dir='ltr'><strong>benedictissimae</strong></span> <span class='ocrx_word' id='word_1_148' title='bbox 706 1858 923 1922; x_wconf 83' lang='lat' dir='ltr'><strong>adscribamus</strong></span> <span class='ocrx_word' id='word_1_149' title='bbox 941 1850 965 1913; x_wconf 88' lang='grc' dir='ltr'><strong>Β</strong></span> <span class='ocrx_word' id='word_1_150' title='bbox 980 1859 1048 1939; x_wconf 87' lang='lat' dir='ltr'><strong>ipsa</strong></span> <span class='ocrx_word' id='word_1_151' title='bbox 1068 1858 1109 1921; x_wconf 92' lang='lat' dir='ltr'><strong>ab</strong></span> <span class='ocrx_word' id='word_1_152' title='bbox 1128 1859 1239 1921; x_wconf 87' lang='lat' dir='ltr'><strong>eodem</strong></span> <span class='ocrx_word' id='word_1_153' title='bbox 1258 1859 1340 1923; x_wconf 84' lang='lat' dir='ltr'><strong>Filio</strong></span> <span class='ocrx_word' id='word_1_154' title='bbox 1358 1878 1416 1923; x_wconf 92' lang='lat' dir='ltr'><strong>suo</strong></span> <span class='ocrx_word' id='word_1_155' title='bbox 1436 1860 1612 1942; x_wconf 80' lang='lat' dir='ltr'><strong>promeruit</strong></span> <span class='ocrx_word' id='word_1_156' title='bbox 1634 1861 1728 1925; x_wconf 89' lang='lat' dir='ltr'><strong>unice</strong></span> 
     </span>
     <span class='ocr_line' id='line_1_15' title="bbox 172 1956 1730 2041; baseline 0 -18"><span class='ocrx_word' id='word_1_157' title='bbox 172 1960 287 2037; x_wconf 77' lang='lat' dir='ltr'><strong>Maria,</strong></span> <span class='ocrx_word' id='word_1_158' title='bbox 312 1979 383 2041; x_wconf 78' lang='lat' dir='ltr'><strong>quae</strong></span> <span class='ocrx_word' id='word_1_159' title='bbox 406 1958 557 2022; x_wconf 82' lang='lat' dir='ltr'><strong>(lenitrici</strong></span> <span class='ocrx_word' id='word_1_160' title='bbox 581 1957 650 2020; x_wconf 86' lang='lat' dir='ltr'><strong>veri</strong></span> <span class='ocrx_word' id='word_1_161' title='bbox 674 1956 729 2019; x_wconf 90' lang='lat' dir='ltr'><strong>Dei</strong></span> <span class='ocrx_word' id='word_1_162' title='bbox 755 1957 847 2019; x_wconf 92' lang='lat' dir='ltr'><strong>decet</strong></span> <span class='ocrx_word' id='word_1_163' title='bbox 870 1956 924 2018; x_wconf 91' lang='lat' dir='ltr'><strong>ad·</strong></span> <span class='ocrx_word' id='word_1_164' title='bbox 979 1974 1015 2017; x_wconf 91' lang='lat' dir='ltr'><strong>ac</strong></span> <span class='ocrx_word' id='word_1_165' title='bbox 1045 1956 1249 2037; x_wconf 83' lang='lat' dir='ltr'><strong>singulariter</strong></span> <span class='ocrx_word' id='word_1_166' title='bbox 1273 1956 1307 2018; x_wconf 92' lang='lat' dir='ltr'><strong>in</strong></span> <span class='ocrx_word' id='word_1_167' title='bbox 1332 1976 1465 2039; x_wconf 89' lang='lat' dir='ltr'><strong>corpore</strong></span> <span class='ocrx_word' id='word_1_168' title='bbox 1489 1967 1522 2021; x_wconf 92' lang='lat' dir='ltr'><strong>et</strong></span> <span class='ocrx_word' id='word_1_169' title='bbox 1545 1958 1652 2021; x_wconf 87' lang='lat' dir='ltr'><strong>anima</strong></span> <span class='ocrx_word' id='word_1_170' title='bbox 1672 1960 1730 2023; x_wconf 91' lang='lat' dir='ltr'><strong>ho·</strong></span> 
     </span>
     <span class='ocr_line' id='line_1_16' title="bbox 172 2053 1729 2138; baseline -0.001 -17"><span class='ocrx_word' id='word_1_171' title='bbox 172 2057 283 2122; x_wconf 85' lang='lat' dir='ltr'><strong>scribi.</strong></span> <span class='ocrx_word' id='word_1_172' title='bbox 305 2059 352 2120; x_wconf 78' lang='lat' dir='ltr'><strong>Ad</strong></span> <span class='ocrx_word' id='word_1_173' title='bbox 377 2057 461 2138; x_wconf 92' lang='lat' dir='ltr'><strong>quod</strong></span> <span class='ocrx_word' id='word_1_174' title='bbox 487 2054 752 2138; x_wconf 90' lang='lat' dir='ltr'><strong>primoomnium</strong></span> <span class='ocrx_word' id='word_1_175' title='bbox 773 2053 923 2137; x_wconf 87' lang='lat' dir='ltr'><strong>pertinet,</strong></span> <span class='ocrx_word' id='word_1_176' title='bbox 979 2054 1084 2117; x_wconf 89' lang='lat' dir='ltr'><strong>norari</strong></span> <span class='ocrx_word' id='word_1_177' title='bbox 1106 2073 1143 2116; x_wconf 92' lang='lat' dir='ltr'><strong>ac</strong></span> <span class='ocrx_word' id='word_1_178' title='bbox 1165 2055 1336 2137; x_wconf 72' lang='lat' dir='ltr'><strong>praemiari.</strong></span> <span class='ocrx_word' id='word_1_179' title='bbox 1352 2056 1473 2119; x_wconf 93' lang='lat' dir='ltr'><strong>ldcirco</strong></span> <span class='ocrx_word' id='word_1_180' title='bbox 1494 2056 1542 2119; x_wconf 90' lang='lat' dir='ltr'><strong>sic</strong></span> <span class='ocrx_word' id='word_1_181' title='bbox 1561 2056 1729 2121; x_wconf 91' lang='lat' dir='ltr'><strong>honoravit</strong></span> 
     </span>
     <span class='ocr_line' id='line_1_17' title="bbox 173 2152 1729 2238; baseline 0 -20"><span class='ocrx_word' id='word_1_182' title='bbox 173 2164 209 2218; x_wconf 88' lang='lat' dir='ltr'><strong>ut</strong></span> <span class='ocrx_word' id='word_1_183' title='bbox 238 2154 441 2219; x_wconf 80' lang='lat' dir='ltr'><strong>confidenter</strong></span> <span class='ocrx_word' id='word_1_184' title='bbox 468 2162 500 2215; x_wconf 84' lang='lat' dir='ltr'><strong>ct</strong></span> <span class='ocrx_word' id='word_1_185' title='bbox 534 2153 752 2216; x_wconf 89' lang='lat' dir='ltr'><strong>indubitanter</strong></span> <span class='ocrx_word' id='word_1_186' title='bbox 779 2152 924 2213; x_wconf 87' lang='lat' dir='ltr'><strong>dicamus</strong></span> <span class='ocrx_word' id='word_1_187' title='bbox 979 2171 1015 2215; x_wconf 91' lang='lat' dir='ltr'><strong>ac</strong></span> <span class='ocrx_word' id='word_1_188' title='bbox 1031 2152 1224 2234; x_wconf 83' lang='lat' dir='ltr'><strong>glorificavit</strong></span> <span class='ocrx_word' id='word_1_189' title='bbox 1237 2153 1338 2235; x_wconf 87' lang='lat' dir='ltr'><strong>ipsam</strong></span> <span class='ocrx_word' id='word_1_190' title='bbox 1354 2154 1452 2217; x_wconf 82' lang='lat' dir='ltr'><strong>Filius</strong></span> <span class='ocrx_word' id='word_1_191' title='bbox 1464 2154 1534 2236; x_wconf 79' lang='lat' dir='ltr'><strong>ejus</strong></span> <span class='ocrx_word' id='word_1_192' title='bbox 1548 2155 1581 2217; x_wconf 94' lang='lat' dir='ltr'><strong>in</strong></span> <span class='ocrx_word' id='word_1_193' title='bbox 1596 2174 1729 2238; x_wconf 90' lang='lat' dir='ltr'><strong>corpore</strong></span> 
     </span>
     <span class='ocr_line' id='line_1_18' title="bbox 173 2248 1728 2335; baseline 0 -18"><span class='ocrx_word' id='word_1_194' title='bbox 173 2274 244 2317; x_wconf 89' lang='lat' dir='ltr'><strong>eam</strong></span> <span class='ocrx_word' id='word_1_195' title='bbox 260 2253 301 2316; x_wconf 92' lang='lat' dir='ltr'><strong>ab</strong></span> <span class='ocrx_word' id='word_1_196' title='bbox 322 2252 539 2335; x_wconf 89' lang='lat' dir='ltr'><strong>omnipotente</strong></span> <span class='ocrx_word' id='word_1_197' title='bbox 561 2260 593 2313; x_wconf 89' lang='lat' dir='ltr'><strong>et</strong></span> <span class='ocrx_word' id='word_1_198' title='bbox 613 2250 830 2333; x_wconf 88' lang='lat' dir='ltr'><strong>superoptime</strong></span> <span class='ocrx_word' id='word_1_199' title='bbox 844 2248 924 2311; x_wconf 85' lang='lat' dir='ltr'><strong>Filio</strong></span> <span class='ocrx_word' id='word_1_200' title='bbox 979 2258 1010 2312; x_wconf 87' lang='lat' dir='ltr'><strong>ct</strong></span> <span class='ocrx_word' id='word_1_201' title='bbox 1030 2250 1151 2330; x_wconf 90' lang='lat' dir='ltr'><strong>anima,</strong></span> <span class='ocrx_word' id='word_1_202' title='bbox 1166 2269 1231 2314; x_wconf 94' lang='lat' dir='ltr'><strong>non</strong></span> <span class='ocrx_word' id='word_1_203' title='bbox 1252 2252 1433 2315; x_wconf 89' lang='lat' dir='ltr'><strong>differendo</strong></span> <span class='ocrx_word' id='word_1_204' title='bbox 1455 2253 1728 2318; x_wconf 86' lang='lat' dir='ltr'><strong>resuscitationem</strong></span> 
     </span>
     <span class='ocr_line' id='line_1_19' title="bbox 174 2348 1730 2433; baseline 0.001 -20"><span class='ocrx_word' id='word_1_205' title='bbox 174 2370 232 2413; x_wconf 89' lang='lat' dir='ltr'><strong>suo</strong></span> <span class='ocrx_word' id='word_1_206' title='bbox 257 2370 322 2433; x_wconf 83' lang='lat' dir='ltr'><strong>prae</strong></span> <span class='ocrx_word' id='word_1_207' title='bbox 346 2350 433 2414; x_wconf 92' lang='lat' dir='ltr'><strong>omni</strong></span> <span class='ocrx_word' id='word_1_208' title='bbox 459 2357 604 2413; x_wconf 86' lang='lat' dir='ltr'><strong>creatura</strong></span> <span class='ocrx_word' id='word_1_209' title='bbox 624 2368 703 2431; x_wconf 93' lang='lat' dir='ltr'><strong>pura</strong></span> <span class='ocrx_word' id='word_1_210' title='bbox 725 2348 921 2423; x_wconf 87' lang='lat' dir='ltr'><strong>honoratam,</strong></span> <span class='ocrx_word' id='word_1_211' title='bbox 979 2356 1011 2411; x_wconf 94' lang='lat' dir='ltr'><strong>et</strong></span> <span class='ocrx_word' id='word_1_212' title='bbox 1025 2348 1293 2428; x_wconf 80' lang='lat' dir='ltr'><strong>glorificationem</strong></span> <span class='ocrx_word' id='word_1_213' title='bbox 1315 2351 1566 2432; x_wconf 75' lang='lat' dir='ltr'><strong>praestantissimi</strong></span> <span class='ocrx_word' id='word_1_214' title='bbox 1587 2352 1730 2433; x_wconf 92' lang='lat' dir='ltr'><strong>corporis</strong></span> 
     </span>
     <span class='ocr_line' id='line_1_20' title="bbox 174 2445 1730 2532; baseline 0.001 -21"><span class='ocrx_word' id='word_1_215' title='bbox 174 2450 340 2532; x_wconf 87' lang='lat' dir='ltr'><strong>impletam</strong></span> <span class='ocrx_word' id='word_1_216' title='bbox 364 2456 396 2511; x_wconf 94' lang='lat' dir='ltr'><strong>et</strong></span> <span class='ocrx_word' id='word_1_217' title='bbox 419 2446 653 2529; x_wconf 84' lang='lat' dir='ltr'><strong>glorificatam3</strong></span> <span class='ocrx_word' id='word_1_218' title='bbox 674 2454 706 2507; x_wconf 94' lang='lat' dir='ltr'><strong>et</strong></span> <span class='ocrx_word' id='word_1_219' title='bbox 729 2448 817 2524; x_wconf 91' lang='lat' dir='ltr'><strong>item,</strong></span> <span class='ocrx_word' id='word_1_220' title='bbox 840 2445 923 2527; x_wconf 92' lang='lat' dir='ltr'><strong>quod</strong></span> <span class='ocrx_word' id='word_1_221' title='bbox 979 2466 1043 2509; x_wconf 82' lang='lat' dir='ltr'><strong>suae</strong></span> <span class='ocrx_word' id='word_1_222' title='bbox 1063 2446 1169 2509; x_wconf 88' lang='lat' dir='ltr'><strong>blatris</strong></span> <span class='ocrx_word' id='word_1_223' title='bbox 1194 2466 1295 2528; x_wconf 91' lang='lat' dir='ltr'><strong>usque</strong></span> <span class='ocrx_word' id='word_1_224' title='bbox 1320 2448 1352 2509; x_wconf 90' lang='lat' dir='ltr'><strong>in</strong></span> <span class='ocrx_word' id='word_1_225' title='bbox 1378 2449 1478 2512; x_wconf 91' lang='lat' dir='ltr'><strong>finem</strong></span> <span class='ocrx_word' id='word_1_226' title='bbox 1503 2450 1625 2527; x_wconf 89' lang='lat' dir='ltr'><strong>mundi,</strong></span> <span class='ocrx_word' id='word_1_227' title='bbox 1640 2450 1730 2531; x_wconf 79' lang='lat' dir='ltr'><strong>juxta</strong></span> 
     </span>
     <span class='ocr_line' id='line_1_21' title="bbox 174 2542 1729 2630; baseline 0 -20"><span class='ocrx_word' id='word_1_228' title='bbox 174 2547 417 2611; x_wconf 87' lang='lat' dir='ltr'><strong>dilectissimam</strong></span> <span class='ocrx_word' id='word_1_229' title='bbox 442 2546 570 2609; x_wconf 82' lang='lat' dir='ltr'><strong>ldatrem</strong></span> <span class='ocrx_word' id='word_1_230' title='bbox 595 2564 685 2608; x_wconf 88' lang='lat' dir='ltr'><strong>suam</strong></span> <span class='ocrx_word' id='word_1_231' title='bbox 715 2543 775 2606; x_wconf 90' lang='lat' dir='ltr'><strong>sibi</strong></span> <span class='ocrx_word' id='word_1_232' title='bbox 806 2542 925 2625; x_wconf 90' lang='lat' dir='ltr'><strong>plenis·</strong></span> <span class='ocrx_word' id='word_1_233' title='bbox 980 2563 1183 2608; x_wconf 91' lang='lat' dir='ltr'><strong>communem</strong></span> <span class='ocrx_word' id='word_1_234' title='bbox 1204 2545 1318 2627; x_wconf 89' lang='lat' dir='ltr'><strong>legem,</strong></span> <span class='ocrx_word' id='word_1_235' title='bbox 1336 2548 1390 2609; x_wconf 90' lang='lat' dir='ltr'><strong>sed</strong></span> <span class='ocrx_word' id='word_1_236' title='bbox 1411 2547 1729 2630; x_wconf 85' lang='lat' dir='ltr'><strong>privilegiandoeam</strong></span> 
     </span>
     <span class='ocr_line' id='line_1_22' title="bbox 173 2641 1730 2726; baseline -0.001 -17"><span class='ocrx_word' id='word_1_237' title='bbox 173 2646 267 2723; x_wconf 88' lang='lat' dir='ltr'><strong>sime,</strong></span> <span class='ocrx_word' id='word_1_238' title='bbox 289 2644 488 2726; x_wconf 78' lang='lat' dir='ltr'><strong>integraliter</strong></span> <span class='ocrx_word' id='word_1_239' title='bbox 511 2652 604 2725; x_wconf 89' lang='lat' dir='ltr'><strong>atque</strong></span> <span class='ocrx_word' id='word_1_240' title='bbox 629 2642 768 2706; x_wconf 89' lang='lat' dir='ltr'><strong>totaliter</strong></span> <span class='ocrx_word' id='word_1_241' title='bbox 793 2641 925 2705; x_wconf 86' lang='lat' dir='ltr'><strong>sociavit</strong></span> <span class='ocrx_word' id='word_1_242' title='bbox 978 2662 1036 2725; x_wconf 87' lang='lat' dir='ltr'><strong>per</strong></span> <span class='ocrx_word' id='word_1_243' title='bbox 1051 2643 1178 2724; x_wconf 89' lang='lat' dir='ltr'><strong>plenam</strong></span> <span class='ocrx_word' id='word_1_244' title='bbox 1193 2662 1230 2705; x_wconf 90' lang='lat' dir='ltr'><strong>ac</strong></span> <span class='ocrx_word' id='word_1_245' title='bbox 1251 2644 1388 2707; x_wconf 92' lang='lat' dir='ltr'><strong>celerem</strong></span> <span class='ocrx_word' id='word_1_246' title='bbox 1409 2646 1683 2709; x_wconf 85' lang='lat' dir='ltr'><strong>resuscitationem</strong></span> <span class='ocrx_word' id='word_1_247' title='bbox 1698 2653 1730 2709; x_wconf 92' lang='lat' dir='ltr'><strong>et</strong></span> 
     </span>
     <span class='ocr_line' id='line_1_23' title="bbox 175 2740 1728 2825; baseline 0 -18"><span class='ocrx_word' id='word_1_248' title='bbox 175 2746 207 2807; x_wconf 88' lang='lat' dir='ltr'><strong>in</strong></span> <span class='ocrx_word' id='word_1_249' title='bbox 223 2743 328 2821; x_wconf 87' lang='lat' dir='ltr'><strong>coelis,</strong></span> <span class='ocrx_word' id='word_1_250' title='bbox 344 2743 405 2805; x_wconf 92' lang='lat' dir='ltr'><strong>hoc</strong></span> <span class='ocrx_word' id='word_1_251' title='bbox 420 2750 469 2805; x_wconf 91' lang='lat' dir='ltr'><strong>ost</strong></span> <span class='ocrx_word' id='word_1_252' title='bbox 483 2741 516 2803; x_wconf 92' lang='lat' dir='ltr'><strong>in</strong></span> <span class='ocrx_word' id='word_1_253' title='bbox 531 2740 636 2803; x_wconf 90' lang='lat' dir='ltr'><strong>anima</strong></span> <span class='ocrx_word' id='word_1_254' title='bbox 651 2749 683 2803; x_wconf 89' lang='lat' dir='ltr'><strong>et</strong></span> <span class='ocrx_word' id='word_1_255' title='bbox 697 2758 841 2821; x_wconf 91' lang='lat' dir='ltr'><strong>corpore.</strong></span> <span class='ocrx_word' id='word_1_256' title='bbox 979 2740 1245 2821; x_wconf 77' lang='lat' dir='ltr'><strong>glorificationem</strong></span> <span class='ocrx_word' id='word_1_257' title='bbox 1257 2740 1290 2803; x_wconf 91' lang='lat' dir='ltr'><strong>in</strong></span> <span class='ocrx_word' id='word_1_258' title='bbox 1305 2742 1413 2805; x_wconf 90' lang='lat' dir='ltr'><strong>anima</strong></span> <span class='ocrx_word' id='word_1_259' title='bbox 1426 2751 1536 2806; x_wconf 88' lang='lat' dir='ltr'><strong>sancta</strong></span> <span class='ocrx_word' id='word_1_260' title='bbox 1549 2750 1582 2806; x_wconf 91' lang='lat' dir='ltr'><strong>et</strong></span> <span class='ocrx_word' id='word_1_261' title='bbox 1596 2762 1728 2825; x_wconf 89' lang='lat' dir='ltr'><strong>corpore</strong></span> 
     </span>
     <span class='ocr_line' id='line_1_24' title="bbox 213 2837 1730 2922; baseline -0.001 -18"><span class='ocrx_word' id='word_1_262' title='bbox 213 2842 368 2922; x_wconf 73' lang='lat' dir='ltr'><strong>lienique,</strong></span> <span class='ocrx_word' id='word_1_263' title='bbox 389 2839 562 2902; x_wconf 90' lang='lat' dir='ltr'><strong>materialia</strong></span> <span class='ocrx_word' id='word_1_264' title='bbox 585 2838 823 2917; x_wconf 90' lang='lat' dir='ltr'><strong>inanimataque</strong></span> <span class='ocrx_word' id='word_1_265' title='bbox 847 2844 925 2899; x_wconf 91' lang='lat' dir='ltr'><strong>tem·</strong></span> <span class='ocrx_word' id='word_1_266' title='bbox 978 2837 1158 2901; x_wconf 89' lang='lat' dir='ltr'><strong>benedicto.</strong></span> <span class='ocrx_word' id='word_1_267' title='bbox 1188 2838 1331 2921; x_wconf 84' lang='lat' dir='ltr'><strong>Insuper,</strong></span> <span class='ocrx_word' id='word_1_268' title='bbox 1362 2859 1476 2922; x_wconf 93' lang='lat' dir='ltr'><strong>corpus</strong></span> <span class='ocrx_word' id='word_1_269' title='bbox 1506 2840 1584 2903; x_wconf 91' lang='lat' dir='ltr'><strong>illud</strong></span> <span class='ocrx_word' id='word_1_270' title='bbox 1614 2840 1730 2904; x_wconf 89' lang='lat' dir='ltr'><strong>ineffa-</strong></span> 
     </span>
     <span class='ocr_line' id='line_1_25' title="bbox 173 2935 1726 3023; baseline 0.001 -22"><span class='ocrx_word' id='word_1_271' title='bbox 173 2940 226 3023; x_wconf 92' lang='lat' dir='ltr'><strong>pla</strong></span> <span class='ocrx_word' id='word_1_272' title='bbox 242 2959 300 3002; x_wconf 88' lang='lat' dir='ltr'><strong>sua</strong></span> <span class='ocrx_word' id='word_1_273' title='bbox 322 2938 404 3001; x_wconf 88' lang='lat' dir='ltr'><strong>Deus</strong></span> <span class='ocrx_word' id='word_1_274' title='bbox 426 2938 627 3019; x_wconf 86' lang='lat' dir='ltr'><strong>omnipotens</strong></span> <span class='ocrx_word' id='word_1_275' title='bbox 649 2937 783 2999; x_wconf 90' lang='lat' dir='ltr'><strong>honorat</strong></span> <span class='ocrx_word' id='word_1_276' title='bbox 797 2942 828 2997; x_wconf 92' lang='lat' dir='ltr'><strong>et</strong></span> <span class='ocrx_word' id='word_1_277' title='bbox 850 2953 925 2997; x_wconf 92' lang='lat' dir='ltr'><strong>con·</strong></span> <span class='ocrx_word' id='word_1_278' title='bbox 979 2935 1089 2998; x_wconf 89' lang='lat' dir='ltr'><strong>biliter</strong></span> <span class='ocrx_word' id='word_1_279' title='bbox 1112 2936 1336 3018; x_wconf 89' lang='lat' dir='ltr'><strong>dignificatum</strong></span> <span class='ocrx_word' id='word_1_280' title='bbox 1361 2960 1399 3001; x_wconf 83' lang='lat' dir='ltr'><strong>ex</strong></span> <span class='ocrx_word' id='word_1_281' title='bbox 1422 2938 1476 3001; x_wconf 88' lang='lat' dir='ltr'><strong>Dei</strong></span> <span class='ocrx_word' id='word_1_282' title='bbox 1505 2939 1726 3021; x_wconf 89' lang='lat' dir='ltr'><strong>conceptione,</strong></span> 
     </span>
     <span class='ocr_line' id='line_1_26' title="bbox 172 3031 1727 3117; baseline -0.001 -16"><span class='ocrx_word' id='word_1_283' title='bbox 172 3038 333 3101; x_wconf 85' lang='lat' dir='ltr'><strong>servatio</strong></span> <span class='ocrx_word' id='word_1_284' title='bbox 355 3054 436 3113; x_wconf 90' lang='lat' dir='ltr'><strong>esse,</strong></span> <span class='ocrx_word' id='word_1_285' title='bbox 454 3054 512 3098; x_wconf 91' lang='lat' dir='ltr'><strong>nec</strong></span> <span class='ocrx_word' id='word_1_286' title='bbox 535 3035 615 3097; x_wconf 89' lang='lat' dir='ltr'><strong>solet</strong></span> <span class='ocrx_word' id='word_1_287' title='bbox 636 3034 817 3116; x_wconf 88' lang='lat' dir='ltr'><strong>permittere</strong></span> <span class='ocrx_word' id='word_1_288' title='bbox 839 3031 960 3113; x_wconf 86' lang='lat' dir='ltr'><strong>quodG</strong></span> <span class='ocrx_word' id='word_1_289' title='bbox 980 3033 1209 3111; x_wconf 88' lang='lat' dir='ltr'><strong>incarnatione,</strong></span> <span class='ocrx_word' id='word_1_290' title='bbox 1251 3034 1490 3115; x_wconf 88' lang='lat' dir='ltr'><strong>inhabitatione,</strong></span> <span class='ocrx_word' id='word_1_291' title='bbox 1526 3037 1727 3117; x_wconf 87' lang='lat' dir='ltr'><strong>educatione,</strong></span> 
     </span>
     <span class='ocr_line' id='line_1_27' title="bbox 172 3133 1727 3215; baseline -0.001 -16"><span class='ocrx_word' id='word_1_292' title='bbox 172 3138 388 3214; x_wconf 89' lang='lat' dir='ltr'><strong>destruantur,</strong></span> <span class='ocrx_word' id='word_1_293' title='bbox 406 3134 466 3196; x_wconf 90' lang='lat' dir='ltr'><strong>nisi</strong></span> <span class='ocrx_word' id='word_1_294' title='bbox 483 3134 524 3196; x_wconf 95' lang='lat' dir='ltr'><strong>ob</strong></span> <span class='ocrx_word' id='word_1_295' title='bbox 538 3133 640 3215; x_wconf 92' lang='lat' dir='ltr'><strong>plebis</strong></span> <span class='ocrx_word' id='word_1_296' title='bbox 656 3140 924 3214; x_wconf 84' lang='lat' dir='ltr'><strong>peccata3quum·</strong></span> <span class='ocrx_word' id='word_1_297' title='bbox 979 3133 1240 3212; x_wconf 87' lang='lat' dir='ltr'><strong>contrectatione,</strong></span> <span class='ocrx_word' id='word_1_298' title='bbox 1269 3151 1333 3196; x_wconf 90' lang='lat' dir='ltr'><strong>non</strong></span> <span class='ocrx_word' id='word_1_299' title='bbox 1361 3134 1469 3198; x_wconf 90' lang='lat' dir='ltr'><strong>decuit</strong></span> <span class='ocrx_word' id='word_1_300' title='bbox 1497 3155 1661 3199; x_wconf 91' lang='lat' dir='ltr'><strong>remanere</strong></span> <span class='ocrx_word' id='word_1_301' title='bbox 1694 3137 1727 3198; x_wconf 92' lang='lat' dir='ltr'><strong>in</strong></span> 
     </span>
     <span class='ocr_line' id='line_1_28' title="bbox 172 3229 1728 3316; baseline 0.001 -20"><span class='ocrx_word' id='word_1_302' title='bbox 172 3255 236 3316; x_wconf 92' lang='lat' dir='ltr'><strong>que</strong></span> <span class='ocrx_word' id='word_1_303' title='bbox 262 3253 300 3296; x_wconf 87' lang='lat' dir='ltr'><strong>ex</strong></span> <span class='ocrx_word' id='word_1_304' title='bbox 328 3231 526 3294; x_wconf 88' lang='lat' dir='ltr'><strong>naturalibus</strong></span> <span class='ocrx_word' id='word_1_305' title='bbox 551 3231 705 3312; x_wconf 88' lang='lat' dir='ltr'><strong>coeperint</strong></span> <span class='ocrx_word' id='word_1_306' title='bbox 729 3229 832 3292; x_wconf 90' lang='lat' dir='ltr'><strong>causis</strong></span> <span class='ocrx_word' id='word_1_307' title='bbox 857 3247 925 3290; x_wconf 91' lang='lat' dir='ltr'><strong>cor·</strong></span> <span class='ocrx_word' id='word_1_308' title='bbox 979 3240 1073 3308; x_wconf 91' lang='lat' dir='ltr'><strong>terra,</strong></span> <span class='ocrx_word' id='word_1_309' title='bbox 1095 3249 1199 3311; x_wconf 87' lang='lat' dir='ltr'><strong>neque</strong></span> <span class='ocrx_word' id='word_1_310' title='bbox 1220 3232 1372 3295; x_wconf 91' lang='lat' dir='ltr'><strong>abscondi</strong></span> <span class='ocrx_word' id='word_1_311' title='bbox 1398 3233 1432 3294; x_wconf 95' lang='lat' dir='ltr'><strong>in</strong></span> <span class='ocrx_word' id='word_1_312' title='bbox 1456 3253 1504 3310; x_wconf 92' lang='lat' dir='ltr'><strong>ea,</strong></span> <span class='ocrx_word' id='word_1_313' title='bbox 1527 3242 1560 3296; x_wconf 95' lang='lat' dir='ltr'><strong>et</strong></span> <span class='ocrx_word' id='word_1_314' title='bbox 1584 3235 1653 3296; x_wconf 92' lang='lat' dir='ltr'><strong>sine</strong></span> <span class='ocrx_word' id='word_1_315' title='bbox 1672 3236 1728 3299; x_wconf 97' lang='lat' dir='ltr'><strong>ho-</strong></span> 
     </span>
     <span class='ocr_line' id='line_1_29' title="bbox 174 3327 1726 3414; baseline 0 -19"><span class='ocrx_word' id='word_1_316' title='bbox 174 3333 293 3414; x_wconf 91' lang='lat' dir='ltr'><strong>rumpi,</strong></span> <span class='ocrx_word' id='word_1_317' title='bbox 310 3331 426 3394; x_wconf 84' lang='lat' dir='ltr'><strong>excitat</strong></span> <span class='ocrx_word' id='word_1_318' title='bbox 440 3337 563 3392; x_wconf 88' lang='lat' dir='ltr'><strong>mentes</strong></span> <span class='ocrx_word' id='word_1_319' title='bbox 582 3327 728 3392; x_wconf 89' lang='lat' dir='ltr'><strong>fidelium</strong></span> <span class='ocrx_word' id='word_1_320' title='bbox 748 3328 787 3390; x_wconf 92' lang='lat' dir='ltr'><strong>ad</strong></span> <span class='ocrx_word' id='word_1_321' title='bbox 807 3328 925 3390; x_wconf 90' lang='lat' dir='ltr'><strong>instau-</strong></span> <span class='ocrx_word' id='word_1_322' title='bbox 979 3347 1055 3392; x_wconf 91' lang='lat' dir='ltr'><strong>nore</strong></span> <span class='ocrx_word' id='word_1_323' title='bbox 1084 3329 1221 3409; x_wconf 90' lang='lat' dir='ltr'><strong>relinqui</strong></span> <span class='ocrx_word' id='word_1_324' title='bbox 1249 3329 1282 3391; x_wconf 91' lang='lat' dir='ltr'><strong>in</strong></span> <span class='ocrx_word' id='word_1_325' title='bbox 1312 3330 1392 3411; x_wconf 91' lang='lat' dir='ltr'><strong>ipsa,</strong></span> <span class='ocrx_word' id='word_1_326' title='bbox 1418 3350 1517 3412; x_wconf 94' lang='lat' dir='ltr'><strong>quum</strong></span> <span class='ocrx_word' id='word_1_327' title='bbox 1540 3331 1726 3396; x_wconf 90' lang='lat' dir='ltr'><strong>inferiorum</strong></span> 
     </span>
     <span class='ocr_line' id='line_1_30' title="bbox 173 3427 1728 3508; baseline -0.001 -14"><span class='ocrx_word' id='word_1_328' title='bbox 173 3433 333 3495; x_wconf 87' lang='lat' dir='ltr'><strong>rationem</strong></span> <span class='ocrx_word' id='word_1_329' title='bbox 346 3428 652 3503; x_wconf 83' lang='lat' dir='ltr'><strong>illorum.0uomodo</strong></span> <span class='ocrx_word' id='word_1_330' title='bbox 664 3444 740 3508; x_wconf 88' lang='lat' dir='ltr'><strong>ergo</strong></span> <span class='ocrx_word' id='word_1_331' title='bbox 751 3427 924 3508; x_wconf 87' lang='lat' dir='ltr'><strong>putandum</strong></span> <span class='ocrx_word' id='word_1_332' title='bbox 978 3427 1167 3489; x_wconf 90' lang='lat' dir='ltr'><strong>Sanctorum</strong></span> <span class='ocrx_word' id='word_1_333' title='bbox 1197 3445 1329 3508; x_wconf 91' lang='lat' dir='ltr'><strong>corpora</strong></span> <span class='ocrx_word' id='word_1_334' title='bbox 1357 3436 1422 3490; x_wconf 74' lang='lat' dir='ltr'><strong>um</strong></span> <span class='ocrx_word' id='word_1_335' title='bbox 1454 3429 1634 3492; x_wconf 92' lang='lat' dir='ltr'><strong>sublimiter</strong></span> <span class='ocrx_word' id='word_1_336' title='bbox 1665 3431 1728 3493; x_wconf 91' lang='lat' dir='ltr'><strong>sint</strong></span> 
     </span>
     <span class='ocr_line' id='line_1_31' title="bbox 172 3524 1728 3611; baseline -0.002 -18"><span class='ocrx_word' id='word_1_337' title='bbox 172 3539 234 3609; x_wconf 92' lang='lat' dir='ltr'><strong>est,</strong></span> <span class='ocrx_word' id='word_1_338' title='bbox 250 3531 335 3611; x_wconf 93' lang='lat' dir='ltr'><strong>quod</strong></span> <span class='ocrx_word' id='word_1_339' title='bbox 350 3527 575 3590; x_wconf 76' lang='lat' dir='ltr'><strong>amantissima</strong></span> <span class='ocrx_word' id='word_1_340' title='bbox 597 3525 701 3588; x_wconf 88' lang='lat' dir='ltr'><strong>llatris</strong></span> <span class='ocrx_word' id='word_1_341' title='bbox 724 3543 787 3588; x_wconf 75' lang='lat' dir='ltr'><strong>sua</strong></span> <span class='ocrx_word' id='word_1_342' title='bbox 809 3543 923 3607; x_wconf 91' lang='lat' dir='ltr'><strong>corpus</strong></span> <span class='ocrx_word' id='word_1_343' title='bbox 978 3524 1181 3587; x_wconf 89' lang='lat' dir='ltr'><strong>manifestata</strong></span> <span class='ocrx_word' id='word_1_344' title='bbox 1199 3533 1232 3588; x_wconf 92' lang='lat' dir='ltr'><strong>et</strong></span> <span class='ocrx_word' id='word_1_345' title='bbox 1252 3526 1405 3588; x_wconf 91' lang='lat' dir='ltr'><strong>honorata</strong></span> <span class='ocrx_word' id='word_1_346' title='bbox 1425 3546 1444 3589; x_wconf 91' lang='lat' dir='ltr'><strong>a</strong></span> <span class='ocrx_word' id='word_1_347' title='bbox 1463 3528 1537 3607; x_wconf 88' lang='lat' dir='ltr'><strong>Deo,</strong></span> <span class='ocrx_word' id='word_1_348' title='bbox 1558 3535 1591 3590; x_wconf 92' lang='lat' dir='ltr'><strong>et</strong></span> <span class='ocrx_word' id='word_1_349' title='bbox 1609 3547 1628 3590; x_wconf 91' lang='lat' dir='ltr'><strong>a</strong></span> <span class='ocrx_word' id='word_1_350' title='bbox 1648 3529 1728 3591; x_wconf 88' lang='lat' dir='ltr'><strong>fide-</strong></span> 
     </span>
     <span class='ocr_line' id='line_1_32' title="bbox 171 3621 1541 3710; baseline -0.002 -18"><span class='ocrx_word' id='word_1_351' title='bbox 171 3628 414 3710; x_wconf 87' lang='lat' dir='ltr'><strong>dignissimum,</strong></span> <span class='ocrx_word' id='word_1_352' title='bbox 435 3646 473 3688; x_wconf 83' lang='lat' dir='ltr'><strong>ex</strong></span> <span class='ocrx_word' id='word_1_353' title='bbox 497 3625 545 3688; x_wconf 94' lang='lat' dir='ltr'><strong>sui</strong></span> <span class='ocrx_word' id='word_1_354' title='bbox 572 3623 672 3706; x_wconf 90' lang='lat' dir='ltr'><strong>ipsius</strong></span> <span class='ocrx_word' id='word_1_355' title='bbox 698 3623 774 3685; x_wconf 88' lang='lat' dir='ltr'><strong>reali</strong></span> <span class='ocrx_word' id='word_1_356' title='bbox 800 3622 925 3685; x_wconf 90' lang='lat' dir='ltr'><strong>inhabi-</strong></span> <span class='ocrx_word' id='word_1_357' title='bbox 979 3621 1063 3684; x_wconf 92' lang='lat' dir='ltr'><strong>libus</strong></span> <span class='ocrx_word' id='word_1_358' title='bbox 1086 3623 1257 3685; x_wconf 88' lang='lat' dir='ltr'><strong>visitentur</strong></span> <span class='ocrx_word' id='word_1_359' title='bbox 1277 3642 1314 3686; x_wconf 91' lang='lat' dir='ltr'><strong>ac</strong></span> <span class='ocrx_word' id='word_1_360' title='bbox 1335 3625 1541 3689; x_wconf 89' lang='lat' dir='ltr'><strong>honorentur.</strong></span> 
     </span>
     <span class='ocr_line' id='line_1_33' title="bbox 172 3719 1729 3805; baseline -0.003 -15"><span class='ocrx_word' id='word_1_361' title='bbox 172 3729 294 3790; x_wconf 90' lang='lat' dir='ltr'><strong>tatione</strong></span> <span class='ocrx_word' id='word_1_362' title='bbox 314 3725 499 3788; x_wconf 90' lang='lat' dir='ltr'><strong>deificatum</strong></span> <span class='ocrx_word' id='word_1_363' title='bbox 515 3731 546 3786; x_wconf 94' lang='lat' dir='ltr'><strong>et</strong></span> <span class='ocrx_word' id='word_1_364' title='bbox 562 3721 782 3804; x_wconf 91' lang='lat' dir='ltr'><strong>propriissime</strong></span> <span class='ocrx_word' id='word_1_365' title='bbox 804 3719 923 3784; x_wconf 90' lang='lat' dir='ltr'><strong>factum</strong></span> <span class='ocrx_word' id='word_1_366' title='bbox 1018 3720 1180 3799; x_wconf 73' lang='lat' dir='ltr'><strong>Praeterea,</strong></span> <span class='ocrx_word' id='word_1_367' title='bbox 1197 3729 1261 3784; x_wconf 89' lang='lat' dir='ltr'><strong>tam</strong></span> <span class='ocrx_word' id='word_1_368' title='bbox 1281 3723 1520 3800; x_wconf 88' lang='lat' dir='ltr'><strong>electissimam,</strong></span> <span class='ocrx_word' id='word_1_369' title='bbox 1537 3724 1729 3805; x_wconf 77' lang='lat' dir='ltr'><strong>praestantis·</strong></span> 
     </span>
     <span class='ocr_line' id='line_1_34' title="bbox 171 3818 1727 3907; baseline -0.003 -19"><span class='ocrx_word' id='word_1_370' title='bbox 171 3826 275 3907; x_wconf 90' lang='lat' dir='ltr'><strong>ipsius</strong></span> <span class='ocrx_word' id='word_1_371' title='bbox 309 3823 476 3905; x_wconf 90' lang='lat' dir='ltr'><strong>templum,</strong></span> <span class='ocrx_word' id='word_1_372' title='bbox 506 3819 759 3896; x_wconf 91' lang='lat' dir='ltr'><strong>tabernaculum,</strong></span> <span class='ocrx_word' id='word_1_373' title='bbox 791 3818 924 3881; x_wconf 91' lang='lat' dir='ltr'><strong>reclina·</strong></span> <span class='ocrx_word' id='word_1_374' title='bbox 979 3819 1093 3880; x_wconf 92' lang='lat' dir='ltr'><strong>simam</strong></span> <span class='ocrx_word' id='word_1_375' title='bbox 1122 3828 1217 3901; x_wconf 92' lang='lat' dir='ltr'><strong>atque</strong></span> <span class='ocrx_word' id='word_1_376' title='bbox 1249 3820 1482 3884; x_wconf 89' lang='lat' dir='ltr'><strong>sanctissimam</strong></span> <span class='ocrx_word' id='word_1_377' title='bbox 1515 3822 1642 3884; x_wconf 89' lang='lat' dir='ltr'><strong>llatrcm</strong></span> <span class='ocrx_word' id='word_1_378' title='bbox 1671 3821 1727 3884; x_wconf 88' lang='lat' dir='ltr'><strong>Dei</strong></span> 
     </span>
     <span class='ocr_line' id='line_1_35' title="bbox 170 3917 1728 4001; baseline -0.004 -15"><span class='ocrx_word' id='word_1_379' title='bbox 170 3923 303 4001; x_wconf 90' lang='lat' dir='ltr'><strong>terium,</strong></span> <span class='ocrx_word' id='word_1_380' title='bbox 324 3941 429 3984; x_wconf 92' lang='lat' dir='ltr'><strong>arcam</strong></span> <span class='ocrx_word' id='word_1_381' title='bbox 455 3939 492 3984; x_wconf 91' lang='lat' dir='ltr'><strong>ac</strong></span> <span class='ocrx_word' id='word_1_382' title='bbox 517 3919 691 3982; x_wconf 90' lang='lat' dir='ltr'><strong>thalamum</strong></span> <span class='ocrx_word' id='word_1_383' title='bbox 716 3918 836 3994; x_wconf 88' lang='lat' dir='ltr'><strong>vivum,</strong></span> <span class='ocrx_word' id='word_1_384' title='bbox 857 3917 924 3979; x_wconf 90' lang='lat' dir='ltr'><strong>ani·</strong></span> <span class='ocrx_word' id='word_1_385' title='bbox 978 3936 1042 3979; x_wconf 93' lang='lat' dir='ltr'><strong>non</strong></span> <span class='ocrx_word' id='word_1_386' title='bbox 1056 3917 1165 3980; x_wconf 86' lang='lat' dir='ltr'><strong>decuit</strong></span> <span class='ocrx_word' id='word_1_387' title='bbox 1186 3917 1347 3980; x_wconf 91' lang='lat' dir='ltr'><strong>communi</strong></span> <span class='ocrx_word' id='word_1_388' title='bbox 1368 3918 1444 4000; x_wconf 92' lang='lat' dir='ltr'><strong>legi,</strong></span> <span class='ocrx_word' id='word_1_389' title='bbox 1461 3918 1637 3982; x_wconf 89' lang='lat' dir='ltr'><strong>miserabili</strong></span> <span class='ocrx_word' id='word_1_390' title='bbox 1653 3938 1728 3982; x_wconf 91' lang='lat' dir='ltr'><strong>con-</strong></span> 
     </span>
     <span class='ocr_line' id='line_1_36' title="bbox 171 4014 1726 4100; baseline -0.003 -16"><span class='ocrx_word' id='word_1_391' title='bbox 171 4031 295 4084; x_wconf 89' lang='lat' dir='ltr'><strong>matum</strong></span> <span class='ocrx_word' id='word_1_392' title='bbox 320 4028 352 4084; x_wconf 88' lang='lat' dir='ltr'><strong>et</strong></span> <span class='ocrx_word' id='word_1_393' title='bbox 376 4026 531 4095; x_wconf 86' lang='lat' dir='ltr'><strong>sanctum,</strong></span> <span class='ocrx_word' id='word_1_394' title='bbox 556 4017 737 4100; x_wconf 88' lang='lat' dir='ltr'><strong>permiserit</strong></span> <span class='ocrx_word' id='word_1_395' title='bbox 762 4015 923 4079; x_wconf 92' lang='lat' dir='ltr'><strong>communi</strong></span> <span class='ocrx_word' id='word_1_396' title='bbox 977 4014 1102 4093; x_wconf 88' lang='lat' dir='ltr'><strong>ditioni,</strong></span> <span class='ocrx_word' id='word_1_397' title='bbox 1119 4026 1276 4078; x_wconf 73' lang='lat' dir='ltr'><strong>consuetae</strong></span> <span class='ocrx_word' id='word_1_398' title='bbox 1291 4016 1476 4080; x_wconf 89' lang='lat' dir='ltr'><strong>resolutioni</strong></span> <span class='ocrx_word' id='word_1_399' title='bbox 1493 4036 1655 4080; x_wconf 91' lang='lat' dir='ltr'><strong>servorum</strong></span> <span class='ocrx_word' id='word_1_400' title='bbox 1671 4037 1726 4080; x_wconf 89' lang='lat' dir='ltr'><strong>an-</strong></span> 
     </span>
     <span class='ocr_line' id='line_1_37' title="bbox 170 4113 1725 4202; baseline -0.004 -18"><span class='ocrx_word' id='word_1_401' title='bbox 170 4123 243 4202; x_wconf 88' lang='lat' dir='ltr'><strong>lege</strong></span> <span class='ocrx_word' id='word_1_402' title='bbox 269 4117 397 4195; x_wconf 82' lang='lat' dir='ltr'><strong>resolvi,</strong></span> <span class='ocrx_word' id='word_1_403' title='bbox 423 4115 606 4192; x_wconf 92' lang='lat' dir='ltr'><strong>incinerari,</strong></span> <span class='ocrx_word' id='word_1_404' title='bbox 630 4113 806 4196; x_wconf 90' lang='lat' dir='ltr'><strong>putrefieri,</strong></span> <span class='ocrx_word' id='word_1_405' title='bbox 830 4113 923 4175; x_wconf 88' lang='lat' dir='ltr'><strong>dissi·</strong></span> <span class='ocrx_word' id='word_1_406' title='bbox 977 4113 1187 4195; x_wconf 87' lang='lat' dir='ltr'><strong>cillarumque</strong></span> <span class='ocrx_word' id='word_1_407' title='bbox 1206 4114 1335 4195; x_wconf 87' lang='lat' dir='ltr'><strong>subjici,</strong></span> <span class='ocrx_word' id='word_1_408' title='bbox 1357 4116 1412 4178; x_wconf 87' lang='lat' dir='ltr'><strong>sed</strong></span> <span class='ocrx_word' id='word_1_409' title='bbox 1433 4116 1558 4198; x_wconf 89' lang='lat' dir='ltr'><strong>corpori</strong></span> <span class='ocrx_word' id='word_1_410' title='bbox 1581 4115 1630 4179; x_wconf 91' lang='lat' dir='ltr'><strong>sui</strong></span> <span class='ocrx_word' id='word_1_411' title='bbox 1653 4116 1725 4178; x_wconf 82' lang='lat' dir='ltr'><strong>Filii</strong></span> 
     </span>
     <span class='ocr_line' id='line_1_38' title="bbox 170 4210 1725 4304; baseline -0.005 -21"><span class='ocrx_word' id='word_1_412' title='bbox 170 4221 253 4304; x_wconf 87' lang='lat' dir='ltr'><strong>pari,</strong></span> <span class='ocrx_word' id='word_1_413' title='bbox 280 4227 313 4280; x_wconf 91' lang='lat' dir='ltr'><strong>et</strong></span> <span class='ocrx_word' id='word_1_414' title='bbox 336 4235 400 4280; x_wconf 92' lang='lat' dir='ltr'><strong>non</strong></span> <span class='ocrx_word' id='word_1_415' title='bbox 429 4217 534 4298; x_wconf 91' lang='lat' dir='ltr'><strong>potius</strong></span> <span class='ocrx_word' id='word_1_416' title='bbox 563 4222 634 4296; x_wconf 90' lang='lat' dir='ltr'><strong>post</strong></span> <span class='ocrx_word' id='word_1_417' title='bbox 658 4213 770 4276; x_wconf 90' lang='lat' dir='ltr'><strong>mortis</strong></span> <span class='ocrx_word' id='word_1_418' title='bbox 796 4210 1118 4293; x_wconf 82' lang='lat' dir='ltr'><strong>ruinamllcopulari</strong></span> <span class='ocrx_word' id='word_1_419' title='bbox 1149 4232 1185 4275; x_wconf 92' lang='lat' dir='ltr'><strong>ac</strong></span> <span class='ocrx_word' id='word_1_420' title='bbox 1215 4215 1387 4276; x_wconf 90' lang='lat' dir='ltr'><strong>consedere</strong></span> <span class='ocrx_word' id='word_1_421' title='bbox 1419 4237 1426 4274; x_wconf 92' lang='lat'><strong>:</strong></span> <span class='ocrx_word' id='word_1_422' title='bbox 1457 4215 1725 4295; x_wconf 91' lang='lat' dir='ltr'><strong>quemadmodum</strong></span> 
     </span>
     <span class='ocr_line' id='line_1_39' title="bbox 171 4310 1725 4400; baseline -0.003 -21"><span class='ocrx_word' id='word_1_423' title='bbox 171 4317 320 4400; x_wconf 90' lang='lat' dir='ltr'><strong>protinus</strong></span> <span class='ocrx_word' id='word_1_424' title='bbox 348 4312 570 4376; x_wconf 86' lang='lat' dir='ltr'><strong>instauraverit</strong></span> <span class='ocrx_word' id='word_1_425' title='bbox 598 4311 688 4388; x_wconf 92' lang='lat' dir='ltr'><strong>illud,</strong></span> <span class='ocrx_word' id='word_1_426' title='bbox 716 4331 780 4374; x_wconf 82' lang='lat' dir='ltr'><strong>suae</strong></span> <span class='ocrx_word' id='word_1_427' title='bbox 808 4311 921 4372; x_wconf 76' lang='lat' dir='ltr'><strong>animan</strong></span> <span class='ocrx_word' id='word_1_428' title='bbox 977 4310 1474 4393; x_wconf 88' lang='lat' dir='ltr'><strong>cernimusregemetreginam,</strong></span> <span class='ocrx_word' id='word_1_429' title='bbox 1492 4312 1725 4394; x_wconf 82' lang='lat' dir='ltr'><strong>reginamque</strong></span> 
     </span>
     <span class='ocr_line' id='line_1_40' title="bbox 171 4408 1724 4493; baseline -0.005 -13"><span class='ocrx_word' id='word_1_430' title='bbox 171 4418 253 4480; x_wconf 93' lang='lat' dir='ltr'><strong>illud</strong></span> <span class='ocrx_word' id='word_1_431' title='bbox 283 4415 398 4478; x_wconf 89' lang='lat' dir='ltr'><strong>iterum</strong></span> <span class='ocrx_word' id='word_1_432' title='bbox 426 4413 577 4490; x_wconf 89' lang='lat' dir='ltr'><strong>uniendo,</strong></span> <span class='ocrx_word' id='word_1_433' title='bbox 602 4411 759 4493; x_wconf 85' lang='lat' dir='ltr'><strong>justisque</strong></span> <span class='ocrx_word' id='word_1_434' title='bbox 783 4411 921 4492; x_wconf 85' lang='lat' dir='ltr'><strong>praemiis</strong></span> <span class='ocrx_word' id='word_1_435' title='bbox 976 4408 1301 4489; x_wconf 84' lang='lat' dir='ltr'><strong>quaetejusfilium,</strong></span> <span class='ocrx_word' id='word_1_436' title='bbox 1319 4410 1479 4472; x_wconf 88' lang='lat' dir='ltr'><strong>incudem</strong></span> <span class='ocrx_word' id='word_1_437' title='bbox 1494 4430 1605 4472; x_wconf 91' lang='lat' dir='ltr'><strong>mensa</strong></span> <span class='ocrx_word' id='word_1_438' title='bbox 1626 4412 1724 4474; x_wconf 93' lang='lat' dir='ltr'><strong>locari</strong></span> 
     </span>
     <span class='ocr_line' id='line_1_41' title="bbox 169 4507 1726 4588; baseline -0.004 -9"><span class='ocrx_word' id='word_1_439' title='bbox 169 4513 406 4580; x_wconf 84' lang='lat' dir='ltr'><strong>remunerando</strong></span> <span class='ocrx_word' id='word_1_440' title='bbox 427 4530 464 4573; x_wconf 93' lang='lat' dir='ltr'><strong>ac</strong></span> <span class='ocrx_word' id='word_1_441' title='bbox 487 4509 710 4573; x_wconf 84' lang='lat' dir='ltr'><strong>sublimandol</strong></span> <span class='ocrx_word' id='word_1_442' title='bbox 976 4525 1013 4568; x_wconf 92' lang='lat' dir='ltr'><strong>ac</strong></span> <span class='ocrx_word' id='word_1_443' title='bbox 1038 4507 1162 4569; x_wconf 90' lang='lat' dir='ltr'><strong>thronis</strong></span> <span class='ocrx_word' id='word_1_444' title='bbox 1183 4507 1372 4588; x_wconf 78' lang='lat' dir='ltr'><strong>propinquis</strong></span> <span class='ocrx_word' id='word_1_445' title='bbox 1397 4507 1518 4571; x_wconf 88' lang='lat' dir='ltr'><strong>sedere.</strong></span> <span class='ocrx_word' id='word_1_446' title='bbox 1539 4509 1650 4572; x_wconf 86' lang='lat' dir='ltr'><strong>Adhuc</strong></span> <span class='ocrx_word' id='word_1_447' title='bbox 1669 4529 1726 4572; x_wconf 93' lang='lat' dir='ltr'><strong>au·</strong></span> 
     </span>
     <span class='ocr_line' id='line_1_42' title="bbox 210 4604 1722 4692; baseline -0.003 -17"><span class='ocrx_word' id='word_1_448' title='bbox 210 4615 376 4689; x_wconf 73' lang='lat' dir='ltr'><strong>Praterea,</strong></span> <span class='ocrx_word' id='word_1_449' title='bbox 392 4609 497 4692; x_wconf 89' lang='lat' dir='ltr'><strong>proles</strong></span> <span class='ocrx_word' id='word_1_450' title='bbox 512 4616 560 4670; x_wconf 92' lang='lat' dir='ltr'><strong>est</strong></span> <span class='ocrx_word' id='word_1_451' title='bbox 574 4606 692 4688; x_wconf 91' lang='lat' dir='ltr'><strong>aliquid</strong></span> <span class='ocrx_word' id='word_1_452' title='bbox 713 4625 777 4669; x_wconf 76' lang='lat' dir='ltr'><strong>suae</strong></span> <span class='ocrx_word' id='word_1_453' title='bbox 798 4606 918 4682; x_wconf 87' lang='lat' dir='ltr'><strong>matris,</strong></span> <span class='ocrx_word' id='word_1_454' title='bbox 977 4613 1052 4682; x_wconf 88' lang='lat' dir='ltr'><strong>tem,</strong></span> <span class='ocrx_word' id='word_1_455' title='bbox 1072 4604 1215 4667; x_wconf 87' lang='lat' dir='ltr'><strong>Christus</strong></span> <span class='ocrx_word' id='word_1_456' title='bbox 1236 4605 1389 4667; x_wconf 89' lang='lat' dir='ltr'><strong>Dominus</strong></span> <span class='ocrx_word' id='word_1_457' title='bbox 1410 4613 1442 4668; x_wconf 92' lang='lat' dir='ltr'><strong>et</strong></span> <span class='ocrx_word' id='word_1_458' title='bbox 1464 4607 1612 4685; x_wconf 88' lang='lat' dir='ltr'><strong>salvator,</strong></span> <span class='ocrx_word' id='word_1_459' title='bbox 1629 4609 1722 4688; x_wconf 88' lang='lat' dir='ltr'><strong>Deus,</strong></span> 
     </span>
     <span class='ocr_line' id='line_1_43' title="bbox 167 4702 1723 4795; baseline -0.004 -21"><span class='ocrx_word' id='word_1_460' title='bbox 167 4710 345 4795; x_wconf 71' lang='lat' dir='ltr'><strong>prasertim</strong></span> <span class='ocrx_word' id='word_1_461' title='bbox 370 4713 524 4789; x_wconf 88' lang='lat' dir='ltr'><strong>quantum</strong></span> <span class='ocrx_word' id='word_1_462' title='bbox 545 4706 585 4768; x_wconf 92' lang='lat' dir='ltr'><strong>ad</strong></span> <span class='ocrx_word' id='word_1_463' title='bbox 608 4703 826 4785; x_wconf 91' lang='lat' dir='ltr'><strong>corpulentam</strong></span> <span class='ocrx_word' id='word_1_464' title='bbox 848 4704 921 4766; x_wconf 82' lang='lat' dir='ltr'><strong>sub</strong></span> <span class='ocrx_word' id='word_1_465' title='bbox 974 4702 1071 4783; x_wconf 85' lang='lat' dir='ltr'><strong>judex</strong></span> <span class='ocrx_word' id='word_1_466' title='bbox 1096 4711 1127 4764; x_wconf 92' lang='lat' dir='ltr'><strong>et</strong></span> <span class='ocrx_word' id='word_1_467' title='bbox 1149 4702 1293 4764; x_wconf 90' lang='lat' dir='ltr'><strong>omnium</strong></span> <span class='ocrx_word' id='word_1_468' title='bbox 1317 4702 1507 4781; x_wconf 88' lang='lat' dir='ltr'><strong>dominator,</strong></span> <span class='ocrx_word' id='word_1_469' title='bbox 1532 4723 1598 4767; x_wconf 95' lang='lat' dir='ltr'><strong>non</strong></span> <span class='ocrx_word' id='word_1_470' title='bbox 1621 4706 1723 4768; x_wconf 95' lang='lat' dir='ltr'><strong>solum</strong></span> 
     </span>
     <span class='ocr_line' id='line_1_44' title="bbox 166 4799 1725 4887; baseline -0.005 -14"><span class='ocrx_word' id='word_1_471' title='bbox 166 4808 448 4887; x_wconf 86' lang='lat' dir='ltr'><strong>stantiam,utpote</strong></span> <span class='ocrx_word' id='word_1_472' title='bbox 463 4823 502 4866; x_wconf 83' lang='lat' dir='ltr'><strong>ex</strong></span> <span class='ocrx_word' id='word_1_473' title='bbox 517 4803 693 4866; x_wconf 89' lang='lat' dir='ltr'><strong>substantia</strong></span> <span class='ocrx_word' id='word_1_474' title='bbox 705 4801 813 4864; x_wconf 89' lang='lat' dir='ltr'><strong>matris</strong></span> <span class='ocrx_word' id='word_1_475' title='bbox 828 4810 917 4863; x_wconf 89' lang='lat' dir='ltr'><strong>nata:</strong></span> <span class='ocrx_word' id='word_1_476' title='bbox 976 4799 1240 4882; x_wconf 90' lang='lat' dir='ltr'><strong>sapientissimus,</strong></span> <span class='ocrx_word' id='word_1_477' title='bbox 1258 4801 1312 4862; x_wconf 87' lang='lat' dir='ltr'><strong>sed</strong></span> <span class='ocrx_word' id='word_1_478' title='bbox 1331 4808 1363 4861; x_wconf 91' lang='lat' dir='ltr'><strong>et</strong></span> <span class='ocrx_word' id='word_1_479' title='bbox 1377 4799 1538 4882; x_wconf 90' lang='lat' dir='ltr'><strong>Sapientia</strong></span> <span class='ocrx_word' id='word_1_480' title='bbox 1553 4801 1622 4884; x_wconf 90' lang='lat' dir='ltr'><strong>ipsa</strong></span> <span class='ocrx_word' id='word_1_481' title='bbox 1635 4812 1725 4865; x_wconf 84' lang='lat' dir='ltr'><strong>aeter-</strong></span> 
     </span>
     <span class='ocr_line' id='line_1_45' title="bbox 159 4897 1725 4985; baseline -0.005 -15"><span class='ocrx_word' id='word_1_482' title='bbox 159 4915 273 4982; x_wconf 77' lang='lat' dir='ltr'><strong>¹mater</strong></span> <span class='ocrx_word' id='word_1_483' title='bbox 290 4903 410 4985; x_wconf 93' lang='lat' dir='ltr'><strong>quippe</strong></span> <span class='ocrx_word' id='word_1_484' title='bbox 435 4901 467 4962; x_wconf 92' lang='lat' dir='ltr'><strong>in</strong></span> <span class='ocrx_word' id='word_1_485' title='bbox 488 4901 691 4983; x_wconf 86' lang='lat' dir='ltr'><strong>generatione</strong></span> <span class='ocrx_word' id='word_1_486' title='bbox 716 4899 836 4980; x_wconf 76' lang='lat' dir='ltr'><strong>praebet</strong></span> <span class='ocrx_word' id='word_1_487' title='bbox 855 4919 921 4962; x_wconf 86' lang='lat' dir='ltr'><strong>ma·</strong></span> <span class='ocrx_word' id='word_1_488' title='bbox 975 4918 1026 4974; x_wconf 91' lang='lat' dir='ltr'><strong>na,</strong></span> <span class='ocrx_word' id='word_1_489' title='bbox 1045 4899 1196 4976; x_wconf 90' lang='lat' dir='ltr'><strong>increata,</strong></span> <span class='ocrx_word' id='word_1_490' title='bbox 1214 4897 1380 4977; x_wconf 90' lang='lat' dir='ltr'><strong>immensa,</strong></span> <span class='ocrx_word' id='word_1_491' title='bbox 1404 4898 1465 4960; x_wconf 90' lang='lat' dir='ltr'><strong>fuit</strong></span> <span class='ocrx_word' id='word_1_492' title='bbox 1487 4899 1655 4962; x_wconf 88' lang='lat' dir='ltr'><strong>Salomone</strong></span> <span class='ocrx_word' id='word_1_493' title='bbox 1677 4902 1725 4962; x_wconf 93' lang='lat' dir='ltr'><strong>in-</strong></span> 
     </span>
     <span class='ocr_line' id='line_1_46' title="bbox 167 4996 1724 5084; baseline -0.004 -16"><span class='ocrx_word' id='word_1_494' title='bbox 167 5005 282 5068; x_wconf 91' lang='lat' dir='ltr'><strong>teriam</strong></span> <span class='ocrx_word' id='word_1_495' title='bbox 305 5001 399 5084; x_wconf 91' lang='lat' dir='ltr'><strong>proli.</strong></span> <span class='ocrx_word' id='word_1_496' title='bbox 421 4999 493 5062; x_wconf 91' lang='lat' dir='ltr'><strong>ldeo</strong></span> <span class='ocrx_word' id='word_1_497' title='bbox 512 4997 739 5062; x_wconf 87' lang='lat' dir='ltr'><strong>electissimum</strong></span> <span class='ocrx_word' id='word_1_498' title='bbox 761 5005 793 5059; x_wconf 94' lang='lat' dir='ltr'><strong>et</strong></span> <span class='ocrx_word' id='word_1_499' title='bbox 817 5016 920 5060; x_wconf 91' lang='lat' dir='ltr'><strong>sacra·</strong></span> <span class='ocrx_word' id='word_1_500' title='bbox 975 4997 1234 5079; x_wconf 88' lang='lat' dir='ltr'><strong>comparabiliter</strong></span> <span class='ocrx_word' id='word_1_501' title='bbox 1248 4996 1388 5078; x_wconf 92' lang='lat' dir='ltr'><strong>probior,</strong></span> <span class='ocrx_word' id='word_1_502' title='bbox 1397 4997 1648 5078; x_wconf 89' lang='lat' dir='ltr'><strong>munificentior,</strong></span> <span class='ocrx_word' id='word_1_503' title='bbox 1659 5019 1724 5062; x_wconf 95' lang='lat' dir='ltr'><strong>ma-</strong></span> 
     </span>
     <span class='ocr_line' id='line_1_47' title="bbox 165 5094 1869 5193; baseline -0.003 -29"><span class='ocrx_word' id='word_1_504' title='bbox 165 5102 328 5165; x_wconf 86' lang='lat' dir='ltr'><strong>tissimum</strong></span> <span class='ocrx_word' id='word_1_505' title='bbox 351 5117 467 5178; x_wconf 91' lang='lat' dir='ltr'><strong>corpus</strong></span> <span class='ocrx_word' id='word_1_506' title='bbox 486 5095 565 5158; x_wconf 91' lang='lat' dir='ltr'><strong>illud</strong></span> <span class='ocrx_word' id='word_1_507' title='bbox 586 5095 776 5176; x_wconf 86' lang='lat' dir='ltr'><strong>virgineum,</strong></span> <span class='ocrx_word' id='word_1_508' title='bbox 797 5113 835 5156; x_wconf 84' lang='lat' dir='ltr'><strong>ex</strong></span> <span class='ocrx_word' id='word_1_509' title='bbox 856 5113 919 5175; x_wconf 96' lang='lat' dir='ltr'><strong>quo</strong></span> <span class='ocrx_word' id='word_1_510' title='bbox 974 5096 1086 5176; x_wconf 86' lang='lat' dir='ltr'><strong>gisque</strong></span> <span class='ocrx_word' id='word_1_511' title='bbox 1114 5102 1233 5175; x_wconf 90' lang='lat' dir='ltr'><strong>gratus.</strong></span> <span class='ocrx_word' id='word_1_512' title='bbox 1264 5094 1411 5157; x_wconf 91' lang='lat' dir='ltr'><strong>Salomon</strong></span> <span class='ocrx_word' id='word_1_513' title='bbox 1447 5104 1553 5157; x_wconf 90' lang='lat' dir='ltr'><strong>autem</strong></span> <span class='ocrx_word' id='word_1_514' title='bbox 1589 5106 1721 5159; x_wconf 92' lang='lat' dir='ltr'><strong>matrem</strong></span> <span class='ocrx_word' id='word_1_515' title='bbox 1745 5137 1773 5179; x_wconf 65' lang='lat'><strong>1„</strong></span> <span class='ocrx_word' id='word_1_516' title='bbox 1783 5137 1869 5193; x_wconf 53' lang='lat' dir='ltr'><strong>,m</strong></span> 
     </span>
     <span class='ocr_line' id='line_1_48' title="bbox 164 5191 1771 5278; baseline -0.003 -14"><span class='ocrx_word' id='word_1_517' title='bbox 164 5210 199 5264; x_wconf 89' lang='lat' dir='ltr'><strong>et</strong></span> <span class='ocrx_word' id='word_1_518' title='bbox 228 5199 261 5261; x_wconf 91' lang='lat' dir='ltr'><strong>in</strong></span> <span class='ocrx_word' id='word_1_519' title='bbox 291 5215 355 5278; x_wconf 95' lang='lat' dir='ltr'><strong>quo</strong></span> <span class='ocrx_word' id='word_1_520' title='bbox 385 5195 585 5257; x_wconf 86' lang='lat' dir='ltr'><strong>incarnatum</strong></span> <span class='ocrx_word' id='word_1_521' title='bbox 615 5201 662 5255; x_wconf 89' lang='lat' dir='ltr'><strong>cst</strong></span> <span class='ocrx_word' id='word_1_522' title='bbox 691 5191 829 5254; x_wconf 92' lang='lat' dir='ltr'><strong>Verbum</strong></span> <span class='ocrx_word' id='word_1_523' title='bbox 863 5191 917 5254; x_wconf 89' lang='lat' dir='ltr'><strong>Dei</strong></span> <span class='ocrx_word' id='word_1_524' title='bbox 975 5212 1064 5256; x_wconf 91' lang='lat' dir='ltr'><strong>suam</strong></span> <span class='ocrx_word' id='word_1_525' title='bbox 1080 5194 1119 5254; x_wconf 89' lang='lat' dir='ltr'><strong>ad</strong></span> <span class='ocrx_word' id='word_1_526' title='bbox 1139 5213 1172 5255; x_wconf 92' lang='lat' dir='ltr'><strong>se</strong></span> <span class='ocrx_word' id='word_1_527' title='bbox 1194 5193 1374 5255; x_wconf 87' lang='lat' dir='ltr'><strong>venientem</strong></span> <span class='ocrx_word' id='word_1_528' title='bbox 1395 5193 1549 5270; x_wconf 91' lang='lat' dir='ltr'><strong>adoravit,</strong></span> <span class='ocrx_word' id='word_1_529' title='bbox 1566 5203 1597 5257; x_wconf 95' lang='lat' dir='ltr'><strong>et</strong></span> <span class='ocrx_word' id='word_1_530' title='bbox 1619 5196 1722 5276; x_wconf 94' lang='lat' dir='ltr'><strong>primo</strong></span> <span class='ocrx_word' id='word_1_531' title='bbox 1739 5202 1771 5241; x_wconf 82' lang='lat'><strong>¹⁹·</strong></span> 
     </span>
     <span class='ocr_line' id='line_1_49' title="bbox 165 5289 1723 5376; baseline -0.003 -13"><span class='ocrx_word' id='word_1_532' title='bbox 165 5297 266 5363; x_wconf 88' lang='lat' dir='ltr'><strong>Patris</strong></span> <span class='ocrx_word' id='word_1_533' title='bbox 288 5303 454 5371; x_wconf 57' lang='lat' dir='ltr'><strong>aurnum,</strong></span> <span class='ocrx_word' id='word_1_534' title='bbox 471 5310 601 5376; x_wconf 85' lang='lat' dir='ltr'><strong>prorsus</strong></span> <span class='ocrx_word' id='word_1_535' title='bbox 621 5289 789 5355; x_wconf 87' lang='lat' dir='ltr'><strong>condecuit</strong></span> <span class='ocrx_word' id='word_1_536' title='bbox 804 5289 918 5353; x_wconf 82' lang='lat' dir='ltr'><strong>Christi</strong></span> <span class='ocrx_word' id='word_1_537' title='bbox 975 5293 1008 5355; x_wconf 91' lang='lat' dir='ltr'><strong>iu</strong></span> <span class='ocrx_word' id='word_1_538' title='bbox 1033 5292 1163 5375; x_wconf 92' lang='lat' dir='ltr'><strong>proprio</strong></span> <span class='ocrx_word' id='word_1_539' title='bbox 1189 5292 1314 5370; x_wconf 90' lang='lat' dir='ltr'><strong>throno,</strong></span> <span class='ocrx_word' id='word_1_540' title='bbox 1334 5292 1449 5355; x_wconf 89' lang='lat' dir='ltr'><strong>deinde</strong></span> <span class='ocrx_word' id='word_1_541' title='bbox 1471 5292 1504 5353; x_wconf 92' lang='lat' dir='ltr'><strong>in</strong></span> <span class='ocrx_word' id='word_1_542' title='bbox 1525 5292 1639 5356; x_wconf 87' lang='lat' dir='ltr'><strong>throno</strong></span> <span class='ocrx_word' id='word_1_543' title='bbox 1658 5294 1723 5358; x_wconf 91' lang='lat' dir='ltr'><strong>col·</strong></span> 
     </span>
    </p>
   </div>
   <div class='ocr_carea' id='block_1_3' title="bbox 0 0 2160 6246">
    <p class='ocr_par' dir='ltr' id='par_1_3' title="bbox 0 0 2160 6246">
     <span class='ocr_line' id='line_1_50' title="bbox 0 0 2160 6246; baseline 0 0"><span class='ocrx_word' id='word_1_544' title='bbox 0 0 2160 6246; x_wconf 95' lang='lat' dir='ltr'><strong> </strong></span> 
     </span>
    </p>
   </div>
  </div>
 </body>
</html>
