4309 6250
456 487 518 552 042
544 505 584 550 DE
605 504 811 552 bumbulum
832 504 926 551 sum
946 501 1113 550 coutinuis
1133 500 1171 547 ΕΤ
1190 499 1360 548 sumtus
1381 499 1521 554 concuti,
1542 499 1631 548 umus
1651 500 1697 546 lll.
1719 518 1761 530 -
1781 499 1850 544 ultr.
1872 499 1921 544 ΠΙ

442 683 511 739 «tur
536 674 568 738 in
599 695 647 755 ea,
673 695 732 739 nec
761 675 921 757 inquinari
953 681 1086 757 possunt
1114 671 1247 736 mini-ll
1263 679 1326 734 tate
1340 671 1522 753 persistant,
1540 691 1625 734 nunc
1640 669 1705 750 isti,
1721 689 1807 732 nunc
1828 668 1883 730 illi.
1899 667 1991 730 Sedet

459 782 596 837 atrorum
621 774 754 852 malitia,
776 775 831 837 sed
857 792 982 855 semper
1007 771 1208 854 complacent
1261 770 1393 833 virtuosi
1414 788 1526 833 omnes
1547 769 1580 831 in
1595 769 1749 847 Ecclesia,
1764 766 1906 850 quamvis
1924 785 1991 846 quo

458 873 521 936 heo
537 881 569 934 et
582 879 716 954 prosunt
729 871 928 953 suscipienti,
945 871 1005 932 nisi
1021 869 1130 952 gratias
1145 867 1208 932 obi·
1260 867 1337 931 tidie
1351 866 1530 930 venialibus
1549 867 1784 948 quodammodo
1799 866 1988 940 maculantur,

459 989 528 1033 cem
553 979 660 1052 ponat.
677 970 786 1033 -Sed
811 969 838 1031 si
864 969 947 1032 istud
973 970 1011 1031 ad
1035 968 1097 1032 hoc
1121 967 1206 1048 quod
1260 973 1367 1028 tamen
1391 974 1423 1028 et
1446 965 1601 1046 quotidie,
1624 965 1690 1027 imo
1715 963 1803 1028 omni
1826 962 1990 1043 hora,talia

458 1068 648 1130 universalis
663 1067 803 1132 Ecclesia
825 1076 933 1130 sancta
955 1066 996 1129 sit
1010 1073 1094 1128 esset
1114 1063 1207 1127 sufli-
1260 1063 1394 1126 venialia
1417 1063 1514 1126 variis
1539 1064 1643 1127 modis
1666 1071 1760 1144 atque
1787 1061 1926 1125 remediis
1944 1061 1990 1122 de

457 1166 558 1244 ciens,
575 1175 759 1248 sequeretur
777 1166 860 1247 quod
883 1165 976 1228 etiam
995 1181 1205 1246 quecumque
1259 1161 1337 1238 lent,
1354 1180 1411 1242 per
1432 1161 1571 1224 caritatis
1593 1160 1762 1238 fervorem,
1780 1179 1838 1243 per
1854 1179 1989 1240 compun-

455 1264 656 1346 particularis
671 1264 811 1327 Ecclesia
832 1271 864 1326 et
877 1262 1048 1326 christiana
1070 1280 1205 1344 persona
1259 1260 1397 1322 ctionem
1411 1259 1582 1338 internam,
1598 1278 1657 1342 por
1674 1259 1833 1322 orationes
1850 1257 1987 1334 assiduas,

455 1371 539 1424 esset
554 1370 663 1426 sancta
677 1362 829 1443 quamdiu
851 1369 959 1424 manet
980 1361 1014 1422 in
1029 1361 1153 1442 integra
1166 1359 1206 1420 fr-
1259 1377 1316 1438 per
1330 1357 1569 1440 compassiones
1590 1357 1757 1438 fraternas,
1774 1376 1831 1438 per
1850 1355 1989 1438 poeniten·

453 1460 492 1523 de
516 1461 627 1523 saltem
648 1459 792 1539 informi,
808 1469 840 1523 et
860 1461 893 1522 in
915 1459 1203 1522 ecclesiasticorum
1258 1457 1311 1518 tire
1334 1475 1441 1538 opera,
1465 1475 1522 1537 per
1545 1454 1737 1538 multiplicia
1760 1455 1842 1518 bona
1864 1478 1871 1516 :
1893 1453 1987 1534 sicque

454 1567 725 1621 sacramentorum
744 1558 952 1641 professione.
969 1557 1084 1639 Sisque
1103 1557 1204 1619 eccle-
1259 1554 1291 1616 in
1308 1555 1439 1618 maculis
1455 1554 1519 1616 illis
1535 1574 1600 1618 non
1622 1561 1762 1634 manent,
1778 1554 1843 1615 imo
1861 1552 1986 1634 quotidie

454 1654 500 1717 sia
526 1656 768 1737 malignantium
792 1663 876 1718 esset
901 1663 1010 1717 sancta
1032 1663 1064 1717 et
1092 1655 1204 1716 imma·
1258 1652 1489 1734 splendidiores
1513 1651 1598 1715 fiunt
1620 1652 1653 1713 in
1678 1652 1796 1714 anima.
1812 1651 1887 1712 llinc
1905 1667 1986 1730 super

453 1751 558 1814 culata
578 1752 711 1830 Christo,
729 1761 760 1816 et
781 1753 926 1816 homines
948 1751 1066 1830 vitiosi,
1082 1749 1137 1832 qni
1158 1759 1203 1812 tn-
1258 1750 1336 1812 illud
1360 1751 1575 1831 canticorum,
1591 1752 1669 1812 Tota
1687 1749 1822 1830 pulchra
1841 1767 1883 1825 es,
1897 1748 2091 1809 amicarum.

452 1869 526 1913 men
555 1859 630 1913 sunt
657 1852 799 1915 membra
831 1851 949 1915 diaboli
982 1875 988 1912 :
1019 1851 1104 1932 quod
1136 1850 1340 1929 nonbmea,
1363 1858 1395 1912 et
1416 1849 1541 1912 macula
1563 1868 1626 1912 non
1647 1849 1749 1911 estin
1770 1857 1811 1927 te,
1832 1847 1984 1910 &carnes

451 1948 576 2012 videtur
597 1949 678 2012 bene
702 1969 824 2013 sonare.
1257 1946 1364 2008 verbis
1384 1946 1527 2028 Gregorii
1549 1945 1659 2009 scribit
1680 1969 1687 2007 ε
1708 1944 1856 2019 Quamvis
1874 1943 1985 2006 macula

492 2047 620 2110 Rectius
648 2067 734 2130 ergo,
762 2048 937 2111 secundum
962 2047 1198 2128 Hieronymum,
1257 2044 1391 2106 venialis
1407 2045 1528 2126 peccati
1544 2045 1715 2127 aliquando
1737 2052 1837 2126 perte
1851 2051 1983 2120 transeat,

450 2142 594 2208 Ecclesia
618 2145 737 2208 dicitur
760 2155 880 2226 sancta,
895 2145 1046 2227 quoniam
1074 2164 1201 2226 semper
1256 2142 1379 2205 scilicet
1393 2161 1412 2206 o
1425 2143 1643 2221 Ecclesia,sen
1656 2143 1772 2206 devota
1786 2158 1984 2224 personanon

451 2241 548 2324 aliqui
565 2243 640 2307 boni
656 2251 729 2306 sunt
750 2244 783 2306 in
799 2263 836 2306 ea
850 2252 881 2306 et
903 2243 1047 2323 virtuosi,
1063 2260 1199 2324 quorum
1258 2247 1361 2302 umen
1376 2249 1559 2321 perseverat
1573 2241 1607 2303 in
1621 2240 1771 2304 te.Electi
1786 2239 1896 2302 etenim
1909 2247 1985 2300 tene

450 2339 546 2402 etiarn
570 2341 704 2420 meritis,
726 2343 902 2404 seeundum
922 2342 1039 2423 ipsum,
1061 2341 1199 2402 mundus
1256 2357 1298 2400 raa
1319 2338 1435 2402 mentis
1449 2338 1508 2400 etsi
1524 2339 1694 2420 aliquando
1711 2356 1769 2419 per
1782 2336 1985 2399 infirmitatem

449 2435 603 2500 subsistit.
613 2439 692 2502 Eine
704 2439 839 2502 Thomas
854 2458 1015 2522 exponens
1030 2438 1199 2501 articulum
1255 2432 1454 2513 delinquunt,
1462 2453 1519 2515 per
1533 2433 1785 2515 compunctionis
1800 2442 1899 2495 umen
1911 2449 1986 2493 acer·

448 2534 523 2598 fidei
549 2556 613 2619 quo
636 2538 765 2618 dicitur,
782 2539 958 2601 Ecclesiam
984 2547 1137 2617 sanctam,
1154 2537 1201 2600 di·
1254 2530 1383 2594 bitatem
1413 2550 1486 2594 mox
1514 2533 1599 2613 quod
1628 2532 1780 2595 violatum
1809 2539 1856 2593 ost
1880 2531 1985 2592 abster-

448 2634 492 2696 cit
519 2659 525 2696 :
554 2635 697 2699 Ecclesia
724 2645 860 2718 quatuor
889 2636 991 2698 modis
1021 2655 1077 2698 seu
1106 2636 1201 2699 ratio
1253 2638 1342 2710 gunt.
1366 2631 1453 2693 Unde
1476 2631 1647 2712 Apostolus
1670 2631 1710 2693 ad
1734 2630 1883 2712 Ephesios
1904 2627 1981 2703 dicit,

446 2733 540 2795 nibus
554 2733 673 2796 dicitur
691 2743 810 2796 sancta.
828 2734 944 2812 Primo,
963 2734 1086 2796 ratione
1108 2733 1200 2796 lotio·
1253 2727 1428 2791 Ecclesiam
1444 2748 1515 2792 esse
1530 2729 1601 2792 siue
1623 2729 1748 2792 macula
1762 2737 1794 2791 et
1808 2747 1882 2810 ruga
1896 2751 1903 2789 τ
1917 2727 1984 2808 quit
2002 2741 2084 2819 tan-⁸·
2110 2762 2111 2805 r

446 2831 509 2911 nis,
525 2832 601 2912 qnia
622 2831 734 2894 fideles
755 2825 809 2894 loti
826 2839 900 2894 sunt
914 2831 1029 2894 Christi
1044 2832 1198 2912 sanguine
1253 2826 1329 2889 lieet
1349 2826 1380 2887 in
1406 2827 1560 2890 membris
1585 2828 1651 2890 suis
1676 2828 1817 2908 quotidie
1835 2826 1984 2889 venialiter
1995 2810 2020 2847 ²''

447 2950 465 2992 a
480 2929 631 3012 peccatis,
649 2937 680 2992 et
695 2930 726 2991 in
741 2929 903 3011 baptismo
919 2929 1069 2994 lotionem
1085 2931 1199 3012 hujus·
1251 2924 1441 3004 maculetur,
1467 2945 1525 3008 per
1552 2925 1755 2989 contritionis
1783 2935 1885 2988 umen
1909 2924 1984 2986 lava·

447 3027 532 3090 modi
555 3027 740 3092 sortiuntur.
758 3029 914 3106 Secundo,
933 3028 1054 3090 ratione
1074 3028 1198 3090 unctio
1214 3031 1237 3092 C
1253 3041 1343 3084 crum
1365 3024 1492 3087 assidue
1515 3025 1717 3087 emundatur.
1734 3024 1815 3088 ilino
1834 3023 1924 3104 aliqui
1941 3022 1984 3084 di·

447 3123 497 3185 nis
523 3122 707 3205 spiritualis,
732 3143 789 3206 per
813 3142 957 3205 supernae
982 3124 1089 3205 gratiae
1114 3123 1198 3188 infu-
1252 3132 1340 3200 cunt,
1356 3124 1441 3205 quod
1461 3123 1520 3187 soli
1541 3122 1629 3203 beni,
1647 3124 1796 3188 videlicet
1813 3124 1982 3187 exsistentes

447 3220 580 3299 sionem,
596 3239 666 3302 quaa
681 3221 714 3283 in
729 3221 889 3304 Baptismo
904 3222 1077 3300 confertur,
1095 3231 1127 3285 et
1141 3242 1197 3304 per
1253 3221 1285 3282 in
1311 3221 1451 3303 caritate,
1468 3224 1533 3285 sint
1555 3223 1742 3287 essentiales
1766 3232 1868 3306 partes
1889 3221 1983 3284 Eccle-

445 3320 670 3382 Poenitentiam
685 3329 859 3402 reparatur.
875 3321 948 3384 ldeo
963 3322 1001 3384 ad
1018 3321 1197 3384 Corinthios
1253 3320 1316 3382 siae.
1334 3320 1448 3402 Sicque
1470 3321 1509 3384 de
1531 3321 1682 3399 Ecclesia,
1706 3323 1831 3385 scilicet
1850 3328 1934 3403 prout
1952 3320 1980 3380 in

300 3440 318 3485 u
328 3442 433 3497 casas,
446 3418 523 3481 dicit
549 3417 719 3500 Apostolus
745 3442 752 3480 ε
780 3418 862 3481 Deus
887 3420 1026 3501 signavit
1050 3429 1082 3482 et
1110 3421 1199 3482 unxit
1252 3417 1345 3480 bonis
1370 3418 1529 3499 consistit,
1549 3420 1593 3482 ait
1616 3420 1771 3498 Salvator,
1792 3421 1873 3502 quod
1896 3426 1981 3502 porta
2000 3433 2062 3478 sorr.

300 3506 335 3547 ²¹·
447 3535 516 3579 nos.
535 3517 652 3595 Tertio,
670 3516 792 3579 ratione
807 3516 924 3579 divina
944 3516 1194 3580 inhabitationis.
1253 3516 1349 3578 inferi
1370 3535 1434 3579 non
1458 3517 1675 3600 praevalebunt
1694 3518 1846 3581 adversus
1862 3501 2057 3581 eam.Et¹”·¹’‘
2109 3517 2110 3546 ³

447 3614 609 3696 Siquidem
635 3614 717 3677 Deus
741 3615 877 3677 Trinitas
903 3634 958 3696 per
983 3616 1144 3678 caritatem
1167 3624 1198 3677 et
1251 3614 1421 3696 Gregorius
1443 3614 1475 3677 in
1497 3615 1667 3679 ldoralibus
1684 3641 1692 3679 :
1708 3618 1782 3681 Sola
1801 3617 1923 3698 (inquit)
1941 3623 1982 3677 est

448 3722 553 3775 cetera
581 3714 666 3776 dona
693 3712 830 3795 gratuita
857 3713 1014 3776 bonorum
1043 3713 1199 3777 inhahitat
1253 3722 1362 3776 sancta
1376 3714 1530 3794 Ecclesia,
1546 3734 1713 3798 perquam
1732 3715 1921 3779 sacrificium
1933 3714 1985 3775 llo

305 3828 435 3885 ramam,
448 3811 555 3891 corda,
572 3810 699 3874 dicente
720 3812 840 3874 Joanne
857 3834 864 3873 :
881 3812 938 3887 Qui
961 3820 1068 3874 manet
1089 3812 1122 3873 in
1147 3832 1198 3875 ca·
1253 3812 1360 3874 minus
1380 3812 1516 3877 libenter
1539 3813 1676 3895 accipit3
1693 3815 1761 3877 sola
1783 3833 1852 3895 quaa
1875 3831 1926 3895 pro
1942 3830 1985 3873 er-

302 3896 335 3936 ¹⁶·
449 3911 550 3989 ritate,
568 3910 602 3971 in
616 3910 680 3973 Deo
702 3918 820 3990 manet,
836 3919 868 3972 et
888 3911 970 3973 Deus
992 3911 1025 3972 in
1047 3930 1095 3974 eo.
1112 3912 1199 3973 Chri·
1253 3910 1396 3973 rantibus
1410 3910 1604 3974 fiducialiter
1618 3912 1984 3991 intercedit3solainqua

305 4028 434 4082 raanan«,
449 4018 516 4071 stus
531 4026 659 4090 quoque
673 4009 713 4071 de
735 4008 789 4070 tali
812 4008 946 4089 loquens
964 4034 970 4072 :
987 4011 1032 4071 Ad
1048 4029 1122 4072 eum
1136 4010 1199 4089 (in-
1253 4028 1333 4091 opus
1347 4008 1467 4072 bonnm
1483 4010 1645 4073 fructuose
1661 4012 1838 4093 peragitur,
1850 4011 1912 4074 sola
1924 4027 1983 4089 quc

301 4094 336 4134 ²³·
448 4107 531 4189 quit)
552 4107 728 4183 veniemus,
746 4115 778 4169 et
798 4107 996 4171 mansionem
1018 4108 1102 4189 apud
1123 4127 1197 4170 eum
1253 4108 1337 4170 inter
1360 4127 1393 4171 se
1417 4108 1539 4191 positos
1563 4110 1663 4173 solida
1687 4110 1827 4173 caritatis
1847 4126 1983 4189 compage

449 4204 618 4268 faciemus.
635 4206 761 4282 Quarto,
784 4206 905 4268 ratione
929 4206 1045 4269 divinae
1070 4205 1237 4270 invoca-D
1253 4208 1409 4285 custodit3
1425 4208 1587 4289 quaedum
1603 4208 1636 4269 in
1652 4228 1686 4271 se
1707 4210 1791 4271 dona
1806 4206 1982 4289 septiformis

308 4320 435 4373 scama.
449 4303 739 4383 tionis,secundnm
755 4303 833 4365 illud
848 4302 1197 4367 teremia:1nvocatum
1253 4306 1362 4387 gratias
1376 4305 1512 4389 Spiritus
1533 4306 1712 4383 continens,
1729 4307 1870 4370 claritate
1889 4324 1984 4387 super·

449 4410 497 4464 est
524 4420 641 4464 nomen
670 4410 758 4465 tuum
788 4420 883 4483 super
910 4420 979 4464 nos.
1005 4402 1093 4465 lianc
1122 4422 1198 4484 ergo
1253 4424 1302 4467 nae
1318 4406 1444 4468 virtutis
1460 4406 1601 4485 irradiat,
1617 4406 1708 4487 quasi
1723 4406 1764 4469 ab
1782 4426 1840 4469 axe
1860 4404 1982 4469 veritatis

448 4498 755 4579 denominationem,
772 4499 896 4562 scilicet
916 4520 986 4563 essa
1008 4510 1150 4563 sanctam
1166 4510 1198 4563 et
1254 4503 1384 4565 relucet.
1401 4503 1552 4585 Denique,
1573 4505 1614 4567 de
1638 4503 1781 4567 Ecclesia
1805 4505 1853 4567 sic
1870 4513 1982 4584 accepta

449 4596 699 4675 immaculatam,
715 4597 812 4659 sumit
830 4598 974 4661 Ecclesia
993 4598 1113 4661 ratione
1127 4619 1198 4681 par·
1252 4600 1364 4662 dicunt
1387 4600 1533 4663 doctores
1561 4603 1771 4682 concorditer,
1796 4603 1878 4684 quod
1901 4602 1981 4664 ctiam

449 4696 529 4759 tium
545 4696 751 4776 quarumdam
767 4716 906 4775 suarum,
922 4706 998 4779 puta
1012 4716 1121 4760 eornm
1141 4698 1196 4779 qui
1253 4700 1328 4761 mali
1353 4699 1388 4761 in
1412 4718 1547 4779 persona
1569 4700 1720 4763 Ecclesia
1744 4700 1814 4763 sine
1833 4699 1982 4764 mendacio

450 4802 524 4856 sunt
545 4794 578 4855 in
600 4793 730 4857 caritate
751 4803 783 4856 et
801 4795 912 4876 gratia.
1252 4798 1359 4860 dicere
1373 4807 1506 4879 possunt
1519 4799 1588 4862 haec
1603 4800 1709 4879 verba,
1720 4799 1819 4862 Credo
1834 4800 1868 4861 in
1881 4800 1979 4873 licum3

490 4894 550 4955 Sed
572 4902 645 4956 tunc
665 4892 764 4973 objici
788 4902 901 4974 potest,
919 4894 1002 4976 quod
1023 4894 1119 4957 etiam
1145 4895 1196 4958 isti
1253 4896 1386 4977 etitem,
1403 4896 1530 4961 Dimitte
1544 4898 1638 4961 nobis
1658 4898 1766 4960 debita
1780 4907 1897 4978 nostra,
1911 4898 2085 4959 strumae

448 4990 633 5071 frequenter
656 4990 824 5054 venialiter
847 5000 878 5054 et
898 4992 1057 5055 interdum
1081 5005 1198 5057 morta·
1252 5004 1284 5057 et
1304 5015 1363 5058 nos
1383 4995 1573 5057 dimittimus
1596 5020 1604 5058 ε
1625 5015 1695 5077 quae
1718 4996 1752 5058 in
1777 4996 1902 5079 propria
1923 5015 1982 5078 per-

449 5090 521 5152 liter
545 5097 689 5170 peccant.
715 5090 760 5151 hd
789 5091 874 5170 quod
902 5090 1085 5169 dicendum,
1112 5094 1196 5173 quod
1253 5112 1330 5157 sona
1351 5093 1549 5157 mendaciter
1569 5094 1724 5157 dicerent.

448 5206 611 5269 nunquam
631 5187 725 5249 simul
750 5205 860 5249 omnes
886 5189 1060 5251 mortaliter
1085 5210 1198 5272 pecca·
1290 5193 1336 5254 Ex
1349 5192 1400 5253 his
1415 5192 1587 5255 innotescit
1603 5194 1763 5274 quomodo
1777 5192 1916 5257 Ecclesia
1933 5190 1981 5253 rni-

447 5294 572 5364 verunt,
589 5304 688 5367 quum
711 5286 927 5349 indesinenter
947 5287 1045 5369 aliqui
1067 5289 1099 5350 in
1115 5290 1195 5352 cari·
1252 5291 1346 5353 litans
1373 5290 1490 5355 dicitur
1517 5290 1707 5355 confirmata
1731 5291 1765 5353 in
1791 5292 1901 5373 gratia.
1923 5290 1980 5354 Nou
