4309 6250
221 513 262 559 nr
282 513 490 562 nnmonnarr
511 516 604 564 snm
625 517 793 564 murinus
812 517 850 564 rr
871 515 1040 566 cremans
1061 517 1201 577 concrcn,
1223 519 1311 566 eram
1333 521 1363 566 n.
1386 539 1427 550 —
1446 518 1517 567 aar.
1539 520 1571 577 x,
1593 519 1626 566 ιι
1646 499 1708 566 599

160 693 248 767 patet
261 686 301 749 de
316 686 559 769 particularibus
579 687 741 766 Ecclesiis,
758 707 827 770 que
841 688 947 770 epi-A
963 689 1066 752 adhuc
1095 708 1165 752 esse
1193 689 1379 772 perfectam,
1409 698 1441 754 et
1469 709 1527 754 sua
1560 690 1710 754 exercitia

161 783 269 866 scopis
284 793 359 848 sunt
372 785 571 865 commissae3
588 787 634 851 sic
656 794 721 850 tota
736 795 767 850 et
781 787 909 850 univer·
963 787 1096 870 implere
1110 789 1315 867 idoneam,eo
1329 790 1413 871 quod
1427 788 1603 872 apostolica
1614 788 1711 852 Sedes

162 882 239 945 salis
266 883 408 946 Ecclesia
442 883 574 964 requirit
607 884 640 946 in
675 893 759 947 terra
793 881 936 950 habere,
965 886 1125 948 interdum
1139 886 1194 949 diu
1209 887 1349 951 vacaviil
1360 886 1429 950 Non
1445 887 1595 950 videntur
1611 904 1712 967 quan·

162 999 317 1061 sponsum
341 981 566 1062 universalem,
588 983 642 1064 qui
667 1002 739 1045 cum
765 991 829 1046 tota
852 982 911 1045 Ec·
965 985 1085 1047 tumad
1101 985 1161 1048 boc
1181 985 1255 1048 boni
1275 984 1348 1065 lilii,
1364 985 1420 1066 qui
1440 985 1487 1048 sic
1502 984 1619 1047 summi
1634 984 1713 1047 Pon-

162 1078 261 1141 clesia
281 1079 448 1142 collective
467 1089 598 1162 accepta
619 1081 689 1144 vice
704 1081 819 1143 Christi
839 1081 910 1144 uni·
965 1082 1075 1163 tilicis,
1091 1083 1236 1146 omnium
1250 1083 1426 1164 spiritualis
1441 1083 1551 1166 petris,
1567 1083 1714 1145 nituntur

161 1177 286 1240 versele
305 1178 542 1241 matrimonium
565 1181 740 1260 contrabat,
755 1179 831 1260 quia
850 1199 909 1242 nec
965 1179 1142 1262 deprimere
1163 1181 1359 1263 dignitatem.

161 1275 255 1338 aliter
283 1276 435 1358 competit
463 1277 519 1341 toti
541 1277 692 1341 Ecclesiae
720 1297 909 1341 cesennam

162 1373 440 1455 universalemque
469 1393 618 1456 sponsam
653 1375 715 1438 nisi
745 1376 778 1438 in
810 1395 910 1458 quen-

162 1479 230 1533 tum
247 1470 413 1536 collective
428 1473 592 1555 accipitur.
602 1473 789 1555 Hujusmodi
803 1483 910 1539 autem
1185 1472 1430 1540 ARTICULUS
1448 1476 1492 1539 X.

162 1588 301 1650 sponsus
328 1579 376 1632 est
403 1571 497 1652 Papa,
524 1572 699 1634 secundum
728 1572 910 1635 [iurandum
967 1612 1059 1679 Quod
1072 1615 1150 1673 Em,

288 1668 294 1681 .
548 1669 554 1682 .
696 1671 702 1684 ,
1150 1613 1229 1682 esic,
1244 1633 1278 1672 eo
1293 1617 1379 1691 quod
1392 1617 1487 1674 nauis
1501 1624 1647 1685 vocatur,
1663 1617 1714 1674 in·

162 1668 202 1729 de
222 1668 339 1732 Ordine
354 1668 497 1731 Fratrum
519 1669 672 1733 bimorum
695 1690 728 1732 rn
750 1690 806 1732 sue
822 1671 912 1733 Sum·
1006 1701 1095 1777 dim,
1117 1721 1182 1762 ww
1199 1722 1323 1762 summo
1339 1705 1571 1780 yubemtore,
1586 1706 1646 1783 qm·
1670 1714 1714 1764 lo·

162 1785 226 1828 rna.
236 1766 323 1829 Unde
338 1767 557 1830 bonaventura
571 1765 814 1850 affirmat‚quod
830 1769 912 1850 Papa
1008 1791 1075 1849 erus
1089 1791 1184 1850 mvi,
1193 1792 1295 1868 huju,
1308 1812 1421 1853 curam
1429 1794 1715 1870 ymbernationem.

162 1873 212 1927 est
227 1864 342 1927 unicus
356 1865 574 1948 indivisnsque
589 1885 724 1947 sponsus
738 1865 887 1929 Ecclesia
902 1891 908 1928 ι
926 1863 949 1925 Β
1008 1898 1069 1957 que
1087 1880 1212 1942 babeat.

162 1964 248 2045 quod
274 1983 344 2026 esse
368 1982 432 2027 nou
457 1965 542 2027 velet
559 1964 621 2026 nisi
645 1973 789 2047 respectu
809 1965 912 2028 nnicae

163 2061 374 2144 indivisaque
389 2081 524 2144 sponse,
533 2081 602 2144 que
617 2065 792 2126 secundum
807 2065 915 2128 Ellie-
1043 2064 1091 2128 OC
1105 2084 1245 2146 presens
1260 2067 1413 2130 seculum
1428 2087 1576 2149 nequam,
1594 2068 1716 2151 laqueis

164 2179 345 2244 ronymnm,
355 2169 404 2224 est
419 2159 607 2224 universalis
622 2162 775 2242 Ecclesia,
786 2162 869 2226 sicut
883 2172 915 2226 ct
1058 2163 1199 2244 plenum,
1217 2164 1438 2246 inquietudine
1451 2185 1489 2229 ac
1504 2166 1659 2230 fluctibus
1674 2167 1718 2230 vi·

163 2277 262 2340 snper
282 2259 411 2322 Cantica
431 2260 542 2322 scribit
562 2259 742 2342 Gregorius.
968 2261 1096 2339 tiorum,
1124 2263 1383 2343 persecutionum
1408 2281 1534 2345 quoque
1558 2273 1590 2327 et
1617 2273 1718 2328 tante

204 2357 359 2439 Denique,
378 2359 458 2422 sicut
472 2359 679 2441 particulares
694 2359 842 2423 Ecclesiae
857 2377 914 2422 suo
958 2359 1092 2422 tionum
1112 2359 1262 2442 procellis
1284 2362 1454 2443 repletum,
1470 2381 1535 2425 non
1556 2363 1716 2428 immerito

165 2464 294 2537 pastore
315 2457 456 2538 private,
477 2477 495 2520 a
515 2476 632 2541 sponso
647 2458 782 2520 viduatae
804 2457 915 2520 dicun·
968 2475 1055 2520 mare
1069 2465 1211 2521 vocatur.
1228 2458 1372 2522 Ecclesia
1387 2479 1474 2538 vero,
1491 2461 1584 2544 cujus
1603 2461 1719 2524 sullra-

164 2562 227 2632 tur,
245 2554 357 2617 etalio
379 2563 503 2636 pastore
522 2575 559 2618 ac
575 2573 691 2636 sponso
710 2555 916 2618 vehementer
967 2557 1020 2637 gio
1036 2575 1094 2638 per
1107 2575 1194 2620 mare
1213 2558 1274 2621 boc
1295 2559 1334 2621 ed
1356 2567 1483 2640 portum
1505 2559 1616 2621 salutis
1630 2567 1719 2623 eeter-

164 2661 318 2734 cgentes3
344 2653 389 2715 sic
417 2661 449 2715 et
476 2653 666 2716 universalis
690 2653 832 2716 Ecclesia
857 2672 914 2716 suo
968 2671 1017 2714 uae
1038 2653 1283 2732 tmnsvebimur,
1297 2655 1356 2718 rite
1378 2656 1470 2718 navis
1489 2665 1631 2736 vocatur,
1647 2674 1719 2738 pro·

163 2751 290 2831 privata
318 2759 454 2832 pestere,
484 2769 503 2814 a
531 2768 648 2833 sponso
680 2753 914 2832 quodammodo
969 2757 1002 2812 ut
1026 2769 1123 2831 super
1143 2751 1260 2815 Lucam
1282 2761 1313 2815 et
1334 2753 1511 2816 Mattbaeum
1533 2754 1718 2817 Ambrosius

162 2848 283 2912 dicitur
307 2850 436 2912 viduata
455 2849 615 2930 (quemvis
639 2850 671 2912 in
692 2849 781 2913 coelis
801 2850 914 2914 habeat
967 2847 1272 2932 Chrysostomusque
1287 2850 1437 2914 letentur.
1454 2851 1542 2914 Unde
1558 2851 1718 2933 Eugenius

162 2967 331 3029 sponsum,
361 2948 415 3030 qui
446 2956 479 3010 et
510 2948 746 3030 particularium
778 2967 914 3030 sponsus
968 2945 1060 3027 Papa,
1077 2947 1130 3009 cui
1145 2948 1274 3030 scripsit
1287 2949 1318 3010 S.
1328 2948 1518 3029 bernardus,
1534 2950 1567 3010 in
1582 2948 1718 3031 epistola

163 3054 211 3108 est
236 3045 476 3124 Ecclesiarum),
502 3045 768 3128 vehementerque
793 3046 915 3128 indiget
931 3045 952 3107 G
968 3043 1007 3105 ad
1023 3043 1251 3109 cistercienses
1265 3046 1412 3129 profatur
1428 3071 1435 3109 :
1450 3047 1569 3110 Divinae
1583 3047 1719 3130 disposi-

163 3144 339 3207 universeli
368 3151 494 3226 pastore
523 3164 559 3207 ec
589 3163 716 3226 sponso,
742 3146 832 3207 utin
857 3165 913 3207 sue
968 3142 1063 3205 tionis
1085 3144 1215 3207 arbitrio
1234 3145 1268 3207 in
1292 3145 1397 3209 medio
1422 3145 1527 3227 pelagi
1548 3147 1588 3209 ad
1609 3165 1719 3228 regen-

164 3250 351 3323 permaneat
378 3243 509 3305 unitate.
536 3242 599 3306 Nec
625 3244 727 3306 solum
752 3243 911 3321 Romane,
967 3240 1041 3302 dem
1071 3261 1184 3305 navem
1214 3242 1366 3305 Ecclesia
1394 3244 1560 3306 constituti
1595 3264 1715 3307 sumus.

163 3343 219 3407 sed
242 3350 274 3404 et
295 3342 351 3404 toti
367 3340 516 3405 Ecclesiae
539 3341 716 3423 periculose
737 3350 786 3404 est
806 3350 837 3404 ct
859 3360 914 3403 ne
968 3338 1069 3420 Hujus
1086 3339 1183 3421 igitur
1203 3340 1295 3403 navis
1316 3342 1400 3404 bona
1413 3341 1547 3406 directio
1567 3342 1666 3423 exigit
1684 3350 1719 3403 ut

163 3440 238 3502 cive
266 3439 356 3522 Papae
379 3441 530 3502 carentia.
557 3441 629 3503 ldeo
658 3448 745 3503 sexto
769 3440 914 3503 Decreta·
969 3454 1067 3499 unum
1084 3457 1243 3500 summum
1264 3446 1359 3519 atqrm
1381 3457 1586 3502 communem
1604 3440 1719 3502 babeat

164 3538 245 3599 lium
260 3536 441 3601 bonifacius
456 3538 538 3619 Papa
559 3546 691 3600 testatur
708 3560 714 3599 :
731 3538 829 3612 Quem
844 3556 913 3619 gra·
969 3536 1212 3618 gubernatorem
1234 3556 1271 3599 ac
1293 3538 1498 3619 provisorem,
1519 3538 1574 3619 qui
1597 3537 1630 3599 in
1652 3537 1717 3601 alto

35 3628 43 3655 ⁴
82 3630 112 3665 '⁰'
134 3647 140 3657 ”
163 3637 259 3701 vibus
275 3636 913 3718 sitonustadispendiis,quotetquantis
969 3634 1197 3717 speculationis
1230 3654 1264 3697 se
1297 3654 1431 3717 ponens,
1466 3654 1529 3698 non
1565 3634 1717 3717 specialia

163 3736 205 3798 sit
228 3735 324 3816 plena
345 3734 496 3816 periculis
511 3734 658 3797 Ecclesiae
672 3735 821 3797 Romenae
842 3752 914 3816 pro
968 3742 1105 3812 tantum,
1122 3735 1177 3796 sed
1192 3743 1224 3796 et
1243 3733 1404 3815 generalia
1424 3734 1515 3796 navis
1536 3734 1634 3814 hujus
1653 3734 1718 3796 dis·

163 3834 228 3897 lixa
249 3834 384 3913 vacatio,
405 3832 507 3895 exacti
528 3832 739 3896 consideratio
761 3832 913 3915 temporis
970 3831 1098 3913 pendat,
1115 3851 1173 3915 per
1191 3852 1225 3895 se
1246 3840 1277 3895 et
1295 3831 1450 3914 periculis
1471 3841 1618 3895 occurrat
1632 3834 1717 3895 etde

163 3934 290 4011 edocet,
316 3941 347 3994 et
371 3930 569 3995 considerata
594 3931 762 4013 diligenter
784 3938 816 3993 et
840 3950 915 4011 pru-
970 3931 1161 4012 specialibus
1177 3950 1213 3993 ac
1234 3930 1436 4013 generalibus
1459 3929 1609 3993 remediis
1630 3950 1717 3994 com·

163 4034 279 4095 denter
306 4030 393 4093 illius
422 4030 575 4111 temporis
602 4029 788 4092 discrimina
815 4030 915 4091 mani·
970 4030 1071 4092 modis
1086 4030 1252 4111 provideat
1268 4050 1275 4089 :
1293 4038 1324 4091 et
1339 4028 1399 4091 iste
1414 4036 1463 4090 est
1476 4028 1570 4110 Papa.

163 4130 295 4193 [estant.
322 4129 462 4209 ltemque
486 4129 663 4191 animarum
692 4127 777 4191 salus
805 4128 912 4211 exigit,

163 4238 196 4291 et
222 4227 320 4291 totius
344 4226 431 4289 orbis
460 4225 593 4307 requirit
617 4225 748 4304 utilitas,
775 4235 808 4289 ut
832 4224 954 4310 Pepall

164 4327 226 4390 rite
253 4326 399 4407 eligatur,
424 4326 501 4387 dnm
529 4325 742 4405 predecessor
765 4326 836 4408 ejus
860 4326 915 4389 ob-
1175 4310 1420 4375 ARTICULUS
1443 4310 1504 4373 XI·

164 4426 249 4488 ierit.
267 4424 346 4488 Hinc
365 4423 471 4486 denuo
490 4423 654 4504 loquitur:
672 4423 725 4485 Dei
741 4424 851 4506 Filius,
867 4425 915 4487 Je-
969 4453 1126 4516 progatio
1150 4451 1302 4510 veritatis
1321 4450 1467 4526 ejusdem
1488 4469 1529 4508 35,
1553 4452 1610 4509 poc
1633 4454 1720 4529 quod

164 4544 220 4586 ⁵¹¹⁸
235 4522 388 4605 Christus,
404 4541 444 4585 ¹1⁰
459 4541 587 4603 gffldssm
604 4522 652 4583 5111
669 4524 833 4605 1118111111
848 4524 915 4605 810·
1010 4552 1076 4602 toto
1100 4542 1245 4601 Ecclesia
1273 4548 1319 4598 est
1348 4558 1413 4598 una
1441 4539 1559 4598 civitas
1587 4560 1718 4619 unaque

165 4622 242 4685 riosi
271 4621 371 4703 pretio
395 4620 603 4701 redemptum,
631 4640 819 4682 escensurus
844 4630 915 4703 post
1008 4633 1124 4689 domus
1143 4630 1214 4690 Dei.

164 4720 431 4783 resurrectionem
446 4718 486 4781 ed
500 4718 633 4796 Patrem,
644 4719 768 4800 'absque
789 4728 914 4802 pastore

164 4819 337 4897 desereret,
363 4817 462 4899 ipsius
488 4836 596 4879 curam
620 4816 757 4897 (scilicet
784 4838 915 4899 genera·
1032 4816 1087 4881 All
1107 4817 1247 4879 militans
1267 4834 1362 4896 quam
1385 4816 1584 4898 triumphans
1607 4815 1717 4880 Eccle-

166 4917 244 4994 lem,
271 4916 446 4977 secundum
471 4913 628 4994 Glossem)
651 4914 685 4976 B.
712 4915 801 4978 Petro
830 4934 915 4978 com·
1047 4917 1105 4995 sia,
1122 4916 1155 4977 in
1170 4915 1268 4977 veteri
1292 4932 1439 4995 novoque
1455 4916 1657 4977 Testamento
1671 4914 1717 4977 ci-

164 5015 266 5091 misit,
288 5022 323 5075 ut
347 5032 410 5075 suet
435 5012 604 5075 stabilitate
634 5012 710 5075 lidei
736 5022 857 5077 ceteros
883 5015 914 5075 in
970 5017 1051 5079 vites
1074 5014 1262 5097 appelletur.
1279 5013 1322 5074 lie
1344 5012 1493 5074 militanti
1518 5013 1637 5095 quippe
1659 5013 1717 5075 Ec-

165 5112 343 5176 christiana
358 5110 511 5193 religione
526 5109 680 5173 firmaret.
970 5114 1068 5177 clesia
1093 5113 1136 5175 eit
1159 5110 1325 5174 Psalmista
1341 5134 1348 5170 z
1366 5109 1509 5173 Gloriosa
1532 5110 1617 5172 dicta
1641 5119 1716 5173 sunt
1735 5123 1862 5175 Panno.

206 5212 310 5287 Ouum
324 5228 400 5293 ergo
414 5209 481 5272 baec
496 5208 538 5271 ite
553 5228 586 5271 se
601 5210 915 5291 babeeni,quom0do
970 5213 1010 5274 de
1035 5220 1076 5289 te,
1094 5211 1207 5273 civitas
1232 5209 1285 5271 Dei
1300 5231 1308 5286 3
1325 5216 1356 5269 et
1380 5209 1419 5270 ad
1439 5209 1585 5272 Hebraeos
1605 5207 1717 5273 scribit
1730 5191 1750 5229 ²⁴

166 5309 301 5393 quidem
323 5327 408 5371 nuno
423 5308 535 5371 dicunt
552 5306 726 5371 Ecclesiam
746 5308 815 5372 sine
833 5309 916 5392 Pepa
971 5309 1139 5392 Apostolus
1161 5331 1167 5370 :
1189 5305 1374 5371 lacessistis
1399 5307 1437 5368 ad
1462 5305 1538 5370 Sion
1560 5314 1713 5371 montem.
1730 5270 1806 5377 ἐφ’
1820 5282 1858 5322 ¹¹¹⁸
