4309 6250
397 517 438 565 ΒΕ
459 517 622 565 picturare
644 519 681 564 ΕΤ
701 518 850 565 anubibus
872 519 899 564 Β.
923 520 954 565 V.
976 517 1093 575 flantis,
1114 517 1204 564 trualt
1224 519 1244 565 Ι.
1267 535 1309 546 ·-·
1328 517 1398 562 ART.
1422 517 1477 562 111
1673 492 1714 559 43

164 686 220 750 Dei
255 685 408 769 templum
442 693 526 750 totus
559 687 697 749 mundus
729 693 908 765 veneretur,
925 686 951 748 Α
967 685 1146 750 coelestium
1165 704 1334 768 corporum
1354 685 1538 748 substantiis
1558 684 1713 762 inditam;

164 784 241 866 quia
264 785 296 846 in
326 803 364 848 eo
387 785 472 848 salus
497 784 607 847 mundi
634 793 682 848 est
706 784 839 847 initiata.
865 784 911 847 lbi
966 793 997 848 et
1015 803 1168 849 concesso
1188 786 1273 866 quod
1295 784 1438 848 coelestia
1457 802 1589 866 corpora
1609 789 1717 846 esseut

165 884 313 946 decorem
343 883 473 946 indutus
498 892 547 946 est
570 883 666 946 llilius
689 883 755 960 Dei,
776 891 807 946 et
833 901 912 964 pre-
964 884 1054 965 juxta
1083 883 1210 946 illorum
1238 882 1423 965 opinionem
1452 882 1600 962 animata,
1626 880 1716 942 nulla

165 981 274 1044 electae
303 999 367 1044 suat
396 981 544 1044 Ecclesiae
577 979 736 1044 formosus
765 981 798 1043 in
832 980 912 1044 stola
966 990 1071 1044 tamen
1088 982 1309 1064 predictarum
1330 999 1496 1044 causamm
1516 988 1587 1062 post
1602 980 1712 1057 Deurm

167 1079 300 1143 candida
319 1078 513 1142 exsultanter
532 1079 683 1158 occurrit,
699 1079 911 1142 desideratum
967 1080 1032 1143 imo
1054 1099 1114 1142 nec
1136 1099 1248 1144 omnes
1268 1088 1332 1142 tres
1357 1079 1464 1158 simul,
1481 1078 1658 1142 causalitati
1684 1084 1715 1141 et

166 1178 221 1242 diu
241 1177 387 1241 osculum
406 1177 584 1259 porrigens,
602 1185 633 1239 et
653 1176 828 1241 Ecclesiam
851 1177 911 1241 sibi
966 1175 1154 1240 fecunditati
1179 1178 1281 1241 ldariae
1306 1185 1436 1260 possent
1463 1177 1580 1259 aequari
1604 1200 1610 1238 :
1638 1194 1716 1258 quc-

165 1276 372 1358 desponsans.
399 1275 513 1339 Hortus
536 1274 722 1338 deliciarum
748 1282 797 1337 θεῖ
819 1275 911 1339 nobis
967 1272 1052 1335 niam
1079 1272 1202 1336 fmctus
1229 1281 1261 1336 et
1286 1273 1384 1336 titius
1408 1272 1627 1355 glorificande
1654 1272 1715 1334 lda-

166 1373 398 1436 sacratissimus
430 1381 503 1435 tuus
541 1379 662 1450 uterus,
697 1373 802 1452 ilaris,
837 1372 912 1454 quia
968 1371 1022 1434 rite
1042 1388 1155 1434 omnes
1177 1371 1248 1434 illas
1270 1379 1365 1453 atque
1391 1390 1500 1435 earum
1524 1369 1660 1433 effectus
1681 1370 1715 1432 in

166 1490 204 1534 ex
231 1490 269 1534 eo
303 1471 490 1553 multiplicis
519 1469 624 1552 gaudii
657 1470 756 1534 flores
790 1471 912 1552 colligi·
967 1467 1108 1532 bonitate
1137 1477 1169 1531 et
1196 1469 1349 1551 dignitate
1377 1469 1574 1532 transcendit
1602 1469 1635 1531 in
1668 1468 1717 1531 in-

167 1589 249 1648 mus,
266 1568 391 1650 quoties
411 1577 518 1631 mente
539 1568 708 1632 recolimus
730 1587 825 1650 quam
847 1587 913 1631 ma·
967 1565 1096 1628 finitum
1124 1575 1278 1648 quantum
1310 1569 1347 1630 ad
1377 1567 1502 1630 deitatis
1534 1586 1599 1630 sum
1625 1574 1717 1628 natu·

166 1686 229 1748 gna
260 1666 430 1730 multitudo
458 1666 637 1730 dulcedinis
666 1667 816 1730 universo
844 1667 912 1730 orbi
968 1683 1046 1742 ram,
1063 1664 1273 1729 ineffabiliter
1293 1684 1419 1748 quoque
1444 1666 1548 1747 quoad
1570 1674 1715 1729 naturam

165 1765 239 1828 inde
262 1763 458 1848 profluxerit.
968 1773 1174 1844 assumptam,
1205 1772 1241 1826 ut
1267 1764 1370 1827 Verbo
1400 1773 1518 1827 aeterno
1551 1763 1717 1826 immedia-

932 1860 999 1924 Bte
1025 1861 1157 1940 unitam,
1177 1880 1215 1924 ac
1241 1870 1327 1924 tanta
1348 1862 1520 1943 gratiarum
1546 1860 1718 1944 plenitudi-
1742 1894 1744 1897 ·

729 2013 732 2024 .
970 1979 1010 2022 ne
1032 1967 1296 2038 consummatam,
1312 1969 1406 2041 atque
1427 1967 1492 2022 tam
1513 1958 1718 2022 inestimabi-

360 2027 603 2092 ARTICULUS
627 2027 720 2092 XXI·
971 2057 993 2118 li
1018 2057 1215 2120 beatitudine
1242 2057 1458 2139 adimpletam,
1479 2057 1621 2139 Insuper,
1642 2056 1717 2118 dato

207 2178 254 2236 De
271 2175 476 2252 fecunditate
493 2176 645 2250 glorio-sce
662 2195 700 2234 ec
714 2194 876 2252 generosae
969 2157 1053 2238 q⁰⁰d
1075 2175 1138 2218 ΗΜ
1158 2155 1368 2237 iflffllllssffltist
1389 2154 1589 2238 Pf⁰d¹¹¹i⁵⁸⁰i
1608 2153 1715 2233 allam,

478 2265 606 2324 Marica.
971 2263 1005 2316 ut
1019 2253 1148 2334 quidam
1162 2254 1359 2335 scripserunt
1377 2252 1571 2336 philosophi,
1588 2271 1652 2316 non
1672 2261 1718 2314 ta·

971 2370 1044 2413 men
1073 2370 1182 2414 earum
1211 2350 1388 2414 iocunditas
1414 2351 1634 2414 sacratissima
1657 2351 1718 2412 lla·

28 2469 151 2520 rause.
236 2451 677 2526 GOsicutolicasructr'fera
692 2452 913 2512 indomoDei.
972 2449 1026 2513 riae
1061 2458 1168 2531 posset
1200 2449 1386 2512 fecunditati
1418 2449 1548 2531 equalis
1580 2448 1715 2527 censeri,

247 2547 347 2623 Ouum
363 2547 481 2610 bonum
497 2548 538 2608 sit
552 2547 601 2609 sui
617 2547 915 2611 communicativum
970 2567 1069 2630 quum
1095 2547 1164 2629 ipsa
1188 2547 1331 2609 omnium
1356 2547 1637 2629 intelligentiarum
1667 2564 1717 2627 pe

166 2665 203 2708 ac
219 2645 418 2724 diffusivum,
434 2645 517 2726 quod
534 2645 672 2708 melioris
692 2646 914 2728 productivum
971 2645 1089 2728 pererit
1114 2644 1297 2725 primariam
1326 2665 1363 2708 ac
1389 2663 1545 2707 summam
1574 2663 1714 2722 causam,

166 2753 214 2807 est
232 2743 396 2826 germinis,
419 2743 532 2806 melius
550 2763 620 2806 csse
640 2752 797 2806 censetur.
814 2744 917 2818 Quan-
971 2764 1040 2826 quaa
1069 2743 1103 2806 in
1130 2743 1216 2807 omni
1242 2741 1364 2806 effectu
1389 2743 1461 2825 plus
1486 2742 1594 2805 influit
1619 2762 1716 2825 quam

166 2850 197 2905 ta
223 2859 299 2923 ergo
324 2840 448 2904 bonitas
470 2841 621 2923 virginea
642 2841 758 2920 ltlatris,
782 2860 851 2923 que
877 2841 916 2904 fi·
970 2860 1179 2924 quascumque
1201 2860 1296 2904 causa
1318 2842 1468 2904 secunda.

167 2940 245 3002 lium
278 2939 403 3021 peperit
429 2938 578 3002 bonitatis
606 2938 780 3018 immense,
804 2948 916 3022 utputa
1011 2939 1164 3021 lienique,
1195 2939 1228 3000 in
1257 2939 1487 3020 redemptione,
1517 2939 1716 3022 reparatione

166 3057 278 3100 verum
294 3038 415 3100 Deuml
430 3037 551 3112 Quanta
566 3045 613 3099 est
632 3037 702 3119 ejus
723 3038 913 3118 fecunditas,
932 3036 954 3099 C
971 3045 1002 3100 et
1023 3037 1198 3100 salvatione
1221 3036 1316 3100 totius
1341 3037 1472 3099 humani
1493 3037 1629 3118 generis,
1646 3037 1718 3099 illu-

166 3155 238 3218 quae
259 3136 503 3218 comparentalis
524 3144 572 3199 est
593 3136 673 3198 Patri
698 3144 828 3215 esterno,
845 3157 915 3218 que
971 3135 1128 3199 strissima
1152 3135 1248 3217 Virgo
1270 3144 1334 3197 tam
1356 3135 1549 3199 excellenter
1569 3154 1718 3218 coopera-

167 3233 318 3317 0pificem
338 3234 447 3315 genuit
463 3234 616 3315 universi,
633 3242 664 3296 et
684 3234 847 3317 proprium
862 3255 916 3317 ge·
970 3242 1001 3294 ta
1026 3233 1162 3310 videtur,
1188 3233 1273 3313 quod
1297 3233 1386 3295 nulla
1410 3242 1586 3296 creatarum
1610 3253 1720 3296 causa·

168 3332 293 3395 neravit
312 3331 468 3395 artificem
494 3334 693 3395 increatuml
710 3332 746 3395 Et
770 3334 915 3413 quamvis
970 3351 1040 3394 rum
1070 3331 1222 3393 naturalis
1252 3332 1431 3409 causalitas,
1457 3330 1637 3395 fecunditas
1665 3341 1719 3394 aut

168 3430 238 3513 ipsa
252 3448 316 3493 non
336 3430 376 3492 sit
394 3437 495 3493 mater
516 3430 602 3492 illius
617 3438 769 3512 quantum
789 3431 828 3493 ad
844 3450 913 3493 eam
971 3438 1110 3512 potestas
1132 3430 1161 3493 ei
1184 3429 1268 3492 valet
1288 3430 1405 3510 aequari
1423 3454 1430 3491 ι
1448 3430 1532 3493 sicut
1551 3449 1611 3493 nec
1635 3431 1719 3493 dona

167 3537 312 3591 naturam
335 3547 398 3609 qua
422 3528 477 3591 ille
498 3536 546 3591 est
568 3528 716 3591 bonitatis
739 3528 912 3606 immensae,
972 3536 1092 3590 naturae
1115 3528 1207 3591 donis
1235 3536 1368 3611 possunt
1391 3529 1499 3610 gratiae
1527 3537 1583 3591 aut
1609 3528 1719 3610 gloriae

167 3646 230 3707 qua
254 3635 285 3688 et
307 3625 445 3689 creativa
467 3625 608 3709 potentie
629 3626 779 3689 convenit
800 3626 851 3704 θὶς
868 3628 915 3690 ni·
972 3625 1006 3687 in
1031 3626 1186 3707 dignitate
1211 3626 1374 3708 comparia
1400 3625 1570 3707 perhiberi.
1591 3626 1720 3690 Constat

167 3724 233 3787 bilo
257 3724 363 3786 minus
387 3742 461 3786 vere
483 3731 531 3785 est
555 3732 655 3785 meter
679 3722 775 3786 illius.
792 3724 830 3786 Et
853 3724 915 3787 nisi
972 3732 1135 3807 praeterea,
1151 3724 1235 3806 quod
1258 3724 1477 3787 amantissima
1498 3725 1551 3787 liei
1578 3732 1642 3787 tam
1664 3744 1719 3807 po-

167 3842 225 3905 per
247 3822 331 3886 dona
357 3820 631 3885 excellentissima
652 3823 760 3903 gratim
784 3822 916 3904 dignifi-
972 3830 1041 3884 tens
1063 3822 1104 3883 sit
1123 3822 1208 3904 apud
1226 3822 1476 3903 omnipotentem
1495 3822 1609 3884 Filium
1625 3842 1718 3885 suum

167 3930 237 3983 eata
262 3928 294 3982 et
317 3928 423 4001 aptata
451 3918 564 3982 luisset
593 3927 715 3982 tantum
745 3921 915 4002 concipere
971 3920 1009 3981 ad
1045 3920 1281 4000 impetrandum
1314 3920 1438 3982 cunetis
1470 3940 1540 3983 eam
1569 3920 1720 3983 invocan-

166 4036 382 4101 genererequc
402 4017 520 4097 filium,
538 4037 601 4080 non
622 4038 695 4081 eum
716 4018 915 4099 utiquecon-
971 4018 1054 4080 tibus
1088 4018 1280 4080 charismata
1312 4019 1497 4099 gratiarum,
1531 4020 1616 4100 quod
1648 4020 1719 4100 ejus

167 4117 313 4198 cepisset.
330 4115 450 4197 ltaque,
467 4116 550 4179 siout
571 4115 707 4193 bonitas,
726 4117 768 4179 ita
788 4135 914 4199 quoque
971 4116 1120 4197 potentias
1144 4117 1176 4177 in
1199 4116 1260 4178 bec
1289 4116 1410 4179 nullius
1438 4126 1591 4181 creatura
1616 4127 1721 4199 potest

167 4215 336 4278 causalitas
355 4221 386 4276 et
401 4214 578 4277 fecunditas
597 4215 832 4278 amabilissima
849 4216 915 4277 Vir-
930 4215 954 4276 Ι)
971 4215 1147 4296 comparari
1168 4215 1319 4296 petentia,
1336 4235 1396 4277 nec
1415 4215 1480 4277 ulla
1494 4216 1650 4279 naturalis
1669 4235 1720 4298 po

166 4312 262 4395 ginis,
279 4310 379 4375 blaciae
395 4311 613 4389 sanctissima,
629 4312 773 4375 omnium
793 4321 915 4375 creatu·
971 4320 1078 4375 testas.
1105 4312 1277 4389 Postremo,
1308 4313 1341 4374 in
1370 4314 1601 4394 supernaturali
1632 4324 1720 4396 pote-

168 4430 273 4472 rerum
299 4410 484 4487 bonitatem,
505 4410 723 4472 causalitatem
751 4419 783 4472 et
804 4411 915 4473 fecun-
970 4418 1049 4473 state
1073 4409 1214 4472 faciendi
1239 4411 1404 4491 miracula,
1429 4412 1462 4472 in
1488 4420 1642 4491 potestate
1667 4432 1720 4476 co-

166 4509 295 4571 ditatem
317 4507 513 4570 transcendit
530 4530 537 4567 :
554 4507 672 4588 quippe
695 4526 766 4588 que
791 4510 915 4590 peperit
970 4508 1098 4571 ercendi
1133 4508 1234 4570 aerias
1269 4517 1454 4591 potestates,
1491 4510 1525 4571 in
1565 4518 1718 4590 potestate

166 4607 257 4669 illum
282 4626 299 4668 a
323 4623 387 4687 quo
412 4623 476 4668 non
502 4604 606 4668 solum
630 4605 796 4668 descendit
819 4625 914 4669 omne
969 4605 1177 4687 gubernativa
1195 4625 1231 4668 ac
1251 4605 1417 4669 defensiva
1438 4607 1534 4670 totius
1555 4607 1715 4685 Ecclesia,

165 4724 236 4768 esse
257 4712 387 4781 nature,
405 4704 460 4765 sed
481 4702 576 4765 ctiam
599 4714 693 4766 omne
713 4722 782 4766 esse
805 4704 914 4785 gratim
970 4704 1002 4766 in
1023 4712 1177 4785 potestate
1197 4703 1373 4785 imperandi
1395 4704 1483 4767 omni
1504 4706 1650 4768 rationali
1671 4707 1719 4768 in-

164 4822 202 4867 ac
225 4802 348 4878 salutis,
371 4808 403 4863 et
424 4819 519 4864 omne
542 4820 612 4863 esse
633 4802 751 4882 gloriae.
969 4801 1206 4883 tellectualique
1221 4809 1456 4879 creaturae,non
1471 4811 1520 4865 est
1535 4812 1606 4885 post
1620 4804 1716 4866 Deum

205 4900 359 4982 Amplius,
386 4897 503 4960 summi
536 4897 715 4979 philosophi
741 4908 915 4981 posueruut
969 4918 1106 4981 persona
1135 4900 1404 4982 prestantissima
1433 4901 1556 4983 Virgini
1590 4920 1718 4985 compa-

165 5006 423 5080 quatuorcausas
435 4996 913 5078 universales,videlicetDeum,
971 4999 1079 5075 randa,
1096 4999 1150 5061 sed
1171 4998 1241 5079 ipsa
1258 4997 1442 5062 beatissima
1462 5019 1498 5062 ac
1518 5000 1717 5063 divinissima

166 5094 566 5177 intelligentiem‚animam
581 5094 722 5157 nobilem
738 5098 846 5177 (quam
862 5116 916 5178 pu·
970 5106 1114 5159 creatura
1142 5098 1313 5179 primatum
1343 5098 1376 5158 in
1411 5098 1461 5159 bis
1489 5100 1637 5162 omnibus
1669 5108 1718 5163 est

164 5195 275 5258 tabant
298 5193 436 5257 coelestis
460 5194 602 5275 corporis
624 5193 784 5272 formam),
805 5202 837 5257 et
860 5215 915 5258 na·
970 5196 1091 5258 sortita.
1108 5196 1180 5259 Ideo
1204 5196 1395 5258 adversariis
1418 5198 1626 5277 potestatibus
1647 5219 1718 5281 per-

166 5302 269 5357 turam
294 5290 519 5371 universalem,
536 5291 568 5353 id
594 5301 642 5355 cst
666 5292 729 5355 vim
754 5292 914 5357 causalem
970 5294 1097 5358 bibetur
1120 5292 1272 5357 terribilis
1295 5303 1330 5357 ut
1353 5303 1529 5359 castrorum
1558 5298 1643 5360 acies
1667 5318 1717 5362 er·
1731 5322 1861 5378 cmg,
