4309 6250
479 517 600 570 terrm
617 518 789 571 rmrrauu
808 516 980 575 mama,
1001 516 1091 564 amm
1112 517 1144 564 u.
1166 535 1207 548 -
1227 516 1297 562 aar.
1321 517 1396 564 mr
1617 546 1622 554 .
1655 495 1713 562 sat

159 690 310 773 butyrum
324 700 357 754 et
370 691 431 771 lac,
442 699 474 755 et
487 691 595 774 posuit
604 711 712 756 coram
726 693 912 775 eis3quum·
925 689 951 752 Α
966 696 1083 759 derunt
1102 711 1232 756 manum
1253 691 1335 772 eius,
1353 698 1385 754 et
1403 707 1533 753 manum
1555 685 1660 751 uxoris
1679 705 1716 750 ac

159 807 224 870 qne
248 790 474 871 comedissent,
498 790 648 854 dixerunt
670 792 711 854 ad
734 811 821 871 enm,
846 799 908 855 etc.
966 794 1101 856 duarum
1122 792 1263 854 liliarum
1283 789 1364 873 ejus,
1382 797 1414 852 et
1432 788 1608 852 eduxerunt
1630 803 1714 864 eum,

158 888 269 969 ltaque
297 888 505 950 comederunt
532 896 565 952 et
598 908 728 952 manum
756 908 911 972 apposue-
967 898 1205 974 posueruntque
1220 897 1308 952 extra
1326 887 1501 964 civitatem,
1518 893 1550 950 et
1568 886 1716 948 dixerunt

159 994 257 1063 mnt3
277 1006 337 1049 nec
362 986 519 1050 Abrabam
542 987 613 1051 ideo
637 987 784 1072 stupidus
806 987 911 1051 iactus
967 992 1007 1054 ad
1034 1009 1107 1052 eum
1139 1013 1146 1052 :
1177 988 1269 1052 Salva
1297 985 1434 1050 animam
1464 994 1563 1064 tuam,
1590 993 1620 1047 et
1649 983 1715 1046 noli

158 1095 210 1149 est
227 1086 305 1168 quia
324 1085 372 1149 illi
391 1105 456 1148 non
476 1087 693 1150 comederunt.
967 1089 1126 1171 respicere
1151 1095 1223 1171 post
1244 1095 1369 1170 tergum
1393 1093 1495 1164 tuum,
1521 1105 1562 1148 ne
1591 1102 1727 1166 pereas..

200 1184 374 1266 Sequitur:
392 1186 695 1247 litiaerodicentes
713 1207 745 1246 se
764 1207 828 1247 non
845 1189 913 1246 nisi
967 1186 1005 1250 Et
1033 1194 1105 1270 post
1132 1205 1234 1270 pauca
1262 1183 1467 1267 subjungitur
1496 1207 1503 1245 ι
1530 1182 1715 1265 Respiciens
1731 1205 1867 1256 sessura.

158 1286 206 1342 ad
218 1286 279 1344 Lot
293 1303 450 1363 suamque
466 1293 592 1361 pentem
616 1286 739 1354 missos,
754 1291 815 1348 etc.
831 1284 912 1359 Gne
967 1306 1047 1350 uxor
1068 1285 1140 1368 ejus
1163 1293 1236 1369 post
1259 1305 1303 1365 se,
1331 1303 1422 1347 versa
1445 1291 1494 1346 est
1522 1281 1554 1344 in
1579 1290 1714 1345 statuam

159 1381 257 1444 modo
271 1400 382 1443 verum
397 1389 457 1459 est,
465 1399 564 1463 quum
579 1401 689 1446 revera
702 1384 743 1446 ad
754 1382 911 1445 Abrabam
967 1386 1054 1449 salis.
1076 1385 1185 1467 ltaque
1207 1383 1324 1447 laisum
1346 1390 1395 1446 est
1418 1381 1502 1464 quod
1527 1379 1559 1444 in
1582 1381 1642 1445 isto
1665 1399 1715 1444 ca-

40 1478 282 1542 e..na.lnerint
316 1479 417 1559 missi,
447 1481 621 1562 presertim
650 1501 734 1544 nnus
769 1480 824 1544 ille
855 1481 912 1563 qui
967 1484 1068 1568 pitulo
1094 1482 1221 1566 legitur,
1244 1481 1374 1545 nuntios
1398 1480 1515 1544 dixisse
1540 1480 1579 1543 ad
1602 1480 1660 1543 Lot
1680 1485 1716 1542 ut

30 1560 56 1598 ¹⁰·
159 1577 305 1640 laturam
327 1577 414 1641 lsaac
437 1578 635 1641 nativitatem
659 1579 815 1662 predixit,
830 1579 912 1660 jam·
966 1601 1079 1646 omues
1094 1582 1133 1644 de
1148 1600 1205 1645 sua
1218 1589 1313 1662 gente
1327 1579 1373 1660 (id
1387 1587 1435 1642 est
1449 1579 1489 1642 de
1505 1597 1561 1642 sua
1580 1576 1715 1658 familia)

159 1695 224 1756 qne
238 1675 323 1738 Deus
336 1676 549 1754 asseruerit«
565 1677 721 1741 Abrabam
737 1677 817 1740 meis
831 1697 913 1740 nun·
966 1681 1126 1756 educeret,
1148 1677 1276 1759 dempta
1296 1697 1358 1740 una
1381 1674 1515 1739 muliere
1533 1694 1665 1757 passura
1683 1674 1714 1737 id

159 1775 214 1836 tiis
243 1774 306 1838 sibi
334 1775 443 1837 missis
467 1778 511 1837 »t
536 1776 684 1858 Sequitur
709 1800 717 1838 ε
743 1778 911 1840 Abrabam
965 1779 1050 1861 qnod
1075 1776 1246 1840 Sodomite
1270 1774 1410 1858 perpessi
1441 1782 1525 1836 sunt.
1551 1773 1610 1836 Per
1631 1773 1714 1836 hauc

158 1877 406 1934 admonuerunt
419 1894 460 1934 ne
479 1894 611 1935 cansam
626 1877 773 1945 iliorum,
789 1874 949 1938 scilieetll
967 1877 1085 1942 etenim
1101 1875 1266 1938 mulierem
1285 1875 1378 1937 datur
1398 1873 1533 1954 intelligi
1548 1889 1627 1935 uxor
1645 1871 1712 1936 lot.

28 1983 145 2032 stetten·
159 1972 385 2050 Sodomomm,
400 1977 542 2033 alterius
557 1983 726 2034 tractaret.
742 1973 778 2035 ln
796 1972 911 2036 Genesi
967 1976 1055 2041 Unde
1081 1974 1113 2036 in
1137 1973 1210 2037 aliis
1235 1972 1382 2055 passibus
1410 1971 1557 2035 Alcorani
1585 1978 1715 2035 vocatur

28 2048 56 2089 ³³·
158 2071 289 2152 legitur,
319 2071 404 2152 quod
433 2070 589 2134 Abrabam
619 2070 749 2134 deduxit
781 2071 912 2154 angelos
967 2075 1085 2151 vetula,
1103 2073 1171 2135 sive
1192 2071 1363 2154 decrepita.
1380 2071 1436 2134 llla
1457 2069 1543 2134 enim
1565 2089 1638 2133 cum
1657 2070 1715 2133 Lot

159 2187 252 2232 asuo
266 2169 473 2232 tabernaculo
489 2169 686 2247 recedentes,
702 2178 735 2232 et
750 2171 837 2252 quod
852 2171 910 2233 viri
966 2173 1082 2250 exivit3
1103 2191 1162 2234 nec
1188 2169 1292 2252 angeli
1317 2169 1455 2251 aliquem
1482 2187 1649 2252 personam
1675 2169 1715 2232 ad

157 2267 205 2347 (id
221 2275 272 2330 est
286 2267 391 2349 angeli
413 2267 446 2329 iu
468 2267 611 2331 virorum
633 2267 740 2350 specie
758 2288 913 2351 apparen-
966 2273 1098 2336 domum
1119 2270 1177 2333 Lot
1202 2268 1413 2352 pertinentem
1438 2275 1641 2350 exceperunt.
1658 2267 1715 2330 llla

158 2370 221 2443 tes)
243 2375 472 2429 converterunt
492 2385 527 2428 se
549 2366 635 2445 inde,
651 2365 912 2449 intraveruntque
967 2371 1097 2434 demum
1113 2368 1228 2431 mulier
1243 2386 1305 2430 uon
1327 2374 1376 2430 est
1391 2386 1485 2449 passa
1506 2366 1538 2429 id
1559 2365 1644 2448 quod
1660 2366 1715 2430 So-

158 2465 343 2527 Sodomam.
359 2463 431 2526 Post
449 2463 510 2528 boc
530 2463 687 2527 Abrabam
707 2466 825 2528 mansit
838 2485 911 2528 cum
968 2469 1095 2533 domitas
1116 2491 1123 2530 :
1145 2467 1220 2550 quia
1249 2465 1281 2528 in
1308 2473 1442 2528 statuam
1468 2466 1544 2529 salis
1568 2473 1616 2530 est
1639 2485 1715 2530 cou-

158 2581 227 2625 uno
250 2563 366 2644 angelo
389 2570 489 2642 stans,
515 2563 680 2644 oravitque
704 2564 803 2626 Deum
826 2572 860 2626 ut
884 2564 911 2626 si
967 2586 1080 2646 versa3
1098 2565 1265 2629 Sodomita)
1281 2583 1356 2627 vero
1372 2563 1445 2645 igne
1459 2573 1491 2626 et
1505 2563 1626 2627 sulfure
1641 2571 1715 2627 sunt
1729 2587 1862 2639 [irrupi.

157 2669 269 2724 essent
284 2660 476 2723 inSodomis
496 2660 726 2743 quinquaginta
745 2661 804 2724 viri
818 2661 910 2745 justi,
967 2664 1162 2746 consumpti.

157 2767 292 2842 propter
312 2777 368 2822 eos
382 2767 527 2840 parceret
541 2758 672 2823 civitati.
689 2759 809 2822 Deinde
828 2779 911 2842 sepe
1007 2765 1089 2828 Ecce
1110 2769 1188 2844 quot
1208 2769 1240 2824 et
1262 2769 1381 2842 quanta
1401 2761 1567 2824 mendacia
1589 2761 1622 2823 in
1649 2770 1713 2824 tam

155 2857 328 2919 enudllus
351 2876 370 2919 a
394 2857 469 2936 Μ),
491 2857 643 2938 paulatim
667 2857 843 2923 deseendit.
861 2859 912 2921 Di·
968 2863 1056 2929 brevi
1076 2861 1172 2942 hujus
1188 2859 1318 2942 capituli
1335 2879 1430 2941 passu
1450 2867 1598 2922 contenta
1618 2869 1711 2924 suntt

155 2956 268 3036 xitque
295 2955 327 3018 ei
355 2955 450 3033 Deus,
479 2957 564 3038 quod
600 2966 744 3038 parceret
778 2957 849 3020 urbi
883 2957 911 3020 si

155 3061 268 3117 essem
282 3052 315 3116 in
331 3073 369 3116 ea
382 3053 493 3117 decem
508 3053 597 3137 justi.
614 3054 653 3117 lit
668 3063 742 3118 tunc
758 3055 831 3138 plus
845 3074 909 3120 non
927 3056 950 3121 G

154 3154 296 3216 audebat
309 3154 503 3216 descendere
517 3154 696 3237 ampliusve
711 3154 910 3236 rogareNon
1142 3136 1387 3201 ARTICULUS
1411 3136 1537 3201 XXXl·

155 3270 235 3333 ⁰¹3⁰
250 3251 485 3314 ⁸⁴lffl⁰¹¹¹¹⁸l¹¹¹¹²
504 3270 577 3315 0⁰⁰¹
596 3252 700 3333 “⁰8⁰5
720 3272 761 3315 ¹¹⁰
780 3272 909 3317 ⁰⁸¹¹S⁸¹¹¹
988 3276 1110 3335 Contra
1142 3276 1421 3351 imperitissimam
1451 3286 1481 3337 et
1510 3280 1695 3337 mendosam

155 3351 371 3413 Sodomorum
392 3349 476 3411 ultra
497 3358 656 3413 tractaret.
672 3349 710 3413 Et
731 3351 758 3413 si
781 3351 843 3415 tuit
857 3354 910 3416 ad·
1009 3366 1232 3425 recitationem
1247 3366 1389 3441 capituli
1402 3368 1548 3427 oi'eesimi
1557 3368 1675 3443 primi.

157 3448 316 3526 monitus,
333 3466 397 3512 non
412 3446 473 3510 nisi
493 3448 533 3511 ab
552 3467 617 3512 uno
635 3449 816 3513 admonitus
835 3451 907 3516 luit.

197 3546 323 3609 Deinde
347 3545 540 3609 describitur
562 3546 701 3628 qualiter
722 3548 828 3630 angeli
858 3570 911 3613 ve·
1029 3548 1117 3611 luca
1146 3550 1310 3613 exordium
1339 3552 1436 3633 hujus
1465 3553 1595 3635 capituli
1625 3556 1714 3635 quasi

158 3646 288 3707 nientes
310 3644 349 3707 ad
368 3644 425 3707 Lot
446 3654 580 3726 egerunt
601 3665 675 3709 cum
697 3666 736 3710 eo
752 3670 759 3709 ε
777 3657 809 3711 et
828 3649 910 3713 ultra
1043 3667 1082 3710 ex
1111 3647 1164 3710 Dei
1196 3667 1332 3729 persona
1360 3650 1478 3713 dicitur
1505 3652 1680 3717 llabometo
1706 3680 1713 3719 ι

157 3744 294 3807 modum
316 3742 463 3825 imperite
487 3751 582 3825 atque
606 3746 802 3809 mendaciter
826 3748 910 3811 istud
967 3748 1235 3808 transeuntem
1260 3750 1432 3810 verboram
1456 3752 1517 3810 tibi
1544 3754 1717 3814 missorum

157 3842 211 3905 hic
227 3840 480 3905 recitatur.Nam
494 3842 612 3905 dicitur
625 3843 689 3923 hic,
701 3846 786 3926 quod
801 3850 913 3923 ampeli
962 3846 1227 3922 pulcherrimum
1251 3850 1422 3908 enarrabo.
1445 3852 1580 3917 mando
1602 3854 1717 3928 loseph

154 3946 322 4003 acuerunt
341 3944 386 4001 ad
404 3944 464 4003 Lot
485 3962 498 4001 .·
518 3946 544 4005 0
563 3944 637 4012 Lot,
657 3946 833 4005 nossalim
850 3949 913 4008 Dei
968 3945 1084 4004 retulit
1096 3945 1190 4020 patri
1204 3964 1260 4003 suo
1280 3947 1400 4005 cidisse
1419 3968 1451 4006 se
1474 3950 1623 4009 undecim
1644 3956 1716 4011 stel-

156 4042 276 4101 nuntii
289 4060 414 4110 samiis,
429 4042 474 4100 ad
488 4060 567 4120 qnos
580 4040 682 4122 (ipsos
697 4042 846 4105 videlicet
860 4044 912 4107 So
967 4046 1016 4102 las
1030 4052 1059 4101 et
1074 4045 1172 4102 solem
1191 4052 1221 4101 et
1241 4047 1355 4103 tunam
1371 4064 1403 4103 se
1425 4047 1479 4104 illi
1492 4048 1717 4120 humiliantes,

155 4137 311 4216 domitas)
336 4138 428 4197 nobis
455 4140 551 4199 abati
576 4149 723 4215 optantes
746 4143 911 4217 applicari
966 4142 1284 4218 dieitpateripsins
1300 4162 1312 4201 .·
1327 4144 1430 4221 Ofili,
1445 4146 1607 4205 somnium
1622 4156 1714 4208 tuum

155 4238 296 4297 minime
318 4238 374 4315 sas
395 4245 453 4297 est.
471 4239 521 4299 Tu
541 4258 616 4297 vero
638 4240 675 4298 in
697 4241 837 4300 termino
856 4260 911 4301 no-
926 4238 951 4300 D
967 4240 1024 4298 doc
1045 4242 1112 4300 tuis
1125 4241 1292 4316 fratribus
1313 4260 1353 4300 ne
1375 4246 1562 4312 recalcans
1584 4246 1645 4304 tibi
1655 4264 1717 4322 per

155 4338 219 4396 etis
230 4336 411 4412 proposita,
427 4352 541 4398 aurora
555 4333 704 4399 videlicet
718 4336 907 4420 propinqua,
967 4338 1131 4398 invidiam
1147 4340 1228 4398 mali
1241 4340 1373 4418 aliquid
1387 4341 1626 4405 machinentur.
1644 4342 1716 4408 Por-

155 4455 232 4495 cum
257 4442 326 4494 tota
345 4442 442 4510 pente
466 4442 536 4503 tua,
556 4444 682 4511 proeter
710 4455 811 4497 unam
839 4458 910 4498 mn·
968 4454 1003 4498 ro
1026 4435 1058 4497 in
1082 4434 1196 4498 Genesi
1222 4436 1377 4519 scriptum
1402 4446 1460 4518 est,
1486 4440 1569 4519 quod
1599 4440 1714 4524 loseph
1732 4473 1802 4516 assa
1804 4482 1869 4520 „„„„„

157 4534 277 4593 lierem
292 4534 330 4591 id
349 4534 436 4611 quod
454 4533 556 4592 ceteri
572 4550 758 4608 passuram,
773 4554 911 4612 surpens
967 4534 1077 4597 retulit
1096 4535 1248 4598 iratribus
1269 4535 1334 4598 suis
1355 4537 1516 4601 somnium
1536 4538 1632 4603 istud.
1733 4542 1752 4580 ⁹·

157 4632 302 4700 discede,
317 4636 379 4692 etc.
1007 4633 1128 4696 Deinde
1152 4632 1203 4695 hic
1227 4633 1368 4697 dicitur:

197 4727 297 4791 Portu
311 4726 344 4788 in
358 4726 472 4790 Genesi
487 4726 650 4810 Scriptura
667 4729 811 4793 veritatis
824 4730 908 4793 istud
1006 4736 1143 4795 Fratres
1161 4734 1275 4808 loseph
1294 4736 1456 4796 umerum
1470 4756 1482 4796 .·
1497 4739 1564 4800 Nos
1579 4760 1651 4799 eum
1668 4742 1716 4800 in·

38 4844 86 4887 nu
102 4863 142 4900 ω,
156 4825 203 4888 sic
219 4825 352 4889 recitat:
364 4824 516 4887 Dixerunl
529 4827 635 4915 angeli
650 4827 690 4890 ad
703 4828 759 4891 Lot
772 4852 780 4890 t
793 4828 908 4891 Omnes
966 4832 1175 4907 terfieiemus.
1191 4834 1258 4892 Seri
1273 4834 1406 4910 quidam
1423 4854 1533 4896 eorum
1550 4838 1621 4913 ejus
1636 4858 1719 4899 mor·

27 4910 54 4955 ¹²·
67 4915 94 4954 ¹³·
156 4924 211 5007 qui
228 4924 275 4987 tni
290 4930 375 5003 sunt,
392 4924 473 4986 educ
487 4924 528 4987 de
541 4924 621 4987 urbe
634 4925 715 5005 bac3
731 4927 909 4991 delebimus
967 4939 1029 4990 tem
1053 4930 1258 4999 dissuadens,
1283 4932 1373 4991 di'sit
1398 4952 1410 4992 :
1433 4934 1507 4994 Non
1528 4938 1717 5011 perimatur

24 5041 140 5095 renisu,
155 5023 245 5086 enim
266 5023 373 5085 locum
393 5022 499 5085 istum.
516 5022 681 5106 Quumque
699 5034 784 5087 esset
802 5045 907 5106 mane,
962 5030 1092 5104 loseph,
1117 5032 1173 5087 sed
1197 5030 1233 5087 in
1257 5030 1445 5101 cisternam,
1472 5034 1502 5091 si
1527 5035 1643 5103 uetitis,
1665 5039 1717 5095 de-

156 5123 317 5204 oogebant
343 5140 417 5183 eum
446 5120 563 5203 augeli,
592 5122 735 5186 diceutes
761 5147 768 5186 :
796 5125 906 5207 Surge,
964 5128 1133 5194 mittatur,
1150 5136 1186 5186 ut
1200 5127 1323 5206 aliquis
1337 5130 1487 5189 euntium
1508 5134 1557 5189 cel
1579 5135 1717 5193 redeun-

154 5221 233 5285 tolle
262 5238 395 5282 uxorem
422 5226 520 5296 tuam,
547 5228 580 5282 et
605 5221 685 5283 duas
714 5221 800 5285 tilias
828 5242 907 5304 quas
966 5226 1050 5283 tium
1065 5244 1139 5284 eum
1156 5226 1717 5303 inveniens,lrincauferat.Fratres

153 5320 266 5383 habes·
285 5316 509 5381 Dissimulante
523 5326 631 5381 autem
646 5319 713 5401 illo,
729 5322 906 5404 apprehen·
966 5324 1067 5400 liujus
1084 5324 1134 5383 rei
1148 5324 1287 5383 studiosi
1303 5333 1432 5399 patrem
1452 5344 1546 5385 suurn
1563 5328 1609 5387 sic
1622 5332 1719 5407 affati
