4309 6250
456 520 575 569 conrna
597 522 763 569 nnnrmua
783 518 954 575 urucam,
977 518 1065 565 crasa
1087 520 1126 567 ιν.
1149 538 1190 549 -
1209 520 1279 565 aar.
1301 520 1359 565 xur
1622 498 1682 563 tte
1717 482 1723 490 ¹

140 690 189 751 nai
212 688 415 771 sepelierunt.
433 689 477 751 lle
501 688 595 770 cujus
619 708 751 771 corpore
776 688 882 753 oleum
897 688 923 751 A
938 696 1047 751 sancta
1061 687 1159 751 exivit
1180 687 1289 751 illaesa.
1305 687 1372 761 Quo
1386 687 1467 765 viso,
1482 687 1624 769 quinque
1637 685 1686 748 vi·

139 786 454 850 exuberantissimum
485 786 588 849 fluxit.
610 788 680 851 llaec
710 786 884 849 sacratissi-
938 804 1044 849 rorum
1074 786 1176 849 millia
1203 793 1279 849 sunt
1308 805 1475 863 conversa,
1504 794 1600 867 atque
1628 803 1685 867 pro

139 904 190 946 ma
204 884 291 965 virgo
308 884 341 944 in
356 884 497 965 martyrii
518 884 567 945 sui
586 883 714 947 exordio
729 884 884 965 quinqua·
936 882 1059 945 Christo
1078 882 1245 965 capitalem
1267 882 1458 945 sententiam
1479 888 1683 963 acceperunt.

139 982 224 1063 ginta
251 981 452 1045 doctissimos
480 990 620 1045 oratores
652 982 882 1064 gentiliumque
937 981 1024 1044 'lunc
1046 981 1162 1043 timens
1181 980 1351 1063 praefectus
1369 1000 1409 1043 nc
1429 980 1534 1043 etalii
1553 999 1686 1044 conver-

140 1078 316 1161 magistros,
333 1078 482 1160 loquente
504 1088 536 1143 et
556 1089 708 1163 operante
735 1100 790 1162 per
811 1100 881 1143 eam
938 1088 1090 1157 terantur,
1114 1098 1185 1143 eam
1211 1079 1363 1143 decollari
1389 1078 1580 1143 festinanter
1607 1098 1686 1161 prav-

139 1178 253 1261 Spiritu
278 1178 406 1255 Sancto,
432 1179 598 1241 convertit.
625 1179 682 1253 Qui
711 1180 753 1243 ob
780 1180 882 1243 hoca
937 1177 1031 1259 cepit.

137 1275 289 1339 Maxentio
314 1274 347 1337 in
369 1276 477 1357 ignem
497 1276 644 1357 projecti,
661 1276 707 1341 sic
728 1277 791 1341 Deo
815 1277 882 1339 ani·
975 1276 1138 1355 Praeterea,
1155 1276 1186 1338 S.
1202 1274 1393 1341 christinam
1415 1276 1571 1359 virginem
1596 1284 1687 1359 peter

137 1394 201 1437 mas
221 1374 437 1453 reddiderunt,
453 1376 538 1456 quod
559 1394 624 1439 uon
644 1376 747 1439 solum
771 1394 882 1439 eorum
936 1373 1007 1454 ejus
1027 1373 1194 1437 idololatra
1212 1375 1364 1455 pracepit
1382 1394 1401 1438 a
1419 1374 1497 1438 viris
1515 1374 1685 1439 duodecim

136 1492 275 1553 corpora,
293 1473 349 1535 sed
364 1482 396 1535 et
410 1472 517 1555 capilli
532 1493 569 1537 ac
586 1475 776 1537 vestimenta
795 1494 884 1537 man·
936 1471 1097 1535 dirissime
1111 1471 1280 1553 flagellari,
1297 1492 1476 1556 corpusque
1490 1473 1562 1555 ejus
1583 1492 1686 1555 ungu·

135 1580 242 1634 serunt
262 1571 304 1633 ab
325 1571 400 1653 igne
423 1570 532 1636 illmsa.
936 1570 974 1631 lis
995 1570 1072 1649 radi,
1089 1590 1127 1633 ac
1147 1580 1255 1634 tenera
1273 1572 1345 1652 ejus
1363 1571 1507 1636 membra
1531 1571 1683 1655 dirumpi.

172 1669 313 1750 Denique
345 1670 580 1735 sanctissimam
616 1669 773 1753 virginem
802 1672 883 1753 Aga·
936 1668 1055 1731 Deinde
1079 1669 1176 1749 jussit
1199 1689 1270 1733 eam
1289 1689 1386 1752 super
1406 1678 1508 1734 rotam
1527 1670 1637 1747 locari,
1653 1679 1686 1733 et

134 1768 217 1828 thum
239 1766 337 1846 jussit
359 1766 547 1841 Quintianus
574 1768 671 1849 judea
697 1769 798 1851 alapis
823 1788 881 1833 cae
937 1766 1043 1848 ignem
1059 1768 1229 1849 oleumque
1243 1767 1471 1851 supponi3sed
1486 1769 1619 1831 flamma
1632 1788 1685 1833 ex·

134 1864 175 1941 di,
192 1864 395 1943 incarcerari,
417 1866 533 1929 deinde
556 1867 588 1928 in
614 1867 750 1947 equuleo
774 1875 881 1931 exten·
898 1868 922 1931 B
937 1865 1058 1945 silicus,
1072 1866 1190 1929 multos
1206 1866 1443 1931 incredulorum
1458 1868 1587 1945 occidit,
1600 1886 1686 1931 eam·

134 1963 176 2039 di,
190 1961 429 2043 mamillamque
454 1964 525 2044 ejus
550 1964 729 2027 diutissime
755 1974 881 2047 torque-
936 1982 999 2045 que
1027 1981 1091 2026 non
1121 1964 1233 2045 tetigit.
1259 1965 1347 2028 Tunc
1375 1972 1465 2048 pater
1491 1966 1563 2046 ejus
1589 1965 1685 2046 jussit
1758 1998 1763 2005 ·

136 2060 171 2139 ri,
186 2068 216 2122 et
241 2069 356 2124 tortam
380 2060 513 2125 abscidi.
529 2062 694 2143 Quumque
719 2072 791 2145 post
813 2064 880 2126 hmo
936 2081 1006 2125 eam
1022 2082 1096 2127 saxo
1111 2062 1271 2145 alligatam
1287 2062 1320 2125 in
1336 2082 1423 2127 mare
1436 2063 1560 2144 jactari.
1571 2064 1684 2145 Angeli

136 2178 240 2222 rursus
254 2168 340 2223 esset
353 2160 560 2239 incarcerata,
567 2162 657 2223 venit
670 2162 710 2223 ad
725 2181 797 2225 eam
812 2161 882 2225 bea·
936 2181 1011 2227 vcro
1036 2181 1107 2225 eam
1128 2171 1327 2225 assumentes
1347 2172 1638 2241 conservaverunt;
1654 2170 1686 2226 et

135 2256 274 2321 tissimus
302 2258 409 2321 Petrus
434 2258 608 2340 apostolus,
631 2278 765 2341 eamque
790 2280 881 2324 sana·
936 2260 1079 2323 Christus
1102 2260 1206 2323 eidem
1230 2259 1274 2323 ibi
1298 2260 1446 2343 apparuit
1469 2280 1604 2343 eamque
1632 2260 1686 2324 ba-

135 2356 189 2433 vit,
214 2364 246 2417 et
270 2356 445 2419 mamillam
471 2357 618 2421 restituit.
647 2358 718 2421 Post
742 2358 808 2421 haec
835 2358 881 2423 fe·
936 2357 1067 2440 ptizavit
1088 2367 1120 2420 et
1134 2358 1277 2421 Michaeli
1299 2358 1492 2441 archangelo
1511 2359 1684 2440 commisit,

135 2454 175 2516 cit
188 2454 377 2529 Quintianus
399 2476 469 2519 eam
491 2456 551 2519 sibi
575 2457 704 2533 adduci,
722 2467 880 2541 testesque
936 2456 990 2537 qui
1014 2476 1084 2519 eam
1110 2456 1233 2519 reduxit
1256 2457 1296 2520 ad
1321 2466 1447 2521 terram.
1463 2456 1536 2522 Post
1559 2458 1626 2521 haec
1651 2458 1686 2521 iu

135 2551 247 2615 fractas
280 2554 401 2635 spargi,
430 2562 525 2635 atque
558 2554 618 2617 sub
649 2555 695 2619 eis
725 2556 880 2620 carbones
935 2554 1099 2619 fornacem
1118 2556 1281 2621 ardentem
1298 2555 1450 2638 projecta,
1467 2575 1524 2639 per
1542 2556 1685 2639 quinqua

136 2651 248 2731 ignitos
272 2650 415 2731 immitti,
431 2660 463 2714 et
483 2670 582 2733 super
600 2672 654 2715 ess
677 2654 708 2717 S.
725 2655 879 2737 Agatbam
935 2654 1004 2716 dies
1028 2653 1071 2716 ihi
1098 2654 1215 2717 mansit
1238 2654 1349 2732 illesa,
1365 2674 1439 2718 cum
1463 2654 1585 2737 angelis
1612 2675 1686 2718 can·

135 2749 216 2812 nudo
246 2769 381 2831 corpore
405 2750 551 2815 volutari.
578 2750 666 2825 Quod
695 2772 794 2833 quum
823 2752 880 2816 fre-
936 2760 1006 2814 tans
1030 2760 1125 2833 atque
1150 2753 1369 2815 deambulans.
1394 2753 1528 2834 Aspidos
1557 2773 1685 2835 quoque

136 2857 190 2925 ret,
206 2848 315 2912 subito
337 2858 426 2913 terrm
446 2858 551 2913 motus
575 2859 623 2912 est
649 2850 764 2930 factus,
782 2861 878 2916 totam
935 2860 965 2915 et
994 2850 1117 2914 colubri
1140 2852 1180 2914 ad
1204 2870 1275 2915 eam
1300 2852 1421 2929 emissi,
1443 2852 1473 2914 ei
1499 2852 1544 2914 nil
1568 2872 1686 2916 nocue·

136 2946 293 3010 civitatem
319 2948 516 3027 concutiens,
537 2948 582 3011 itu
604 2951 689 3031 quod
712 2970 784 3033 pars
808 2952 879 3032 ejus
936 2948 1083 3026 runt,sed
1099 2948 1329 3013 incantatorem
1344 2948 1686 3033 interfecerunt,quem

135 3065 295 3128 corruens,
313 3047 393 3109 duos
417 3047 617 3111 consiliarios
641 3048 801 3123 Quintiani
825 3052 916 3134 op-C
936 3046 967 3109 S.
979 3046 1137 3109 Cbristina
1152 3046 1351 3108 suscitavita
1369 3047 1515 3110 mortuis.
1533 3049 1621 3111 Tunc
1634 3048 1687 3130 ju·

136 3147 268 3227 pressit,
292 3153 492 3229 cunctusque
516 3147 654 3230 populus
677 3148 878 3228 exclamavit,
935 3147 995 3208 dex
1024 3145 1176 3228 praecepit
1203 3145 1360 3210 mamillas
1384 3146 1455 3227 ejus
1484 3146 1621 3227 abscidi,
1645 3150 1686 3212 de

136 3252 260 3326 propfer
281 3243 440 3325 injustum
461 3245 589 3326 Agatha
612 3247 789 3310 cruciatum
812 3247 879 3310 haec
935 3243 1051 3326 quihus
1067 3243 1116 3307 lac
1136 3263 1194 3326 pro
1212 3244 1368 3326 sanguine
1388 3245 1491 3310 fluxit.
1507 3247 1595 3310 Fecit
1608 3265 1687 3328 quo·

135 3338 215 3402 fieri.
229 3341 321 3404 Tunc
342 3341 469 3404 territus
484 3342 683 3422 Quintianus,
698 3344 793 3425 jussit
809 3364 879 3409 eam
936 3361 998 3424 que
1014 3342 1155 3424 linguam
1170 3344 1242 3424 ejus
1257 3343 1397 3425 praecidi,
1414 3363 1474 3408 nec
1494 3353 1600 3408 tamen
1616 3346 1686 3430 ipsa

136 3439 245 3501 iterum
271 3439 486 3519 incarcerari;
510 3439 618 3523 ibique
641 3461 736 3506 orans
766 3443 881 3525 migra·
938 3441 1098 3522 loquelam
1117 3440 1235 3505 amisit.
1251 3441 1372 3505 ldcirco
1395 3441 1494 3506 iratus
1513 3443 1621 3525 judex,
1638 3465 1688 3508 sa-

135 3537 178 3599 vit
192 3538 230 3600 ad
250 3537 433 3602 Dominum.
450 3538 614 3620 Quumque
634 3538 747 3604 fideles
765 3561 881 3624 corpus
938 3540 1024 3623 gittis
1046 3560 1117 3604 eam
1138 3539 1269 3604 occidit.

135 3636 201 3716 ejus
224 3637 258 3699 in
283 3638 480 3720 sarcophago
506 3637 728 3720 collocassent,
750 3641 881 3722 quidam
979 3639 1058 3702 Ecce
1073 3648 1192 3721 quanta
1206 3639 1291 3721 passi
1307 3648 1382 3702 sunt
1396 3649 1549 3724 martyres
1571 3643 1685 3724 sancti,

133 3734 257 3814 juvenis
279 3736 445 3817 speciosus
468 3755 540 3798 cum
563 3737 731 3820 plusquam
753 3748 882 3803 centum
939 3747 970 3800 et
984 3756 1080 3818 quam
1094 3738 1368 3818 supernaturalem
1383 3740 1595 3802 constantiam
1609 3760 1688 3822 prae·

134 3832 209 3896 viris
233 3833 462 3916 pulcherrimis
487 3852 651 3916 nunquam
677 3845 770 3900 antea
792 3837 881 3916 visis,
939 3836 1019 3898 stitit
1041 3835 1088 3897 eis
1112 3835 1264 3913 Christus,
1284 3835 1413 3917 quantis
1436 3836 1533 3900 etiam
1558 3837 1592 3899 in
1617 3839 1688 3920 ipso

135 3932 185 4011 qui
201 3933 308 4014 angeli
326 3932 523 4010 exstiterunt,
541 3933 725 4014 adveniens,
744 3935 883 4000 tabulam
939 3953 1049 3998 eorum
1073 3933 1223 4016 martyrio
1244 3952 1299 3997 eos
1320 3934 1490 3998 honoravit
1511 3936 1685 4000 miraculis.

135 4048 344 4094 marmoream
372 4031 412 4094 ad
442 4039 537 4112 caput
568 4031 777 4096 sanctissima
805 4037 885 4116 Aga·
940 4031 1003 4094 Nec
1024 4032 1118 4094 aliter
1137 4030 1219 4093 fides
1241 4031 1413 4094 christiana
1434 4033 1517 4095 inter
1541 4042 1605 4097 mm
1630 4035 1689 4098 im·

136 4128 192 4191 tha
217 4129 338 4211 posuit,
364 4147 498 4210 moxque
525 4149 597 4192 cum
624 4129 702 4192 viris
729 4130 794 4194 illis
822 4133 885 4196 dis·
941 4128 1142 4192 manissimas
1164 4131 1403 4212 persecutiones
1422 4129 1466 4192 ita
1484 4132 1637 4196 crevisset
1651 4153 1688 4198 ac

135 4227 246 4306 paruit.
900 4233 926 4296 D
941 4229 1138 4293 invaluisset.
1154 4228 1400 4292 Innumerabilia
1418 4230 1505 4292 euim
1528 4231 1580 4294 his
1603 4233 1690 4295 simi·

172 4327 210 4388 At
231 4344 309 4390 vero
335 4335 477 4388 sanctam
500 4325 658 4408 virginem
679 4328 884 4410 Margaretam
940 4329 984 4392 lia
1012 4327 1214 4407 contigerunt
1242 4326 1417 4409 sepissime
1445 4329 1564 4410 ubique
1592 4339 1690 4394 terra·

135 4421 224 4502 jussit
238 4443 358 4506 praeses
375 4425 408 4486 in
423 4424 560 4506 equulco
576 4426 739 4507 suspendi,
757 4436 884 4510 tamque
941 4447 1022 4490 rum.
1039 4427 1238 4506 :ignoscatur
1251 4444 1327 4507 ergo
1341 4436 1471 4508 operata
1486 4429 1588 4491 virtus
1609 4430 1690 4494 divi-

136 4523 306 4585 crudeliter
327 4523 453 4602 laniari,
468 4524 553 4604 quod
573 4523 612 4586 de
633 4533 698 4588 toto
722 4527 792 4606 ejus
816 4547 886 4591 cor·
941 4545 991 4588 na.
1009 4524 1124 4588 Omnes
1139 4523 1287 4604 equidem
1308 4524 1360 4586 isti
1375 4525 1475 4588 Deum
1497 4546 1567 4590 esse
1589 4549 1687 4592 unum

137 4620 265 4700 pusculo
282 4621 415 4702 sanguis
431 4630 494 4684 tam
510 4621 637 4704 copiose
656 4622 786 4688 effluxit
799 4627 884 4706 quod
940 4643 976 4686 ac
992 4621 1112 4684 trinum
1131 4621 1354 4703 Christumque
1376 4641 1446 4686 esse
1468 4624 1567 4688 Deum
1582 4636 1614 4690 et
1634 4627 1690 4691 ho-

136 4721 301 4798 praefectus
317 4719 484 4800 chlamyde
499 4720 622 4782 vultum
638 4741 731 4785 suum
745 4725 882 4805 operuit,
940 4721 1059 4784 minem
1085 4727 1159 4782 sunt
1179 4718 1330 4782 confessi.
1346 4721 1420 4795 Quis
1442 4723 1688 4789 sarracenorum

136 4835 173 4878 ne
198 4825 318 4880 tantam
345 4817 510 4899 sanguinis
533 4817 656 4881 videret
676 4819 881 4886 effusionem.
940 4828 1026 4882 tanta
1041 4838 1099 4901 pro
1113 4837 1171 4880 sua
1185 4818 1336 4881 sustinuit
1355 4818 1443 4883 fidel
1458 4823 1520 4884 Aut
1539 4823 1572 4884 in
1595 4825 1688 4905 cujus

137 4914 249 4978 Deinde
264 4915 345 4979 fecit
359 4915 544 4978 ardentibus
563 4915 687 4979 facibus
707 4937 777 4981 eam
799 4939 884 4983 com·
939 4937 1048 4981 eorum
1068 4916 1232 4980 occisione
1246 4917 1329 4979 Deus
1349 4926 1434 4980 tanta
1454 4916 1531 4982 fecit
1552 4921 1689 4985 miracu-

137 5013 214 5092 huri,
231 5024 328 5096 atque
354 5023 388 5076 ut
411 5014 519 5078 durior
544 5013 635 5078 fieret
661 5017 821 5080 cruciatus
845 5037 884 5082 ex
940 5017 981 5094 la,
1003 5014 1221 5078 testimonium
1247 5015 1442 5096 perhibendo
1466 5017 1529 5100 legi
1553 5023 1687 5084 eoruml

138 5113 383 5177 commutatione
407 5129 583 5194 poenarum,
612 5133 684 5178 mox
713 5124 783 5198 post
811 5137 885 5178 exu-
939 5115 1170 5178 Convertuntur
1188 5133 1264 5194 ergo
1290 5114 1328 5176 ad
1347 5115 1636 5196 Christianismum,
1653 5127 1689 5182 ut

139 5212 271 5276 stionem
295 5211 467 5275 faciteam
493 5212 526 5272 in
550 5231 632 5294 aqua
656 5212 772 5296 frigida
795 5216 881 5296 poni.
940 5221 1175 5294 consequantur
1203 5211 1390 5276 felicitatem
1418 5213 1593 5296 coelestcm,
1619 5216 1687 5281 dei·

140 5312 222 5375 func
249 5321 380 5396 repente
405 5313 597 5376 contremuit
621 5321 715 5395 terra,
738 5322 770 5378 et
794 5315 883 5398 virgo
940 5312 1075 5376 formem
1098 5330 1135 5374 ac
1156 5311 1392 5394 sempiternam.
