4309 6250
459 464 518 527 480
605 478 756 527 hramous
777 477 1005 526 uterorarrottrs
1026 476 1117 522 trt'rmt
1137 474 1346 549 ClllllelAllU!
1366 476 1404 523 ΕΤ
1424 476 1641 525 sfflnhcuuutt.
1663 496 1705 509 ·-
1724 479 1797 525 ΔΜ.
1819 480 1872 525 xlv

461 666 592 729 prorsus
617 650 816 726 mendosum,
837 666 937 729 quum
961 645 1251 709 innumerabilosrl
1304 646 1376 709 lico
1395 665 1497 728 pauca
1518 647 1557 710 de
1580 647 1690 710 multis
1711 648 1904 730 pravissimis
1916 650 1988 715 Alce

462 746 521 809 viri
547 745 693 829 perfecti,
719 745 825 808 Sancti
853 744 973 808 heroici
1002 752 1033 807 et
1057 752 1211 825 martyres
1265 744 1333 806 raui
1349 745 1509 808 erroribus
1527 744 1671 827 tetigisse
1690 745 1843 810 sufficiat.
1860 748 1933 811 Sunt
1947 770 1988 812 nu·
2099 799 2100 832 ,

461 843 593 925 gloriosi
607 844 640 905 in
656 843 841 925 evangelica
855 840 925 924 lege
941 842 1008 904 sine
1023 841 1211 905 intermedia
1265 852 1328 905 tem
1343 842 1413 906 alias
1428 843 1574 924 plurimas
1588 843 1682 908 valde
1702 844 1859 909 falsitates
1873 848 1904 909 in
1917 848 1988 911 fleo

461 960 556 1024 poena
584 941 772 1004 iutraverint
795 960 929 1023 reguum
955 939 1119 1016 coelorum,
1146 938 1210 1001 imo
1265 960 1354 1021 rano,
1364 941 1529 1022 scripturis
1542 942 1619 1006 novi
1634 961 1670 1006 ac
1687 942 1804 1007 veteris
1818 945 1986 1009 Testamenti

462 1047 494 1102 et
517 1039 667 1103 infantuli
693 1038 840 1121 baptizati
866 1045 939 1101 aute
963 1057 1057 1100 usum
1080 1036 1210 1099 rationis
1265 1038 1464 1120 apertissime
1479 1040 1799 1123 inexcusabiliterque
1820 1044 1985 1107 multaris:

461 1137 622 1215 defuncti;
647 1136 745 1200 adulti
769 1144 875 1199 autem
900 1136 955 1217 qui
981 1154 1038 1217 pro
1063 1134 1211 1197 omuibus
1264 1137 1340 1218 quia
1354 1136 1388 1198 in
1408 1137 1518 1200 multis
1539 1137 1687 1221 capitulis
1707 1140 1819 1204 recitat
1840 1142 1934 1205 varias
1951 1162 1988 1205 sa

463 1235 567 1319 culpis
589 1234 656 1298 suis
674 1235 707 1297 in
727 1234 794 1297 vita
810 1234 870 1296 hac
890 1232 1090 1296 satisfaciunt
1103 1232 1210 1314 plene,
1265 1254 1327 1297 crae
1341 1233 1509 1317 Scriptura
1522 1234 1681 1317 historias,
1697 1237 1813 1318 quibus
1832 1257 1910 1320 pene
1925 1256 1988 1301 seru

461 1335 673 1398 moxevolaut
686 1335 812 1415 quando
826 1333 1039 1396 decedunt:et
1052 1333 1114 1395 hoc
1128 1332 1210 1395 Deus
1265 1352 1322 1414 per
1345 1331 1507 1395 fabulosas
1530 1332 1685 1397 falsitates
1712 1334 1892 1416 permiscet,
1914 1345 1987 1419 atqu

462 1452 519 1515 per
543 1432 672 1514 copiosa
696 1431 850 1495 miracula
879 1439 909 1495 ot
935 1430 1077 1495 visiones
1103 1430 1212 1493 certis·
1266 1430 1299 1493 iu
1318 1430 1428 1495 multis
1447 1431 1623 1513 saepissime
1647 1452 1667 1495 a
1690 1433 1877 1498 veritatibus
1894 1435 1987 1499 divina

462 1532 559 1595 simas
574 1531 742 1595 visibiliter
761 1529 992 1594 demonstravit
1014 1528 1208 1610 frequenter.
1266 1528 1387 1591 recedit
1400 1529 1539 1593 historiae
1555 1553 1563 1591 :
1579 1531 1664 1612 quod
1678 1532 1767 1595 omui
1788 1532 1821 1595 iu
1843 1532 1987 1616 Scripturir

502 1630 646 1711 Cupitulo
661 1628 822 1692 tricesimo
836 1628 972 1710 septimo
988 1628 1077 1708 quusi
1093 1646 1131 1690 ex
1146 1646 1213 1708 per·
1266 1626 1437 1691 exercitato
1461 1627 1652 1691 Alcorauum
1681 1628 1812 1711 legenti,
1838 1632 1987 1694 certissime

462 1748 540 1792 sona
560 1728 615 1790 bei
637 1728 755 1791 dicitur
775 1727 951 1791 lfahometo
972 1749 979 1788 ε
1001 1726 1141 1789 Modcrui
1165 1726 1212 1789 di·
1267 1724 1454 1803 innotescit,
1478 1734 1573 1807 prout
1598 1725 1667 1789 hcc
1690 1728 1801 1790 omnia
1824 1729 1856 1791 in
1879 1729 1987 1812 speciali

463 1834 539 1890 cunt
563 1834 594 1889 te
619 1845 747 1907 magum
771 1845 851 1889 esse.
878 1825 997 1900 Quibus
1025 1833 1059 1886 tu
1087 1824 1174 1887 dicas
1201 1822 1398 1905 ¹:ltprobavi
1414 1842 1452 1885 ac
1465 1823 1624 1887 declaravi
1639 1833 1775 1889 tractatu
1790 1835 1896 1891 contra
1908 1827 1989 1891 lfaho

460 1924 591 1988 Librum
606 1925 668 1989 isto
682 1924 848 1987 meliorem
862 1923 987 2001 afferte,
1005 1931 1037 1985 et
1056 1922 1211 1986 benevole
1267 1920 1343 1983 meti
1365 1920 1535 2002 perfidiam
1556 1922 1740 2003 compilato.

463 2043 536 2086 eum
551 2042 676 2105 sequar.
693 2023 775 2086 Ecce
790 2042 885 2104 quem
907 2022 1075 2103 impudens
1090 2028 1122 2083 et
1137 2020 1212 2083 ridi·
1306 2019 1645 2084 Stomachus—Non
1661 2020 1730 2085 sine
1744 2021 1906 2105 diligentia
1916 2043 1988 2105 gran·

462 2122 608 2186 culosum
623 2122 839 2185 mendacium!
854 2120 945 2203 quasi
960 2120 994 2183 iu
1009 2127 1074 2183 toto
1089 2138 1212 2183 canone
1266 2117 1298 2180 di
1320 2126 1351 2180 te
1372 2118 1537 2201 hucusque
1557 2120 1678 2183 adverti
1693 2142 1701 2196 ;
1717 2128 1829 2204 estque
1848 2121 1987 2204 probabile

462 2240 560 2284 sacra
571 2221 740 2302 Scriptura
751 2239 814 2284 uon
830 2220 870 2282 sit
885 2219 966 2282 liber
980 2217 1154 2299 elegantior
1163 2218 1212 2280 Al·
1266 2216 1384 2279 librum
1409 2216 1489 2299 legis
1513 2227 1629 2281 nostra
1650 2239 1669 2281 a
1692 2220 1800 2302 pravis
1828 2220 1987 2284 hominibus
2099 2285 2100 2294 ,

462 2338 591 2398 corano,
601 2320 684 2401 quod
695 2319 797 2400 (juxta
811 2317 998 2400 praehabita)
1013 2318 1138 2380 cunctis
1153 2318 1212 2381 hae
1267 2334 1336 2378 esse
1358 2324 1554 2397 corruptum.

462 2416 571 2480 reticis
590 2417 800 2499 pravitatibus
821 2415 1101 2496 vitiosissimisque
1124 2432 1211 2475 men·
1306 2414 1523 2479 Gunrsrrnrvus.
1537 2451 1580 2461 —
1592 2415 1637 2478 Er
1650 2415 1712 2480 hoc
1733 2417 1804 2499 ipso
1825 2437 1914 2500 supra
1931 2437 1988 2501 pro
1997 2440 2065 2497 ,usn

462 2514 563 2579 deciis
584 2523 633 2577 est
655 2516 823 2597 repletum,
840 2534 899 2577 uec
924 2515 1008 2577 iuter
1032 2513 1210 2595 Scripturas
1266 2513 1339 2576 bavi
1354 2514 1439 2594 quod
1454 2532 1519 2577 uon
1534 2512 1681 2577 sitdatus
1695 2516 1803 2595 allec,
1820 2516 1871 2598 qui
1888 2517 1988 2599 lagesn

463 2613 602 2696 reputari
629 2613 835 2695 condignum.
862 2612 1013 2693 Denique,
1040 2612 1080 2674 dc
1108 2610 1212 2673 excel·
1266 2612 1401 2675 sedatas
1416 2612 1456 2674 ad
1471 2612 1638 2675 hominum
1654 2613 1789 2677 salutem
1803 2615 1986 2693 necesaria,

462 2712 560 2775 fontia
576 2711 723 2775 Alcorani
736 2711 849 2774 ldahon
864 2730 947 2793 saepe
963 2730 996 2772 se
1010 2710 1119 2791 jactat.
1132 2708 1210 2772 Nam
1267 2709 1345 2772 facit
1372 2728 1468 2791 puras
1496 2717 1527 2772 et
1554 2710 1695 2792 integras
1717 2712 1876 2777 devenire·
1892 2714 1925 2775 ad
1944 2730 1987 2775 eos
2099 2717 2100 2790 ζ

462 2818 494 2873 et
509 2809 612 2891 primo
627 2809 775 2873 Alcoraui
791 2808 930 2892 capitulo
946 2807 1085 2889 loquitur
1101 2806 1210 2870 :lluuc
1266 2808 1381 2889 quihus
1396 2808 1556 2871 donantur
1566 2832 1573 2871 :
1584 2808 1702 2892 alioqui
1718 2809 1837 2873 frustra
1850 2812 1985 2874 darentur.

462 2907 580 2971 librum
595 2926 741 2970 veracem
755 2926 826 2970 esse
842 2906 969 2989 penitus
985 2906 1120 2984 credite,
1136 2924 1211 2968 con·
1306 2906 1566 2969 Sannnccuus.-
1579 2906 1691 2969 Fateor
1703 2916 1735 2969 te
1749 2908 1834 2971 istud
1848 2908 1985 2993 probasse,
2099 2907 2101 3034 p

462 3005 731 3084 similem‚omnes
744 3023 873 3071 manum
887 3003 981 3067 simul
995 3003 1208 3081 conferentes,
1230 3004 1303 3068 Cae
1317 3002 1411 3065 etiam
1431 3003 1609 3066 declarasse
1628 3006 1712 3085 quod
1734 3005 1894 3088 scriptura
1910 3024 2075 3072 evan-mr.
2099 3037 2100 3058 r

463 3104 489 3167 si
506 3103 657 3186 possibile
672 3105 725 3184 sit,
741 3102 837 3167 facite
852 3102 1050 3185 testibusque
1069 3101 1208 3166 firmate.
1266 3102 1376 3184 gelicae
1404 3100 1484 3183 legis
1512 3121 1550 3165 ac
1578 3103 1695 3166 veteris
1724 3104 1909 3168 Testamenti
1936 3120 1988 3167 uon

461 3203 677 3268 Nouodecimo
692 3221 818 3284 quoque
832 3202 981 3265 Alcorani
996 3201 1137 3284 capitulo
1152 3201 1211 3264 fer·
1266 3200 1331 3263 sint
1351 3198 1477 3263 infectae
1496 3220 1600 3283 neque
1624 3210 1792 3286 corruptae,
1808 3212 1899 3286 prout
1915 3202 1988 3266 vobis

461 3311 537 3364 tur:
554 3300 689 3364 Alcorau
710 3300 816 3364 omnis
838 3299 987 3362 falsitatis
1012 3319 1125 3380 expers
1150 3308 1208 3362 est.
1264 3299 1420 3380 imputare
1430 3298 1589 3363 solemus.
1605 3300 1678 3363 ldeo
1700 3319 1739 3363 ex
1760 3301 1937 3366 introductis
1951 3299 1988 3360 fn·
2099 3322 2100 3333 ¹

462 3399 645 3462 Dicentibus
661 3399 740 3462 illud
755 3407 844 3461 tuum
859 3417 928 3461 esse
944 3397 1147 3479 figmentum,
1158 3399 1210 3460 dic
1265 3406 1334 3460 teor
1356 3416 1408 3460 me
1434 3398 1474 3460 ad
1502 3397 1695 3480 evangelica
1723 3399 1805 3481 legis
1833 3401 1988 3482 amplerum

462 3507 498 3561 ut
511 3497 623 3560 saltem
638 3516 733 3560 uuam
749 3515 893 3560 azoaram
907 3497 954 3576 (id
969 3504 1017 3558 est
1039 3515 1138 3558 uuum
1160 3515 1212 3558 ca·
1266 3503 1484 3578 competenter
1502 3495 1651 3559 inclinari
1666 3504 1699 3559 et
1713 3497 1815 3579 affici,
1831 3498 1888 3561 nisi
1905 3496 1989 3560 aliun·

462 3595 613 3679 pitulum)
627 3596 740 3658 harum
762 3595 858 3658 alicui
880 3593 1094 3672 consimilem,
1110 3593 1212 3675 quoli-
1266 3596 1306 3658 de
1327 3595 1515 3658 retraberer.

462 3695 516 3758 bet
540 3694 684 3776 adjutore
710 3693 770 3756 uisi
794 3693 858 3756 Deo
877 3692 950 3756 solo
975 3691 1113 3770 suffulti,
1139 3691 1212 3754 effi·
1306 3693 1523 3756 Gunrsrrnrvos.
1540 3693 1674 3768 -Quid
1688 3695 1821 3758 retrahit
1835 3697 1884 3758 tet

462 3793 559 3871 ciant,
577 3801 612 3855 ut
625 3794 672 3856 sic
686 3812 727 3855 an
742 3790 874 3855 veridici
889 3791 954 3853 sint
972 3798 1132 3873 appareat.
1150 3790 1211 3853 Sed
1307 3791 1520 3854 Saunaouuus.
1535 3826 1577 3838 -
1590 3791 1775 3855 Fortissima
1788 3801 1878 3874 atque
1890 3793 1934 3872 (ut
1944 3807 1989 3852 uo

462 3897 494 3951 et
512 3889 667 3952 vicesimo
692 3896 779 3950 sexto
798 3887 944 3950 Alcorani
969 3887 1110 3968 capitulo
1134 3887 1211 3949 scri·
1267 3890 1316 3952 bis
1327 3889 1463 3969 videtur)
1472 3889 1653 3953 insolubilia
1665 3899 1988 3972 argrrmentaquracou

462 3995 554 4071 ptum
579 3995 628 4049 est
654 4011 660 4049 :
687 3986 774 4049 Licet
802 4004 913 4048 omues
941 3985 1089 4048 homines
1117 3993 1211 4066 atque
1268 3995 1316 4050 tra
1334 3987 1434 4050 fidem
1453 3996 1540 4050 tuam
1559 3988 1726 4067 habemus,
1742 3989 1908 4071 praesertim
1927 4004 1989 4049 con

461 4085 581 4149 diaboli
606 4086 646 4148 ad
670 4085 766 4148 unius
791 4083 864 4146 talis
887 4083 1026 4163 (scilicet
1049 4083 1211 4163 Alcoraui)
1268 4093 1315 4147 tra
1333 4083 1431 4148 fidem
1451 4084 1600 4148 trinitatis
1620 4105 1823 4168 personarum
1838 4088 1868 4149 iu
1885 4087 1950 4164 lieo,
1963 4091 1988 4145 et

463 4183 728 4266 compositionem
752 4183 969 4260 convenirent,
992 4181 1120 4244 sibimet
1142 4201 1211 4243 mu·
1226 4185 1251 4248 D
1267 4183 1394 4246 deitatis
1410 4184 1443 4245 in
1457 4183 1592 4262 Christo,
1600 4203 1637 4246 ac
1652 4184 1745 4247 realis
1760 4184 1923 4266 praesentia
1935 4200 1988 4245 cor

463 4293 517 4346 tuo
546 4281 766 4364 proficientes,
793 4280 926 4343 minime
955 4277 1111 4361 perficere
1140 4298 1212 4360 pos·
1268 4281 1353 4364 poris
1372 4290 1406 4344 et
1426 4281 1592 4363 sauguinis
1610 4281 1726 4345 Christi
1745 4282 1779 4345 iu
1798 4284 1986 4347 sacramento.

464 4389 544 4444 seut.
561 4380 656 4443 ldulta
670 4380 721 4442 his
736 4378 918 4442 consimilia
936 4377 970 4439 iu
988 4377 1144 4440 Aloorano
1165 4377 1212 4440 di·
1307 4380 1525 4444 Cenrsrrnrvus.
1545 4379 1762 4462 -Quidquid
1780 4389 1812 4444 te
1830 4388 1934 4458 movet,
1947 4396 1988 4441 or

464 4490 600 4556 cuntur3
631 4489 662 4542 et
690 4487 799 4542 sancto
829 4477 1030 4559 gloriosoque
1059 4477 1123 4539 Deo
1151 4475 1211 4539 ista
1267 4478 1372 4542 dinato
1387 4497 1549 4561 propone;
1565 4478 1987 4561 auxiliantequellomiuore·

464 4577 660 4660 nequissima
680 4577 943 4660 apertissimeque
968 4574 1134 4638 mendacia
1157 4575 1212 4638 ad·
1267 4576 1440 4658 spondebo.

464 4677 648 4742 scribuntur
662 4676 792 4740 ibidem.
803 4675 918 4756 Sicque
934 4674 966 4735 iu
982 4682 1212 4756 presumptuo-

463 4776 590 4841 sissimo
605 4783 699 4857 atque
718 4773 891 4838 vanissimo
908 4772 1020 4836 ldahou
1042 4771 1210 4854 impletum
1333 4861 1338 4871 Ι
1460 4785 1705 4852 ΑΒΤῙουωε
1723 4787 1815 4853 xlv,

462 4886 512 4940 est
525 4893 696 4939 commuue
715 4874 793 4937 illud
815 4872 1018 4955 proverbium
1036 4871 1118 4946 :Qui
1140 4871 1212 4934 dili·
1325 4918 1513 4992 omum-0
1527 4919 1709 4979 samm„-
1726 4929 1839 4979 com„
1851 4919 1937 4996 fidem

462 4977 510 5058 git
529 4995 648 5053 ranam,
667 4993 775 5037 ranam
798 4980 887 5055 putat
908 4991 976 5034 esse
999 4971 1141 5033 Dianam.
1158 4970 1210 5033 Sic
1265 5008 1431 5068 ,mimus
1455 5024 1674 5082 personarum
1702 5009 1740 5067 ,n
1768 5007 1901 5085 simu„
1921 5007 1982 5065 ,m

464 5076 549 5139 enim
578 5073 782 5138 afficiebatur
805 5071 844 5135 ad
869 5089 962 5134 suum
986 5069 1210 5133 stultissimum

461 5177 665 5256 alcoranum,
681 5175 766 5258 quod
779 5171 935 5255 judicavit
949 5171 981 5233 id
996 5190 1067 5234 esse
1086 5169 1211 5251 sapien·
1305 5167 1519 5231 Sarracenos.
1545 5202 1586 5213 —
1614 5166 1651 5248 (l)
1676 5166 1834 5251 Quidquid
1861 5160 1986 5231 convenit

463 5275 621 5344 tissimum
643 5275 773 5338 librum.
1266 5265 1330 5330 Deo
1344 5273 1376 5329 et
1390 5264 1543 5348 quidquid
1562 5272 1610 5327 est
1629 5264 1663 5326 iu
1681 5285 1731 5346 eo,
1747 5276 1796 5330 est
1815 5266 1912 5349 utique
1927 5279 1985 5345 per·

2099 4846 2101 4929 v

2099 5152 2101 5297 l

2099 5303 2101 5411 ἱ
