<?xml version="1.0" encoding="UTF-8"?>
<!DOCTYPE html PUBLIC "-//W3C//DTD XHTML 1.0 Transitional//EN"
    "http://www.w3.org/TR/xhtml1/DTD/xhtml1-transitional.dtd">
<html xmlns="http://www.w3.org/1999/xhtml" xml:lang="en" lang="en">
 <head>
  <title>
</title>
<meta http-equiv="Content-Type" content="text/html;charset=utf-8" />
  <meta name='ocr-system' content='tesseract 3.04.00' />
  <meta name='ocr-capabilities' content='ocr_page ocr_carea ocr_par ocr_line ocrx_word'/>
</head>
<body>
  <div class='ocr_page' id='page_1' title='image "./doctorisecstati03unkngoog_0070.png"; bbox 0 0 4309 6250; ppageno 0'>
   <div class='ocr_carea' id='block_1_1' title="bbox 407 481 1735 559">
    <p class='ocr_par' dir='ltr' id='par_1_1' title="bbox 407 374 2144 775">
     <span class='ocr_line' id='line_1_1' title="bbox 407 481 1735 559; baseline 0.002 -13"><span class='ocrx_word' id='word_1_1' title='bbox 407 481 447 547; x_wconf 77' lang='grc'>62</span> <span class='ocrx_word' id='word_1_2' title='bbox 626 500 666 549; x_wconf 84' lang='lat' dir='ltr'>nn</span> <span class='ocrx_word' id='word_1_3' title='bbox 687 499 850 550; x_wconf 77' lang='lat' dir='ltr'>nrcmrxrr</span> <span class='ocrx_word' id='word_1_4' title='bbox 869 503 907 549; x_wconf 88' lang='lat' dir='ltr'>rrr</span> <span class='ocrx_word' id='word_1_5' title='bbox 927 501 1077 550; x_wconf 78' lang='lat' dir='ltr'>nanninus</span> <span class='ocrx_word' id='word_1_6' title='bbox 1096 501 1125 548; x_wconf 84' lang='lat' dir='ltr'>a.</span> <span class='ocrx_word' id='word_1_7' title='bbox 1148 503 1177 547; x_wconf 85' lang='lat' dir='ltr'>v.</span> <span class='ocrx_word' id='word_1_8' title='bbox 1200 501 1320 559; x_wconf 72' lang='lat' dir='ltr'>nmina,</span> <span class='ocrx_word' id='word_1_9' title='bbox 1344 503 1433 551; x_wconf 80' lang='lat' dir='ltr'>nram</span> <span class='ocrx_word' id='word_1_10' title='bbox 1453 505 1474 550; x_wconf 90' lang='lat'>1.</span> <span class='ocrx_word' id='word_1_11' title='bbox 1497 520 1538 533; x_wconf 89' lang='lat'>-</span> <span class='ocrx_word' id='word_1_12' title='bbox 1557 502 1628 550; x_wconf 78' lang='lat' dir='ltr'>aar.</span> <span class='ocrx_word' id='word_1_13' title='bbox 1650 503 1735 550; x_wconf 84' lang='lat' dir='ltr'>xxxv</span> 
     </span>
    </p>
   </div>
   <div class='ocr_carea' id='block_1_2' title="bbox 262 667 2149 5363">
    <p class='ocr_par' dir='ltr' id='par_1_2' title="bbox 262 667 2149 5363">
     <span class='ocr_line' id='line_1_2' title="bbox 410 667 1972 755; baseline 0.001 -25"><span class='ocrx_word' id='word_1_14' title='bbox 410 667 490 732; x_wconf 85' lang='lat' dir='ltr'>liliis</span> <span class='ocrx_word' id='word_1_15' title='bbox 518 668 697 745; x_wconf 90' lang='lat' dir='ltr'>hominum,</span> <span class='ocrx_word' id='word_1_16' title='bbox 727 670 775 735; x_wconf 91' lang='lat' dir='ltr'>sic</span> <span class='ocrx_word' id='word_1_17' title='bbox 802 671 1032 755; x_wconf 86' lang='lat' dir='ltr'>gloriosissima</span> <span class='ocrx_word' id='word_1_18' title='bbox 1064 672 1159 753; x_wconf 90' lang='lat' dir='ltr'>Virgo</span> <span class='ocrx_word' id='word_1_19' title='bbox 1175 672 1200 733; x_wconf 84' lang='grc' dir='ltr'>Α</span> <span class='ocrx_word' id='word_1_20' title='bbox 1217 672 1356 755; x_wconf 79' lang='lat' dir='ltr'>Virginis</span> <span class='ocrx_word' id='word_1_21' title='bbox 1378 671 1475 754; x_wconf 84' lang='lat' dir='ltr'>hujus</span> <span class='ocrx_word' id='word_1_22' title='bbox 1496 680 1598 736; x_wconf 88' lang='lat' dir='ltr'>totum</span> <span class='ocrx_word' id='word_1_23' title='bbox 1622 691 1737 755; x_wconf 89' lang='lat' dir='ltr'>corpus</span> <span class='ocrx_word' id='word_1_24' title='bbox 1761 678 1810 734; x_wconf 88' lang='lat' dir='ltr'>est</span> <span class='ocrx_word' id='word_1_25' title='bbox 1830 669 1890 733; x_wconf 90' lang='lat' dir='ltr'>rite</span> <span class='ocrx_word' id='word_1_26' title='bbox 1910 689 1972 734; x_wconf 82' lang='lat' dir='ltr'>re-</span> 
     </span>
     <span class='ocr_line' id='line_1_3' title="bbox 411 766 1971 852; baseline 0.002 -25"><span class='ocrx_word' id='word_1_27' title='bbox 411 766 651 848; x_wconf 90' lang='lat' dir='ltr'>speciosissima</span> <span class='ocrx_word' id='word_1_28' title='bbox 674 775 769 850; x_wconf 89' lang='lat' dir='ltr'>atque</span> <span class='ocrx_word' id='word_1_29' title='bbox 792 769 1007 849; x_wconf 88' lang='lat' dir='ltr'>pulcherrima</span> <span class='ocrx_word' id='word_1_30' title='bbox 1026 768 1088 831; x_wconf 85' lang='lat' dir='ltr'>tuit</span> <span class='ocrx_word' id='word_1_31' title='bbox 1111 769 1160 830; x_wconf 92' lang='lat' dir='ltr'>in·</span> <span class='ocrx_word' id='word_1_32' title='bbox 1216 770 1369 848; x_wconf 91' lang='lat' dir='ltr'>nerabile,</span> <span class='ocrx_word' id='word_1_33' title='bbox 1387 790 1511 833; x_wconf 91' lang='lat' dir='ltr'>summo</span> <span class='ocrx_word' id='word_1_34' title='bbox 1525 770 1663 834; x_wconf 80' lang='lat' dir='ltr'>Creatori</span> <span class='ocrx_word' id='word_1_35' title='bbox 1678 769 1833 852; x_wconf 83' lang='lat' dir='ltr'>singulari</span> <span class='ocrx_word' id='word_1_36' title='bbox 1849 785 1971 850; x_wconf 78' lang='lat' dir='ltr'>praero-</span> 
     </span>
     <span class='ocr_line' id='line_1_4' title="bbox 410 863 1969 950; baseline 0.001 -26"><span class='ocrx_word' id='word_1_37' title='bbox 410 871 459 926; x_wconf 93' lang='lat' dir='ltr'>ter</span> <span class='ocrx_word' id='word_1_38' title='bbox 483 863 568 926; x_wconf 85' lang='lat' dir='ltr'>filias</span> <span class='ocrx_word' id='word_1_39' title='bbox 590 865 766 944; x_wconf 90' lang='lat' dir='ltr'>hominum,</span> <span class='ocrx_word' id='word_1_40' title='bbox 787 874 819 928; x_wconf 94' lang='lat' dir='ltr'>et</span> <span class='ocrx_word' id='word_1_41' title='bbox 843 865 927 947; x_wconf 91' lang='lat' dir='ltr'>quod</span> <span class='ocrx_word' id='word_1_42' title='bbox 954 865 1023 948; x_wconf 90' lang='lat' dir='ltr'>ipsa</span> <span class='ocrx_word' id='word_1_43' title='bbox 1047 864 1161 928; x_wconf 93' lang='lat' dir='ltr'>habuit</span> <span class='ocrx_word' id='word_1_44' title='bbox 1215 868 1322 948; x_wconf 90' lang='lat' dir='ltr'>gativa</span> <span class='ocrx_word' id='word_1_45' title='bbox 1343 887 1469 950; x_wconf 89' lang='lat' dir='ltr'>semper</span> <span class='ocrx_word' id='word_1_46' title='bbox 1490 868 1638 948; x_wconf 83' lang='lat' dir='ltr'>amabile,</span> <span class='ocrx_word' id='word_1_47' title='bbox 1656 866 1815 930; x_wconf 89' lang='lat' dir='ltr'>universis</span> <span class='ocrx_word' id='word_1_48' title='bbox 1836 883 1969 947; x_wconf 90' lang='lat' dir='ltr'>quoque</span> 
     </span>
     <span class='ocr_line' id='line_1_5' title="bbox 412 962 1970 1047; baseline 0.001 -24"><span class='ocrx_word' id='word_1_49' title='bbox 412 979 574 1024; x_wconf 88' lang='lat' dir='ltr'>summum</span> <span class='ocrx_word' id='word_1_50' title='bbox 595 971 627 1024; x_wconf 94' lang='lat' dir='ltr'>et</span> <span class='ocrx_word' id='word_1_51' title='bbox 644 962 913 1044; x_wconf 83' lang='lat' dir='ltr'>perfectissimum</span> <span class='ocrx_word' id='word_1_52' title='bbox 932 963 965 1024; x_wconf 94' lang='lat' dir='ltr'>in</span> <span class='ocrx_word' id='word_1_53' title='bbox 985 963 1160 1044; x_wconf 88' lang='lat' dir='ltr'>pulchritu-</span> <span class='ocrx_word' id='word_1_54' title='bbox 1215 965 1338 1047; x_wconf 80' lang='lat' dir='ltr'>angelis</span> <span class='ocrx_word' id='word_1_55' title='bbox 1366 975 1398 1028; x_wconf 96' lang='lat' dir='ltr'>et</span> <span class='ocrx_word' id='word_1_56' title='bbox 1424 966 1607 1028; x_wconf 92' lang='lat' dir='ltr'>hominibus</span> <span class='ocrx_word' id='word_1_57' title='bbox 1640 967 1837 1029; x_wconf 77' lang='lat' dir='ltr'>incessanter</span> <span class='ocrx_word' id='word_1_58' title='bbox 1863 964 1970 1026; x_wconf 91' lang='lat' dir='ltr'>hono-</span> 
     </span>
     <span class='ocr_line' id='line_1_6' title="bbox 410 1059 1970 1144; baseline 0.001 -24"><span class='ocrx_word' id='word_1_59' title='bbox 410 1059 485 1121; x_wconf 89' lang='lat' dir='ltr'>dine</span> <span class='ocrx_word' id='word_1_60' title='bbox 503 1059 587 1140; x_wconf 92' lang='lat' dir='ltr'>qnod</span> <span class='ocrx_word' id='word_1_61' title='bbox 606 1059 710 1142; x_wconf 90' lang='lat' dir='ltr'>potuit</span> <span class='ocrx_word' id='word_1_62' title='bbox 728 1079 798 1123; x_wconf 90' lang='lat' dir='ltr'>esse</span> <span class='ocrx_word' id='word_1_63' title='bbox 821 1061 854 1122; x_wconf 92' lang='lat' dir='ltr'>in</span> <span class='ocrx_word' id='word_1_64' title='bbox 879 1061 1005 1123; x_wconf 75' lang='lat' dir='ltr'>mortali</span> <span class='ocrx_word' id='word_1_65' title='bbox 1027 1079 1160 1141; x_wconf 86' lang='lat' dir='ltr'>corpore</span> <span class='ocrx_word' id='word_1_66' title='bbox 1216 1063 1325 1125; x_wconf 90' lang='lat' dir='ltr'>rabile.</span> <span class='ocrx_word' id='word_1_67' title='bbox 1342 1064 1454 1126; x_wconf 77' lang='lat' dir='ltr'>lotum</span> <span class='ocrx_word' id='word_1_68' title='bbox 1474 1063 1592 1125; x_wconf 81' lang='lat' dir='ltr'>etenim</span> <span class='ocrx_word' id='word_1_69' title='bbox 1608 1063 1760 1144; x_wconf 77' lang='lat' dir='ltr'>virginea</span> <span class='ocrx_word' id='word_1_70' title='bbox 1774 1060 1880 1124; x_wconf 83' lang='lat' dir='ltr'>listris</span> <span class='ocrx_word' id='word_1_71' title='bbox 1894 1079 1970 1123; x_wconf 92' lang='lat' dir='ltr'>cor-</span> 
     </span>
     <span class='ocr_line' id='line_1_7' title="bbox 413 1155 1968 1242; baseline 0.002 -25"><span class='ocrx_word' id='word_1_72' title='bbox 413 1155 553 1220; x_wconf 89' lang='lat' dir='ltr'>lemineo</span> <span class='ocrx_word' id='word_1_73' title='bbox 576 1158 752 1220; x_wconf 89' lang='lat' dir='ltr'>secundum</span> <span class='ocrx_word' id='word_1_74' title='bbox 777 1165 893 1220; x_wconf 87' lang='lat' dir='ltr'>statum</span> <span class='ocrx_word' id='word_1_75' title='bbox 918 1157 990 1238; x_wconf 79' lang='lat' dir='ltr'>vim,</span> <span class='ocrx_word' id='word_1_76' title='bbox 1006 1164 1159 1240; x_wconf 86' lang='lat' dir='ltr'>operante</span> <span class='ocrx_word' id='word_1_77' title='bbox 1214 1179 1275 1242; x_wconf 91' lang='lat' dir='ltr'>pns</span> <span class='ocrx_word' id='word_1_78' title='bbox 1289 1169 1357 1222; x_wconf 90' lang='lat' dir='ltr'>erat</span> <span class='ocrx_word' id='word_1_79' title='bbox 1371 1160 1615 1241; x_wconf 82' lang='lat' dir='ltr'>incomparabili</span> <span class='ocrx_word' id='word_1_80' title='bbox 1634 1158 1872 1241; x_wconf 81' lang='lat' dir='ltr'>pulchritudine</span> <span class='ocrx_word' id='word_1_81' title='bbox 1892 1176 1968 1239; x_wconf 90' lang='lat' dir='ltr'>spe-</span> 
     </span>
     <span class='ocr_line' id='line_1_8' title="bbox 412 1255 1967 1336; baseline 0.001 -20"><span class='ocrx_word' id='word_1_82' title='bbox 412 1262 535 1317; x_wconf 88' lang='lat' dir='ltr'>natura.</span> <span class='ocrx_word' id='word_1_83' title='bbox 551 1255 623 1317; x_wconf 84' lang='lat' dir='ltr'>Eaec</span> <span class='ocrx_word' id='word_1_84' title='bbox 645 1255 802 1318; x_wconf 89' lang='lat' dir='ltr'>Albertus.</span> <span class='ocrx_word' id='word_1_85' title='bbox 1214 1258 1349 1336; x_wconf 86' lang='lat' dir='ltr'>ciosum,</span> <span class='ocrx_word' id='word_1_86' title='bbox 1368 1257 1581 1321; x_wconf 81' lang='lat' dir='ltr'>inaestimabili</span> <span class='ocrx_word' id='word_1_87' title='bbox 1604 1257 1769 1320; x_wconf 87' lang='lat' dir='ltr'>suavitatis</span> <span class='ocrx_word' id='word_1_88' title='bbox 1793 1255 1967 1319; x_wconf 89' lang='lat' dir='ltr'>dulcedine</span> 
     </span>
     <span class='ocr_line' id='line_1_9' title="bbox 450 1352 1967 1438; baseline 0.001 -24"><span class='ocrx_word' id='word_1_89' title='bbox 450 1353 495 1414; x_wconf 90' lang='lat' dir='ltr'>Ex</span> <span class='ocrx_word' id='word_1_90' title='bbox 514 1352 629 1434; x_wconf 89' lang='lat' dir='ltr'>quibus</span> <span class='ocrx_word' id='word_1_91' title='bbox 651 1372 850 1434; x_wconf 88' lang='lat' dir='ltr'>consequens</span> <span class='ocrx_word' id='word_1_92' title='bbox 873 1361 931 1432; x_wconf 91' lang='lat' dir='ltr'>est,</span> <span class='ocrx_word' id='word_1_93' title='bbox 948 1354 1032 1435; x_wconf 93' lang='lat' dir='ltr'>quod</span> <span class='ocrx_word' id='word_1_94' title='bbox 1057 1372 1160 1417; x_wconf 86' lang='lat' dir='ltr'>sacra·</span> <span class='ocrx_word' id='word_1_95' title='bbox 1213 1357 1401 1438; x_wconf 87' lang='lat' dir='ltr'>gratiosum,</span> <span class='ocrx_word' id='word_1_96' title='bbox 1431 1366 1462 1419; x_wconf 91' lang='lat' dir='ltr'>et</span> <span class='ocrx_word' id='word_1_97' title='bbox 1496 1356 1584 1420; x_wconf 93' lang='lat' dir='ltr'>omni</span> <span class='ocrx_word' id='word_1_98' title='bbox 1612 1355 1801 1419; x_wconf 88' lang='lat' dir='ltr'>habitudine</span> <span class='ocrx_word' id='word_1_99' title='bbox 1835 1374 1893 1417; x_wconf 89' lang='lat' dir='ltr'>sua</span> <span class='ocrx_word' id='word_1_100' title='bbox 1928 1354 1967 1416; x_wconf 93' lang='lat' dir='ltr'>in</span> 
     </span>
     <span class='ocr_line' id='line_1_10' title="bbox 411 1449 1967 1536; baseline 0.001 -24"><span class='ocrx_word' id='word_1_101' title='bbox 411 1449 532 1514; x_wconf 90' lang='lat' dir='ltr'>tissima</span> <span class='ocrx_word' id='word_1_102' title='bbox 557 1451 646 1533; x_wconf 90' lang='lat' dir='ltr'>virgo</span> <span class='ocrx_word' id='word_1_103' title='bbox 665 1451 761 1514; x_wconf 87' lang='lat' dir='ltr'>lilaria</span> <span class='ocrx_word' id='word_1_104' title='bbox 782 1451 844 1513; x_wconf 88' lang='lat' dir='ltr'>luit</span> <span class='ocrx_word' id='word_1_105' title='bbox 864 1451 1071 1533; x_wconf 88' lang='lat' dir='ltr'>corporaliter</span> <span class='ocrx_word' id='word_1_106' title='bbox 1091 1451 1161 1532; x_wconf 94' lang='lat' dir='ltr'>pul·</span> <span class='ocrx_word' id='word_1_107' title='bbox 1214 1454 1415 1536; x_wconf 88' lang='lat' dir='ltr'>beneplacito</span> <span class='ocrx_word' id='word_1_108' title='bbox 1435 1455 1489 1518; x_wconf 88' lang='lat' dir='ltr'>Dei</span> <span class='ocrx_word' id='word_1_109' title='bbox 1510 1457 1660 1518; x_wconf 90' lang='lat' dir='ltr'>decenter</span> <span class='ocrx_word' id='word_1_110' title='bbox 1680 1463 1712 1516; x_wconf 93' lang='lat' dir='ltr'>et</span> <span class='ocrx_word' id='word_1_111' title='bbox 1733 1452 1967 1516; x_wconf 87' lang='lat' dir='ltr'>admirabiliter</span> 
     </span>
     <span class='ocr_line' id='line_1_11' title="bbox 274 1547 2116 1635; baseline 0.004 -25"><span class='ocrx_word' id='word_1_112' title='bbox 274 1564 361 1610; x_wconf 68' lang='lat' dir='ltr'>saraa</span> <span class='ocrx_word' id='word_1_113' title='bbox 374 1577 396 1616; x_wconf 81' lang='lat' dir='ltr'>n,</span> <span class='ocrx_word' id='word_1_114' title='bbox 411 1547 519 1612; x_wconf 91' lang='lat' dir='ltr'>chrior</span> <span class='ocrx_word' id='word_1_115' title='bbox 542 1549 612 1632; x_wconf 91' lang='lat' dir='ltr'>ipsa</span> <span class='ocrx_word' id='word_1_116' title='bbox 634 1549 759 1630; x_wconf 86' lang='lat' dir='ltr'>Esther,</span> <span class='ocrx_word' id='word_1_117' title='bbox 778 1550 818 1612; x_wconf 90' lang='lat' dir='ltr'>de</span> <span class='ocrx_word' id='word_1_118' title='bbox 842 1568 905 1631; x_wconf 91' lang='lat' dir='ltr'>qna</span> <span class='ocrx_word' id='word_1_119' title='bbox 929 1549 1069 1631; x_wconf 87' lang='lat' dir='ltr'>legitur:</span> <span class='ocrx_word' id='word_1_120' title='bbox 1086 1549 1161 1610; x_wconf 85' lang='lat' dir='ltr'>Erat</span> <span class='ocrx_word' id='word_1_121' title='bbox 1215 1552 1398 1634; x_wconf 85' lang='lat' dir='ltr'>gloriosum.</span> <span class='ocrx_word' id='word_1_122' title='bbox 1416 1553 1492 1615; x_wconf 85' lang='lat' dir='ltr'>Tota</span> <span class='ocrx_word' id='word_1_123' title='bbox 1515 1553 1632 1616; x_wconf 89' lang='lat' dir='ltr'>etenim</span> <span class='ocrx_word' id='word_1_124' title='bbox 1659 1552 1792 1635; x_wconf 89' lang='lat' dir='ltr'>pulchra</span> <span class='ocrx_word' id='word_1_125' title='bbox 1813 1550 1885 1632; x_wconf 88' lang='lat' dir='ltr'>luit,</span> <span class='ocrx_word' id='word_1_126' title='bbox 1901 1569 1966 1612; x_wconf 91' lang='lat' dir='ltr'>nec</span> <span class='ocrx_word' id='word_1_127' title='bbox 1984 1573 2116 1625; x_wconf 61' lang='lat' dir='ltr'>cmi.</span> 
     </span>
     <span class='ocr_line' id='line_1_12' title="bbox 265 1631 1966 1732; baseline 0 -22"><span class='ocrx_word' id='word_1_128' title='bbox 265 1631 299 1671; x_wconf 72' lang='lat'>&#39;⁵&#39;</span> <span class='ocrx_word' id='word_1_129' title='bbox 410 1645 523 1710; x_wconf 89' lang='lat' dir='ltr'>Esther</span> <span class='ocrx_word' id='word_1_130' title='bbox 547 1646 687 1711; x_wconf 82' lang='lat' dir='ltr'>formosa</span> <span class='ocrx_word' id='word_1_131' title='bbox 711 1647 803 1710; x_wconf 91' lang='lat' dir='ltr'>valde</span> <span class='ocrx_word' id='word_1_132' title='bbox 827 1655 858 1710; x_wconf 91' lang='lat' dir='ltr'>et</span> <span class='ocrx_word' id='word_1_133' title='bbox 881 1647 1063 1710; x_wconf 92' lang='lat' dir='ltr'>incredibili</span> <span class='ocrx_word' id='word_1_134' title='bbox 1090 1647 1160 1729; x_wconf 90' lang='lat' dir='ltr'>pul·</span> <span class='ocrx_word' id='word_1_135' title='bbox 1216 1650 1281 1713; x_wconf 93' lang='lat' dir='ltr'>ulla</span> <span class='ocrx_word' id='word_1_136' title='bbox 1299 1651 1333 1713; x_wconf 93' lang='lat' dir='ltr'>in</span> <span class='ocrx_word' id='word_1_137' title='bbox 1352 1671 1390 1714; x_wconf 91' lang='lat' dir='ltr'>ea</span> <span class='ocrx_word' id='word_1_138' title='bbox 1409 1671 1550 1732; x_wconf 90' lang='lat' dir='ltr'>unquam</span> <span class='ocrx_word' id='word_1_139' title='bbox 1566 1650 1835 1714; x_wconf 89' lang='lat' dir='ltr'>maculaexstitit.</span> <span class='ocrx_word' id='word_1_140' title='bbox 1852 1649 1966 1711; x_wconf 89' lang='lat' dir='ltr'>Omnis</span> 
     </span>
     <span class='ocr_line' id='line_1_13' title="bbox 411 1743 1967 1830; baseline -0.001 -20"><span class='ocrx_word' id='word_1_141' title='bbox 411 1745 603 1826; x_wconf 91' lang='lat' dir='ltr'>chritudine,</span> <span class='ocrx_word' id='word_1_142' title='bbox 619 1745 826 1827; x_wconf 91' lang='lat' dir='ltr'>omniumque</span> <span class='ocrx_word' id='word_1_143' title='bbox 847 1746 950 1808; x_wconf 91' lang='lat' dir='ltr'>oculis</span> <span class='ocrx_word' id='word_1_144' title='bbox 969 1743 1107 1828; x_wconf 90' lang='lat' dir='ltr'>gratiosa</span> <span class='ocrx_word' id='word_1_145' title='bbox 1128 1753 1160 1808; x_wconf 93' lang='lat' dir='ltr'>et</span> <span class='ocrx_word' id='word_1_146' title='bbox 1216 1748 1317 1830; x_wconf 88' lang='lat' dir='ltr'>vigor,</span> <span class='ocrx_word' id='word_1_147' title='bbox 1333 1749 1439 1812; x_wconf 92' lang='lat' dir='ltr'>omnis</span> <span class='ocrx_word' id='word_1_148' title='bbox 1463 1749 1644 1812; x_wconf 90' lang='lat' dir='ltr'>intellectus</span> <span class='ocrx_word' id='word_1_149' title='bbox 1666 1768 1703 1812; x_wconf 91' lang='lat' dir='ltr'>ac</span> <span class='ocrx_word' id='word_1_150' title='bbox 1725 1767 1838 1811; x_wconf 90' lang='lat' dir='ltr'>sensus</span> <span class='ocrx_word' id='word_1_151' title='bbox 1861 1746 1967 1830; x_wconf 91' lang='lat' dir='ltr'>ipsius</span> 
     </span>
     <span class='ocr_line' id='line_1_14' title="bbox 410 1843 1968 1930; baseline 0.001 -25"><span class='ocrx_word' id='word_1_152' title='bbox 410 1843 558 1907; x_wconf 86' lang='lat' dir='ltr'>amabilis</span> <span class='ocrx_word' id='word_1_153' title='bbox 586 1844 774 1923; x_wconf 83' lang='lat' dir='ltr'>videbatur;</span> <span class='ocrx_word' id='word_1_154' title='bbox 802 1843 949 1908; x_wconf 91' lang='lat' dir='ltr'>similiter</span> <span class='ocrx_word' id='word_1_155' title='bbox 977 1843 1060 1926; x_wconf 91' lang='lat' dir='ltr'>quod</span> <span class='ocrx_word' id='word_1_156' title='bbox 1089 1843 1159 1925; x_wconf 92' lang='lat' dir='ltr'>pul·</span> <span class='ocrx_word' id='word_1_157' title='bbox 1177 1843 1234 1909; x_wconf 78' lang='lat' dir='ltr'>ea</span> <span class='ocrx_word' id='word_1_158' title='bbox 1263 1847 1383 1930; x_wconf 89' lang='lat' dir='ltr'>Spiritu</span> <span class='ocrx_word' id='word_1_159' title='bbox 1413 1847 1528 1911; x_wconf 87' lang='lat' dir='ltr'>Sancte</span> <span class='ocrx_word' id='word_1_160' title='bbox 1558 1847 1736 1930; x_wconf 85' lang='lat' dir='ltr'>regebatur,</span> <span class='ocrx_word' id='word_1_161' title='bbox 1762 1866 1782 1910; x_wconf 87' lang='lat' dir='ltr'>a</span> <span class='ocrx_word' id='word_1_162' title='bbox 1805 1864 1869 1929; x_wconf 93' lang='lat' dir='ltr'>que</span> <span class='ocrx_word' id='word_1_163' title='bbox 1894 1846 1968 1927; x_wconf 89' lang='lat' dir='ltr'>ipsa</span> 
     </span>
     <span class='ocr_line' id='line_1_15' title="bbox 411 1939 1968 2027; baseline 0.001 -23"><span class='ocrx_word' id='word_1_164' title='bbox 411 1941 594 2005; x_wconf 88' lang='lat' dir='ltr'>chrierluit</span> <span class='ocrx_word' id='word_1_165' title='bbox 610 1961 706 2025; x_wconf 87' lang='lat' dir='ltr'>quam</span> <span class='ocrx_word' id='word_1_166' title='bbox 724 1942 844 2022; x_wconf 84' lang='lat' dir='ltr'>iudith,</span> <span class='ocrx_word' id='word_1_167' title='bbox 860 1943 900 2004; x_wconf 93' lang='lat' dir='ltr'>de</span> <span class='ocrx_word' id='word_1_168' title='bbox 921 1961 984 2023; x_wconf 93' lang='lat' dir='ltr'>qua</span> <span class='ocrx_word' id='word_1_169' title='bbox 1004 1939 1106 2004; x_wconf 85' lang='lat' dir='ltr'>fertur</span> <span class='ocrx_word' id='word_1_170' title='bbox 1125 1941 1158 2004; x_wconf 93' lang='lat' dir='ltr'>in</span> <span class='ocrx_word' id='word_1_171' title='bbox 1215 1965 1280 2010; x_wconf 92' lang='lat' dir='ltr'>non</span> <span class='ocrx_word' id='word_1_172' title='bbox 1305 1965 1362 2027; x_wconf 93' lang='lat' dir='ltr'>per</span> <span class='ocrx_word' id='word_1_173' title='bbox 1386 1946 1534 2025; x_wconf 90' lang='lat' dir='ltr'>divisam,</span> <span class='ocrx_word' id='word_1_174' title='bbox 1550 1948 1606 2010; x_wconf 92' lang='lat' dir='ltr'>sed</span> <span class='ocrx_word' id='word_1_175' title='bbox 1631 1965 1688 2027; x_wconf 94' lang='lat' dir='ltr'>per</span> <span class='ocrx_word' id='word_1_176' title='bbox 1710 1945 1867 2026; x_wconf 90' lang='lat' dir='ltr'>integram</span> <span class='ocrx_word' id='word_1_177' title='bbox 1892 1963 1968 2026; x_wconf 91' lang='lat' dir='ltr'>gra·</span> 
     </span>
     <span class='ocr_line' id='line_1_16' title="bbox 263 2039 1506 2126; baseline -0.002 -18"><span class='ocrx_word' id='word_1_178' title='bbox 263 2041 493 2110; x_wconf 69' lang='lat' dir='ltr'>rmutavu1,lihro</span> <span class='ocrx_word' id='word_1_179' title='bbox 512 2041 582 2123; x_wconf 82' lang='lat' dir='ltr'>ejus</span> <span class='ocrx_word' id='word_1_180' title='bbox 600 2042 698 2103; x_wconf 89' lang='lat' dir='ltr'>:Erat</span> <span class='ocrx_word' id='word_1_181' title='bbox 716 2040 855 2122; x_wconf 89' lang='lat' dir='ltr'>eleganti</span> <span class='ocrx_word' id='word_1_182' title='bbox 875 2042 1029 2122; x_wconf 90' lang='lat' dir='ltr'>adspectu</span> <span class='ocrx_word' id='word_1_183' title='bbox 1049 2039 1157 2117; x_wconf 89' lang='lat' dir='ltr'>nimis,</span> <span class='ocrx_word' id='word_1_184' title='bbox 1215 2045 1292 2107; x_wconf 93' lang='lat' dir='ltr'>tiam</span> <span class='ocrx_word' id='word_1_185' title='bbox 1314 2043 1506 2126; x_wconf 89' lang='lat' dir='ltr'>replebatur.</span> 
     </span>
     <span class='ocr_line' id='line_1_17' title="bbox 263 2128 1160 2234; baseline -0.002 -32"><span class='ocrx_word' id='word_1_186' title='bbox 263 2130 312 2234; x_wconf 51' lang='grc' dir='ltr'>ἵζ’</span> <span class='ocrx_word' id='word_1_187' title='bbox 323 2128 396 2176; x_wconf 75' lang='lat'><strong>¹⁴³¹&#39;’</strong></span> <span class='ocrx_word' id='word_1_188' title='bbox 410 2147 442 2202; x_wconf 90' lang='lat' dir='ltr'>ct</span> <span class='ocrx_word' id='word_1_189' title='bbox 460 2139 705 2203; x_wconf 88' lang='lat' dir='ltr'>considerabant</span> <span class='ocrx_word' id='word_1_190' title='bbox 724 2138 839 2202; x_wconf 82' lang='lat' dir='ltr'>faciem</span> <span class='ocrx_word' id='word_1_191' title='bbox 860 2139 942 2221; x_wconf 84' lang='lat' dir='ltr'>ejus,</span> <span class='ocrx_word' id='word_1_192' title='bbox 958 2146 990 2202; x_wconf 92' lang='lat' dir='ltr'>et</span> <span class='ocrx_word' id='word_1_193' title='bbox 1008 2145 1076 2201; x_wconf 87' lang='lat' dir='ltr'>erat</span> <span class='ocrx_word' id='word_1_194' title='bbox 1096 2147 1160 2200; x_wconf 91' lang='lat' dir='ltr'>stu·</span> 
     </span>
     <span class='ocr_line' id='line_1_18' title="bbox 410 2235 1162 2321; baseline -0.005 -19"><span class='ocrx_word' id='word_1_195' title='bbox 410 2255 469 2321; x_wconf 92' lang='lat' dir='ltr'>por</span> <span class='ocrx_word' id='word_1_196' title='bbox 487 2237 521 2299; x_wconf 95' lang='lat' dir='ltr'>in</span> <span class='ocrx_word' id='word_1_197' title='bbox 541 2237 643 2300; x_wconf 91' lang='lat' dir='ltr'>oculis</span> <span class='ocrx_word' id='word_1_198' title='bbox 663 2257 785 2316; x_wconf 91' lang='lat' dir='ltr'>eorum,</span> <span class='ocrx_word' id='word_1_199' title='bbox 802 2245 835 2300; x_wconf 90' lang='lat' dir='ltr'>ct</span> <span class='ocrx_word' id='word_1_200' title='bbox 852 2236 1011 2314; x_wconf 89' lang='lat' dir='ltr'>dicebaut,</span> <span class='ocrx_word' id='word_1_201' title='bbox 1028 2235 1097 2299; x_wconf 91' lang='lat' dir='ltr'>Non</span> <span class='ocrx_word' id='word_1_202' title='bbox 1111 2245 1162 2299; x_wconf 89' lang='lat' dir='ltr'>est</span> 
     </span>
     <span class='ocr_line' id='line_1_19' title="bbox 409 2305 1796 2417; baseline 0 -19"><span class='ocrx_word' id='word_1_203' title='bbox 409 2336 482 2398; x_wconf 84' lang='lat' dir='ltr'>tulis</span> <span class='ocrx_word' id='word_1_204' title='bbox 501 2335 616 2398; x_wconf 91' lang='lat' dir='ltr'>mulier</span> <span class='ocrx_word' id='word_1_205' title='bbox 635 2355 731 2417; x_wconf 89' lang='lat' dir='ltr'>snper</span> <span class='ocrx_word' id='word_1_206' title='bbox 753 2344 870 2398; x_wconf 91' lang='lat' dir='ltr'>terram</span> <span class='ocrx_word' id='word_1_207' title='bbox 889 2335 922 2396; x_wconf 92' lang='lat' dir='ltr'>in</span> <span class='ocrx_word' id='word_1_208' title='bbox 945 2335 1110 2416; x_wconf 90' lang='lat' dir='ltr'>adspectu,</span> <span class='ocrx_word' id='word_1_209' title='bbox 1126 2335 1159 2398; x_wconf 94' lang='lat' dir='ltr'>in</span> <span class='ocrx_word' id='word_1_210' title='bbox 1377 2306 1623 2372; x_wconf 68' lang='lat' dir='ltr'>ARTICULUS</span> <span class='ocrx_word' id='word_1_211' title='bbox 1652 2305 1796 2372; x_wconf 72' lang='lat' dir='ltr'><strong>XXXV·</strong></span> 
     </span>
     <span class='ocr_line' id='line_1_20' title="bbox 411 2433 1883 2531; baseline -0.001 -35"><span class='ocrx_word' id='word_1_212' title='bbox 411 2433 659 2514; x_wconf 88' lang='lat' dir='ltr'>pulchritudine,</span> <span class='ocrx_word' id='word_1_213' title='bbox 676 2434 755 2496; x_wconf 91' lang='lat' dir='ltr'>etin</span> <span class='ocrx_word' id='word_1_214' title='bbox 771 2451 866 2496; x_wconf 91' lang='lat' dir='ltr'>sensu</span> <span class='ocrx_word' id='word_1_215' title='bbox 881 2434 1050 2496; x_wconf 90' lang='lat' dir='ltr'>verborum</span> <span class='ocrx_word' id='word_1_216' title='bbox 1061 2456 1069 2512; x_wconf 80' lang='lat'>3</span> <span class='ocrx_word' id='word_1_217' title='bbox 1082 2433 1159 2495; x_wconf 90' lang='lat' dir='ltr'>item</span> <span class='ocrx_word' id='word_1_218' title='bbox 1300 2458 1349 2517; x_wconf 71' lang='lat' dir='ltr'>De</span> <span class='ocrx_word' id='word_1_219' title='bbox 1359 2456 1530 2531; x_wconf 62' lang='lat' dir='ltr'>proecgpua</span> <span class='ocrx_word' id='word_1_220' title='bbox 1545 2456 1688 2514; x_wconf 57' lang='lat' dir='ltr'><em>bonitate</em></span> <span class='ocrx_word' id='word_1_221' title='bbox 1701 2456 1883 2515; x_wconf 57' lang='lat' dir='ltr'><strong><em>harmonia,</em></strong></span> 
     </span>
     <span class='ocr_line' id='line_1_21' title="bbox 411 2530 1925 2622; baseline 0 -28"><span class='ocrx_word' id='word_1_222' title='bbox 411 2531 495 2613; x_wconf 87' lang='lat' dir='ltr'>quod</span> <span class='ocrx_word' id='word_1_223' title='bbox 527 2531 691 2613; x_wconf 83' lang='lat' dir='ltr'>pulchrior</span> <span class='ocrx_word' id='word_1_224' title='bbox 719 2531 782 2594; x_wconf 80' lang='lat' dir='ltr'>luit</span> <span class='ocrx_word' id='word_1_225' title='bbox 812 2530 944 2594; x_wconf 69' lang='lat' dir='ltr'>filiabus</span> <span class='ocrx_word' id='word_1_226' title='bbox 974 2531 1058 2594; x_wconf 67' lang='lat' dir='ltr'>bessii</span> <span class='ocrx_word' id='word_1_227' title='bbox 1088 2531 1158 2612; x_wconf 76' lang='lat' dir='ltr'>JOi),</span> <span class='ocrx_word' id='word_1_228' title='bbox 1250 2553 1281 2603; x_wconf 78' lang='lat' dir='ltr'>et</span> <span class='ocrx_word' id='word_1_229' title='bbox 1308 2546 1541 2620; x_wconf 65' lang='lat' dir='ltr'>Complssm&#39;ont&#39;s</span> <span class='ocrx_word' id='word_1_230' title='bbox 1567 2545 1687 2605; x_wconf 64' lang='grc' dir='ltr'><em>Μανία</em></span> <span class='ocrx_word' id='word_1_231' title='bbox 1714 2545 1925 2622; x_wconf 67' lang='lat' dir='ltr'>diynissimoe,</span> 
     </span>
     <span class='ocr_line' id='line_1_22' title="bbox 262 2628 1159 2712; baseline 0.001 -19"><span class='ocrx_word' id='word_1_232' title='bbox 262 2632 450 2708; x_wconf 56' lang='lat' dir='ltr'>compede</span> <span class='ocrx_word' id='word_1_233' title='bbox 474 2630 589 2712; x_wconf 89' lang='lat' dir='ltr'>quihus</span> <span class='ocrx_word' id='word_1_234' title='bbox 614 2629 766 2694; x_wconf 91' lang='lat' dir='ltr'>recitatur</span> <span class='ocrx_word' id='word_1_235' title='bbox 792 2654 798 2691; x_wconf 92' lang='lat'>:</span> <span class='ocrx_word' id='word_1_236' title='bbox 825 2629 893 2693; x_wconf 92' lang='lat' dir='ltr'>Non</span> <span class='ocrx_word' id='word_1_237' title='bbox 919 2636 992 2691; x_wconf 92' lang='lat' dir='ltr'>sunt</span> <span class='ocrx_word' id='word_1_238' title='bbox 1021 2628 1159 2694; x_wconf 79' lang='lat' dir='ltr'>inventa</span> 
     </span>
     <span class='ocr_line' id='line_1_23' title="bbox 410 2726 2124 2811; baseline 0.004 -21"><span class='ocrx_word' id='word_1_239' title='bbox 410 2728 560 2792; x_wconf 90' lang='lat' dir='ltr'>mulieres</span> <span class='ocrx_word' id='word_1_240' title='bbox 585 2728 736 2810; x_wconf 79' lang='lat' dir='ltr'>speciosa</span> <span class='ocrx_word' id='word_1_241' title='bbox 758 2728 841 2792; x_wconf 91' lang='lat' dir='ltr'>sicut</span> <span class='ocrx_word' id='word_1_242' title='bbox 860 2726 938 2790; x_wconf 82' lang='lat' dir='ltr'>tilia</span> <span class='ocrx_word' id='word_1_243' title='bbox 957 2727 1015 2791; x_wconf 84' lang='lat' dir='ltr'>lob</span> <span class='ocrx_word' id='word_1_244' title='bbox 1034 2727 1068 2790; x_wconf 94' lang='lat' dir='ltr'>in</span> <span class='ocrx_word' id='word_1_245' title='bbox 1088 2728 1159 2790; x_wconf 90' lang='lat' dir='ltr'>uni·</span> <span class='ocrx_word' id='word_1_246' title='bbox 1289 2733 1422 2794; x_wconf 81' lang='lat' dir='ltr'>UAEest</span> <span class='ocrx_word' id='word_1_247' title='bbox 1437 2733 1500 2792; x_wconf 82' lang='lat' dir='ltr'>istc</span> <span class='ocrx_word' id='word_1_248' title='bbox 1515 2753 1588 2811; x_wconf 82' lang='lat' dir='ltr'>quoe</span> <span class='ocrx_word' id='word_1_249' title='bbox 1602 2734 1747 2792; x_wconf 84' lang='lat' dir='ltr'>ascendit</span> <span class='ocrx_word' id='word_1_250' title='bbox 1767 2734 1808 2792; x_wconf 84' lang='lat' dir='ltr'>de</span> <span class='ocrx_word' id='word_1_251' title='bbox 1821 2735 1962 2804; x_wconf 82' lang='lat' dir='ltr'>deserto,</span> <span class='ocrx_word' id='word_1_252' title='bbox 1979 2749 2124 2798; x_wconf 64' lang='lat' dir='ltr'>calmas.</span> 
     </span>
     <span class='ocr_line' id='line_1_24' title="bbox 410 2728 2148 2930; baseline -0.001 -41"><span class='ocrx_word' id='word_1_253' title='bbox 410 2845 502 2890; x_wconf 82' lang='lat' dir='ltr'>versa</span> <span class='ocrx_word' id='word_1_254' title='bbox 521 2835 615 2889; x_wconf 82' lang='lat' dir='ltr'>terra.</span> <span class='ocrx_word' id='word_1_255' title='bbox 1216 2728 1281 2930; x_wconf 80' lang='grc' dir='ltr'>Ο</span> <span class='ocrx_word' id='word_1_256' title='bbox 1298 2831 1428 2890; x_wconf 80' lang='lat' dir='ltr'>deliciis</span> <span class='ocrx_word' id='word_1_257' title='bbox 1450 2831 1605 2906; x_wconf 71' lang='lat' dir='ltr'>afficiens,</span> <span class='ocrx_word' id='word_1_258' title='bbox 1622 2831 1743 2890; x_wconf 75' lang='lat' dir='ltr'>innixa</span> <span class='ocrx_word' id='word_1_259' title='bbox 1762 2848 1862 2906; x_wconf 81' lang='lat' dir='ltr'>super</span> <span class='ocrx_word' id='word_1_260' title='bbox 1879 2832 1962 2889; x_wconf 85' lang='lat' dir='ltr'>dile·</span> <span class='ocrx_word' id='word_1_261' title='bbox 2147 2832 2148 2877; x_wconf 83' lang='lat' dir='ltr'>l</span> 
     </span>
     <span class='ocr_line' id='line_1_25' title="bbox 448 2923 1962 3009; baseline 0.001 -21"><span class='ocrx_word' id='word_1_262' title='bbox 448 2925 611 3006; x_wconf 78' lang='lat' dir='ltr'>Praeterea,</span> <span class='ocrx_word' id='word_1_263' title='bbox 636 2924 726 3006; x_wconf 88' lang='lat' dir='ltr'>juxta</span> <span class='ocrx_word' id='word_1_264' title='bbox 753 2923 931 2988; x_wconf 90' lang='lat' dir='ltr'>doctrinam</span> <span class='ocrx_word' id='word_1_265' title='bbox 959 2923 1156 3007; x_wconf 91' lang='lat' dir='ltr'>Philosophi,</span> <span class='ocrx_word' id='word_1_266' title='bbox 1211 2936 1300 2989; x_wconf 83' lang='lat' dir='ltr'>ctum</span> <span class='ocrx_word' id='word_1_267' title='bbox 1315 2949 1410 2988; x_wconf 82' lang='lat' dir='ltr'>suum</span> <span class='ocrx_word' id='word_1_268' title='bbox 1423 2929 1439 2988; x_wconf 68' lang='grc' dir='ltr'><em>ἵ</em></span> <span class='ocrx_word' id='word_1_269' title='bbox 1451 2927 1496 2989; x_wconf 93' lang='lat' dir='ltr'>Ex</span> <span class='ocrx_word' id='word_1_270' title='bbox 1511 2927 1605 2990; x_wconf 91' lang='lat' dir='ltr'>dictis</span> <span class='ocrx_word' id='word_1_271' title='bbox 1620 2934 1756 3006; x_wconf 90' lang='lat' dir='ltr'>constat,</span> <span class='ocrx_word' id='word_1_272' title='bbox 1772 2928 1857 3009; x_wconf 91' lang='lat' dir='ltr'>quod</span> <span class='ocrx_word' id='word_1_273' title='bbox 1877 2927 1962 2990; x_wconf 89' lang='lat' dir='ltr'>sient</span> 
     </span>
     <span class='ocr_line' id='line_1_26' title="bbox 408 3021 1962 3108; baseline 0.001 -22"><span class='ocrx_word' id='word_1_274' title='bbox 408 3023 613 3108; x_wconf 89' lang='lat' dir='ltr'>pulchritudo</span> <span class='ocrx_word' id='word_1_275' title='bbox 640 3023 783 3107; x_wconf 89' lang='lat' dir='ltr'>corperis</span> <span class='ocrx_word' id='word_1_276' title='bbox 809 3022 955 3086; x_wconf 87' lang='lat' dir='ltr'>consistit</span> <span class='ocrx_word' id='word_1_277' title='bbox 980 3022 1014 3084; x_wconf 95' lang='lat' dir='ltr'>in</span> <span class='ocrx_word' id='word_1_278' title='bbox 1040 3021 1154 3101; x_wconf 93' lang='lat' dir='ltr'>tribus,</span> <span class='ocrx_word' id='word_1_279' title='bbox 1176 3021 1397 3088; x_wconf 85' lang='lat' dir='ltr'>Cbeatissima</span> <span class='ocrx_word' id='word_1_280' title='bbox 1426 3025 1516 3107; x_wconf 89' lang='lat' dir='ltr'>virge</span> <span class='ocrx_word' id='word_1_281' title='bbox 1540 3025 1634 3088; x_wconf 85' lang='lat' dir='ltr'>illaria</span> <span class='ocrx_word' id='word_1_282' title='bbox 1661 3024 1724 3087; x_wconf 85' lang='lat' dir='ltr'>luit</span> <span class='ocrx_word' id='word_1_283' title='bbox 1746 3025 1962 3108; x_wconf 89' lang='lat' dir='ltr'>pulcherrima</span> 
     </span>
     <span class='ocr_line' id='line_1_27' title="bbox 409 3119 2149 3210; baseline 0 -24"><span class='ocrx_word' id='word_1_284' title='bbox 409 3130 498 3206; x_wconf 92' lang='lat' dir='ltr'>puta,</span> <span class='ocrx_word' id='word_1_285' title='bbox 522 3121 556 3186; x_wconf 93' lang='lat' dir='ltr'>in</span> <span class='ocrx_word' id='word_1_286' title='bbox 580 3121 717 3207; x_wconf 90' lang='lat' dir='ltr'>eleganti</span> <span class='ocrx_word' id='word_1_287' title='bbox 744 3121 886 3205; x_wconf 90' lang='lat' dir='ltr'>corperis</span> <span class='ocrx_word' id='word_1_288' title='bbox 912 3120 1099 3202; x_wconf 87' lang='lat' dir='ltr'>quantitate,</span> <span class='ocrx_word' id='word_1_289' title='bbox 1122 3119 1155 3181; x_wconf 92' lang='lat' dir='ltr'>in</span> <span class='ocrx_word' id='word_1_290' title='bbox 1212 3142 1356 3208; x_wconf 90' lang='lat' dir='ltr'>corpore,</span> <span class='ocrx_word' id='word_1_291' title='bbox 1373 3124 1417 3186; x_wconf 87' lang='lat' dir='ltr'>ita</span> <span class='ocrx_word' id='word_1_292' title='bbox 1438 3132 1470 3186; x_wconf 89' lang='lat' dir='ltr'>et</span> <span class='ocrx_word' id='word_1_293' title='bbox 1491 3122 1690 3187; x_wconf 90' lang='lat' dir='ltr'>nobilissima</span> <span class='ocrx_word' id='word_1_294' title='bbox 1710 3132 1805 3205; x_wconf 87' lang='lat' dir='ltr'>atque</span> <span class='ocrx_word' id='word_1_295' title='bbox 1828 3121 1961 3187; x_wconf 90' lang='lat' dir='ltr'>tenerri-</span> <span class='ocrx_word' id='word_1_296' title='bbox 2148 3187 2149 3210; x_wconf 56' lang='lat'>,</span> 
     </span>
     <span class='ocr_line' id='line_1_28' title="bbox 409 3220 2149 3304; baseline 0 -19"><span class='ocrx_word' id='word_1_297' title='bbox 409 3240 550 3304; x_wconf 88' lang='lat' dir='ltr'>congrua</span> <span class='ocrx_word' id='word_1_298' title='bbox 573 3222 789 3287; x_wconf 89' lang='lat' dir='ltr'>membrorum</span> <span class='ocrx_word' id='word_1_299' title='bbox 808 3220 1015 3303; x_wconf 89' lang='lat' dir='ltr'>dispositione</span> <span class='ocrx_word' id='word_1_300' title='bbox 1035 3226 1067 3282; x_wconf 90' lang='lat' dir='ltr'>et</span> <span class='ocrx_word' id='word_1_301' title='bbox 1085 3238 1158 3301; x_wconf 93' lang='lat' dir='ltr'>pro-</span> <span class='ocrx_word' id='word_1_302' title='bbox 1211 3242 1264 3285; x_wconf 93' lang='lat' dir='ltr'>ma</span> <span class='ocrx_word' id='word_1_303' title='bbox 1284 3222 1514 3304; x_wconf 83' lang='lat' dir='ltr'>complexione.</span> <span class='ocrx_word' id='word_1_304' title='bbox 1530 3222 1597 3286; x_wconf 88' lang='lat' dir='ltr'>Irno</span> <span class='ocrx_word' id='word_1_305' title='bbox 1616 3221 1878 3285; x_wconf 88' lang='lat' dir='ltr'>decentissimum</span> <span class='ocrx_word' id='word_1_306' title='bbox 1897 3220 1963 3285; x_wconf 88' lang='lat' dir='ltr'>luit</span> <span class='ocrx_word' id='word_1_307' title='bbox 2148 3227 2149 3300; x_wconf 81' lang='lat' dir='ltr'>l</span> 
     </span>
     <span class='ocr_line' id='line_1_29' title="bbox 410 3307 2149 3403; baseline 0 -22"><span class='ocrx_word' id='word_1_308' title='bbox 410 3320 555 3401; x_wconf 90' lang='lat' dir='ltr'>portione</span> <span class='ocrx_word' id='word_1_309' title='bbox 577 3320 617 3382; x_wconf 89' lang='lat' dir='ltr'>ad</span> <span class='ocrx_word' id='word_1_310' title='bbox 640 3320 792 3400; x_wconf 90' lang='lat' dir='ltr'>invicem,</span> <span class='ocrx_word' id='word_1_311' title='bbox 809 3328 840 3383; x_wconf 91' lang='lat' dir='ltr'>et</span> <span class='ocrx_word' id='word_1_312' title='bbox 863 3320 897 3382; x_wconf 95' lang='lat' dir='ltr'>in</span> <span class='ocrx_word' id='word_1_313' title='bbox 919 3318 1025 3383; x_wconf 90' lang='lat' dir='ltr'>vivide</span> <span class='ocrx_word' id='word_1_314' title='bbox 1047 3336 1084 3379; x_wconf 92' lang='lat' dir='ltr'>ac</span> <span class='ocrx_word' id='word_1_315' title='bbox 1105 3336 1157 3380; x_wconf 89' lang='lat' dir='ltr'>ve-</span> <span class='ocrx_word' id='word_1_316' title='bbox 1211 3329 1247 3384; x_wconf 93' lang='lat' dir='ltr'>nt</span> <span class='ocrx_word' id='word_1_317' title='bbox 1270 3320 1397 3403; x_wconf 75' lang='lat' dir='ltr'>optimae</span> <span class='ocrx_word' id='word_1_318' title='bbox 1425 3328 1511 3383; x_wconf 92' lang='lat' dir='ltr'>esset</span> <span class='ocrx_word' id='word_1_319' title='bbox 1533 3320 1777 3402; x_wconf 82' lang='lat' dir='ltr'>complexionis,</span> <span class='ocrx_word' id='word_1_320' title='bbox 1802 3338 1841 3383; x_wconf 90' lang='lat' dir='ltr'>ex</span> <span class='ocrx_word' id='word_1_321' title='bbox 1866 3319 1961 3401; x_wconf 87' lang='lat' dir='ltr'>cnjus</span> <span class='ocrx_word' id='word_1_322' title='bbox 2148 3307 2149 3318; x_wconf 44' lang='lat'>¹</span> 
     </span>
     <span class='ocr_line' id='line_1_30' title="bbox 408 3414 1962 3501; baseline -0.001 -21"><span class='ocrx_word' id='word_1_323' title='bbox 408 3426 503 3483; x_wconf 91' lang='lat' dir='ltr'>nusto</span> <span class='ocrx_word' id='word_1_324' title='bbox 518 3417 686 3501; x_wconf 83' lang='lat' dir='ltr'>superfuso</span> <span class='ocrx_word' id='word_1_325' title='bbox 702 3417 819 3481; x_wconf 91' lang='lat' dir='ltr'>colore.</span> <span class='ocrx_word' id='word_1_326' title='bbox 835 3418 955 3481; x_wconf 89' lang='lat' dir='ltr'>ldcirco</span> <span class='ocrx_word' id='word_1_327' title='bbox 975 3416 1008 3479; x_wconf 93' lang='lat' dir='ltr'>in</span> <span class='ocrx_word' id='word_1_328' title='bbox 1022 3414 1074 3479; x_wconf 91' lang='lat' dir='ltr'>his</span> <span class='ocrx_word' id='word_1_329' title='bbox 1094 3415 1157 3478; x_wconf 81' lang='lat' dir='ltr'>luit</span> <span class='ocrx_word' id='word_1_330' title='bbox 1211 3417 1388 3481; x_wconf 87' lang='lat' dir='ltr'>substantia</span> <span class='ocrx_word' id='word_1_331' title='bbox 1411 3417 1654 3497; x_wconf 88' lang='lat' dir='ltr'>purissimisque</span> <span class='ocrx_word' id='word_1_332' title='bbox 1675 3417 1884 3498; x_wconf 90' lang='lat' dir='ltr'>sanguinibus</span> <span class='ocrx_word' id='word_1_333' title='bbox 1908 3435 1962 3479; x_wconf 91' lang='lat' dir='ltr'>ac-</span> 
     </span>
     <span class='ocr_line' id='line_1_31' title="bbox 408 3513 1962 3599; baseline -0.003 -19"><span class='ocrx_word' id='word_1_334' title='bbox 408 3516 597 3599; x_wconf 88' lang='lat' dir='ltr'>dignissima</span> <span class='ocrx_word' id='word_1_335' title='bbox 616 3516 707 3598; x_wconf 89' lang='lat' dir='ltr'>virgo</span> <span class='ocrx_word' id='word_1_336' title='bbox 726 3514 822 3578; x_wconf 89' lang='lat' dir='ltr'>ldaria</span> <span class='ocrx_word' id='word_1_337' title='bbox 840 3516 998 3579; x_wconf 90' lang='lat' dir='ltr'>excellens</span> <span class='ocrx_word' id='word_1_338' title='bbox 1018 3522 1091 3597; x_wconf 89' lang='lat' dir='ltr'>post</span> <span class='ocrx_word' id='word_1_339' title='bbox 1107 3514 1156 3575; x_wconf 84' lang='lat' dir='ltr'>Ei·</span> <span class='ocrx_word' id='word_1_340' title='bbox 1212 3515 1395 3596; x_wconf 92' lang='lat' dir='ltr'>cipiendum</span> <span class='ocrx_word' id='word_1_341' title='bbox 1417 3523 1450 3577; x_wconf 93' lang='lat' dir='ltr'>et</span> <span class='ocrx_word' id='word_1_342' title='bbox 1470 3513 1672 3577; x_wconf 82' lang='lat' dir='ltr'>formandum</span> <span class='ocrx_word' id='word_1_343' title='bbox 1692 3514 1752 3576; x_wconf 87' lang='lat' dir='ltr'>luit</span> <span class='ocrx_word' id='word_1_344' title='bbox 1771 3532 1887 3597; x_wconf 91' lang='lat' dir='ltr'>corpus</span> <span class='ocrx_word' id='word_1_345' title='bbox 1905 3533 1962 3577; x_wconf 91' lang='lat' dir='ltr'>an-</span> 
     </span>
     <span class='ocr_line' id='line_1_32' title="bbox 407 3612 1961 3695; baseline -0.001 -19"><span class='ocrx_word' id='word_1_346' title='bbox 407 3614 488 3677; x_wconf 93' lang='lat' dir='ltr'>lium</span> <span class='ocrx_word' id='word_1_347' title='bbox 512 3633 617 3676; x_wconf 89' lang='lat' dir='ltr'>sunm.</span> <span class='ocrx_word' id='word_1_348' title='bbox 636 3613 715 3675; x_wconf 90' lang='lat' dir='ltr'>Nam</span> <span class='ocrx_word' id='word_1_349' title='bbox 740 3620 772 3676; x_wconf 88' lang='lat' dir='ltr'>et</span> <span class='ocrx_word' id='word_1_350' title='bbox 797 3613 983 3695; x_wconf 86' lang='lat' dir='ltr'>regulariter</span> <span class='ocrx_word' id='word_1_351' title='bbox 1006 3612 1079 3675; x_wconf 91' lang='lat' dir='ltr'>talis</span> <span class='ocrx_word' id='word_1_352' title='bbox 1102 3631 1156 3694; x_wconf 89' lang='lat' dir='ltr'>ge-</span> <span class='ocrx_word' id='word_1_353' title='bbox 1211 3614 1291 3676; x_wconf 89' lang='lat' dir='ltr'>ctori</span> <span class='ocrx_word' id='word_1_354' title='bbox 1315 3622 1436 3676; x_wconf 80' lang='lat' dir='ltr'>naturae</span> <span class='ocrx_word' id='word_1_355' title='bbox 1464 3621 1497 3674; x_wconf 93' lang='lat' dir='ltr'>et</span> <span class='ocrx_word' id='word_1_356' title='bbox 1520 3612 1616 3675; x_wconf 91' lang='lat' dir='ltr'>totius</span> <span class='ocrx_word' id='word_1_357' title='bbox 1645 3612 1779 3675; x_wconf 87' lang='lat' dir='ltr'>Domine</span> <span class='ocrx_word' id='word_1_358' title='bbox 1808 3620 1961 3675; x_wconf 75' lang='lat' dir='ltr'>creaturae</span> 
     </span>
     <span class='ocr_line' id='line_1_33' title="bbox 407 3709 1960 3793; baseline -0.002 -20"><span class='ocrx_word' id='word_1_359' title='bbox 407 3720 498 3775; x_wconf 85' lang='lat' dir='ltr'>nerat</span> <span class='ocrx_word' id='word_1_360' title='bbox 515 3712 623 3789; x_wconf 68' lang='lat' dir='ltr'>ulem,</span> <span class='ocrx_word' id='word_1_361' title='bbox 639 3718 746 3774; x_wconf 89' lang='lat' dir='ltr'>tantus</span> <span class='ocrx_word' id='word_1_362' title='bbox 766 3718 900 3791; x_wconf 89' lang='lat' dir='ltr'>tantum,</span> <span class='ocrx_word' id='word_1_363' title='bbox 917 3710 978 3772; x_wconf 91' lang='lat' dir='ltr'>nisi</span> <span class='ocrx_word' id='word_1_364' title='bbox 998 3728 1088 3773; x_wconf 88' lang='lat' dir='ltr'>error</span> <span class='ocrx_word' id='word_1_365' title='bbox 1100 3718 1156 3772; x_wconf 91' lang='lat' dir='ltr'>aut</span> <span class='ocrx_word' id='word_1_366' title='bbox 1210 3711 1408 3793; x_wconf 81' lang='lat' dir='ltr'>hypostatice</span> <span class='ocrx_word' id='word_1_367' title='bbox 1436 3709 1612 3772; x_wconf 89' lang='lat' dir='ltr'>uniendum</span> <span class='ocrx_word' id='word_1_368' title='bbox 1639 3732 1647 3773; x_wconf 75' lang='grc' dir='ltr'><strong><em>ι</em></strong></span> <span class='ocrx_word' id='word_1_369' title='bbox 1674 3709 1757 3771; x_wconf 85' lang='lat' dir='ltr'>sicut</span> <span class='ocrx_word' id='word_1_370' title='bbox 1784 3717 1817 3771; x_wconf 91' lang='lat' dir='ltr'>et</span> <span class='ocrx_word' id='word_1_371' title='bbox 1844 3728 1960 3791; x_wconf 89' lang='lat' dir='ltr'>cerpus</span> 
     </span>
     <span class='ocr_line' id='line_1_34' title="bbox 408 3806 1960 3893; baseline -0.002 -21"><span class='ocrx_word' id='word_1_372' title='bbox 408 3810 594 3892; x_wconf 87' lang='lat' dir='ltr'>impotentia</span> <span class='ocrx_word' id='word_1_373' title='bbox 619 3809 782 3893; x_wconf 88' lang='lat' dir='ltr'>impediat,</span> <span class='ocrx_word' id='word_1_374' title='bbox 804 3818 859 3873; x_wconf 86' lang='lat' dir='ltr'>aut</span> <span class='ocrx_word' id='word_1_375' title='bbox 882 3827 938 3890; x_wconf 91' lang='lat' dir='ltr'>per</span> <span class='ocrx_word' id='word_1_376' title='bbox 963 3809 1048 3871; x_wconf 84' lang='lat' dir='ltr'>viam</span> <span class='ocrx_word' id='word_1_377' title='bbox 1072 3807 1155 3870; x_wconf 91' lang='lat' dir='ltr'>acci·</span> <span class='ocrx_word' id='word_1_378' title='bbox 1210 3810 1289 3872; x_wconf 92' lang='lat' dir='ltr'>illud</span> <span class='ocrx_word' id='word_1_379' title='bbox 1317 3808 1457 3891; x_wconf 92' lang='lat' dir='ltr'>oportuit</span> <span class='ocrx_word' id='word_1_380' title='bbox 1484 3827 1555 3870; x_wconf 90' lang='lat' dir='ltr'>esse</span> <span class='ocrx_word' id='word_1_381' title='bbox 1582 3808 1615 3869; x_wconf 93' lang='lat' dir='ltr'>in</span> <span class='ocrx_word' id='word_1_382' title='bbox 1639 3807 1727 3870; x_wconf 91' lang='lat' dir='ltr'>omui</span> <span class='ocrx_word' id='word_1_383' title='bbox 1751 3806 1960 3890; x_wconf 91' lang='lat' dir='ltr'>dispositione</span> 
     </span>
     <span class='ocr_line' id='line_1_35' title="bbox 407 3904 1931 3989; baseline -0.002 -18"><span class='ocrx_word' id='word_1_384' title='bbox 407 3908 512 3971; x_wconf 86' lang='lat' dir='ltr'>dentis</span> <span class='ocrx_word' id='word_1_385' title='bbox 544 3908 637 3971; x_wconf 87' lang='lat' dir='ltr'>aliter</span> <span class='ocrx_word' id='word_1_386' title='bbox 664 3906 733 3970; x_wconf 83' lang='lat' dir='ltr'>liat.</span> <span class='ocrx_word' id='word_1_387' title='bbox 763 3906 858 3969; x_wconf 90' lang='lat' dir='ltr'>Porro</span> <span class='ocrx_word' id='word_1_388' title='bbox 885 3907 1025 3989; x_wconf 90' lang='lat' dir='ltr'>optimus</span> <span class='ocrx_word' id='word_1_389' title='bbox 1054 3907 1152 3984; x_wconf 92' lang='lat' dir='ltr'>celer,</span> <span class='ocrx_word' id='word_1_390' title='bbox 1211 3915 1243 3970; x_wconf 90' lang='lat' dir='ltr'>et</span> <span class='ocrx_word' id='word_1_391' title='bbox 1263 3906 1484 3989; x_wconf 88' lang='lat' dir='ltr'>complexione</span> <span class='ocrx_word' id='word_1_392' title='bbox 1505 3905 1692 3988; x_wconf 76' lang='lat' dir='ltr'>praeclarum</span> <span class='ocrx_word' id='word_1_393' title='bbox 1713 3914 1745 3967; x_wconf 85' lang='lat' dir='ltr'>et</span> <span class='ocrx_word' id='word_1_394' title='bbox 1765 3904 1931 3987; x_wconf 89' lang='lat' dir='ltr'>optimum.</span> 
     </span>
     <span class='ocr_line' id='line_1_36' title="bbox 407 4001 1959 4087; baseline -0.002 -19"><span class='ocrx_word' id='word_1_395' title='bbox 407 4026 445 4069; x_wconf 92' lang='lat' dir='ltr'>ex</span> <span class='ocrx_word' id='word_1_396' title='bbox 466 4006 538 4069; x_wconf 92' lang='lat' dir='ltr'>albo</span> <span class='ocrx_word' id='word_1_397' title='bbox 560 4014 592 4068; x_wconf 91' lang='lat' dir='ltr'>et</span> <span class='ocrx_word' id='word_1_398' title='bbox 613 4005 708 4068; x_wconf 91' lang='lat' dir='ltr'>rubro</span> <span class='ocrx_word' id='word_1_399' title='bbox 729 4013 777 4068; x_wconf 89' lang='lat' dir='ltr'>est</span> <span class='ocrx_word' id='word_1_400' title='bbox 799 4005 985 4087; x_wconf 87' lang='lat' dir='ltr'>permixtus.</span> <span class='ocrx_word' id='word_1_401' title='bbox 1250 4006 1392 4087; x_wconf 89' lang='lat' dir='ltr'>Insuper,</span> <span class='ocrx_word' id='word_1_402' title='bbox 1419 4003 1532 4067; x_wconf 91' lang='lat' dir='ltr'>molles</span> <span class='ocrx_word' id='word_1_403' title='bbox 1560 4022 1598 4065; x_wconf 90' lang='lat' dir='ltr'>ac</span> <span class='ocrx_word' id='word_1_404' title='bbox 1626 4002 1727 4065; x_wconf 89' lang='lat' dir='ltr'>teneri</span> <span class='ocrx_word' id='word_1_405' title='bbox 1757 4022 1863 4081; x_wconf 89' lang='lat' dir='ltr'>carne,</span> <span class='ocrx_word' id='word_1_406' title='bbox 1893 4001 1959 4085; x_wconf 94' lang='lat' dir='ltr'>apti</span> 
     </span>
     <span class='ocr_line' id='line_1_37' title="bbox 446 4100 1959 4186; baseline -0.001 -19"><span class='ocrx_word' id='word_1_407' title='bbox 446 4104 599 4167; x_wconf 82' lang='lat' dir='ltr'>Praeterea</span> <span class='ocrx_word' id='word_1_408' title='bbox 627 4104 868 4183; x_wconf 87' lang='lat' dir='ltr'>advertendum,</span> <span class='ocrx_word' id='word_1_409' title='bbox 893 4104 977 4184; x_wconf 91' lang='lat' dir='ltr'>qued</span> <span class='ocrx_word' id='word_1_410' title='bbox 1007 4122 1155 4186; x_wconf 87' lang='lat' dir='ltr'>corpora·</span> <span class='ocrx_word' id='word_1_411' title='bbox 1210 4112 1286 4166; x_wconf 89' lang='lat' dir='ltr'>sunt</span> <span class='ocrx_word' id='word_1_412' title='bbox 1307 4111 1413 4164; x_wconf 93' lang='lat' dir='ltr'>mente</span> <span class='ocrx_word' id='word_1_413' title='bbox 1435 4121 1474 4164; x_wconf 91' lang='lat' dir='ltr'>ac</span> <span class='ocrx_word' id='word_1_414' title='bbox 1499 4100 1614 4164; x_wconf 91' lang='lat' dir='ltr'>indolis</span> <span class='ocrx_word' id='word_1_415' title='bbox 1637 4101 1749 4179; x_wconf 82' lang='lat' dir='ltr'>honae3</span> <span class='ocrx_word' id='word_1_416' title='bbox 1765 4101 1959 4183; x_wconf 89' lang='lat' dir='ltr'>complexio-</span> 
     </span>
     <span class='ocr_line' id='line_1_38' title="bbox 406 4198 1958 4284; baseline -0.002 -19"><span class='ocrx_word' id='word_1_417' title='bbox 406 4202 470 4266; x_wconf 88' lang='lat' dir='ltr'>lem</span> <span class='ocrx_word' id='word_1_418' title='bbox 503 4202 632 4284; x_wconf 85' lang='lat' dir='ltr'>eptimae</span> <span class='ocrx_word' id='word_1_419' title='bbox 662 4201 765 4265; x_wconf 78' lang='lat' dir='ltr'>ldarim</span> <span class='ocrx_word' id='word_1_420' title='bbox 795 4201 1030 4283; x_wconf 84' lang='lat' dir='ltr'>speciositatem</span> <span class='ocrx_word' id='word_1_421' title='bbox 1059 4201 1155 4263; x_wconf 91' lang='lat' dir='ltr'>mira·</span> <span class='ocrx_word' id='word_1_422' title='bbox 1169 4207 1194 4270; x_wconf 86' lang='grc'>1)</span> <span class='ocrx_word' id='word_1_423' title='bbox 1210 4201 1324 4282; x_wconf 89' lang='lat' dir='ltr'>nisque</span> <span class='ocrx_word' id='word_1_424' title='bbox 1352 4199 1477 4263; x_wconf 87' lang='lat' dir='ltr'>benitas</span> <span class='ocrx_word' id='word_1_425' title='bbox 1502 4201 1541 4262; x_wconf 87' lang='lat' dir='ltr'>ad</span> <span class='ocrx_word' id='word_1_426' title='bbox 1572 4198 1739 4262; x_wconf 92' lang='lat' dir='ltr'>scientiam</span> <span class='ocrx_word' id='word_1_427' title='bbox 1764 4218 1801 4261; x_wconf 91' lang='lat' dir='ltr'>ac</span> <span class='ocrx_word' id='word_1_428' title='bbox 1825 4199 1958 4262; x_wconf 89' lang='lat' dir='ltr'>virtutes</span> 
     </span>
     <span class='ocr_line' id='line_1_39' title="bbox 406 4297 1960 4384; baseline -0.003 -20"><span class='ocrx_word' id='word_1_429' title='bbox 406 4301 514 4365; x_wconf 93' lang='lat' dir='ltr'>biliter</span> <span class='ocrx_word' id='word_1_430' title='bbox 547 4300 737 4363; x_wconf 80' lang='lat' dir='ltr'>venustabat</span> <span class='ocrx_word' id='word_1_431' title='bbox 769 4299 974 4382; x_wconf 91' lang='lat' dir='ltr'>pulchritudo</span> <span class='ocrx_word' id='word_1_432' title='bbox 1010 4299 1152 4376; x_wconf 86' lang='lat' dir='ltr'>moralia,</span> <span class='ocrx_word' id='word_1_433' title='bbox 1209 4299 1359 4384; x_wconf 93' lang='lat' dir='ltr'>disponit.</span> <span class='ocrx_word' id='word_1_434' title='bbox 1376 4298 1487 4363; x_wconf 84' lang='lat' dir='ltr'>Docuit</span> <span class='ocrx_word' id='word_1_435' title='bbox 1509 4306 1615 4361; x_wconf 90' lang='lat' dir='ltr'>autem</span> <span class='ocrx_word' id='word_1_436' title='bbox 1639 4298 1866 4361; x_wconf 89' lang='lat' dir='ltr'>electissimam</span> <span class='ocrx_word' id='word_1_437' title='bbox 1890 4297 1960 4361; x_wconf 86' lang='lat' dir='ltr'>Vir-</span> 
     </span>
     <span class='ocr_line' id='line_1_40' title="bbox 406 4394 1959 4481; baseline -0.004 -16"><span class='ocrx_word' id='word_1_438' title='bbox 406 4400 440 4465; x_wconf 93' lang='lat' dir='ltr'>in</span> <span class='ocrx_word' id='word_1_439' title='bbox 464 4398 696 4481; x_wconf 89' lang='lat' dir='ltr'>compositione</span> <span class='ocrx_word' id='word_1_440' title='bbox 720 4406 814 4480; x_wconf 91' lang='lat' dir='ltr'>atque</span> <span class='ocrx_word' id='word_1_441' title='bbox 835 4397 950 4460; x_wconf 80' lang='lat' dir='ltr'>facetia</span> <span class='ocrx_word' id='word_1_442' title='bbox 976 4416 1101 4461; x_wconf 90' lang='lat' dir='ltr'>morum</span> <span class='ocrx_word' id='word_1_443' title='bbox 1123 4405 1154 4460; x_wconf 91' lang='lat' dir='ltr'>et</span> <span class='ocrx_word' id='word_1_444' title='bbox 1208 4398 1328 4481; x_wconf 89' lang='lat' dir='ltr'>ginem,</span> <span class='ocrx_word' id='word_1_445' title='bbox 1357 4406 1482 4460; x_wconf 72' lang='lat' dir='ltr'>aeterna</span> <span class='ocrx_word' id='word_1_446' title='bbox 1517 4394 1685 4477; x_wconf 76' lang='lat' dir='ltr'>Sapientia</span> <span class='ocrx_word' id='word_1_447' title='bbox 1718 4395 1859 4474; x_wconf 76' lang='lat' dir='ltr'>Matrem,</span> <span class='ocrx_word' id='word_1_448' title='bbox 1888 4414 1959 4459; x_wconf 88' lang='lat' dir='ltr'>esse</span> 
     </span>
     <span class='ocr_line' id='line_1_41' title="bbox 392 4492 1959 4579; baseline -0.002 -20"><span class='ocrx_word' id='word_1_449' title='bbox 392 4498 546 4574; x_wconf 85' lang='lat' dir='ltr'>actuum,</span> <span class='ocrx_word' id='word_1_450' title='bbox 573 4503 788 4577; x_wconf 85' lang='lat' dir='ltr'>apparatuque</span> <span class='ocrx_word' id='word_1_451' title='bbox 813 4493 921 4557; x_wconf 88' lang='lat' dir='ltr'>vultus</span> <span class='ocrx_word' id='word_1_452' title='bbox 950 4500 982 4557; x_wconf 89' lang='lat' dir='ltr'>ct</span> <span class='ocrx_word' id='word_1_453' title='bbox 1006 4492 1153 4557; x_wconf 89' lang='lat' dir='ltr'>exterieri</span> <span class='ocrx_word' id='word_1_454' title='bbox 1210 4497 1419 4579; x_wconf 86' lang='lat' dir='ltr'>ingeniosam,</span> <span class='ocrx_word' id='word_1_455' title='bbox 1446 4494 1593 4572; x_wconf 90' lang='lat' dir='ltr'>docilem,</span> <span class='ocrx_word' id='word_1_456' title='bbox 1621 4493 1800 4575; x_wconf 87' lang='lat' dir='ltr'>indolisque</span> <span class='ocrx_word' id='word_1_457' title='bbox 1829 4495 1959 4577; x_wconf 75' lang='lat' dir='ltr'>praecla-</span> 
     </span>
     <span class='ocr_line' id='line_1_42' title="bbox 406 4590 1958 4675; baseline -0.001 -18"><span class='ocrx_word' id='word_1_458' title='bbox 406 4595 586 4658; x_wconf 87' lang='lat' dir='ltr'>maturitate</span> <span class='ocrx_word' id='word_1_459' title='bbox 606 4592 783 4657; x_wconf 86' lang='lat' dir='ltr'>consistens</span> <span class='ocrx_word' id='word_1_460' title='bbox 801 4615 808 4654; x_wconf 91' lang='lat'><strong>:</strong></span> <span class='ocrx_word' id='word_1_461' title='bbox 825 4592 859 4654; x_wconf 93' lang='lat' dir='ltr'>in</span> <span class='ocrx_word' id='word_1_462' title='bbox 874 4592 990 4673; x_wconf 92' lang='lat' dir='ltr'>quihus</span> <span class='ocrx_word' id='word_1_463' title='bbox 1004 4591 1154 4655; x_wconf 89' lang='lat' dir='ltr'>omnibus</span> <span class='ocrx_word' id='word_1_464' title='bbox 1209 4615 1262 4675; x_wconf 81' lang='lat' dir='ltr'>rae,</span> <span class='ocrx_word' id='word_1_465' title='bbox 1278 4602 1310 4657; x_wconf 93' lang='lat' dir='ltr'>et</span> <span class='ocrx_word' id='word_1_466' title='bbox 1331 4595 1370 4657; x_wconf 89' lang='lat' dir='ltr'>ad</span> <span class='ocrx_word' id='word_1_467' title='bbox 1389 4593 1533 4656; x_wconf 91' lang='lat' dir='ltr'>omnium</span> <span class='ocrx_word' id='word_1_468' title='bbox 1553 4590 1781 4674; x_wconf 90' lang='lat' dir='ltr'>perlectionem</span> <span class='ocrx_word' id='word_1_469' title='bbox 1803 4594 1958 4656; x_wconf 91' lang='lat' dir='ltr'>virtutum</span> 
     </span>
     <span class='ocr_line' id='line_1_43' title="bbox 406 4689 1958 4775; baseline -0.002 -19"><span class='ocrx_word' id='word_1_470' title='bbox 406 4692 619 4769; x_wconf 90' lang='lat' dir='ltr'>divinissima,</span> <span class='ocrx_word' id='word_1_471' title='bbox 649 4690 840 4773; x_wconf 87' lang='lat' dir='ltr'>probissima</span> <span class='ocrx_word' id='word_1_472' title='bbox 867 4709 904 4753; x_wconf 90' lang='lat' dir='ltr'>ac</span> <span class='ocrx_word' id='word_1_473' title='bbox 938 4690 1154 4753; x_wconf 82' lang='lat' dir='ltr'>maturissime</span> <span class='ocrx_word' id='word_1_474' title='bbox 1208 4693 1405 4775; x_wconf 89' lang='lat' dir='ltr'>aptissimam</span> <span class='ocrx_word' id='word_1_475' title='bbox 1427 4714 1434 4753; x_wconf 74' lang='grc' dir='ltr'><strong><em>ε</em></strong></span> <span class='ocrx_word' id='word_1_476' title='bbox 1456 4690 1576 4753; x_wconf 90' lang='lat' dir='ltr'>idcirce</span> <span class='ocrx_word' id='word_1_477' title='bbox 1600 4697 1672 4771; x_wconf 89' lang='lat' dir='ltr'>post</span> <span class='ocrx_word' id='word_1_478' title='bbox 1695 4689 1852 4752; x_wconf 82' lang='lat' dir='ltr'>Christum</span> <span class='ocrx_word' id='word_1_479' title='bbox 1878 4709 1958 4773; x_wconf 73' lang='lat' dir='ltr'>prae-</span> 
     </span>
     <span class='ocr_line' id='line_1_44' title="bbox 406 4786 1957 4872; baseline -0.001 -20"><span class='ocrx_word' id='word_1_480' title='bbox 406 4790 498 4872; x_wconf 87' lang='lat' dir='ltr'>virgo</span> <span class='ocrx_word' id='word_1_481' title='bbox 517 4790 612 4853; x_wconf 85' lang='lat' dir='ltr'>llaria</span> <span class='ocrx_word' id='word_1_482' title='bbox 631 4789 767 4851; x_wconf 88' lang='lat' dir='ltr'>maxime</span> <span class='ocrx_word' id='word_1_483' title='bbox 786 4789 1003 4871; x_wconf 82' lang='lat' dir='ltr'>praelulgebat.</span> <span class='ocrx_word' id='word_1_484' title='bbox 1021 4788 1154 4851; x_wconf 91' lang='lat' dir='ltr'>Interior</span> <span class='ocrx_word' id='word_1_485' title='bbox 1209 4791 1391 4854; x_wconf 71' lang='lat' dir='ltr'>clarissimae</span> <span class='ocrx_word' id='word_1_486' title='bbox 1406 4789 1469 4851; x_wconf 84' lang='lat' dir='ltr'>luit</span> <span class='ocrx_word' id='word_1_487' title='bbox 1482 4786 1719 4869; x_wconf 86' lang='lat' dir='ltr'>complexionis,</span> <span class='ocrx_word' id='word_1_488' title='bbox 1736 4796 1830 4870; x_wconf 90' lang='lat' dir='ltr'>atque</span> <span class='ocrx_word' id='word_1_489' title='bbox 1849 4808 1888 4852; x_wconf 91' lang='lat' dir='ltr'>ex</span> <span class='ocrx_word' id='word_1_490' title='bbox 1902 4808 1957 4851; x_wconf 89' lang='lat' dir='ltr'>na-</span> 
     </span>
     <span class='ocr_line' id='line_1_45' title="bbox 406 4886 1957 4971; baseline -0.001 -19"><span class='ocrx_word' id='word_1_491' title='bbox 406 4906 532 4971; x_wconf 92' lang='lat' dir='ltr'>quoque</span> <span class='ocrx_word' id='word_1_492' title='bbox 554 4888 768 4971; x_wconf 83' lang='lat' dir='ltr'>pulchritudo·</span> <span class='ocrx_word' id='word_1_493' title='bbox 780 4888 896 4951; x_wconf 88' lang='lat' dir='ltr'>mentis</span> <span class='ocrx_word' id='word_1_494' title='bbox 925 4908 990 4951; x_wconf 87' lang='lat' dir='ltr'>suae</span> <span class='ocrx_word' id='word_1_495' title='bbox 1015 4886 1153 4969; x_wconf 88' lang='lat' dir='ltr'>gratuita</span> <span class='ocrx_word' id='word_1_496' title='bbox 1208 4890 1302 4952; x_wconf 92' lang='lat' dir='ltr'>turali</span> <span class='ocrx_word' id='word_1_497' title='bbox 1331 4887 1552 4970; x_wconf 89' lang='lat' dir='ltr'>dispositione,</span> <span class='ocrx_word' id='word_1_498' title='bbox 1575 4886 1694 4967; x_wconf 86' lang='lat' dir='ltr'>quieta,</span> <span class='ocrx_word' id='word_1_499' title='bbox 1719 4886 1874 4966; x_wconf 87' lang='lat' dir='ltr'>modesta,</span> <span class='ocrx_word' id='word_1_500' title='bbox 1897 4886 1957 4950; x_wconf 92' lang='lat' dir='ltr'>mi-</span> 
     </span>
     <span class='ocr_line' id='line_1_46' title="bbox 407 4985 1631 5070; baseline -0.005 -18"><span class='ocrx_word' id='word_1_501' title='bbox 407 4997 439 5053; x_wconf 89' lang='lat' dir='ltr'>et</span> <span class='ocrx_word' id='word_1_502' title='bbox 457 4986 706 5069; x_wconf 89' lang='lat' dir='ltr'>supernaturalis</span> <span class='ocrx_word' id='word_1_503' title='bbox 725 4986 786 5049; x_wconf 84' lang='lat' dir='ltr'>luit</span> <span class='ocrx_word' id='word_1_504' title='bbox 801 4987 844 5049; x_wconf 91' lang='lat' dir='ltr'>ita</span> <span class='ocrx_word' id='word_1_505' title='bbox 863 4985 1050 5065; x_wconf 89' lang='lat' dir='ltr'>exuberans,</span> <span class='ocrx_word' id='word_1_506' title='bbox 1067 4986 1152 5067; x_wconf 91' lang='lat' dir='ltr'>quod</span> <span class='ocrx_word' id='word_1_507' title='bbox 1208 4988 1261 5069; x_wconf 92' lang='lat' dir='ltr'>tis,</span> <span class='ocrx_word' id='word_1_508' title='bbox 1277 4987 1392 5070; x_wconf 86' lang='lat' dir='ltr'>pudica</span> <span class='ocrx_word' id='word_1_509' title='bbox 1413 4994 1446 5048; x_wconf 90' lang='lat' dir='ltr'>et</span> <span class='ocrx_word' id='word_1_510' title='bbox 1464 4986 1631 5047; x_wconf 87' lang='lat' dir='ltr'>taciturna.</span> 
     </span>
     <span class='ocr_line' id='line_1_47' title="bbox 406 5082 1956 5168; baseline -0.004 -16"><span class='ocrx_word' id='word_1_511' title='bbox 406 5088 487 5153; x_wconf 91' lang='lat' dir='ltr'>miro</span> <span class='ocrx_word' id='word_1_512' title='bbox 511 5088 605 5151; x_wconf 92' lang='lat' dir='ltr'>modo</span> <span class='ocrx_word' id='word_1_513' title='bbox 629 5085 760 5149; x_wconf 90' lang='lat' dir='ltr'>radiavit</span> <span class='ocrx_word' id='word_1_514' title='bbox 785 5086 818 5148; x_wconf 94' lang='lat' dir='ltr'>in</span> <span class='ocrx_word' id='word_1_515' title='bbox 843 5084 924 5148; x_wconf 84' lang='lat' dir='ltr'>lucie</span> <span class='ocrx_word' id='word_1_516' title='bbox 948 5084 1031 5166; x_wconf 85' lang='lat' dir='ltr'>ejus,</span> <span class='ocrx_word' id='word_1_517' title='bbox 1049 5083 1154 5147; x_wconf 90' lang='lat' dir='ltr'>inces-</span> <span class='ocrx_word' id='word_1_518' title='bbox 1247 5085 1402 5168; x_wconf 82' lang='lat' dir='ltr'>Amplius,</span> <span class='ocrx_word' id='word_1_519' title='bbox 1436 5102 1535 5166; x_wconf 89' lang='lat' dir='ltr'>quum</span> <span class='ocrx_word' id='word_1_520' title='bbox 1569 5082 1746 5146; x_wconf 87' lang='lat' dir='ltr'>similitudo</span> <span class='ocrx_word' id='word_1_521' title='bbox 1781 5082 1823 5145; x_wconf 88' lang='lat' dir='ltr'>sit</span> <span class='ocrx_word' id='word_1_522' title='bbox 1856 5102 1956 5146; x_wconf 85' lang='lat' dir='ltr'>causa</span> 
     </span>
     <span class='ocr_line' id='line_1_48' title="bbox 406 5181 1956 5269; baseline -0.005 -17"><span class='ocrx_word' id='word_1_523' title='bbox 406 5209 455 5269; x_wconf 91' lang='lat' dir='ltr'>su,</span> <span class='ocrx_word' id='word_1_524' title='bbox 471 5196 544 5251; x_wconf 92' lang='lat' dir='ltr'>actu</span> <span class='ocrx_word' id='word_1_525' title='bbox 563 5186 768 5266; x_wconf 91' lang='lat' dir='ltr'>moribusque</span> <span class='ocrx_word' id='word_1_526' title='bbox 788 5182 976 5248; x_wconf 85' lang='lat' dir='ltr'>lorinsecus.</span> <span class='ocrx_word' id='word_1_527' title='bbox 993 5184 1072 5247; x_wconf 91' lang='lat' dir='ltr'>llinc</span> <span class='ocrx_word' id='word_1_528' title='bbox 1092 5184 1153 5247; x_wconf 89' lang='lat' dir='ltr'>llo-</span> <span class='ocrx_word' id='word_1_529' title='bbox 1208 5184 1336 5262; x_wconf 90' lang='lat' dir='ltr'>amoris,</span> <span class='ocrx_word' id='word_1_530' title='bbox 1357 5183 1442 5245; x_wconf 90' lang='lat' dir='ltr'>inter</span> <span class='ocrx_word' id='word_1_531' title='bbox 1465 5201 1519 5246; x_wconf 91' lang='lat' dir='ltr'>eos</span> <span class='ocrx_word' id='word_1_532' title='bbox 1543 5181 1597 5263; x_wconf 93' lang='lat' dir='ltr'>qui</span> <span class='ocrx_word' id='word_1_533' title='bbox 1621 5182 1654 5243; x_wconf 90' lang='lat' dir='ltr'>in</span> <span class='ocrx_word' id='word_1_534' title='bbox 1679 5181 1899 5263; x_wconf 87' lang='lat' dir='ltr'>complexione</span> <span class='ocrx_word' id='word_1_535' title='bbox 1923 5190 1956 5245; x_wconf 91' lang='lat' dir='ltr'>et</span> 
     </span>
     <span class='ocr_line' id='line_1_49' title="bbox 406 5278 1956 5363; baseline -0.008 -8"><span class='ocrx_word' id='word_1_536' title='bbox 406 5287 516 5355; x_wconf 83' lang='lat' dir='ltr'>narius</span> <span class='ocrx_word' id='word_1_537' title='bbox 544 5286 736 5351; x_wconf 87' lang='lat' dir='ltr'>anachoreta</span> <span class='ocrx_word' id='word_1_538' title='bbox 762 5282 911 5347; x_wconf 89' lang='lat' dir='ltr'>disseruit</span> <span class='ocrx_word' id='word_1_539' title='bbox 940 5306 947 5346; x_wconf 90' lang='lat'><strong>:</strong></span> <span class='ocrx_word' id='word_1_540' title='bbox 973 5282 1152 5347; x_wconf 74' lang='lat' dir='ltr'>Benedicta</span> <span class='ocrx_word' id='word_1_541' title='bbox 1207 5283 1350 5347; x_wconf 90' lang='lat' dir='ltr'>moribus</span> <span class='ocrx_word' id='word_1_542' title='bbox 1373 5282 1510 5345; x_wconf 91' lang='lat' dir='ltr'>multum</span> <span class='ocrx_word' id='word_1_543' title='bbox 1533 5278 1715 5344; x_wconf 74' lang='lat' dir='ltr'>conformes</span> <span class='ocrx_word' id='word_1_544' title='bbox 1739 5288 1826 5360; x_wconf 91' lang='lat' dir='ltr'>sunt,</span> <span class='ocrx_word' id='word_1_545' title='bbox 1851 5280 1956 5363; x_wconf 81' lang='lat' dir='ltr'>major</span> 
     </span>
    </p>
   </div>
   <div class='ocr_carea' id='block_1_3' title="bbox 0 0 2160 6247">
    <p class='ocr_par' dir='ltr' id='par_1_3' title="bbox 0 0 2160 6247">
     <span class='ocr_line' id='line_1_50' title="bbox 0 0 2160 6247; baseline 0 0"><span class='ocrx_word' id='word_1_546' title='bbox 0 0 2160 6247; x_wconf 95' lang='lat' dir='ltr'> </span> 
     </span>
    </p>
   </div>
  </div>
 </body>
</html>
