4309 6250
455 487 516 557 531
556 510 596 557 D!
617 509 827 558 ancrottlrhrtt
848 510 944 557 8111111
964 509 1131 557 rottrtrlcts
1153 510 1191 555 ΕΤ
1212 509 1381 556 GENlllthlS
1403 508 1542 567 cohottlt,
1565 508 1653 555 crana
1674 508 1694 555 1.
1718 526 1757 537 -
1779 506 1848 553 ΛΒΤ.
1871 502 1904 553 111

457 689 489 744 01
502 670 654 764 magister
668 681 840 764 -peccavit3
856 682 952 745 homo
971 680 1134 763 passibilis
1155 700 1206 742 su·
1220 678 1245 741 Α
1261 698 1344 757 care,
1363 680 1405 741 ita
1419 678 1568 743 dominus
1583 679 1663 761 Papa
1680 678 1719 741 ad
1735 685 1833 741 totam
1849 696 1988 757 compara

455 800 514 863 por
527 799 638 844 omnes
652 781 798 844 homines
813 779 989 857 ordinatur,
997 787 1032 841 ut
1045 780 1122 841 dum
1137 778 1205 861 ipse
1260 786 1311 840 tur
1335 778 1521 841 Ecclesiam.
1544 763 1649 840 Part‘es
1673 786 1779 840 autem
1805 795 1867 839 non
1890 776 1989 839 consti-

456 879 490 941 in
511 878 584 941 aliis
605 898 678 941 suas
696 879 808 942 recolit
828 878 1004 959 passiones,
1022 878 1132 939 mitem
1157 877 1204 939 eis
1261 885 1353 939 tuunt
1384 886 1484 940 totum
1519 876 1581 939 nisi
1611 876 1704 938 simul
1735 882 1877 957 sumpta,
1905 894 1987 955 quum

456 996 490 1038 se
515 977 653 1058 praebeat
677 984 709 1039 ot
734 976 919 1058 benignum.
940 975 1083 1057 Insuper,
1110 994 1205 1056 super
1259 975 1343 1039 dicat
1364 975 1490 1038 Boetius
1508 976 1565 1038 :ln
1585 974 1712 1037 entibus
1732 973 1906 1055 aggregatis
1925 973 1988 1035 unio

343 1094 427 1137 rma.
455 1074 547 1152 illud,
563 1074 715 1137 Ascendit
729 1074 837 1137 Simon
857 1074 976 1151 Petrus,
994 1072 1135 1136 attraxit
1158 1092 1204 1135 re·
1260 1084 1308 1137 est
1323 1075 1434 1138 forma.
1452 1075 1513 1137 Sed
1528 1081 1560 1137 et
1575 1074 1670 1137 facile
1692 1081 1740 1137 est
1761 1074 1903 1155 probare.
1917 1072 1987 1153 quod

307 1171 352 1208 ¹¹¹·
368 1162 400 1202 ¹¹·
456 1181 498 1250 te,
515 1181 589 1251 etc,
607 1174 651 1235 ait
665 1172 853 1255 Gregorius:
868 1172 958 1235 Petro
974 1181 1083 1234 sancta
1098 1171 1205 1233 Eccle-
1260 1174 1285 1236 si
1301 1174 1384 1255 Papa
1398 1191 1524 1236 omnem
1541 1192 1597 1235 seu
1612 1191 1847 1254 quamcumque
1870 1171 1988 1253 particu-

456 1271 504 1333 sia
517 1280 566 1334 est
580 1271 772 1351 commissa;
789 1271 851 1354 ipsi
867 1271 1047 1355 specialiter
1061 1270 1178 1333 dicitur
1195 1293 1200 1330 :
1260 1272 1358 1335 larem
1374 1271 1548 1335 Ecclesiam
1569 1271 1664 1333 babet
1685 1287 1833 1351 purgare,
1848 1269 1988 1331 illumina-

336 1388 395 1433 nsa.
408 1393 441 1434 u.
456 1370 552 1433 Pasce
573 1389 650 1434 oves
671 1389 770 1433 meas.
1259 1390 1304 1449 re,
1321 1370 1488 1451 perficere,
1506 1369 1601 1433 etiam
1621 1368 1835 1431 universalem
1856 1376 1886 1429 01.
1904 1376 1986 1429 totam

321 1486 373 1529 aa.
393 1500 442 1538 na
494 1469 601 1547 Porro,
618 1489 714 1552 super
735 1469 825 1549 illud,
842 1468 1147 1551 ligoprotorogavi
1170 1477 1204 1531 ut
1259 1470 1433 1532 Ecclesiam
1449 1468 1543 1532 habet
1563 1488 1709 1551 purgare,
1726 1467 1912 1545 illuminare,
1928 1486 1988 1547 por·

307 1552 340 1591 ³¹·
455 1587 518 1631 non
534 1567 665 1631 deficiat
679 1567 762 1630 fidos
781 1576 844 1647 tua,
862 1568 1055 1648 Theophilus
1078 1567 1111 1629 in
1133 1586 1204 1649 per·
1259 1568 1367 1631 haere.
1384 1568 1471 1631 Unde
1486 1587 1524 1631 eo
1539 1568 1608 1650 ipso
1622 1586 1685 1648 quo
1700 1567 1782 1649 Papa
1797 1575 1845 1629 est
1862 1584 1988 1628 summus

346 1684 440 1731 uuam.
454 1686 532 1730 sona
546 1666 660 1729 Christi
682 1666 823 1748 loquitur
841 1665 930 1729 Petro
947 1688 954 1727 :
972 1666 1017 1727 Tu
1033 1666 1203 1746 aliquando
1259 1669 1503 1749 communisque
1537 1674 1643 1748 pastor
1676 1674 1708 1729 01
1742 1665 1879 1747 pontifex
1904 1664 1988 1726 totius

453 1784 628 1829 conversus
643 1763 799 1827 confrrma
814 1765 927 1827 fratres
942 1772 1014 1827 tuos
1027 1788 1035 1841 3
1051 1763 1140 1845 quasi
1156 1764 1203 1825 di·
1259 1765 1418 1845 Ecclesia,
1431 1766 1526 1827 habet
1542 1774 1637 1829 totam
1653 1764 1839 1841 Ecclesiam,
1852 1772 1989 1845 quantum

452 1872 504 1927 cat
526 1886 533 1924 z
558 1862 725 1943 Postquam
752 1882 802 1925 mc
825 1870 941 1944 negato
965 1861 1140 1944 ploraveris
1165 1880 1201 1923 ac
1220 1860 1243 1922 B
1259 1864 1318 1946 ipsi
1336 1864 1488 1946 possibile
1503 1864 1670 1943 est,vorbo
1686 1872 1718 1927 et
1732 1862 1874 1926 doctrina
1888 1861 1990 1923 modis

452 1961 650 2045 poenitueris,
668 1962 837 2024 corrobora
863 1969 1005 2036 cetems;
1027 1960 1089 2023 boc
1115 1959 1201 2022 enim
1258 1982 1319 2044 que
1353 1962 1424 2024 aliis
1458 1981 1600 2044 pascere,
1631 1981 1778 2043 purgare,
1809 1960 1986 2035 illuminare,

451 2069 482 2123 te
497 2060 598 2137 docet,
615 2058 669 2141 qui
686 2078 792 2121 meum
808 2059 905 2122 robur
923 2078 957 2121 es
976 2078 1013 2120 ac
1035 2064 1124 2139 petra
1145 2057 1202 2119 Ec·
1259 2059 1425 2142 perficere.

451 2159 566 2223 closiae.
583 2159 787 2237 lloc‘autem,
803 2157 848 2221 ait
862 2157 1066 2239 Theophilus,
1085 2156 1202 2218 intelli·
1297 2158 1487 2222 Convocatio
1502 2177 1629 2240 quoque
1649 2178 1705 2220 sen
1725 2156 1925 2221 consistentia
1945 2175 1991 2237 ge-

451 2257 590 2340 gondum
610 2263 658 2318 001
678 2275 742 2319 non
769 2255 871 2318 solum
896 2256 935 2317 de
960 2254 1120 2337 Apostolis
1146 2254 1200 2334 qui
1257 2258 1374 2320 roralis
1400 2257 1526 2321 concilii
1548 2276 1612 2320 non
1631 2258 1762 2338 derogat
1782 2255 1921 2338 potestati
1945 2274 1991 2336 pa·

451 2364 528 2418 tunc
543 2362 644 2432 erant,
662 2362 697 2415 ut
711 2355 935 2417 roborarentur
950 2372 968 2415 a
982 2352 1084 2431 Petro,
1101 2353 1154 2414 sed
1171 2358 1202 2414 et
1257 2356 1334 2437 pali,
1357 2376 1416 2419 uec
1441 2357 1571 2419 sedente
1595 2356 1737 2437 generali
1762 2354 1896 2418 concilio
1919 2355 1991 2435 Papa

451 2454 490 2517 de
518 2453 667 2515 omnibus
692 2452 745 2533 qui
771 2470 871 2532 usquc
900 2452 933 2513 in
962 2450 1062 2513 finem
1091 2450 1200 2511 mundi
1257 2454 1373 2517 desinit
1387 2474 1456 2517 esse
1472 2454 1553 2535 Papa
1569 2456 1690 2517 ratione
1705 2453 1882 2517 residentiae
1895 2452 1990 2515 conci·

450 2552 549 2614 futuri
573 2559 648 2615 sunt
669 2551 833 2614 fidelibus,
1257 2552 1303 2615 lii.
1321 2553 1407 2615 Unde
1427 2572 1486 2615 nec
1506 2552 1624 2615 desinit
1645 2572 1714 2614 esse
1735 2572 1875 2614 summus
1893 2550 1991 2633 praala-

491 2651 664 2728 Postremo,
680 2650 809 2730 quidam
834 2648 967 2711 devotus
993 2646 1120 2710 Ordinis
1146 2666 1201 2709 no·
1257 2661 1319 2733 tus,
1337 2660 1444 2732 pastor
1459 2660 1489 2713 et
1504 2659 1600 2735 caput
1614 2651 1763 2714 Ecclesia
1782 2651 1816 2712 in
1835 2650 1892 2713 hoc
1910 2670 1991 2711 mun·
2106 2722 2107 2737 ἢ

452 2748 621 2827 stri,tertio
637 2748 801 2811 volumino
815 2746 891 2809 Vitae
907 2747 980 2809 lesu
995 2745 1110 2809 Christi
1127 2764 1201 2807 con·
1257 2752 1297 2814 do
1314 2774 1321 2813 :
1338 2750 1485 2832 quamvis
1501 2769 1557 2832 pro
1574 2757 1648 2812 tunc
1664 2758 1820 2831 quantum
1839 2748 1876 2811 ad
1897 2749 1990 2829 aliqua

452 2846 600 2928 scripsit:
614 2846 772 2909 Pastorem
789 2844 933 2908 omnium
948 2844 1106 2923 fidelium,
1120 2846 1202 2925 Apo·
1256 2849 1348 2911 aliter
1371 2849 1487 2911 babere
1513 2868 1546 2911 se
1571 2848 1665 2911 debet
1687 2866 1784 2929 quam
1809 2846 1990 2928 temporibus

452 2945 668 3025 stolorumquc
694 2943 886 3027 principem,
906 2962 943 3005 ac
968 2961 1130 3004 summum
1156 2941 1202 3003 vi·
1257 2946 1339 3009 aliis.
1351 2946 1410 3009 Sed
1426 2946 1486 3008 boc
1501 2965 1587 3007 nunc
1603 2945 1745 3027 tetigisse
1761 2944 1913 3021 sufficiat,
1924 2962 1991 3025 quo·

452 3044 574 3107 carium
597 3044 629 3105 in
651 3050 717 3106 tota
741 3041 883 3105 Ecclesia
908 3040 1050 3103 Christus
1074 3039 1237 3104 PetrumC
1257 3044 1343 3106 niam
1360 3044 1391 3106 id
1406 3044 1538 3126 (Spiritu
1559 3044 1674 3107 Sancto
1689 3044 1870 3126 prestante)
1885 3041 1991 3104 clarius

370 3167 438 3205 n-w.
452 3143 604 3225 pracfecit,
621 3162 719 3224 quum
735 3142 762 3204 ei
778 3142 857 3204 dixit
874 3165 881 3202 :
898 3140 993 3202 Pasce
1009 3160 1085 3202 oves
1101 3159 1197 3201 meas.
1256 3151 1304 3206 est
1332 3144 1546 3226 pandendum.
1574 3143 1718 3206 Ceterum
1748 3143 1853 3225 palam
1879 3152 1935 3219 est,
1959 3159 1990 3202 ea

492 3241 536 3304 Ex
557 3241 673 3322 quibus
692 3240 841 3304 omnibus
861 3237 1104 3302 auctoritatibus
1123 3257 1202 3320 prae-
1255 3261 1325 3323 quae
1340 3243 1379 3304 de
1394 3241 1473 3303 Petri
1490 3241 1675 3304 auctoritato
1695 3249 1726 3304 et
1741 3241 1939 3322 praesidentia
1952 3239 1992 3300 di-

451 3341 590 3403 inductis
611 3340 772 3422 sapienter
790 3337 943 3420 pensatis,
960 3336 1136 3399 clarissime
1156 3345 1202 3398 at·
1255 3349 1306 3403 cta
1330 3348 1413 3416 sunt,
1435 3341 1474 3403 de
1494 3340 1733 3404 successoribus
1752 3358 1877 3422 quoque
1903 3337 1991 3421 ipsius

452 3458 514 3520 que
531 3437 708 3502 certissime
723 3444 820 3519 patet,
830 3437 913 3517 quod
929 3436 1011 3518 Papa
1026 3434 1082 3497 toti
1097 3434 1203 3497 110010-
1255 3440 1371 3502 debere
1395 3437 1542 3520 intelligi.

452 3538 505 3601 siaa
527 3537 685 3619 praesidet,
702 3555 758 3598 scu
778 3534 903 3598 cunctis
928 3533 1079 3596 fidelibus
1105 3533 1200 3595 simul

452 3636 600 3717 sumptis,
609 3654 777 3711 summam,
787 3633 913 3714 plenam
929 3652 966 3695 ac
981 3631 1200 3714 pontificalem
1461 3653 1706 3722 ARTICULUS
1734 3657 1795 3720 ΠΙΙ

452 3735 673 3798 auctoritatem
693 3753 729 3796 ac
751 3731 997 3814 praesidentiam,
1014 3738 1201 3812 potestatem

453 3842 485 3896 et
517 3833 734 3913 praelationem
767 3831 889 3892 babens
924 3829 1079 3892 divinitus
1107 3849 1202 3911 super
1297 3879 1423 3938 ,escam
1436 3879 1566 3938 domim·
1580 3878 1995 3952 Papffleoeverbssgper.

454 3953 523 3996 eam
539 3933 572 3994 in
588 3931 690 4010 terris,
703 3939 807 3993 tamen
824 3930 883 3991 sub
898 3929 1031 4007 Christo,
1044 3937 1073 3991 et
1091 3948 1203 3991 secun·
1295 3969 1456 4027 nardiad
1471 3968 1656 4044 Emanium
1674 3969 1869 4043 Papam&
1888 3967 1995 4044 quibus
2104 4001 2105 4030 ἒ

453 4033 529 4094 dum
550 4049 732 4092 mensuram
759 4048 795 4090 ac
820 4027 923 4109 legem
949 4027 1009 4089 sibi
1035 4047 1054 4089 a
1079 4026 1202 4090 Christo
1293 4057 1478 4132 proekabim
1496 4060 1750 4133 confirmamur·
2104 4037 2105 4050 ³

453 4127 628 4211 pra-lixam,
647 4127 842 4189 videlicetin
858 4126 992 4207 hisquae
1011 4125 1049 4188 ad
1072 4125 1203 4207 pontifi-

453 4226 495 4289 cii
525 4226 573 4288 sui
598 4224 746 4288 officium
776 4244 832 4286 seu
860 4223 1077 4306 magisterium
1107 4223 1241 4306 perti-l)
1316 4223 1466 4288 ECUNDO
1487 4223 1567 4287 libro
1582 4224 1621 4287 (10
1636 4224 1893 4288 Consideratione
1911 4225 1995 4286 daro-

452 4333 530 4387 nent
547 4348 554 4387 (
572 4324 615 4386 ita
634 4324 718 4404 quod
744 4323 776 4384 in
803 4322 917 4385 talibus
942 4322 1024 4404 Papa
1050 4331 1099 4384 est
1121 4323 1202 4383 inter
1331 4323 1474 4386 tissimus
1500 4323 1554 4385 ille
1573 4323 1751 4386 Bernardus
1769 4323 1808 4385 ad
1828 4321 1994 4402 Eugenium

452 4422 611 4488 Christum
639 4421 719 4485 coelo
739 4420 959 4503 presidentem
979 4428 1010 4482 et
1028 4429 1126 4483 totam
1146 4421 1203 4484 Ec·
1256 4425 1370 4504 Papam
1387 4423 1528 4504 loquitur
1545 4446 1552 4483 :
1570 4420 1679 4484 Parem
1695 4430 1920 4502 superterram
1938 4437 1993 4481 non
2103 4437 2104 4484 1

453 4521 583 4583 clesiam
609 4520 642 4581 in
669 4519 760 4582 terris
785 4519 1053 4601 peregrinantem,
1077 4519 1203 4581 medius
1256 4521 1364 4584 habes.
1386 4521 1417 4584 Si
1439 4541 1514 4603 ergo
1539 4520 1622 4602 Papa
1641 4538 1737 4601 super
1757 4528 1873 4583 terram
1896 4537 1994 4601 param

452 4627 483 4682 01
498 4626 671 4700 sequester,
688 4626 837 4698 tanquam
854 4616 1056 4679 immediatus
1079 4625 1110 4679 et
1131 4637 1203 4699 pro·
1255 4619 1439 4696 nonhabet,
1456 4638 1551 4701 quem
1567 4618 1662 4680 habet
1677 4617 1851 4698 maiorem?
1868 4618 1927 4680 Sed
1941 4617 1993 4678 hoc

452 4717 542 4801 prius
563 4715 677 4778 Christi
702 4714 853 4792 vicariuS,
869 4734 906 4777 ac
932 4715 1026 4777 totius
1052 4715 1200 4778 Ecclesiae
1255 4716 1339 4779 infra
1360 4717 1459 4799 magis
1482 4705 1679 4780 tractandum
1701 4723 1760 4779 est.

451 4814 642 4878 universalis
667 4821 774 4894 pastor
797 4832 833 4875 ac
859 4812 1013 4895 pontifex,
1038 4813 1198 4895 princcpS,
1294 4815 1426 4896 lusuper
1447 4814 1557 4876 scribit
1580 4815 1758 4878 Bernardus
1781 4813 1925 4896 Eugenio
1946 4813 1993 4875 Pa-

450 4914 548 4995 judex
562 4920 594 4975 et
609 4930 735 4994 praeses.
745 4911 1016 4985 Quemadmodum
1031 4911 1117 4972 enim
1133 4912 1201 4993 qui·
1254 4933 1301 4996 pm
1319 4937 1325 4975 :
1343 4913 1530 4994 lndagemus
1545 4913 1730 4995 diligentius
1745 4913 1818 4995 quis
1833 4913 1890 4993 sis,
1907 4931 1992 4994 quam
2102 4911 2103 4914 ’

452 5030 589 5093 cumque
623 5009 792 5091 episcopus
826 5009 915 5089 Papa¹
951 5009 1126 5090 subjectus,
1161 5011 1198 5072 ad
1253 5031 1344 5093 geras
1369 5030 1426 5094 pro
1448 5018 1590 5093 tempore
1614 5031 1779 5094 personam
1803 5012 1837 5074 in
1860 5009 1993 5074 Ecclesia

452 5129 542 5173 suam
558 5107 780 5189 particularem
795 5107 1087 5188 Ecclesiam,quam
1103 5116 1198 5170 totam
1252 5111 1318 5172 Dei.
1340 5110 1415 5185 Quis
1438 5113 1492 5172 001
1512 5110 1664 5174 Sacerdos
1690 5131 1836 5193 magnus,
1858 5129 1993 5175 summus

450 5210 539 5290 juxta
554 5206 655 5270 officii
674 5205 721 5267 sui
737 5205 927 5286 exigentiam
941 5206 1036 5268 habet
1050 5226 1195 5288 purgare,
1252 5207 1406 5271 Pontifex.
1423 5208 1468 5270 Tu
1484 5207 1633 5290 princeps
1648 5208 1884 5290 episcoporum,
1900 5219 1932 5272 tu
1947 5210 1993 5270 he-

449 5306 643 5386 illuminare,
670 5303 836 5388 perficere,
857 5305 1034 5386 gubernare
1059 5313 1091 5369 et
1113 5305 1195 5387 judi·
1252 5325 1301 5368 res
1336 5306 1579 5388 Apostolorum,
1610 5314 1643 5368 tu
1678 5307 1814 5388 primatu
1847 5329 1883 5372 es
1910 5308 1989 5383 abet,

1254 3793 1302 3851 De
1317 3789 1467 3848 mirabili
1481 3789 1673 3847 eccellentio
1687 3797 1718 3846 01
1730 3789 1937 3864 plenitudine
1948 3803 1994 3861 po
