4309 6250
423 495 464 562 24
678 517 717 564 DN
738 516 901 565 ulamma
923 517 960 562 ΕΤ
978 515 1128 561 muethus
1149 513 1176 558 li.
1200 513 1229 557 V.
1245 512 1361 570 mm,
1382 513 1472 559 tissa
1492 515 1515 560 l.
1536 532 1577 543 -
1597 514 1667 560 altr.
1691 515 1723 561 vl

425 705 540 769 amque
556 687 870 770 preamantissimam
895 687 1022 750 lintrem
1043 683 1173 748 honori·
1187 682 1213 745 Α
1228 682 1343 746 ceteris
1367 681 1622 766 principaliores,
1648 685 1860 749 communiter
1884 693 1974 748 eraut

426 784 558 865 ficante,
574 785 645 868 ipsa
659 786 842 850 beatissima
855 785 950 867 Virgo
971 784 1011 847 ah
1033 782 1173 846 infideli·
1228 781 1506 845 matrimonialiter
1525 783 1654 864 junctae.
1671 783 1751 846 Hinc
1766 783 1812 846 ait
1824 783 1971 862 Hilarius,

426 882 487 946 bus
504 903 631 966 quoque
654 884 834 947 sublimiter
856 882 1076 946 collaudatur:
1094 880 1169 958 imo,
1228 889 1261 944 et
1280 881 1363 943 idem
1388 879 1531 944 affirmat
1552 882 1750 962 Ambrosius,
1766 883 1850 963 quod
1874 883 1974 946 Lucas

427 981 455 1044 si
487 982 561 1064 quis
593 1000 701 1045 coram
731 981 913 1045 Sarracenis
942 979 1173 1044 contradiceret
1228 978 1425 1061 evangelista
1445 979 1663 1062 genealogiam
1685 979 1799 1043 Christi
1822 981 1975 1044 describit

427 1078 509 1158 istis,
525 1088 557 1143 et
581 1079 797 1144 felicissimam
822 1079 988 1143 Dominam
1013 1078 1171 1160 virginem
1228 1077 1405 1140 secuudum
1433 1078 1566 1159 gradum
1594 1078 1798 1141 sacerdotalis
1826 1077 1972 1160 originis,

427 1197 496 1242 esse
512 1187 651 1261 negaret,
667 1197 741 1242 mox
754 1178 953 1242 occideretur
967 1176 1007 1239 ab
1026 1177 1084 1238 ais.
1100 1175 1173 1238 Cre-
1229 1175 1390 1238 Natthaus
1425 1194 1500 1239 vero
1534 1176 1710 1239 secundum
1738 1177 1973 1240 successionem

425 1278 506 1340 dunt
519 1277 667 1359 equidem
683 1277 846 1340 Sarraceni
858 1277 964 1338 lesum
974 1274 1170 1338 Nazarenum
1229 1273 1345 1355 regalis
1360 1273 1551 1356 propaginis.
1568 1273 1646 1352 Imo,
1663 1283 1698 1336 ut
1711 1275 1813 1355 tangN
1825 1274 1973 1354 Hilarius,

425 1393 495 1438 esse
514 1375 657 1438 ldessiam
672 1375 705 1437 in
721 1375 791 1457 lege
812 1395 830 1437 a
852 1373 1015 1456 Prophetis
1036 1373 1171 1455 promis
1229 1371 1328 1433 David
1343 1371 1500 1434 contraxit
1514 1371 1700 1453 conjugium
1716 1392 1789 1435 cum
1810 1372 1915 1455 aliqua
1935 1373 1975 1435 de

425 1492 508 1552 sum,
524 1472 659 1554 ejusque
672 1473 935 1554 gloriosissimam
950 1472 1077 1533 Matrem
1097 1488 1172 1533 con·
1230 1469 1315 1532 tribu
1329 1469 1527 1533 sacerdotali.
1543 1469 1623 1532 Hinc
1639 1489 1735 1551 super
1752 1471 1906 1532 loannem
1927 1490 1976 1532 as-

426 1570 538 1634 sistere
568 1570 736 1652 virginem‚
762 1577 794 1632 at
821 1569 1093 1633 contradicentem
1120 1567 1171 1630 his
1230 1567 1307 1629 serit
1333 1567 1537 1648 Augustinus,
1564 1568 1647 1649 quod
1677 1568 1859 1630 beatissima
1887 1568 1975 1649 virgo

426 1668 630 1731 trucidarent.
652 1669 875 1731 Verumtamen
900 1667 1050 1730 deitatem
1075 1667 1172 1729 dene·
1229 1664 1323 1728 llario
1337 1685 1375 1728 ex
1386 1666 1483 1747 regali
1499 1673 1530 1728 et
1544 1666 1730 1728 sacerdotali
1745 1666 1865 1728 exstitit
1879 1666 1972 1729 tribu.

424 1774 501 1848 gant
527 1765 654 1846 Christi,
684 1773 861 1829 asserentes
887 1766 973 1848 quod
1002 1785 1102 1846 purus
1130 1765 1172 1826 sit
1229 1763 1316 1826 Unde
1329 1771 1363 1825 et
1375 1762 1535 1825 Elisabeth
1554 1782 1592 1825 ex
1613 1761 1743 1826 filiabus
1764 1765 1868 1828 Aaron
1890 1772 1971 1844 nata,
1987 1787 2067 1837 ruer,
2083 1789 2104 1828 s.

425 1864 567 1927 homost
587 1872 731 1926 creatura
751 1871 884 1942 tantum,
900 1882 966 1926 nou
985 1863 1068 1925 Deus
1085 1885 1093 1924 ε
1110 1858 1207 1923 sic-B
1229 1859 1330 1923 fertur
1351 1860 1448 1924 fuisse
1470 1862 1540 1942 ejus
1561 1869 1705 1943 cognata.
1988 1885 2047 1928 reu.
2060 1888 2095 1928 aa.

424 1979 487 2043 que
501 1959 615 2024 honori
631 1959 797 2024 deiformis
812 1960 914 2023 ldaria
929 1959 1172 2023 intolerabiliter
1268 1959 1373 2037 Porro,
1390 1959 1430 2022 de
1449 1960 1508 2022 ista
1528 1960 1658 2021 materia
1679 1959 1790 2023 scribit
1810 1961 1975 2025 Damasce-

424 2060 590 2141 derogant.
1228 2076 1289 2119 nus
1304 2058 1384 2121 libro
1404 2066 1515 2139 quarto
1533 2081 1540 2120 :
1556 2058 1653 2120 David
1674 2057 1757 2120 inter
1778 2066 1900 2122 ceteros
1921 2061 1976 2122 ha-

1229 2155 1298 2218 buit
1311 2154 1398 2218 filios
1412 2156 1503 2233 duos,
1520 2155 1721 2219 Salomonem
1736 2164 1767 2219 et
1781 2155 1914 2220 Nathan.
1930 2159 1976 2222 Ex

1229 2260 1340 2316 catena
1359 2261 1465 2315 autem
1485 2262 1517 2316 et
1536 2253 1656 2316 semine
1676 2253 1799 2317 Nathan
1823 2255 1898 2318 levi
1922 2276 1976 2337 ge-

637 2340 881 2405 ARTICULUS
905 2341 963 2403 Vl·
1229 2351 1299 2413 nuit
1313 2350 1425 2414 blelchi
1441 2360 1473 2414 et
1493 2350 1667 2430 Panthera;
1683 2352 1819 2415 Panthcr
1833 2372 1908 2417 vero
1923 2373 1977 2436 ge·

423 2489 471 2548 De
482 2485 611 2546 illustri
618 2485 808 2561 penealopia
823 2505 860 2544 ac
869 2487 1096 2560 procreatione
1106 2489 1173 2562 plo·
1230 2448 1300 2512 Μὴ
1313 2449 1537 2531 Barpanthem'
1553 2449 1608 2531 qui
1627 2451 1738 2531 genuit
1758 2451 1900 2514 ‘¹⁰³⁰him
1923 2471 1977 2533 μ’

464 2576 637 2651 rpficandoe
665 2593 703 2632 ac
725 2576 949 2648 proeamandoe
974 2576 1107 2644 Marioe,
1131 2593 1173 2632 ex
1229 2556 1310 2610 trem
1335 2546 1480 2610 sublimis
1508 2555 1540 2611 et
1563 2557 1771 2613 sacrosanctae
1794 2549 1905 2612 Naria.
1932 2549 1977 2613 Ex

463 2664 586 2723 ,empne
611 2662 903 2732 patriarcharum,
928 2663 1171 2739 Prophetarum
1230 2653 1342 2708 catena
1357 2646 1485 2708 demum
1501 2646 1680 2708 Salomonis
1700 2646 1824 2708 llathan
1845 2647 1978 2710 descen·

464 2761 495 2812 ct
511 2771 635 2828 repam,
651 2752 716 2810 imo
730 2759 760 2810 et
775 2753 988 2812 sacerdotum.
1230 2743 1320 2822 dens,
1351 2741 1461 2805 habuit
1493 2742 1675 2824 conjugem,
1705 2743 1745 2807 de
1772 2762 1836 2824 qua
1867 2744 1978 2825 genuit

1230 2839 1337 2902 Jacob.
1354 2839 1479 2901 Nathan
1494 2847 1600 2902 autem
1614 2838 1778 2918 defuncto,
1793 2840 1906 2905 llelchi
1921 2842 1978 2904 du-

326 2979 380 3008 a„
397 2981 411 3018 .‚
498 2941 635 3002 YSSUS
642 2947 673 2998 et
680 2957 835 3014 purpura
846 2939 1074 2998 indumentum
1087 2940 1176 3016 ejus,·
1230 2937 1360 3017 attejas
1375 2954 1517 3015 uxorem,
1534 2945 1645 3018 utputa
1660 2946 1793 3000 matrem
1808 2938 1908 3020 ipsius
1929 2940 1978 3003 Jo-

506 3038 626 3098 aobc'lc's
640 3037 677 3096 in
688 3038 795 3112 portis
815 3037 869 3096 cir
883 3038 966 3112 ejus,
982 3039 1113 3114 qnando
1132 3057 1173 3096 se·
1190 3035 1213 3100 C
1230 3035 1302 3115 coh,
1317 3035 1358 3097 de
1371 3054 1435 3117 qua
1448 3034 1560 3115 genuit
1577 3035 1645 3098 Heli
1666 3034 1797 3098 fratrem
1818 3037 1976 3100 uterinum

426 3138 514 3197 derit
536 3156 608 3195 cum
624 3136 829 3195 senatoribus
847 3144 954 3195 terroe.
972 3133 1175 3216 Unigenitum
1229 3133 1325 3197 Jacob
1341 3132 1461 3215 praefati
1471 3156 1479 3210 3
1491 3133 1624 3215 ipsoque
1639 3134 1707 3196 Heli
1723 3134 1792 3197 sine
1808 3135 1885 3197 filiis
1900 3155 1980 3199 mor-

426 3234 496 3315 bei,
511 3233 651 3297 Verbum
676 3240 841 3312 aeternum,
861 3252 900 3294 ex
923 3231 1012 3295 Patre
1037 3232 1175 3295 infinitas
1230 3239 1296 3309 tuo,
1313 3230 1411 3293 frater
1424 3231 1495 3311 ejus
1515 3231 1611 3295 Jacob
1632 3232 1722 3294 duxit
1743 3252 1871 3296 uxorem
1894 3234 1976 3315 ejus,

428 3330 603 3395 nobilitatis
618 3330 857 3412 sanctitatisque
871 3338 982 3393 natum
997 3331 1175 3393 secundum
1230 3329 1270 3391 de
1284 3348 1347 3410 qua
1361 3328 1472 3409 genuit
1486 3329 1602 3412 loseph
1622 3348 1775 3411 sponsum
1790 3331 1893 3394 Nariae
1910 3356 1917 3393 ε
1935 3332 1979 3395 ita

427 3429 568 3492 divinam
591 3436 749 3507 naturam,
765 3447 803 3490 ex
828 3427 1026 3491 nobilissima
1048 3446 1175 3511 quoque
1230 3428 1315 3508 quod
1343 3427 1458 3507 loseph
1487 3425 1549 3489 fuit
1576 3426 1666 3490 filius
1694 3428 1806 3510 legalis
1839 3430 1980 3511 predicti

428 3537 521 3611 atque
550 3527 751 3589 sanctissima
780 3535 891 3604 matre,
916 3545 954 3589 ac
977 3525 1094 3588 illustri
1122 3526 1177 3588 Pa·
1230 3525 1309 3602 lleli,
1325 3524 1544 3604 naturalisque
1566 3524 1654 3587 filius
1675 3526 1772 3589 Jacob
1794 3528 1943 3609 praetacti.

429 3627 653 3704 triarcharum,
676 3626 801 3703 Vatum,
827 3640 950 3707 regum,
976 3625 1176 3689 sacerdotum
1271 3624 1332 3686 Sed
1357 3623 1443 3686 circa
1470 3622 1537 3685 haec
1566 3622 1665 3685 oritur
1693 3626 1825 3704 quaestio
1850 3627 1978 3709 duplex.

428 3742 466 3787 ac
482 3721 652 3805 presulum
667 3720 825 3802 prosapia,
842 3720 948 3783 decuit
966 3720 1125 3783 incarnari
1145 3729 1177 3785 et
1231 3722 1335 3785 Prima
1362 3728 1421 3799 est,
1451 3720 1491 3783 de
1519 3739 1582 3801 quo
1610 3720 1733 3784 Nathan
1772 3722 1980 3806 intelligenda

429 3821 529 3884 nasci.
546 3820 603 3893 Qui
620 3827 651 3882 et
665 3819 840 3881 secundum
856 3826 1051 3899 assumptam
1066 3820 1178 3881 huma·
1232 3821 1297 3883 sint
1321 3818 1418 3882 verba
1440 3818 1508 3881 haec
1532 3820 1728 3882 Damasceni.
1754 3820 1911 3900 Secunda,
1938 3843 1978 3886 an

429 3918 560 3982 uitatem
585 3926 633 3981 est
655 3936 710 3979 rex
730 3916 857 3979 Messias
876 3924 908 3979 et
929 3915 1071 3997 pontifex
1092 3936 1178 3979 sum·
1231 3915 1372 3979 Christus
1387 3914 1551 3977 descendit
1566 3916 1835 3979 vere'seeundum
1850 3937 1979 3983 carnem

430 4037 513 4098 mus,
530 4016 684 4099 propheta
706 4034 743 4078 ac
764 4013 916 4077 Dominus
935 4014 1175 4096 Prophetarum,
1233 4034 1251 4077 a
1266 4014 1444 4077 Salomone.
1462 4012 1594 4076 Videtur
1607 4013 1694 4076 enim
1708 4016 1793 4094 quod
1813 4034 1889 4097 non,
1905 4018 1980 4099 quia

431 4114 610 4201 patriarcha
631 4122 663 4177 et
682 4114 832 4195 princeps
853 4112 1116 4195 Patriareharum,
1134 4115 1178 4179 le·
1233 4112 1359 4175 realiter
1373 4119 1466 4173 natus
1481 4118 1581 4173 estex
1596 4110 1718 4173 semine
1734 4112 1857 4175 Nathan
1873 4114 1979 4178 fratris

430 4213 513 4298 gifer
548 4222 667 4289 noster,
704 4213 767 4275 dux
801 4211 896 4273 lsrael
934 4210 1176 4293 dominatorque
1192 4208 1217 4270 Ι)
1232 4209 1410 4273 Salomonis
1433 4233 1440 4270 ι
1462 4208 1548 4271 idem
1572 4217 1678 4271 autem
1704 4229 1741 4271 ex
1765 4210 1888 4274 duobus
1914 4232 1978 4275 non

430 4311 540 4395 populi
556 4309 785 4373 christianille
799 4327 862 4391 quo
881 4308 1046 4371 Zacharias
1064 4311 1178 4392 praedi-
1231 4309 1374 4371 nascitur
1401 4307 1565 4370 fratribus.
1592 4308 1638 4369 Ad
1668 4308 1804 4390 primam
1831 4312 1979 4390 quaestio

294 4434 368 4479 raca.
385 4447 414 4485 a,
430 4410 475 4474 xit
487 4434 494 4473 ε
506 4409 575 4473 Erit
588 4408 734 4471 sacerdos
749 4426 845 4489 super
859 4405 940 4470 solio
954 4424 1032 4485 suo;
1049 4415 1081 4469 ct
1094 4407 1178 4470 Psal·
1231 4426 1309 4469 num
1336 4405 1470 4467 istarum
1497 4404 1596 4486 aliqui
1626 4406 1868 4488 responderunt,
1893 4410 1978 4490 quod

283 4502 340 4605 ᾖ,
350 4574 383 4605 ax
396 4564 409 4605 4
430 4509 526 4573 mista
542 4532 549 4570 ε
568 4508 614 4570 Tu
628 4526 663 4569 es
677 4506 824 4569 sacerdos
843 4504 876 4566 in
895 4513 1048 4567 aeternum
1064 4524 1177 4568 seeun—
1231 4504 1437 4585 intelligenda
1451 4503 1515 4566 sint
1529 4504 1569 4566 de
1583 4502 1705 4566 Nathan
1720 4505 1977 4587 propheta‚quem

343 4592 348 4605 ⁸
385 4592 505 4672 ''dum
528 4606 671 4670 ordinem
685 4602 927 4666 Melchisedech.
944 4603 987 4665 De
1006 4621 1069 4684 quo
1090 4611 1122 4665 et
1142 4603 1175 4665 in
1231 4600 1486 4667 dicuntaDavid
1500 4601 1683 4681 adoptatum
1703 4601 1736 4663 iu
1755 4602 1873 4666 filium.
1890 4605 1976 4679 Quod

300 4732 414 4783 rauna,
429 4706 509 4770 lsaia
523 4705 625 4769 fertur
641 4726 649 4765 ε
666 4702 818 4765 Dominus
832 4700 929 4782 judex
943 4707 1061 4775 noster,
1074 4702 1176 4764 Domi·
1230 4708 1313 4763 stare
1337 4718 1403 4763 non
1428 4706 1542 4781 potest.
1565 4697 1616 4762 Sic
1641 4698 1728 4760 enim
1753 4700 1896 4765 Christus
1924 4704 1979 4766 de-

281 4797 316 4839 22·
429 4824 489 4867 nus
518 4801 630 4886 legifer
653 4808 772 4880 noster,
798 4798 951 4862 Dominus
975 4818 1030 4861 rex
1054 4807 1173 4879 noster,
1231 4797 1406 4861 scendisset
1424 4796 1553 4859 realiter
1566 4815 1603 4857 ex
1619 4796 1740 4859 semine
1761 4796 1884 4861 Nathan
1907 4820 1979 4884 pro-

429 4902 498 4985 ipse
513 4899 620 4965 veniet
634 4906 665 4963 et
680 4896 815 4961 salvabit
829 4914 898 4960 nos.
920 4896 1000 4959 Hinc
1016 4897 1175 4978 evangeli·
1229 4897 1344 4977 phetae,
1371 4913 1435 4957 non
1456 4894 1568 4973 David,
1593 4893 1655 4957 nisi
1684 4893 1792 4957 forsan
1819 4915 1878 4978 per
1904 4917 1979 4963 con-

294 5017 383 5061 natis.
398 5030 413 5068 ι,
429 5010 476 5065 sta
486 5001 646 5063 Mattheus
660 4996 694 5059 in
702 4990 861 5075 'evangelii
878 4994 926 5056 sui
941 4994 1070 5058 exordio
1082 4995 1175 5057 docet
1229 4993 1354 5075 jugium
1389 4992 1505 5054 initum
1533 4992 1616 5054 inter
1643 5000 1786 5073 posteros
1815 4995 1912 5058 David
1939 5016 1976 5060 ac

281 5083 379 5135 ’Μ’
427 5100 585 5165 Christum
600 5116 639 5161 cx
653 5096 741 5177 regia
759 5093 856 5174 stirpe
875 5092 1075 5173 progenitum
1090 5116 1099 5170 3
1115 5093 1176 5156 Lu·
1229 5092 1363 5155 Nathan.
1393 5090 1556 5168 Praeterea,
1583 5089 1686 5171 primo
1714 5090 1976 5174 Paralipomenon
1992 5118 2121 5169 traaas.

279 5141 374 5262 &dl-¹¹
388 5148 414 5188 η
428 5220 481 5263 cas
497 5217 572 5262 vero
586 5194 740 5259 describit
754 5210 827 5255 eum
842 5210 879 5253 cx
894 5190 1082 5254 sacerdotali
1102 5210 1175 5273 pro-
1229 5188 1398 5252 manifeste
1418 5196 1572 5267 narratur,
1589 5189 1673 5270 quod
1694 5188 1793 5252 David
1819 5192 1885 5273 regi
1910 5194 1976 5255 nati

426 5298 520 5383 genie
540 5304 662 5359 natum.
679 5292 732 5355 llas
750 5288 866 5353 etenim
891 5288 1004 5387 tribus,
1022 5296 1172 5371 tanquam
1229 5286 1350 5352 suntin
1363 5286 1537 5351 Jerusalem
1552 5295 1688 5369 quatuor
1708 5286 1767 5350 frlii
1787 5289 1827 5353 de
1848 5290 1976 5355 Bethsa-
