4309 6250
453 505 493 554 un
512 507 617 554 umus
637 503 819 553 cosumoua
838 503 1002 552 amronnu
1023 505 1055 552 ru
1076 505 1199 554 namra.
1221 525 1262 538 -
1283 507 1353 554 mr.
1377 509 1431 556 vm
1656 489 1716 556 tat

166 676 349 740 cialissima
363 675 578 759 angelicorum
594 675 764 759 spirituum
779 674 915 740 solibeo
929 675 955 738 Α
971 675 1096 759 losophi
1129 675 1180 738 isti
1216 676 1338 740 animas
1371 687 1445 742 ante
1479 697 1612 762 corpora
1647 697 1718 742 csse

166 776 302 839 creatori
325 785 401 839 sunt
419 775 545 858 agnito.
561 775 709 839 llabanns
726 793 854 858 quoque
868 773 917 838 di·
970 783 1103 838 creatas.
1133 775 1195 838 Alii
1230 785 1336 840 autem
1372 777 1565 860 philosophi,
1596 778 1719 842 scilicet

167 875 222 952 cit,
237 875 324 955 qued
339 875 399 938 soli
413 873 477 938 ileo
491 873 643 956 competit
656 874 738 938 scire
756 873 916 955 quomodo
970 873 1154 937 Aristoteles
1183 893 1255 938 cum
1285 874 1352 938 suis
1380 877 1581 959 sequacibus,
1606 895 1719 959 posue-

166 973 313 1054 angelica
336 981 450 1036 natura
472 973 506 1036 in
529 993 587 1036 sua
604 973 742 1056 puritate
760 971 913 1036 subsistit.
972 980 1045 1034 runt
1072 972 1212 1036 animam
1240 992 1304 1038 non
1331 975 1509 1057 praecedere
1534 994 1662 1058 corpus,
1687 982 1720 1038 et

166 1107 208 1118 -
234 1072 282 1135 dd
310 1072 379 1136 hac
406 1072 576 1136 dicendum
609 1080 669 1152 est,
697 1072 782 1152 quod
818 1070 915 1134 verba
972 1069 1168 1134 intellectum
1184 1081 1327 1137 nostrum
1350 1073 1383 1136 in
1405 1073 1563 1156 principio
1578 1075 1626 1137 sui
1649 1093 1719 1138 asse

167 1170 303 1233 istorum
318 1170 527 1252 intelligenda
540 1179 615 1234 sunt
627 1189 686 1252 per
699 1169 914 1234 exclusionem
971 1177 1006 1232 ut
1029 1169 1169 1233 tabulam
1199 1172 1231 1234 in
1256 1191 1318 1254 qua
1343 1171 1422 1235 nihil
1448 1181 1497 1236 est
1521 1173 1641 1254 pictum
1664 1181 1719 1235 aut

167 1269 326 1333 viatorum
354 1277 388 1334 at
420 1269 630 1334 inclusionem
662 1269 841 1346 Beatomm,
872 1267 914 1331 ita
971 1269 1137 1350 scriptum.
1165 1269 1203 1333 Et
1230 1270 1291 1334 ista
1318 1271 1431 1354 positio
1460 1279 1615 1336 consonat
1641 1271 1717 1334 hdei

166 1368 251 1450 qnod
272 1368 333 1432 soli
347 1369 412 1432 beo
432 1368 487 1432 illu
508 1376 582 1431 sunt
604 1368 711 1451 agnita
730 1387 789 1450 per
809 1386 916 1450 respo·
971 1377 1097 1432 nostra.
1393 1379 1395 1384 ’

168 1475 256 1530 ctum
277 1467 317 1530 ad
339 1467 486 1530 viatores.
1009 1467 1112 1542 Quum
1132 1466 1239 1550 itaque
1263 1468 1414 1551 quaeritur
1432 1469 1592 1550 quomodo
1611 1467 1719 1532 anima

205 1565 251 1627 Er
280 1564 363 1645 istis,
391 1564 556 1630 carissime
588 1565 706 1645 Frater,
735 1562 917 1646 aliqualiter
971 1584 1145 1648 acorpore
1170 1575 1314 1649 separata
1338 1567 1515 1651 posthanc
1544 1567 1642 1630 vitam
1672 1567 1720 1630 in-

169 1671 254 1744 putet
268 1665 429 1744 quomodo
449 1663 596 1727 homines
609 1663 703 1727 electi
720 1682 754 1726 se
775 1661 916 1725 invicem
971 1662 1112 1745 telligat:
1127 1663 1153 1726 si
1169 1664 1302 1745 quaestio
1318 1664 1514 1746 intelligatur
1528 1665 1568 1727 de
1583 1663 1719 1728 naturali

169 1761 201 1823 in
224 1779 324 1842 regno
344 1761 468 1826 coelesti
487 1770 681 1844 cognoscent
701 1769 796 1844 atque
817 1760 918 1842 inspi·
970 1760 1150 1824 animamm
1172 1769 1388 1842 separatarum
1410 1761 1604 1844 cognitione,
1625 1761 1721 1826 habet

168 1858 265 1922 cient.
281 1859 399 1922 Omnes
412 1859 532 1942 quippe
552 1859 741 1923 seinvicem
763 1858 917 1922 videbunt
932 1857 956 1920 B
970 1858 1199 1922 difficultatem
1221 1860 1413 1942 precipuum
1429 1861 1469 1923 de
1484 1861 1651 1924 animabus
1674 1861 1721 1924 in-

168 1977 205 2021 ae
219 1964 356 2022 noscent
369 1957 403 2021 in
414 1958 555 2022 increata
570 1958 641 2022 luce
652 1957 699 2021 aui
710 1957 916 2037 Creatoris,in
973 1957 1155 2021 nocentium
1172 1957 1343 2021 inlantium
1358 1959 1413 2041 qui
1428 1968 1502 2021 ante
1517 1959 1720 2022 discretionis

167 2075 233 2138 quo
247 2056 404 2121 videbunt
416 2075 454 2120 ac
475 2065 610 2120 noscent
622 2074 734 2120 omnes
749 2076 824 2120 suos
842 2075 918 2120 con·
971 2063 1115 2136 tempora
1131 2055 1310 2118 moriuntur
1321 2079 1328 2118 ε
1341 2057 1374 2120 in
1388 2075 1524 2138 quorum
1540 2056 1718 2133 animabus,

169 2157 268 2219 cives.
290 2154 451 2218 Videbunt
470 2175 507 2219 ae
529 2164 663 2218 noscent
683 2174 717 2218 se
741 2155 836 2218 etiam
860 2173 918 2236 per
972 2172 1071 2235 quum
1087 2154 1429 2235 receduntacorpore,
1447 2173 1510 2219 non
1526 2163 1600 2218 sunt
1620 2154 1722 2218 scien·
1808 2211 1812 2216 .

168 2254 294 2336 speeies
307 2253 526 2336 intelligibiles
540 2253 601 2316 sibi
616 2274 635 2316 a
649 2254 713 2317 lieo
733 2253 915 2337 impressas,
974 2251 1025 2314 tim
1044 2260 1075 2313 et
1095 2251 1217 2332 species
1237 2251 1455 2332 intelligibiles
1477 2253 1637 2335 acquisitas
1662 2271 1721 2316 nec

169 2371 227 2434 per
248 2370 328 2433 quas
345 2361 378 2415 et
396 2351 560 2434 angelicos
579 2351 709 2434 spiritus
729 2351 916 2415 etomuium
974 2357 1161 2412 concreata.
1192 2349 1230 2412 Et
1256 2351 1403 2430 quamvis
1430 2351 1564 2431 questio
1594 2352 1653 2414 ista
1681 2352 1721 2415 de

167 2470 276 2514 rerum
291 2459 420 2514 naturas
434 2470 472 2514 ac
485 2451 630 2515 ordinem
645 2451 786 2514 universi
803 2469 919 2531 cogno·
973 2448 1141 2511 animabus
1170 2467 1342 2530 puerorum
1371 2449 1600 2531 baptizatorum
1633 2469 1722 2532 sepa-

168 2559 260 2613 scent
275 2573 283 2612 ε
300 2547 567 2631 quemadmodum
582 2548 689 2612 anima
702 2549 830 2625 Christi,
844 2548 919 2611 licet
973 2546 1051 2610 ratis
1072 2545 1201 2610 facilius
1223 2547 1303 2610 solvi
1326 2555 1443 2630 posset,
1459 2548 1535 2629 qnia
1559 2567 1630 2612 mor
1651 2567 1722 2630 per·

168 2666 186 2709 a
200 2648 386 2730 primosum
398 2646 570 2710 creationis
584 2647 713 2710 instanti
729 2647 808 2709 vidit
818 2646 917 2710 mum
973 2645 1135 2708 ducuntur
1154 2644 1193 2707 ad
1216 2663 1348 2726 regnum
1364 2643 1528 2722 culorum,
1546 2645 1599 2708 ubi
1614 2645 1722 2734 omnia

168 2745 254 2808 clare
276 2763 335 2828 per
352 2745 536 2826 essentiam,
556 2753 589 2808 et
608 2745 758 2808 universa
778 2745 812 2807 in
835 2744 917 2827 ipso,
973 2742 1132 2806 videntia
1148 2742 1223 2820 Deo,
1240 2751 1271 2806 et
1292 2761 1350 2824 per
1368 2741 1596 2806 similitudines
1617 2763 1723 2808 rerum

168 2844 273 2908 nihilo
287 2845 394 2906 minus
409 2862 467 2925 per
479 2843 604 2925 species
617 2863 674 2906 scu
693 2844 919 2908 similitudines
973 2843 1019 2905 eis
1033 2842 1170 2924 desuper
1192 2841 1308 2904 inditus
1330 2860 1387 2904 seu
1407 2861 1425 2904 a
1446 2842 1510 2906 Deo
1529 2842 1722 2924 impressas;

168 2962 277 3006 rernm
302 2939 522 3022 intelligibiles
549 2941 609 3004 sibi
638 2961 657 3004 a
685 2941 845 3024 principio
869 2943 917 3005 sui
973 2949 1080 3004 mmen
1110 2942 1150 3004 de
1179 2939 1347 3002 animabus
1375 2939 1547 3002 iniantinm
1577 2959 1640 3004 non
1670 2942 1726 3004 ba·

168 3049 369 3118 concreatus,
388 3040 499 3102 eadem
524 3040 603 3101 vidit
622 3059 659 3104 ac
684 3041 784 3119 novit,
806 3060 920 3104 secun·
937 3037 961 3101 C
973 3041 1162 3123 ptizatorum
1190 3047 1331 3102 remanet
1354 3037 1543 3120 diiiicultas,
1564 3040 1724 3120 quomodo

168 3141 247 3204 dnm
269 3158 384 3203 omncs
404 3139 562 3202 doctores.
974 3138 1209 3219 illuminantur,
1231 3146 1261 3201 et
1285 3156 1367 3219 qum,
1390 3146 1508 3219 quanta
1534 3146 1565 3200 et
1587 3139 1725 3221 qualiter

208 3240 384 3317 Postremo,
399 3236 559 3319 quomodo
583 3238 731 3301 homines
754 3238 847 3302 electi
873 3238 920 3301 vi·
973 3246 1121 3299 noscunt.
1148 3238 1182 3299 ln
1206 3255 1269 3318 qua
1291 3236 1464 3317 quastione
1493 3236 1588 3300 etiam
1615 3238 1722 3319 magni

167 3337 291 3400 debunt
311 3355 347 3399 sa
365 3335 461 3399 etiarn
482 3336 576 3399 oculo
594 3336 751 3418 corporali
775 3345 846 3418 post
866 3356 920 3419 ge-
973 3336 1119 3399 doctores
1145 3336 1221 3397 satis
1245 3334 1426 3397 discordare
1450 3334 1627 3399 videntur:
1649 3356 1723 3399 nam

167 3434 312 3499 neralem
336 3433 601 3497 resurrectionem
629 3442 662 3497 et
684 3433 768 3497 diem
791 3434 916 3515 judicii,
974 3443 1006 3497 ct
1033 3434 1181 3512 Thomas,
1208 3443 1238 3497 et
1267 3434 1497 3513 bonaventura,
1529 3442 1561 3497 et
1587 3436 1724 3499 loannes

167 3534 266 3611 inira,
283 3534 348 3597 llco
369 3541 549 3616 prestante,
564 3532 701 3596 dicetur.
975 3534 1099 3611 Scotus,
1116 3533 1170 3616 qui
1187 3542 1317 3596 vocatur
1336 3532 1450 3597 Ductor
1469 3534 1605 3613 subtilis,
1622 3534 1725 3597 diver-

944 3711 948 3719 ·
975 3631 1098 3695 simode
1113 3631 1297 3711 loquuntur.
1307 3631 1428 3694 ldcirco
1444 3640 1639 3712 pertranseo,
1649 3634 1725 3715 quia

975 3730 1108 3793 materia
1127 3728 1274 3793 difficilis
1298 3738 1365 3807 est3
1381 3738 1413 3792 et
1437 3730 1470 3792 in
1494 3738 1618 3794 tantum
1639 3732 1723 3813 dico,

345 3796 610 3862 ARTICULUS
645 3796 744 3861 VIII·
974 3828 1061 3909 qnia,
1088 3836 1124 3890 ut
1151 3846 1262 3891 omnes
1291 3827 1342 3889 isti
1372 3828 1572 3892 concorditer
1600 3806 1723 3910 dicunt,

197 3949 364 4018 Quomodo
386 3948 499 4006 ,mima
522 3947 697 4007 rationari,
716 3966 738 4004 a
756 3962 891 4022 corpore
974 3926 1159 4007 hujusmodi
1184 3926 1298 3989 anima
1320 3934 1471 4007 separatas
1492 3926 1631 4009 aliquam
1657 3949 1725 3991 sus-

371 4044 524 4111 ceperam
542 4037 717 4112 intelligat.
975 4024 1101 4106 cipiunt
1122 4023 1388 4088 illuminationem
1411 4025 1512 4089 abeo
1533 4034 1566 4087 et
1589 4027 1722 4108 angelis,

976 4142 1033 4205 per
1060 4140 1157 4205 quam
1187 4121 1343 4185 naturalia
1371 4131 1403 4184 et
1436 4124 1582 4187 ordinem
1618 4144 1722 4188 rerum
1822 4160 1824 4165 ·

226 4223 317 4286 lCU'l
344 4224 378 4287 in
406 4225 498 4289 libris
525 4225 565 4288 de
593 4224 744 4287 'l'rinitate
778 4232 809 4308 ct
838 4220 1082 4304 (livi-Daliquc
1103 4222 1198 4285 modo
1217 4221 1410 4303 intelligunt.

242 4330 310 4387 tate
332 4324 385 4387 bei
410 4342 448 4387 ac
472 4322 545 4386 aliis
567 4321 649 4385 locis
670 4322 786 4404 saepius
810 4321 920 4385 recitat
1015 4321 1058 4383 De
1073 4320 1241 4384 animabus
1256 4328 1360 4383 autem
1381 4340 1492 4384 eorum
1514 4324 1570 4404 qui
1590 4323 1725 4387 scientia

164 4423 377 4505 Augustinus,
397 4421 528 4503 quidam
556 4420 748 4503 philosophi,
773 4428 808 4483 ut
834 4420 919 4484 Plato
975 4420 1098 4502 prediti
1129 4429 1219 4483 amnt
1248 4419 1280 4481 in
1309 4419 1368 4481 hac
1395 4420 1470 4497 vita,
1496 4420 1615 4485 dicitur
1638 4424 1723 4504 quod

163 4530 263 4604 atquc
278 4520 441 4597 Platonici,
458 4528 634 4601 posuerunt
647 4518 796 4583 scientias
810 4527 842 4581 et
856 4519 920 4581 vir·
976 4527 1063 4581 tanto
1085 4520 1239 4601 majorem
1265 4518 1531 4583 illuminationem
1560 4540 1578 4583 a
1602 4521 1665 4585 Deo
1693 4532 1726 4587 et

165 4628 252 4682 tutes
272 4638 311 4681 ac
330 4616 548 4699 intelligibiles
570 4636 677 4681 rerum
703 4619 826 4698 species
851 4618 920 4681 ani·
975 4618 1096 4700 angelis
1117 4617 1304 4697 sortiuntur,
1321 4627 1441 4697 quanto
1455 4618 1487 4681 in
1504 4619 1562 4682 hac
1583 4620 1648 4683 vita
1668 4641 1725 4704 per

164 4717 284 4781 mabns
299 4724 496 4793 concreatos,
513 4714 654 4797 itaquod
669 4724 814 4779 nostrum
830 4716 918 4779 addi·
975 4717 1137 4795 scientias,
1156 4715 1286 4777 virtutes
1312 4722 1342 4777 et
1363 4716 1486 4798 species
1507 4717 1724 4801 intelligibiles

163 4814 741 4897 scerc,essetreminiseieorumqum
752 4815 917 4894 scivimus,
973 4814 1145 4896 acquisitas
1175 4812 1305 4875 luerunt
1337 4815 1436 4895 magis
1469 4815 1632 4898 dispositae
1660 4842 1666 4880 :
1693 4828 1725 4881 et

163 4936 203 4981 eo
231 4915 321 4998 quod
350 4913 457 4977 anima
484 4933 542 4997 per
567 4914 794 4977 dimersionem
827 4933 917 4977 suam
973 4913 1056 4975 istud
1072 4913 1112 4975 de
1127 4910 1263 4974 naturali
1279 4930 1387 4973 aarum
1408 4913 1591 4994 cognitione
1610 4918 1723 4979 asseri-

164 5016 198 5078 in
223 5031 364 5094 corpore
385 5012 629 5076 oblivisceretur
655 5012 820 5075 scitorum.
846 5012 917 5076 llaec
974 5021 1035 5075 tur.
1059 5012 1217 5089 Ceterum,
1241 5010 1416 5073 secundum
1442 5012 1622 5077 christianae
1645 5015 1721 5079 fidei

163 5124 276 5179 autem
301 5111 418 5194 positio
440 5119 594 5193 quantum
619 5110 658 5173 ad
686 5130 778 5173 snum
805 5111 918 5174 lunda·
974 5110 1137 5173 veritatem
1154 5108 1324 5189 loquendo,
1343 5108 1457 5171 animm
1473 5110 1552 5173 tales
1568 5131 1665 5192 quum
1682 5114 1721 5175 ad

165 5220 314 5277 mentum
334 5228 399 5273 non
420 5210 523 5273 solum
544 5216 593 5271 est
610 5207 703 5286 falsa,
719 5208 774 5271 sed
793 5217 825 5271 at
839 5208 916 5272 lidei
973 5227 1106 5288 regnum
1136 5206 1264 5269 coelesto
1294 5207 1508 5288 pervenerint,
1535 5229 1573 5271 ex
1601 5210 1722 5273 revela-

165 5319 288 5375 sanctsa
308 5308 466 5374 contraria
482 5308 667 5391 :ponebant
688 5326 827 5389 namque
846 5308 918 5391 phi·
971 5307 1059 5370 tione
1077 5306 1189 5369 divina
1208 5314 1301 5388 atque
1321 5306 1466 5387 angelica
1486 5308 1567 5371 scire
1586 5318 1721 5393 possunt
