4309 6250
322 512 472 559 hramous
495 512 723 562 olsaursvlools
746 514 836 561 lff'lllll
858 512 1064 563 cohortatio!
1086 518 1123 563 BP
1144 516 1359 564 sannscoaoll.
1382 534 1422 545 -
1441 518 1512 565 altr.
1535 517 1570 563 111
1661 499 1720 563 451

171 698 273 745 cacos
292 690 324 745 et
347 692 452 746 mutos
477 678 612 762 cu'ravit,
629 686 862 767 morpheaticos
884 704 920 748 ac
936 688 961 748 A
977 705 1113 768 quorum
1146 687 1314 751 assertioni
1350 707 1445 751 verus
1481 688 1563 750 Deus
1599 695 1725 752 attesta-

171 778 314 860 leprosos
336 781 511 861 mundavit,
533 790 685 860 mortuos,
702 782 847 847 Creatoro
869 802 922 847 co
977 793 1073 847 retur.
1106 784 1247 866 Denique
1282 784 1418 867 ipsomet
1453 785 1595 848 Christus
1624 784 1724 848 multo

170 888 334 957 operante,
351 879 539 943 vivificavit,
556 880 662 959 Porro,
679 883 765 962 quod
791 883 850 945 ista
875 882 922 944 di·
976 881 1152 964 sapientior
1176 891 1209 945 et
1233 883 1434 964 eloquentior
1459 884 1526 946 suis
1551 883 1722 965 Apostolis,

171 985 286 1041 cantur
300 997 374 1040 vere
396 978 561 1057 miracula,
577 988 702 1043 constat
723 1000 760 1042 ex
776 1000 815 1043 eo
835 983 919 1062 quod
976 996 1034 1059 pro
1054 980 1233 1044 ludaeorum
1249 981 1458 1045 conversione
1479 980 1580 1044 multa
1594 1000 1631 1043 ac
1647 998 1725 1062 praa

171 1074 319 1139 subditur
343 1075 388 1137 ibi
410 1099 416 1138 :
437 1076 510 1151 Qua
536 1086 651 1139 cuncta
674 1097 693 1140 a
718 1080 920 1143 erodentibus
976 1076 1152 1141 clarissima
1185 1076 1263 1141 fecit
1296 1078 1451 1142 miracula
1484 1103 1491 1141 ι
1526 1088 1631 1141 umen
1662 1097 1723 1141 nec

171 1174 205 1235 in
228 1174 328 1237 Deum
350 1184 522 1238 censentur
543 1175 708 1239 miracula.
975 1174 1021 1237 sic
1053 1175 1199 1239 conversi
1230 1176 1361 1240 fuorunt
1391 1178 1430 1241 ad
1460 1197 1534 1241 eum
1560 1176 1623 1241 nisi
1652 1195 1723 1259 per·

211 1272 427 1337 Sannaccnus.
442 1309 484 1320 —
498 1273 649 1337 Transeat
663 1275 831 1358 Apostolos
846 1276 920 1341 talia
974 1272 1080 1355 pauci.
1105 1273 1321 1337 Consimiliter
1346 1274 1500 1357 Apostoli,
1525 1276 1581 1358 qui
1608 1275 1643 1337 in
1666 1293 1723 1339 no-

171 1390 230 1455 pro
257 1371 466 1435 conversione
495 1372 673 1437 ludaeorum
703 1392 740 1437 ac
774 1374 919 1457 gentium
974 1371 1060 1435 mine
1075 1378 1108 1435 et
1121 1372 1238 1436 virtute
1248 1373 1303 1435 Dei
1316 1373 1563 1438 innumerabilia
1576 1372 1723 1437 fecerunt

171 1478 381 1553 perpetrasse.
412 1469 475 1534 Nec
504 1472 590 1535 enim
620 1473 763 1555 Apostoli
791 1476 919 1537 natione
975 1489 1081 1534 coram
1096 1471 1213 1535 ludaeis
1227 1471 1390 1553 miracula,
1406 1480 1441 1535 ut
1461 1472 1598 1536 fatemur
1611 1480 1644 1535 et
1662 1472 1723 1537 sci·

169 1570 292 1633 llebraei
309 1570 487 1652 potuissent
501 1572 626 1635 cunctis
640 1573 788 1653 gentibus
808 1574 920 1655 praedi-
974 1589 1056 1649 mus,
1073 1590 1133 1633 nec
1153 1571 1199 1633 sic
1219 1579 1389 1653 potuerunt
1408 1570 1480 1634 illos
1499 1590 1537 1633 ex
1558 1579 1623 1635 toto
1647 1590 1723 1635 con·

170 1688 272 1748 casse,
304 1668 364 1731 nisi
392 1669 537 1733 notitiam
566 1670 746 1751 linguarum
775 1673 919 1754 gentium
974 1676 1109 1749 vertere,
1125 1670 1180 1731 sed
1195 1688 1253 1751 pro
1274 1669 1388 1751 majori
1405 1678 1493 1753 parte
1515 1670 1548 1732 in
1563 1690 1620 1733 sua
1634 1690 1723 1734 man·

169 1768 309 1848 desuper
321 1766 532 1849 accepissent.
549 1768 773 1831 Verumtamen
794 1770 918 1852 opinari
975 1776 1085 1829 serunt
1117 1766 1319 1832 infidelitate.
1350 1768 1512 1843 Quomodo
1546 1788 1622 1851 ergo
1656 1768 1723 1832 sola

168 1865 241 1947 quis
263 1874 370 1947 posset
390 1884 427 1928 ac
448 1867 566 1947 dicere,
583 1867 666 1950 quod
681 1868 822 1949 Apostoli
845 1888 920 1931 con·
937 1862 1163 1947 ballegatione
1178 1866 1348 1949 Scriptura
1361 1868 1479 1931 multos
1494 1867 1725 1932 convertissent

169 1972 334 2027 verterunt
348 1964 472 2027 ludaeos
488 1984 545 2047 per
558 1964 765 2047 allegationes
782 1966 918 2047 scriptu·
975 1965 1128 2027 illoruml

170 2082 277 2127 rarum
307 2064 423 2125 veteris
447 2064 653 2143 Testamenti,
679 2064 816 2148 gentiles
845 2085 920 2130 vero
1014 2063 1228 2127 sineremus.
1244 2100 1284 2109 —
1302 2064 1403 2127 Etiam
1424 2066 1632 2129 exAlcorano
1654 2082 1725 2148 pro-

168 2181 226 2243 per
240 2170 427 2241 argumenta
442 2162 606 2244 sapientias
621 2164 787 2241 naturalis,
803 2163 919 2246 quihus
975 2162 1067 2225 batur
1081 2180 1176 2244 quam
1196 2161 1373 2225 difficulter
1392 2183 1410 2226 a
1429 2182 1487 2226 sua
1505 2162 1575 2244 lege
1594 2172 1725 2247 possent

169 2259 374 2323 convincitur
394 2260 604 2324 idololatriam
620 2280 690 2323 esse
706 2262 867 2325 vitandam
889 2272 921 2325 et
974 2259 1117 2323 converti
1140 2260 1179 2321 ad
1201 2260 1306 2323 aliam.

168 2378 270 2421 unum
292 2359 396 2421 solum
411 2359 510 2422 Deum
532 2378 643 2422 verum
659 2378 728 2423 esse
750 2360 919 2424 colendum
1014 2357 1232 2422 Cnnrsrrsnus.
1260 2394 1302 2405 -
1329 2358 1461 2441 Semper
1494 2378 1552 2441 pro
1586 2360 1724 2423 maxima

167 2477 205 2520 ac
230 2457 428 2520 adorandum
451 2456 584 2538 :sicque
609 2458 759 2521 videntur
783 2478 846 2523 non
873 2460 920 2521 in·
974 2465 1062 2539 parte
1085 2456 1168 2535 duri,
1184 2456 1337 2538 protervi,
1354 2456 1534 2538 pertinaces
1555 2457 1725 2521 inconver-

167 2556 309 2638 diguisso
338 2554 502 2619 miraculis
531 2574 588 2637 pro
616 2557 840 2621 convertendis
865 2559 921 2622 ho
976 2553 1144 2636 tibilesque
1158 2552 1300 2632 fuerunt,
1316 2554 1401 2618 sicut
1418 2555 1523 2619 adhuc
1544 2562 1628 2618 sunt.
1646 2554 1724 2618 Nam

169 2655 322 2719 minibus.
975 2652 1121 2734 quamvis
1145 2671 1202 2733 per
1224 2660 1270 2715 tot
1295 2653 1479 2715 centenaria
1497 2672 1654 2717 annorum
1673 2652 1725 2717 fu·

208 2754 425 2817 Cnnrsrmrvus.
453 2754 563 2817 -Ad
593 2757 841 2819 convertendum
869 2757 921 2820 lu·
975 2751 1058 2815 erint
1081 2751 1236 2830 derelicti,
1261 2751 1413 2832 omnique
1441 2758 1567 2834 patrum
1596 2771 1725 2817 suorum

167 2852 265 2933 daos,
291 2851 433 2933 Apostoli
463 2852 556 2915 etiam
583 2854 631 2916 usi
657 2862 729 2916 sunt
759 2853 921 2936 allegatio
975 2850 1087 2932 gratia,
1108 2849 1210 2931 gloria
1232 2860 1264 2913 et
1286 2852 1417 2927 honore,
1439 2850 1626 2931 sacerdotio,
1647 2860 1726 2915 om·

169 2952 266 3013 nibus
281 2950 511 3033 scripturarum
527 2950 607 3034 logis
627 2972 664 3015 ac
680 2951 917 3034 Prophetarum.
976 2950 1040 3030 plo,
1061 2948 1267 3027 habitatione,
1289 2948 1455 3028 miraculo,
1476 2958 1601 3030 sceptro
1621 2951 1728 3031 priva·

170 3051 231 3113 Sed
248 3070 305 3133 per
325 3049 549 3132 hujuscemodi
571 3050 778 3134 allegationes
799 3053 920 3136 absque
939 3048 960 3112 C
976 3048 1011 3127 ti,
1028 3047 1132 3111 adhuc
1157 3056 1261 3109 lernen
1286 3046 1319 3108 in
1344 3066 1401 3109 sua
1425 3056 1557 3109 manent
1574 3047 1722 3132 perfidia,

170 3149 398 3213 miraculorum
421 3149 616 3214 exhibitione
643 3151 737 3233 pauci
763 3159 817 3214 aut
841 3153 920 3216 nulli
976 3166 1035 3210 nec
1058 3167 1097 3210 ca
1121 3146 1287 3228 scripturis
1311 3146 1378 3209 suis
1403 3156 1536 3227 possunt
1559 3147 1726 3211 induciat

170 3247 309 3311 fuissent
322 3268 360 3312 ex
374 3241 536 3313 ludaismo
557 3250 703 3313 conversi
720 3273 727 3311 :
744 3252 919 3332 praesertim
975 3247 1108 3310 credant
1127 3245 1233 3307 lesum
1257 3263 1328 3307 esse
1352 3244 1509 3308 Christum
1535 3245 1569 3307 in
1594 3245 1664 3327 lege
1686 3264 1725 3310 ac

170 3347 248 3427 quia
265 3346 363 3409 ludaei
381 3355 472 3410 erant
493 3348 611 3410 assueti
635 3348 789 3411 inherere
811 3351 919 3422 sensui
976 3344 1139 3428 Prophetis
1173 3343 1365 3426 promissum
1397 3367 1404 3405 ε
1434 3362 1618 3426 quanquam
1653 3363 1724 3408 suc·

171 3443 311 3522 litterali,
327 3444 389 3508 hoc
413 3453 462 3508 est
485 3445 593 3508 sensui
615 3464 710 3526 quem
732 3447 920 3529 superficies
975 3443 1097 3508 cessive
1117 3441 1209 3505 multi
1230 3461 1268 3505 ex
1287 3441 1365 3525 ipsis
1384 3442 1423 3505 ad
1442 3442 1660 3524 evangelicam
1682 3442 1726 3506 le·

171 3542 286 3606 litterae
313 3543 419 3625 prima
440 3542 523 3607 facio
547 3544 674 3607 videtur
700 3549 917 3626 praetender03
973 3560 1047 3624 gem
1069 3540 1216 3604 conversi
1238 3540 1301 3602 sint
1318 3548 1413 3621 atque
1432 3539 1574 3622 quotidie
1595 3559 1727 3604 conver·

35 3657 155 3714 scema.
170 3641 313 3724 Apostoli
338 3661 413 3705 vero
437 3642 614 3706 docuerunt
638 3641 776 3705 litteram
800 3644 846 3707 sic
873 3646 921 3708 in-
974 3649 1092 3719 tantm,
1109 3638 1272 3720 multoque
1286 3637 1395 3719 plures
1410 3645 1682 3719 converterentur,
1698 3639 1726 3702 si

169 3740 331 3804 tellectum
360 3740 516 3817 occidere,
547 3747 579 3802 et
613 3739 821 3822 spiritualiter
849 3763 918 3806 esse
974 3737 1107 3822 praelati,
1123 3737 1320 3800 doctoresac
1336 3735 1559 3818 predicatores
1579 3736 1728 3800 Christia-

168 3837 682 3921 intelligendam,observationem
698 3858 824 3921 quoquc
840 3841 919 3923 legis
974 3853 1089 3898 norum
1114 3842 1317 3897 coruscarent
1340 3833 1453 3916 signia,
1476 3834 1642 3917 prodigiis,
1668 3835 1727 3900 mi·

166 3937 282 4018 Moysis
296 3935 471 4018 Evangelio
485 3936 600 3998 Christi
620 3937 784 4019 divulgato
803 3939 919 4003 dehere
974 3933 1090 3996 reculis
1112 3953 1149 3996 ac
1173 3933 1270 3995 variis
1292 3932 1426 4014 Spiritus
1447 3933 1553 3996 Sancti
1575 3933 1726 3998 distrihu-

167 4054 305 4115 ccssare,
331 4043 425 4116 atque
450 4034 647 4098 mortiferam
674 4055 729 4099 seu
754 4037 919 4100 demnahi-
974 4032 1113 4095 tionibus
1141 4031 1372 4112 sanctitateque
1400 4032 1472 4094 vite
1503 4039 1567 4094 tam
1595 4032 1725 4115 copioso

166 4133 230 4198 lem
259 4153 340 4214 osse,
363 4133 581 4216 promissaque
607 4134 686 4216 logis
711 4135 920 4216 spiritualiter
974 4139 1009 4193 ut
1030 4130 1107 4194 olim
1129 4130 1377 4213 prodecessores
1398 4148 1519 4193 eorum.

165 4241 313 4316 oportere
338 4230 485 4315 intelligi.
507 4232 642 4315 Insuper
665 4229 958 4316 predicaveruntll
1012 4228 1227 4292 Sannauanus.
1239 4257 1280 4272 -·
1293 4225 1450 4290 blahomct
1462 4244 1589 4309 quoque
1603 4228 1636 4292 in
1652 4227 1723 4312 loge

165 4350 250 4395 nova
266 4339 465 4394 sacramenta
485 4351 503 4394 a
518 4330 643 4394 Christo
665 4331 820 4414 instituta,
837 4335 919 4397 mul·
973 4347 1030 4392 sua
1044 4327 1219 4410 plurimum
1234 4344 1289 4390 eos
1303 4324 1474 4407 redarguit,
1486 4326 1564 4408 quia
1577 4328 1616 4390 ad
1632 4347 1722 4392 snam

166 4440 262 4512 laquo
286 4429 349 4492 alia
372 4449 442 4513 quae
466 4449 504 4492 ex
529 4429 598 4511 lege
619 4438 651 4492 et
669 4429 832 4513 Prophetis
854 4451 918 4498 non
974 4423 1114 4488 converti
1130 4423 1233 4505 legem
1248 4421 1455 4504 pertinaciter
1468 4431 1653 4487 renuerunt.

165 4538 288 4612 queunt
321 4536 385 4591 tam
420 4528 586 4592 evidenter
620 4529 759 4610 probari,
789 4539 825 4593 ut
852 4532 918 4595 sola
1013 4521 1371 4596 sansovinus-Quod
1385 4522 1425 4584 td
1440 4521 1543 4603 legem
1554 4521 1721 4587 Mahomtfi

165 4628 294 4690 illarum
331 4627 480 4708 allegatio
514 4627 745 4708 scripturarum
780 4629 919 4710 potuerit
973 4622 1116 4688 converti
1144 4621 1310 4684 renuerint
1337 4630 1369 4685 ct
1397 4629 1545 4702 renuant,
1575 4639 1639 4685 non
1674 4628 1722 4685 est

166 4745 225 4810 pro
240 4727 421 4790 iudeorum
436 4725 646 4789 conversione
661 4724 814 4790 sufficere
831 4751 837 4789 :
853 4728 918 4791 imo
973 4721 1165 4785 mirandum.
1176 4719 1245 4785 Non
1260 4719 1345 4782 enim
1360 4719 1484 4799 lishon,
1496 4721 1552 4783 sed
1568 4720 1720 4802 Christus,

168 4825 306 4910 plurima
320 4824 502 4906 allegabant
514 4843 586 4906 qua
606 4825 696 4906 juxta
711 4826 917 4906 superficiem
972 4820 1034 4884 fuit
1058 4821 1105 4884 eis
1129 4820 1162 4881 in
1188 4820 1258 4900 lege
1277 4818 1390 4900 hfoysis
1409 4837 1447 4882 ac
1465 4819 1631 4902 Prophetis
1649 4838 1722 4902 pro·

168 4924 281 4987 litterae
309 4922 510 5003 videbantur,
536 4924 600 4986 imo
628 4923 731 4986 adhuc
757 4924 916 5004 videntur,
973 4921 1090 4982 missus
1103 4941 1112 4998 3
1127 4937 1187 4981 nec
1202 4919 1252 4981 lex
1265 4917 1421 4981 hlahomet
1435 4916 1496 4979 fuit
1510 4918 1721 4999 praenuntiata

168 5022 329 5087 contraria
357 5021 472 5084 Christi
501 5029 533 5084 et
557 5022 780 5105 Apostolorum
805 5023 919 5086 doctri-
973 5017 1006 5080 in
1035 5017 1105 5099 lege
1132 5026 1163 5080 et
1185 5016 1361 5098 Prophetis,
1387 5023 1537 5097 tanquam
1563 5015 1720 5078 divinitus

168 5141 229 5185 ne.
245 5121 325 5184 llinc
342 5120 381 5183 ad
395 5119 608 5183 dirimendam
624 5121 807 5202 hujusmodi
831 5121 917 5185 litem
972 5117 1077 5180 dando
1098 5135 1135 5179 ac
1158 5115 1316 5194 salutaris,
1334 5115 1389 5178 sed
1411 5115 1462 5176 lex
1481 5113 1610 5176 Christi.

168 5219 324 5284 miracula
346 5218 405 5282 soli
430 5219 640 5301 omnipotenti
666 5221 729 5284 boo
752 5221 920 5303 possibilia
1013 5212 1458 5291 sineremus-Mauorte,
1471 5210 1586 5292 legifer
1599 5219 1718 5294 noster,

169 5319 262 5384 valde
282 5318 463 5382 necessaria
481 5327 582 5398 erant,
598 5321 638 5382 ad
658 5320 916 5402 cognoscendum
973 5316 1006 5379 in
1022 5314 1178 5378 Alcorano
1193 5331 1250 5376 suo
1266 5319 1406 5390 testatur,
1423 5311 1507 5393 quod
1528 5309 1648 5375 mentio
1662 5310 1721 5373 fiat
