<?xml version="1.0" encoding="UTF-8"?>
<!DOCTYPE html PUBLIC "-//W3C//DTD XHTML 1.0 Transitional//EN"
    "http://www.w3.org/TR/xhtml1/DTD/xhtml1-transitional.dtd">
<html xmlns="http://www.w3.org/1999/xhtml" xml:lang="en" lang="en">
 <head>
  <title>
</title>
<meta http-equiv="Content-Type" content="text/html;charset=utf-8" />
  <meta name='ocr-system' content='tesseract 3.04.00' />
  <meta name='ocr-capabilities' content='ocr_page ocr_carea ocr_par ocr_line ocrx_word'/>
</head>
<body>
  <div class='ocr_page' id='page_1' title='image "./doctorisecstati03unkngoog_0197.png"; bbox 0 0 4309 6250; ppageno 0'>
   <div class='ocr_carea' id='block_1_1' title="bbox 446 482 1694 547">
    <p class='ocr_par' dir='ltr' id='par_1_1' title="bbox 446 482 1694 547">
     <span class='ocr_line' id='line_1_1' title="bbox 446 482 1694 547; baseline 0.001 -1"><span class='ocrx_word' id='word_1_1' title='bbox 446 500 484 546; x_wconf 79' lang='lat' dir='ltr'><strong>tte</strong></span> <span class='ocrx_word' id='word_1_2' title='bbox 505 500 609 547; x_wconf 71' lang='lat' dir='ltr'><strong>iturus</strong></span> <span class='ocrx_word' id='word_1_3' title='bbox 631 498 811 546; x_wconf 71' lang='lat' dir='ltr'><strong>coodtrtotttt</strong></span> <span class='ocrx_word' id='word_1_4' title='bbox 832 498 995 546; x_wconf 72' lang='lat' dir='ltr'><strong>anatolio!</strong></span> <span class='ocrx_word' id='word_1_5' title='bbox 1017 498 1048 545; x_wconf 79' lang='grc' dir='ltr'><strong>ΙΝ</strong></span> <span class='ocrx_word' id='word_1_6' title='bbox 1069 500 1193 546; x_wconf 67' lang='lat' dir='ltr'><strong>Parata.</strong></span> <span class='ocrx_word' id='word_1_7' title='bbox 1216 518 1257 529; x_wconf 91' lang='lat'><em>-</em></span> <span class='ocrx_word' id='word_1_8' title='bbox 1277 501 1347 547; x_wconf 71' lang='lat' dir='ltr'><strong>aar.</strong></span> <span class='ocrx_word' id='word_1_9' title='bbox 1371 500 1402 547; x_wconf 85' lang='lat' dir='ltr'><strong>tv</strong></span> <span class='ocrx_word' id='word_1_10' title='bbox 1638 482 1694 547; x_wconf 66' lang='lat' dir='ltr'><strong>ISI</strong></span> 
     </span>
    </p>
   </div>
   <div class='ocr_carea' id='block_1_2' title="bbox 151 669 1852 4690">
    <p class='ocr_par' dir='ltr' id='par_1_2' title="bbox 151 669 1852 4690">
     <span class='ocr_line' id='line_1_2' title="bbox 152 669 1698 756; baseline 0.001 -21"><span class='ocrx_word' id='word_1_11' title='bbox 152 680 196 735; x_wconf 92' lang='lat' dir='ltr'><strong>ret</strong></span> <span class='ocrx_word' id='word_1_12' title='bbox 225 671 386 753; x_wconf 91' lang='lat' dir='ltr'><strong>quomodo</strong></span> <span class='ocrx_word' id='word_1_13' title='bbox 413 671 445 733; x_wconf 95' lang='lat' dir='ltr'><strong>in</strong></span> <span class='ocrx_word' id='word_1_14' title='bbox 474 670 538 735; x_wconf 85' lang='lat' dir='ltr'><strong>Deo</strong></span> <span class='ocrx_word' id='word_1_15' title='bbox 574 670 637 733; x_wconf 93' lang='lat' dir='ltr'><strong>sint</strong></span> <span class='ocrx_word' id='word_1_16' title='bbox 670 669 895 733; x_wconf 73' lang='lat' dir='ltr'><strong>similitudines</strong></span> <span class='ocrx_word' id='word_1_17' title='bbox 909 671 935 733; x_wconf 99' lang='lat' dir='ltr'><strong>A</strong></span> <span class='ocrx_word' id='word_1_18' title='bbox 950 678 999 733; x_wconf 89' lang='lat' dir='ltr'><strong>est</strong></span> <span class='ocrx_word' id='word_1_19' title='bbox 1022 678 1086 733; x_wconf 90' lang='lat' dir='ltr'><strong>tam</strong></span> <span class='ocrx_word' id='word_1_20' title='bbox 1105 670 1258 753; x_wconf 87' lang='lat' dir='ltr'><strong>perfecte,</strong></span> <span class='ocrx_word' id='word_1_21' title='bbox 1273 670 1359 735; x_wconf 91' lang='lat' dir='ltr'><strong>clare</strong></span> <span class='ocrx_word' id='word_1_22' title='bbox 1378 680 1410 735; x_wconf 92' lang='lat' dir='ltr'><strong>et</strong></span> <span class='ocrx_word' id='word_1_23' title='bbox 1428 674 1522 756; x_wconf 90' lang='lat' dir='ltr'><strong>plene</strong></span> <span class='ocrx_word' id='word_1_24' title='bbox 1546 674 1698 756; x_wconf 81' lang='lat' dir='ltr'><strong>cognosci</strong></span> 
     </span>
     <span class='ocr_line' id='line_1_3' title="bbox 152 768 1699 854; baseline 0.002 -21"><span class='ocrx_word' id='word_1_25' title='bbox 152 779 376 849; x_wconf 77' lang='lat' dir='ltr'><strong>creaturarum,</strong></span> <span class='ocrx_word' id='word_1_26' title='bbox 391 788 491 851; x_wconf 89' lang='lat' dir='ltr'><strong>quum</strong></span> <span class='ocrx_word' id='word_1_27' title='bbox 506 768 593 832; x_wconf 90' lang='lat' dir='ltr'><strong>finiti</strong></span> <span class='ocrx_word' id='word_1_28' title='bbox 613 778 645 833; x_wconf 90' lang='lat' dir='ltr'><strong>et</strong></span> <span class='ocrx_word' id='word_1_29' title='bbox 665 768 785 832; x_wconf 77' lang='lat' dir='ltr'><strong>infiniti</strong></span> <span class='ocrx_word' id='word_1_30' title='bbox 808 769 896 832; x_wconf 91' lang='lat' dir='ltr'><strong>nulla</strong></span> <span class='ocrx_word' id='word_1_31' title='bbox 951 768 1032 832; x_wconf 89' lang='lat' dir='ltr'><strong>sicut</strong></span> <span class='ocrx_word' id='word_1_32' title='bbox 1054 788 1091 833; x_wconf 86' lang='lat' dir='ltr'><strong>en</strong></span> <span class='ocrx_word' id='word_1_33' title='bbox 1111 790 1168 833; x_wconf 90' lang='lat' dir='ltr'><strong>sua</strong></span> <span class='ocrx_word' id='word_1_34' title='bbox 1187 778 1301 833; x_wconf 90' lang='lat' dir='ltr'><strong>natura</strong></span> <span class='ocrx_word' id='word_1_35' title='bbox 1320 772 1544 854; x_wconf 87' lang='lat' dir='ltr'><strong>cognoscibilis</strong></span> <span class='ocrx_word' id='word_1_36' title='bbox 1567 782 1627 854; x_wconf 86' lang='lat' dir='ltr'><strong>est,</strong></span> <span class='ocrx_word' id='word_1_37' title='bbox 1643 774 1699 837; x_wconf 88' lang='lat' dir='ltr'><strong>sed</strong></span> 
     </span>
     <span class='ocr_line' id='line_1_4' title="bbox 151 867 1700 952; baseline 0.001 -21"><span class='ocrx_word' id='word_1_38' title='bbox 151 869 277 931; x_wconf 85' lang='lat' dir='ltr'><strong>exsistat</strong></span> <span class='ocrx_word' id='word_1_39' title='bbox 292 867 464 951; x_wconf 75' lang='lat' dir='ltr'><strong>proportio,</strong></span> <span class='ocrx_word' id='word_1_40' title='bbox 480 876 512 931; x_wconf 90' lang='lat' dir='ltr'><strong>et</strong></span> <span class='ocrx_word' id='word_1_41' title='bbox 524 868 680 949; x_wconf 90' lang='lat' dir='ltr'><strong>quidquid</strong></span> <span class='ocrx_word' id='word_1_42' title='bbox 696 868 729 930; x_wconf 94' lang='lat' dir='ltr'><strong>in</strong></span> <span class='ocrx_word' id='word_1_43' title='bbox 744 868 807 931; x_wconf 84' lang='lat' dir='ltr'><strong>Ileo</strong></span> <span class='ocrx_word' id='word_1_44' title='bbox 822 868 898 929; x_wconf 92' lang='lat' dir='ltr'><strong>sim·</strong></span> <span class='ocrx_word' id='word_1_45' title='bbox 951 868 1019 950; x_wconf 88' lang='lat' dir='ltr'><strong>ipse</strong></span> <span class='ocrx_word' id='word_1_46' title='bbox 1034 867 1120 930; x_wconf 92' lang='lat' dir='ltr'><strong>solus</strong></span> <span class='ocrx_word' id='word_1_47' title='bbox 1135 870 1376 951; x_wconf 89' lang='lat' dir='ltr'><strong>comprehendit</strong></span> <span class='ocrx_word' id='word_1_48' title='bbox 1389 889 1423 933; x_wconf 86' lang='lat' dir='ltr'><strong>ae</strong></span> <span class='ocrx_word' id='word_1_49' title='bbox 1438 870 1561 952; x_wconf 79' lang='lat' dir='ltr'><strong>ipsum3</strong></span> <span class='ocrx_word' id='word_1_50' title='bbox 1577 879 1700 934; x_wconf 90' lang='lat' dir='ltr'><strong>creatu-</strong></span> 
     </span>
     <span class='ocr_line' id='line_1_5' title="bbox 153 966 1701 1051; baseline 0.001 -22"><span class='ocrx_word' id='word_1_51' title='bbox 153 968 329 1050; x_wconf 89' lang='lat' dir='ltr'><strong>plicissimo</strong></span> <span class='ocrx_word' id='word_1_52' title='bbox 350 976 410 1045; x_wconf 91' lang='lat' dir='ltr'><strong>est,</strong></span> <span class='ocrx_word' id='word_1_53' title='bbox 425 966 508 1030; x_wconf 86' lang='lat' dir='ltr'><strong>flens</strong></span> <span class='ocrx_word' id='word_1_54' title='bbox 529 966 582 1029; x_wconf 89' lang='lat' dir='ltr'><strong>sit.</strong></span> <span class='ocrx_word' id='word_1_55' title='bbox 952 985 986 1028; x_wconf 94' lang='lat' dir='ltr'><strong>ra</strong></span> <span class='ocrx_word' id='word_1_56' title='bbox 1001 984 1090 1043; x_wconf 85' lang='lat' dir='ltr'><strong>vero,</strong></span> <span class='ocrx_word' id='word_1_57' title='bbox 1105 985 1204 1048; x_wconf 89' lang='lat' dir='ltr'><strong>quum</strong></span> <span class='ocrx_word' id='word_1_58' title='bbox 1220 967 1319 1029; x_wconf 79' lang='lat' dir='ltr'><strong>finitae</strong></span> <span class='ocrx_word' id='word_1_59' title='bbox 1338 968 1524 1049; x_wconf 74' lang='lat' dir='ltr'><strong>capacitatis</strong></span> <span class='ocrx_word' id='word_1_60' title='bbox 1545 969 1588 1031; x_wconf 93' lang='lat' dir='ltr'><strong>sit</strong></span> <span class='ocrx_word' id='word_1_61' title='bbox 1606 977 1701 1051; x_wconf 87' lang='lat' dir='ltr'><strong>atque</strong></span> 
     </span>
     <span class='ocr_line' id='line_1_6' title="bbox 189 1064 1700 1147; baseline 0.001 -19"><span class='ocrx_word' id='word_1_62' title='bbox 189 1066 242 1128; x_wconf 79' lang='lat' dir='ltr'><strong>list</strong></span> <span class='ocrx_word' id='word_1_63' title='bbox 257 1084 335 1147; x_wconf 89' lang='lat' dir='ltr'><strong>ergo</strong></span> <span class='ocrx_word' id='word_1_64' title='bbox 349 1064 528 1144; x_wconf 88' lang='lat' dir='ltr'><strong>sciendum,</strong></span> <span class='ocrx_word' id='word_1_65' title='bbox 544 1064 628 1147; x_wconf 90' lang='lat' dir='ltr'><strong>quod</strong></span> <span class='ocrx_word' id='word_1_66' title='bbox 644 1064 728 1127; x_wconf 89' lang='lat' dir='ltr'><strong>inter</strong></span> <span class='ocrx_word' id='word_1_67' title='bbox 745 1064 844 1126; x_wconf 88' lang='lat' dir='ltr'><strong>Deum</strong></span> <span class='ocrx_word' id='word_1_68' title='bbox 866 1072 898 1127; x_wconf 89' lang='lat' dir='ltr'><strong>et</strong></span> <span class='ocrx_word' id='word_1_69' title='bbox 952 1064 1113 1145; x_wconf 79' lang='lat' dir='ltr'><strong>potentiae,</strong></span> <span class='ocrx_word' id='word_1_70' title='bbox 1138 1064 1234 1126; x_wconf 91' lang='lat' dir='ltr'><strong>distat</strong></span> <span class='ocrx_word' id='word_1_71' title='bbox 1258 1084 1295 1127; x_wconf 87' lang='lat' dir='ltr'><strong>ac</strong></span> <span class='ocrx_word' id='word_1_72' title='bbox 1318 1065 1430 1129; x_wconf 84' lang='lat' dir='ltr'><strong>deficit</strong></span> <span class='ocrx_word' id='word_1_73' title='bbox 1454 1066 1580 1129; x_wconf 78' lang='lat' dir='ltr'><strong>infinite</strong></span> <span class='ocrx_word' id='word_1_74' title='bbox 1603 1086 1622 1129; x_wconf 92' lang='lat' dir='ltr'><strong>a</strong></span> <span class='ocrx_word' id='word_1_75' title='bbox 1645 1066 1700 1129; x_wconf 84' lang='lat' dir='ltr'><strong>liei</strong></span> 
     </span>
     <span class='ocr_line' id='line_1_7' title="bbox 153 1160 1702 1246; baseline 0 -19"><span class='ocrx_word' id='word_1_76' title='bbox 153 1172 310 1227; x_wconf 81' lang='lat' dir='ltr'><strong>creaturas</strong></span> <span class='ocrx_word' id='word_1_77' title='bbox 325 1172 374 1227; x_wconf 92' lang='lat' dir='ltr'><strong>est</strong></span> <span class='ocrx_word' id='word_1_78' title='bbox 388 1164 550 1245; x_wconf 74' lang='lat' dir='ltr'><strong>proportio</strong></span> <span class='ocrx_word' id='word_1_79' title='bbox 571 1182 608 1226; x_wconf 89' lang='lat' dir='ltr'><strong>ac</strong></span> <span class='ocrx_word' id='word_1_80' title='bbox 631 1161 806 1225; x_wconf 89' lang='lat' dir='ltr'><strong>similitudo</strong></span> <span class='ocrx_word' id='word_1_81' title='bbox 828 1160 899 1223; x_wconf 93' lang='lat' dir='ltr'><strong>imi·</strong></span> <span class='ocrx_word' id='word_1_82' title='bbox 952 1162 1132 1243; x_wconf 81' lang='lat' dir='ltr'><strong>dignissimi</strong></span> <span class='ocrx_word' id='word_1_83' title='bbox 1159 1162 1301 1245; x_wconf 87' lang='lat' dir='ltr'><strong>plenaria</strong></span> <span class='ocrx_word' id='word_1_84' title='bbox 1321 1165 1618 1246; x_wconf 88' lang='lat' dir='ltr'><strong>comprehensione.</strong></span> <span class='ocrx_word' id='word_1_85' title='bbox 1644 1165 1702 1227; x_wconf 88' lang='lat' dir='ltr'><strong>Ile-</strong></span> 
     </span>
     <span class='ocr_line' id='line_1_8' title="bbox 152 1258 1701 1346; baseline 0 -21"><span class='ocrx_word' id='word_1_86' title='bbox 152 1262 258 1339; x_wconf 86' lang='lat' dir='ltr'><strong>tativa,</strong></span> <span class='ocrx_word' id='word_1_87' title='bbox 275 1280 340 1325; x_wconf 92' lang='lat' dir='ltr'><strong>non</strong></span> <span class='ocrx_word' id='word_1_88' title='bbox 355 1261 518 1325; x_wconf 87' lang='lat' dir='ltr'><strong>naturalis.</strong></span> <span class='ocrx_word' id='word_1_89' title='bbox 535 1262 592 1325; x_wconf 90' lang='lat' dir='ltr'><strong>Per</strong></span> <span class='ocrx_word' id='word_1_90' title='bbox 606 1262 667 1325; x_wconf 90' lang='lat' dir='ltr'><strong>hoc</strong></span> <span class='ocrx_word' id='word_1_91' title='bbox 686 1260 792 1341; x_wconf 90' lang='lat' dir='ltr'><strong>itaque</strong></span> <span class='ocrx_word' id='word_1_92' title='bbox 813 1258 897 1341; x_wconf 91' lang='lat' dir='ltr'><strong>quod</strong></span> <span class='ocrx_word' id='word_1_93' title='bbox 953 1259 1059 1342; x_wconf 91' lang='lat' dir='ltr'><strong>nique,</strong></span> <span class='ocrx_word' id='word_1_94' title='bbox 1089 1261 1279 1343; x_wconf 71' lang='lat' dir='ltr'><strong>procedenti</strong></span> <span class='ocrx_word' id='word_1_95' title='bbox 1308 1262 1443 1326; x_wconf 87' lang='lat' dir='ltr'><strong>articulo</strong></span> <span class='ocrx_word' id='word_1_96' title='bbox 1472 1264 1586 1344; x_wconf 89' lang='lat' dir='ltr'><strong>patuit,</strong></span> <span class='ocrx_word' id='word_1_97' title='bbox 1616 1262 1701 1346; x_wconf 88' lang='lat' dir='ltr'><strong>quod</strong></span> 
     </span>
     <span class='ocr_line' id='line_1_9' title="bbox 153 1358 1703 1444; baseline 0.001 -21"><span class='ocrx_word' id='word_1_98' title='bbox 153 1359 406 1443; x_wconf 89' lang='lat' dir='ltr'><strong>sapientissimus</strong></span> <span class='ocrx_word' id='word_1_99' title='bbox 421 1360 503 1423; x_wconf 85' lang='lat' dir='ltr'><strong>Deus</strong></span> <span class='ocrx_word' id='word_1_100' title='bbox 513 1360 659 1427; x_wconf 82' lang='lat' dir='ltr'><strong>intuetur</strong></span> <span class='ocrx_word' id='word_1_101' title='bbox 680 1378 770 1421; x_wconf 90' lang='lat' dir='ltr'><strong>suam</strong></span> <span class='ocrx_word' id='word_1_102' title='bbox 791 1376 899 1421; x_wconf 90' lang='lat' dir='ltr'><strong>essen·</strong></span> <span class='ocrx_word' id='word_1_103' title='bbox 953 1360 986 1421; x_wconf 91' lang='lat' dir='ltr'><strong>in</strong></span> <span class='ocrx_word' id='word_1_104' title='bbox 1009 1358 1119 1423; x_wconf 87' lang='lat' dir='ltr'><strong>divina</strong></span> <span class='ocrx_word' id='word_1_105' title='bbox 1144 1360 1281 1423; x_wconf 87' lang='lat' dir='ltr'><strong>essentia</strong></span> <span class='ocrx_word' id='word_1_106' title='bbox 1307 1361 1443 1443; x_wconf 86' lang='lat' dir='ltr'><strong>ejusque</strong></span> <span class='ocrx_word' id='word_1_107' title='bbox 1470 1362 1703 1444; x_wconf 86' lang='lat' dir='ltr'><strong>omnipotentia</strong></span> 
     </span>
     <span class='ocr_line' id='line_1_10' title="bbox 153 1456 1700 1542; baseline 0.001 -21"><span class='ocrx_word' id='word_1_108' title='bbox 153 1457 475 1541; x_wconf 89' lang='lat' dir='ltr'><strong>tiam,perfectionem</strong></span> <span class='ocrx_word' id='word_1_109' title='bbox 491 1466 523 1521; x_wconf 90' lang='lat' dir='ltr'><strong>et</strong></span> <span class='ocrx_word' id='word_1_110' title='bbox 538 1458 709 1521; x_wconf 85' lang='lat' dir='ltr'><strong>bonitatem</strong></span> <span class='ocrx_word' id='word_1_111' title='bbox 723 1465 758 1521; x_wconf 90' lang='lat' dir='ltr'><strong>ut</strong></span> <span class='ocrx_word' id='word_1_112' title='bbox 772 1476 791 1519; x_wconf 93' lang='lat' dir='ltr'><strong>a</strong></span> <span class='ocrx_word' id='word_1_113' title='bbox 805 1456 898 1519; x_wconf 91' lang='lat' dir='ltr'><strong>rebus</strong></span> <span class='ocrx_word' id='word_1_114' title='bbox 954 1458 1123 1541; x_wconf 80' lang='lat' dir='ltr'><strong>splendent</strong></span> <span class='ocrx_word' id='word_1_115' title='bbox 1140 1467 1171 1521; x_wconf 91' lang='lat' dir='ltr'><strong>et</strong></span> <span class='ocrx_word' id='word_1_116' title='bbox 1190 1458 1395 1522; x_wconf 88' lang='lat' dir='ltr'><strong>continentur</strong></span> <span class='ocrx_word' id='word_1_117' title='bbox 1418 1460 1544 1542; x_wconf 88' lang='lat' dir='ltr'><strong>penitus</strong></span> <span class='ocrx_word' id='word_1_118' title='bbox 1564 1460 1700 1523; x_wconf 89' lang='lat' dir='ltr'><strong>infinita.</strong></span> 
     </span>
     <span class='ocr_line' id='line_1_11' title="bbox 153 1555 1700 1639; baseline 0.001 -20"><span class='ocrx_word' id='word_1_119' title='bbox 153 1557 264 1619; x_wconf 89' lang='lat' dir='ltr'><strong>creatis</strong></span> <span class='ocrx_word' id='word_1_120' title='bbox 285 1556 469 1619; x_wconf 83' lang='lat' dir='ltr'><strong>imitabilem</strong></span> <span class='ocrx_word' id='word_1_121' title='bbox 490 1576 547 1619; x_wconf 89' lang='lat' dir='ltr'><strong>seu</strong></span> <span class='ocrx_word' id='word_1_122' title='bbox 572 1555 824 1639; x_wconf 74' lang='lat' dir='ltr'><strong>participabilem</strong></span> <span class='ocrx_word' id='word_1_123' title='bbox 851 1574 899 1617; x_wconf 89' lang='lat' dir='ltr'><strong>se·</strong></span> <span class='ocrx_word' id='word_1_124' title='bbox 953 1556 991 1619; x_wconf 82' lang='lat' dir='ltr'><strong>lit</strong></span> <span class='ocrx_word' id='word_1_125' title='bbox 1016 1566 1137 1620; x_wconf 86' lang='lat' dir='ltr'><strong>certum</strong></span> <span class='ocrx_word' id='word_1_126' title='bbox 1165 1564 1214 1619; x_wconf 92' lang='lat' dir='ltr'><strong>est</strong></span> <span class='ocrx_word' id='word_1_127' title='bbox 1241 1558 1326 1638; x_wconf 90' lang='lat' dir='ltr'><strong>quod</strong></span> <span class='ocrx_word' id='word_1_128' title='bbox 1354 1558 1536 1623; x_wconf 88' lang='lat' dir='ltr'><strong>intellectus</strong></span> <span class='ocrx_word' id='word_1_129' title='bbox 1564 1568 1700 1639; x_wconf 89' lang='lat' dir='ltr'><strong>creatus,</strong></span> 
     </span>
     <span class='ocr_line' id='line_1_12' title="bbox 153 1654 1701 1741; baseline 0 -22"><span class='ocrx_word' id='word_1_130' title='bbox 153 1656 290 1719; x_wconf 88' lang='lat' dir='ltr'><strong>cundum</strong></span> <span class='ocrx_word' id='word_1_131' title='bbox 305 1654 443 1736; x_wconf 89' lang='lat' dir='ltr'><strong>aliquem</strong></span> <span class='ocrx_word' id='word_1_132' title='bbox 459 1654 591 1735; x_wconf 90' lang='lat' dir='ltr'><strong>gradum</strong></span> <span class='ocrx_word' id='word_1_133' title='bbox 613 1674 669 1717; x_wconf 87' lang='lat' dir='ltr'><strong>seu</strong></span> <span class='ocrx_word' id='word_1_134' title='bbox 688 1654 828 1737; x_wconf 87' lang='lat' dir='ltr'><strong>speciem</strong></span> <span class='ocrx_word' id='word_1_135' title='bbox 845 1672 899 1717; x_wconf 90' lang='lat' dir='ltr'><strong>en·</strong></span> <span class='ocrx_word' id='word_1_136' title='bbox 954 1675 1051 1737; x_wconf 93' lang='lat' dir='ltr'><strong>quum</strong></span> <span class='ocrx_word' id='word_1_137' title='bbox 1072 1656 1114 1717; x_wconf 93' lang='lat' dir='ltr'><strong>sit</strong></span> <span class='ocrx_word' id='word_1_138' title='bbox 1132 1655 1246 1719; x_wconf 90' lang='lat' dir='ltr'><strong>finitus</strong></span> <span class='ocrx_word' id='word_1_139' title='bbox 1265 1657 1298 1718; x_wconf 91' lang='lat' dir='ltr'><strong>in</strong></span> <span class='ocrx_word' id='word_1_140' title='bbox 1323 1676 1405 1736; x_wconf 90' lang='lat' dir='ltr'><strong>esse,</strong></span> <span class='ocrx_word' id='word_1_141' title='bbox 1423 1676 1516 1741; x_wconf 90' lang='lat' dir='ltr'><strong>posse</strong></span> <span class='ocrx_word' id='word_1_142' title='bbox 1541 1665 1573 1721; x_wconf 88' lang='lat' dir='ltr'><strong>et</strong></span> <span class='ocrx_word' id='word_1_143' title='bbox 1596 1676 1701 1738; x_wconf 89' lang='lat' dir='ltr'><strong>agere,</strong></span> 
     </span>
     <span class='ocr_line' id='line_1_13' title="bbox 152 1752 1702 1837; baseline -0.001 -20"><span class='ocrx_word' id='word_1_144' title='bbox 152 1755 258 1831; x_wconf 82' lang='lat' dir='ltr'><strong>litatis,</strong></span> <span class='ocrx_word' id='word_1_145' title='bbox 290 1754 439 1817; x_wconf 87' lang='lat' dir='ltr'><strong>bonitatis</strong></span> <span class='ocrx_word' id='word_1_146' title='bbox 467 1772 525 1816; x_wconf 90' lang='lat' dir='ltr'><strong>seu</strong></span> <span class='ocrx_word' id='word_1_147' title='bbox 559 1752 775 1835; x_wconf 87' lang='lat' dir='ltr'><strong>perfectionis,</strong></span> <span class='ocrx_word' id='word_1_148' title='bbox 806 1762 899 1835; x_wconf 86' lang='lat' dir='ltr'><strong>prout</strong></span> <span class='ocrx_word' id='word_1_149' title='bbox 955 1762 1093 1836; x_wconf 84' lang='lat' dir='ltr'><strong>nequeat</strong></span> <span class='ocrx_word' id='word_1_150' title='bbox 1106 1752 1234 1817; x_wconf 86' lang='lat' dir='ltr'><strong>infinita</strong></span> <span class='ocrx_word' id='word_1_151' title='bbox 1248 1754 1581 1837; x_wconf 82' lang='lat' dir='ltr'><strong>cognoscere.ldoirco</strong></span> <span class='ocrx_word' id='word_1_152' title='bbox 1596 1754 1702 1817; x_wconf 88' lang='lat' dir='ltr'><strong>Sancti</strong></span> 
     </span>
     <span class='ocr_line' id='line_1_14' title="bbox 154 1849 1701 1935; baseline -0.001 -18"><span class='ocrx_word' id='word_1_153' title='bbox 154 1861 296 1917; x_wconf 85' lang='lat' dir='ltr'><strong>creatura</strong></span> <span class='ocrx_word' id='word_1_154' title='bbox 310 1854 416 1934; x_wconf 89' lang='lat' dir='ltr'><strong>aliquo</strong></span> <span class='ocrx_word' id='word_1_155' title='bbox 431 1852 525 1916; x_wconf 93' lang='lat' dir='ltr'><strong>modo</strong></span> <span class='ocrx_word' id='word_1_156' title='bbox 544 1852 733 1935; x_wconf 83' lang='lat' dir='ltr'><strong>participare</strong></span> <span class='ocrx_word' id='word_1_157' title='bbox 748 1861 780 1915; x_wconf 91' lang='lat' dir='ltr'><strong>et</strong></span> <span class='ocrx_word' id='word_1_158' title='bbox 794 1852 898 1915; x_wconf 92' lang='lat' dir='ltr'><strong>imita·</strong></span> <span class='ocrx_word' id='word_1_159' title='bbox 914 1849 937 1913; x_wconf 90' lang='lat' dir='ltr'>B</span> <span class='ocrx_word' id='word_1_160' title='bbox 956 1853 1019 1917; x_wconf 86' lang='lat' dir='ltr'><strong>Ileo</strong></span> <span class='ocrx_word' id='word_1_161' title='bbox 1034 1852 1189 1931; x_wconf 77' lang='lat' dir='ltr'><strong>fruentes,</strong></span> <span class='ocrx_word' id='word_1_162' title='bbox 1201 1854 1347 1935; x_wconf 91' lang='lat' dir='ltr'><strong>quamvis</strong></span> <span class='ocrx_word' id='word_1_163' title='bbox 1360 1854 1502 1917; x_wconf 87' lang='lat' dir='ltr'><strong>divinam</strong></span> <span class='ocrx_word' id='word_1_164' title='bbox 1518 1854 1701 1933; x_wconf 84' lang='lat' dir='ltr'><strong>essentiam,</strong></span> 
     </span>
     <span class='ocr_line' id='line_1_15' title="bbox 153 1950 1706 2035; baseline -0.002 -19"><span class='ocrx_word' id='word_1_165' title='bbox 153 1955 176 2016; x_wconf 92' lang='lat' dir='ltr'><strong>ri</strong></span> <span class='ocrx_word' id='word_1_166' title='bbox 202 1960 306 2035; x_wconf 88' lang='lat' dir='ltr'><strong>potest</strong></span> <span class='ocrx_word' id='word_1_167' title='bbox 332 1950 561 2034; x_wconf 89' lang='lat' dir='ltr'><strong>perfectionem</strong></span> <span class='ocrx_word' id='word_1_168' title='bbox 580 1960 611 2013; x_wconf 90' lang='lat' dir='ltr'><strong>ot</strong></span> <span class='ocrx_word' id='word_1_169' title='bbox 631 1950 801 2014; x_wconf 85' lang='lat' dir='ltr'><strong>bonitatem</strong></span> <span class='ocrx_word' id='word_1_170' title='bbox 827 1970 900 2034; x_wconf 93' lang='lat' dir='ltr'><strong>pro-</strong></span> <span class='ocrx_word' id='word_1_171' title='bbox 956 1952 1146 2035; x_wconf 86' lang='lat' dir='ltr'><strong>sapientiam</strong></span> <span class='ocrx_word' id='word_1_172' title='bbox 1161 1971 1198 2015; x_wconf 89' lang='lat' dir='ltr'><strong>ao</strong></span> <span class='ocrx_word' id='word_1_173' title='bbox 1213 1952 1477 2034; x_wconf 89' lang='lat' dir='ltr'><strong>omnipotentiam</strong></span> <span class='ocrx_word' id='word_1_174' title='bbox 1499 1952 1585 2015; x_wconf 87' lang='lat' dir='ltr'><strong>clare</strong></span> <span class='ocrx_word' id='word_1_175' title='bbox 1607 1951 1706 2035; x_wconf 91' lang='lat' dir='ltr'><strong>inspi-</strong></span> 
     </span>
     <span class='ocr_line' id='line_1_16' title="bbox 152 2049 1704 2136; baseline -0.002 -21"><span class='ocrx_word' id='word_1_176' title='bbox 152 2054 210 2136; x_wconf 90' lang='lat' dir='ltr'><strong>prii</strong></span> <span class='ocrx_word' id='word_1_177' title='bbox 237 2052 395 2115; x_wconf 85' lang='lat' dir='ltr'><strong>Creatoris</strong></span> <span class='ocrx_word' id='word_1_178' title='bbox 417 2075 424 2114; x_wconf 75' lang='grc' dir='ltr'><strong><em>ε</em></strong></span> <span class='ocrx_word' id='word_1_179' title='bbox 445 2070 504 2135; x_wconf 91' lang='lat' dir='ltr'><strong>per</strong></span> <span class='ocrx_word' id='word_1_180' title='bbox 526 2051 598 2129; x_wconf 89' lang='lat' dir='ltr'><strong>hoe,</strong></span> <span class='ocrx_word' id='word_1_181' title='bbox 625 2050 767 2132; x_wconf 86' lang='lat' dir='ltr'><strong>iuquam,</strong></span> <span class='ocrx_word' id='word_1_182' title='bbox 789 2050 900 2115; x_wconf 85' lang='lat' dir='ltr'><strong>divina</strong></span> <span class='ocrx_word' id='word_1_183' title='bbox 955 2050 1053 2129; x_wconf 89' lang='lat' dir='ltr'><strong>ciant,</strong></span> <span class='ocrx_word' id='word_1_184' title='bbox 1070 2068 1135 2113; x_wconf 87' lang='lat' dir='ltr'><strong>non</strong></span> <span class='ocrx_word' id='word_1_185' title='bbox 1151 2057 1256 2113; x_wconf 89' lang='lat' dir='ltr'><strong>tamen</strong></span> <span class='ocrx_word' id='word_1_186' title='bbox 1271 2049 1381 2113; x_wconf 87' lang='lat' dir='ltr'><strong>omnia</strong></span> <span class='ocrx_word' id='word_1_187' title='bbox 1395 2050 1505 2113; x_wconf 88' lang='lat' dir='ltr'><strong>vident</strong></span> <span class='ocrx_word' id='word_1_188' title='bbox 1521 2050 1555 2113; x_wconf 93' lang='lat' dir='ltr'><strong>in</strong></span> <span class='ocrx_word' id='word_1_189' title='bbox 1575 2069 1612 2113; x_wconf 92' lang='lat' dir='ltr'><strong>ea</strong></span> <span class='ocrx_word' id='word_1_190' title='bbox 1633 2068 1704 2131; x_wconf 75' lang='lat' dir='ltr'><strong>que</strong></span> 
     </span>
     <span class='ocr_line' id='line_1_17' title="bbox 152 2148 1707 2233; baseline -0.003 -19"><span class='ocrx_word' id='word_1_191' title='bbox 152 2151 286 2215; x_wconf 83' lang='lat' dir='ltr'><strong>essentia</strong></span> <span class='ocrx_word' id='word_1_192' title='bbox 309 2150 487 2233; x_wconf 91' lang='lat' dir='ltr'><strong>appellatur</strong></span> <span class='ocrx_word' id='word_1_193' title='bbox 505 2159 536 2213; x_wconf 90' lang='lat' dir='ltr'><strong>et</strong></span> <span class='ocrx_word' id='word_1_194' title='bbox 554 2158 603 2213; x_wconf 92' lang='lat' dir='ltr'><strong>est</strong></span> <span class='ocrx_word' id='word_1_195' title='bbox 626 2148 798 2231; x_wconf 85' lang='lat' dir='ltr'><strong>exemplar,</strong></span> <span class='ocrx_word' id='word_1_196' title='bbox 815 2149 897 2229; x_wconf 90' lang='lat' dir='ltr'><strong>idea,</strong></span> <span class='ocrx_word' id='word_1_197' title='bbox 956 2148 1159 2211; x_wconf 90' lang='lat' dir='ltr'><strong>continentur</strong></span> <span class='ocrx_word' id='word_1_198' title='bbox 1173 2168 1210 2211; x_wconf 93' lang='lat' dir='ltr'><strong>ac</strong></span> <span class='ocrx_word' id='word_1_199' title='bbox 1225 2148 1333 2211; x_wconf 89' lang='lat' dir='ltr'><strong>lucent</strong></span> <span class='ocrx_word' id='word_1_200' title='bbox 1347 2148 1380 2210; x_wconf 89' lang='lat' dir='ltr'><strong>in</strong></span> <span class='ocrx_word' id='word_1_201' title='bbox 1395 2148 1475 2231; x_wconf 89' lang='lat' dir='ltr'><strong>ipsa,</strong></span> <span class='ocrx_word' id='word_1_202' title='bbox 1491 2149 1556 2212; x_wconf 92' lang='lat' dir='ltr'><strong>imo</strong></span> <span class='ocrx_word' id='word_1_203' title='bbox 1577 2149 1609 2210; x_wconf 93' lang='lat' dir='ltr'><strong>in</strong></span> <span class='ocrx_word' id='word_1_204' title='bbox 1630 2148 1707 2211; x_wconf 89' lang='lat' dir='ltr'><strong>infi-</strong></span> 
     </span>
     <span class='ocr_line' id='line_1_18' title="bbox 152 2246 1705 2331; baseline -0.001 -19"><span class='ocrx_word' id='word_1_205' title='bbox 152 2260 183 2313; x_wconf 87' lang='lat' dir='ltr'><strong>et</strong></span> <span class='ocrx_word' id='word_1_206' title='bbox 196 2248 288 2331; x_wconf 86' lang='lat' dir='ltr'><strong>quasi</strong></span> <span class='ocrx_word' id='word_1_207' title='bbox 304 2248 513 2329; x_wconf 87' lang='lat' dir='ltr'><strong>intelligibilis</strong></span> <span class='ocrx_word' id='word_1_208' title='bbox 532 2247 708 2311; x_wconf 91' lang='lat' dir='ltr'><strong>similitudo</strong></span> <span class='ocrx_word' id='word_1_209' title='bbox 727 2247 831 2309; x_wconf 94' lang='lat' dir='ltr'><strong>omnis</strong></span> <span class='ocrx_word' id='word_1_210' title='bbox 853 2248 898 2310; x_wconf 92' lang='lat' dir='ltr'><strong>rei</strong></span> <span class='ocrx_word' id='word_1_211' title='bbox 955 2248 1056 2311; x_wconf 92' lang='lat' dir='ltr'><strong>nitum</strong></span> <span class='ocrx_word' id='word_1_212' title='bbox 1074 2246 1224 2329; x_wconf 87' lang='lat' dir='ltr'><strong>pauciora</strong></span> <span class='ocrx_word' id='word_1_213' title='bbox 1237 2246 1270 2309; x_wconf 92' lang='lat' dir='ltr'><strong>in</strong></span> <span class='ocrx_word' id='word_1_214' title='bbox 1285 2266 1322 2309; x_wconf 85' lang='lat' dir='ltr'><strong>ea</strong></span> <span class='ocrx_word' id='word_1_215' title='bbox 1336 2248 1555 2329; x_wconf 83' lang='lat' dir='ltr'><strong>conspiciunt3</strong></span> <span class='ocrx_word' id='word_1_216' title='bbox 1572 2249 1625 2311; x_wconf 89' lang='lat' dir='ltr'><strong>sed</strong></span> <span class='ocrx_word' id='word_1_217' title='bbox 1641 2266 1705 2329; x_wconf 92' lang='lat' dir='ltr'><strong>quo</strong></span> 
     </span>
     <span class='ocr_line' id='line_1_19' title="bbox 153 2344 1707 2429; baseline -0.003 -18"><span class='ocrx_word' id='word_1_218' title='bbox 153 2357 274 2411; x_wconf 81' lang='lat' dir='ltr'><strong>creatae.</strong></span> <span class='ocrx_word' id='word_1_219' title='bbox 291 2347 422 2427; x_wconf 84' lang='lat' dir='ltr'><strong>llursus,</strong></span> <span class='ocrx_word' id='word_1_220' title='bbox 439 2364 496 2427; x_wconf 90' lang='lat' dir='ltr'><strong>per</strong></span> <span class='ocrx_word' id='word_1_221' title='bbox 510 2347 570 2409; x_wconf 90' lang='lat' dir='ltr'><strong>hoe</strong></span> <span class='ocrx_word' id='word_1_222' title='bbox 590 2346 674 2429; x_wconf 90' lang='lat' dir='ltr'><strong>quod</strong></span> <span class='ocrx_word' id='word_1_223' title='bbox 696 2346 778 2408; x_wconf 88' lang='lat' dir='ltr'><strong>Deus</strong></span> <span class='ocrx_word' id='word_1_224' title='bbox 799 2346 900 2409; x_wconf 92' lang='lat' dir='ltr'><strong>omni·</strong></span> <span class='ocrx_word' id='word_1_225' title='bbox 956 2346 1087 2427; x_wconf 89' lang='lat' dir='ltr'><strong>majoris</strong></span> <span class='ocrx_word' id='word_1_226' title='bbox 1108 2344 1238 2407; x_wconf 85' lang='lat' dir='ltr'><strong>fuerunt</strong></span> <span class='ocrx_word' id='word_1_227' title='bbox 1260 2344 1456 2427; x_wconf 66' lang='lat' dir='ltr'><strong>meritique</strong></span> <span class='ocrx_word' id='word_1_228' title='bbox 1475 2347 1574 2409; x_wconf 74' lang='lat' dir='ltr'><strong>deum</strong></span> <span class='ocrx_word' id='word_1_229' title='bbox 1594 2346 1707 2409; x_wconf 87' lang='lat' dir='ltr'><strong>arden-</strong></span> 
     </span>
     <span class='ocr_line' id='line_1_20' title="bbox 153 2444 1703 2529; baseline -0.003 -20"><span class='ocrx_word' id='word_1_230' title='bbox 153 2447 324 2529; x_wconf 90' lang='lat' dir='ltr'><strong>potentiam</strong></span> <span class='ocrx_word' id='word_1_231' title='bbox 348 2464 437 2507; x_wconf 91' lang='lat' dir='ltr'><strong>suam</strong></span> <span class='ocrx_word' id='word_1_232' title='bbox 458 2444 598 2527; x_wconf 89' lang='lat' dir='ltr'><strong>perfecte</strong></span> <span class='ocrx_word' id='word_1_233' title='bbox 624 2444 799 2527; x_wconf 76' lang='lat' dir='ltr'><strong>cognoscit,</strong></span> <span class='ocrx_word' id='word_1_234' title='bbox 816 2444 901 2507; x_wconf 88' lang='lat' dir='ltr'><strong>videt</strong></span> <span class='ocrx_word' id='word_1_235' title='bbox 955 2444 1019 2507; x_wconf 90' lang='lat' dir='ltr'><strong>tius</strong></span> <span class='ocrx_word' id='word_1_236' title='bbox 1040 2452 1238 2519; x_wconf 84' lang='lat' dir='ltr'><strong>amaverunt,</strong></span> <span class='ocrx_word' id='word_1_237' title='bbox 1255 2462 1319 2525; x_wconf 90' lang='lat' dir='ltr'><strong>quo</strong></span> <span class='ocrx_word' id='word_1_238' title='bbox 1334 2444 1367 2505; x_wconf 88' lang='lat' dir='ltr'><strong>ln</strong></span> <span class='ocrx_word' id='word_1_239' title='bbox 1382 2444 1495 2525; x_wconf 77' lang='lat' dir='ltr'><strong>maiori</strong></span> <span class='ocrx_word' id='word_1_240' title='bbox 1518 2444 1653 2527; x_wconf 89' lang='lat' dir='ltr'><strong>puritate</strong></span> <span class='ocrx_word' id='word_1_241' title='bbox 1674 2444 1703 2505; x_wconf 91' lang='lat' dir='ltr'><strong>ei</strong></span> 
     </span>
     <span class='ocr_line' id='line_1_21' title="bbox 153 2540 1707 2625; baseline -0.003 -18"><span class='ocrx_word' id='word_1_242' title='bbox 153 2554 183 2608; x_wconf 90' lang='lat' dir='ltr'><strong>et</strong></span> <span class='ocrx_word' id='word_1_243' title='bbox 196 2544 256 2607; x_wconf 87' lang='lat' dir='ltr'><strong>scit</strong></span> <span class='ocrx_word' id='word_1_244' title='bbox 271 2544 421 2607; x_wconf 88' lang='lat' dir='ltr'><strong>universa</strong></span> <span class='ocrx_word' id='word_1_245' title='bbox 436 2550 469 2605; x_wconf 91' lang='lat' dir='ltr'><strong>et</strong></span> <span class='ocrx_word' id='word_1_246' title='bbox 483 2542 607 2625; x_wconf 86' lang='lat' dir='ltr'><strong>singula</strong></span> <span class='ocrx_word' id='word_1_247' title='bbox 622 2542 654 2604; x_wconf 93' lang='lat' dir='ltr'><strong>in</strong></span> <span class='ocrx_word' id='word_1_248' title='bbox 669 2561 739 2623; x_wconf 75' lang='lat' dir='ltr'><strong>quae</strong></span> <span class='ocrx_word' id='word_1_249' title='bbox 759 2562 816 2604; x_wconf 91' lang='lat' dir='ltr'><strong>sua</strong></span> <span class='ocrx_word' id='word_1_250' title='bbox 834 2560 901 2605; x_wconf 93' lang='lat' dir='ltr'><strong>om·</strong></span> <span class='ocrx_word' id='word_1_251' title='bbox 956 2541 1227 2618; x_wconf 85' lang='lat' dir='ltr'><strong>ministraverunt,</strong></span> <span class='ocrx_word' id='word_1_252' title='bbox 1244 2560 1284 2604; x_wconf 90' lang='lat' dir='ltr'><strong>eo</strong></span> <span class='ocrx_word' id='word_1_253' title='bbox 1304 2540 1409 2623; x_wconf 92' lang='lat' dir='ltr'><strong>ipsum</strong></span> <span class='ocrx_word' id='word_1_254' title='bbox 1430 2542 1548 2605; x_wconf 89' lang='lat' dir='ltr'><strong>clarius</strong></span> <span class='ocrx_word' id='word_1_255' title='bbox 1568 2543 1707 2605; x_wconf 91' lang='lat' dir='ltr'><strong>delecta·</strong></span> 
     </span>
     <span class='ocr_line' id='line_1_22' title="bbox 152 2640 1705 2725; baseline -0.001 -20"><span class='ocrx_word' id='word_1_256' title='bbox 152 2642 328 2725; x_wconf 85' lang='lat' dir='ltr'><strong>nipotentie</strong></span> <span class='ocrx_word' id='word_1_257' title='bbox 347 2648 461 2723; x_wconf 91' lang='lat' dir='ltr'><strong>potest,</strong></span> <span class='ocrx_word' id='word_1_258' title='bbox 477 2648 509 2702; x_wconf 91' lang='lat' dir='ltr'><strong>et</strong></span> <span class='ocrx_word' id='word_1_259' title='bbox 526 2658 596 2721; x_wconf 84' lang='lat' dir='ltr'><strong>qure</strong></span> <span class='ocrx_word' id='word_1_260' title='bbox 616 2640 645 2701; x_wconf 94' lang='lat' dir='ltr'><strong>ei</strong></span> <span class='ocrx_word' id='word_1_261' title='bbox 665 2640 808 2719; x_wconf 85' lang='lat' dir='ltr'><strong>subjecta</strong></span> <span class='ocrx_word' id='word_1_262' title='bbox 827 2648 901 2702; x_wconf 90' lang='lat' dir='ltr'><strong>sunt</strong></span> <span class='ocrx_word' id='word_1_263' title='bbox 957 2640 1115 2721; x_wconf 88' lang='lat' dir='ltr'><strong>biliusque</strong></span> <span class='ocrx_word' id='word_1_264' title='bbox 1144 2647 1364 2721; x_wconf 86' lang='lat' dir='ltr'><strong>conspectant,</strong></span> <span class='ocrx_word' id='word_1_265' title='bbox 1394 2648 1427 2702; x_wconf 90' lang='lat' dir='ltr'><strong>et</strong></span> <span class='ocrx_word' id='word_1_266' title='bbox 1455 2642 1546 2722; x_wconf 92' lang='lat' dir='ltr'><strong>plura</strong></span> <span class='ocrx_word' id='word_1_267' title='bbox 1575 2642 1608 2703; x_wconf 93' lang='lat' dir='ltr'><strong>in</strong></span> <span class='ocrx_word' id='word_1_268' title='bbox 1636 2641 1705 2723; x_wconf 93' lang='lat' dir='ltr'><strong>ipso</strong></span> 
     </span>
     <span class='ocr_line' id='line_1_23' title="bbox 152 2737 1708 2821; baseline -0.001 -18"><span class='ocrx_word' id='word_1_269' title='bbox 152 2749 204 2803; x_wconf 91' lang='lat' dir='ltr'><strong>aut</strong></span> <span class='ocrx_word' id='word_1_270' title='bbox 218 2739 336 2821; x_wconf 83' lang='lat' dir='ltr'><strong>subjici</strong></span> <span class='ocrx_word' id='word_1_271' title='bbox 352 2747 485 2820; x_wconf 89' lang='lat' dir='ltr'><strong>possunt</strong></span> <span class='ocrx_word' id='word_1_272' title='bbox 502 2762 509 2799; x_wconf 92' lang='lat'><strong>:</strong></span> <span class='ocrx_word' id='word_1_273' title='bbox 527 2738 636 2819; x_wconf 89' lang='lat' dir='ltr'><strong>sicque</strong></span> <span class='ocrx_word' id='word_1_274' title='bbox 652 2738 816 2819; x_wconf 90' lang='lat' dir='ltr'><strong>cognoscit</strong></span> <span class='ocrx_word' id='word_1_275' title='bbox 834 2737 901 2819; x_wconf 92' lang='lat' dir='ltr'><strong>ple-</strong></span> <span class='ocrx_word' id='word_1_276' title='bbox 957 2746 1165 2819; x_wconf 91' lang='lat' dir='ltr'><strong>cognoscunt.</strong></span> <span class='ocrx_word' id='word_1_277' title='bbox 1192 2738 1231 2799; x_wconf 86' lang='lat' dir='ltr'><strong>Et</strong></span> <span class='ocrx_word' id='word_1_278' title='bbox 1258 2738 1290 2800; x_wconf 89' lang='lat' dir='ltr'><strong>in</strong></span> <span class='ocrx_word' id='word_1_279' title='bbox 1320 2738 1380 2801; x_wconf 89' lang='lat' dir='ltr'><strong>hoc</strong></span> <span class='ocrx_word' id='word_1_280' title='bbox 1404 2739 1550 2802; x_wconf 87' lang='lat' dir='ltr'><strong>doctores</strong></span> <span class='ocrx_word' id='word_1_281' title='bbox 1575 2758 1708 2803; x_wconf 89' lang='lat' dir='ltr'><strong>concor-</strong></span> 
     </span>
     <span class='ocr_line' id='line_1_24' title="bbox 153 2835 1118 2917; baseline -0.004 -16"><span class='ocrx_word' id='word_1_282' title='bbox 153 2839 285 2901; x_wconf 88' lang='lat' dir='ltr'><strong>nissime</strong></span> <span class='ocrx_word' id='word_1_283' title='bbox 309 2846 402 2917; x_wconf 87' lang='lat' dir='ltr'><strong>atque</strong></span> <span class='ocrx_word' id='word_1_284' title='bbox 431 2835 619 2913; x_wconf 89' lang='lat' dir='ltr'><strong>certissime,</strong></span> <span class='ocrx_word' id='word_1_285' title='bbox 645 2854 709 2899; x_wconf 94' lang='lat' dir='ltr'><strong>non</strong></span> <span class='ocrx_word' id='word_1_286' title='bbox 738 2836 901 2898; x_wconf 83' lang='lat' dir='ltr'><strong>dumtaxat</strong></span> <span class='ocrx_word' id='word_1_287' title='bbox 956 2838 1012 2900; x_wconf 92' lang='lat' dir='ltr'><strong>des</strong></span> <span class='ocrx_word' id='word_1_288' title='bbox 1034 2844 1118 2899; x_wconf 88' lang='lat' dir='ltr'><strong>sunt.</strong></span> 
     </span>
     <span class='ocr_line' id='line_1_25' title="bbox 154 2932 1708 3017; baseline -0.001 -18"><span class='ocrx_word' id='word_1_289' title='bbox 154 2937 303 2999; x_wconf 81' lang='lat' dir='ltr'><strong>universa</strong></span> <span class='ocrx_word' id='word_1_290' title='bbox 323 2954 394 3016; x_wconf 76' lang='lat' dir='ltr'><strong>quea</strong></span> <span class='ocrx_word' id='word_1_291' title='bbox 414 2943 499 3011; x_wconf 90' lang='lat' dir='ltr'><strong>sunt,</strong></span> <span class='ocrx_word' id='word_1_292' title='bbox 516 2932 646 2996; x_wconf 90' lang='lat' dir='ltr'><strong>fuerunt</strong></span> <span class='ocrx_word' id='word_1_293' title='bbox 670 2942 702 2997; x_wconf 90' lang='lat' dir='ltr'><strong>et</strong></span> <span class='ocrx_word' id='word_1_294' title='bbox 724 2943 828 3015; x_wconf 89' lang='lat' dir='ltr'><strong>erunt,</strong></span> <span class='ocrx_word' id='word_1_295' title='bbox 845 2934 899 2995; x_wconf 91' lang='lat' dir='ltr'><strong>sed</strong></span> <span class='ocrx_word' id='word_1_296' title='bbox 995 2934 1101 3017; x_wconf 77' lang='lat' dir='ltr'><strong>Aliqui</strong></span> <span class='ocrx_word' id='word_1_297' title='bbox 1117 2943 1221 2997; x_wconf 90' lang='lat' dir='ltr'><strong>tamen</strong></span> <span class='ocrx_word' id='word_1_298' title='bbox 1236 2934 1393 3011; x_wconf 87' lang='lat' dir='ltr'><strong>dixerunt,</strong></span> <span class='ocrx_word' id='word_1_299' title='bbox 1402 2944 1494 3017; x_wconf 90' lang='lat' dir='ltr'><strong>prout</strong></span> <span class='ocrx_word' id='word_1_300' title='bbox 1508 2943 1619 3017; x_wconf 91' lang='lat' dir='ltr'><strong>quarto</strong></span> <span class='ocrx_word' id='word_1_301' title='bbox 1634 2936 1708 2997; x_wconf 88' lang='lat' dir='ltr'><strong>Sen-</strong></span> 
     </span>
     <span class='ocr_line' id='line_1_26' title="bbox 153 3032 1850 3115; baseline -0.002 -17"><span class='ocrx_word' id='word_1_302' title='bbox 153 3044 183 3098; x_wconf 88' lang='lat' dir='ltr'><strong>et</strong></span> <span class='ocrx_word' id='word_1_303' title='bbox 207 3042 325 3097; x_wconf 85' lang='lat' dir='ltr'><strong>cuneta</strong></span> <span class='ocrx_word' id='word_1_304' title='bbox 350 3033 428 3113; x_wconf 89' lang='lat' dir='ltr'><strong>(imo</strong></span> <span class='ocrx_word' id='word_1_305' title='bbox 451 3034 560 3115; x_wconf 81' lang='lat' dir='ltr'><strong>utIque</strong></span> <span class='ocrx_word' id='word_1_306' title='bbox 584 3032 722 3112; x_wconf 90' lang='lat' dir='ltr'><strong>infinita)</strong></span> <span class='ocrx_word' id='word_1_307' title='bbox 746 3052 815 3115; x_wconf 75' lang='lat' dir='ltr'><strong>quae</strong></span> <span class='ocrx_word' id='word_1_308' title='bbox 840 3051 900 3095; x_wconf 89' lang='lat' dir='ltr'><strong>nec</strong></span> <span class='ocrx_word' id='word_1_309' title='bbox 920 3033 1125 3097; x_wconf 87' lang='lat' dir='ltr'><strong>Ctentiarum</strong></span> <span class='ocrx_word' id='word_1_310' title='bbox 1150 3040 1256 3095; x_wconf 88' lang='lat' dir='ltr'><strong>narrat</strong></span> <span class='ocrx_word' id='word_1_311' title='bbox 1280 3032 1436 3113; x_wconf 82' lang='lat' dir='ltr'><strong>Magister,</strong></span> <span class='ocrx_word' id='word_1_312' title='bbox 1453 3033 1536 3113; x_wconf 91' lang='lat' dir='ltr'><strong>quod</strong></span> <span class='ocrx_word' id='word_1_313' title='bbox 1560 3033 1704 3095; x_wconf 85' lang='lat' dir='ltr'><strong>ridentes</strong></span> <span class='ocrx_word' id='word_1_314' title='bbox 1720 3052 1850 3109; x_wconf 60' lang='lat' dir='ltr'><strong>cccxxv,</strong></span> 
     </span>
     <span class='ocr_line' id='line_1_27' title="bbox 153 3116 1852 3214; baseline -0.001 -18"><span class='ocrx_word' id='word_1_315' title='bbox 153 3144 236 3213; x_wconf 89' lang='lat' dir='ltr'><strong>sunt,</strong></span> <span class='ocrx_word' id='word_1_316' title='bbox 267 3153 327 3196; x_wconf 92' lang='lat' dir='ltr'><strong>neo</strong></span> <span class='ocrx_word' id='word_1_317' title='bbox 356 3152 496 3214; x_wconf 91' lang='lat' dir='ltr'><strong>unquam</strong></span> <span class='ocrx_word' id='word_1_318' title='bbox 524 3141 627 3195; x_wconf 91' lang='lat' dir='ltr'><strong>erunt.</strong></span> <span class='ocrx_word' id='word_1_319' title='bbox 658 3131 770 3194; x_wconf 88' lang='lat' dir='ltr'><strong>Omnia</strong></span> <span class='ocrx_word' id='word_1_320' title='bbox 795 3132 900 3212; x_wconf 85' lang='lat' dir='ltr'><strong>itaque</strong></span> <span class='ocrx_word' id='word_1_321' title='bbox 956 3133 1099 3195; x_wconf 87' lang='lat' dir='ltr'><strong>divinam</strong></span> <span class='ocrx_word' id='word_1_322' title='bbox 1127 3131 1308 3209; x_wconf 87' lang='lat' dir='ltr'><strong>essentiam,</strong></span> <span class='ocrx_word' id='word_1_323' title='bbox 1335 3131 1442 3194; x_wconf 91' lang='lat' dir='ltr'><strong>omnia</strong></span> <span class='ocrx_word' id='word_1_324' title='bbox 1470 3131 1577 3194; x_wconf 88' lang='lat' dir='ltr'><strong>vident</strong></span> <span class='ocrx_word' id='word_1_325' title='bbox 1605 3133 1639 3193; x_wconf 91' lang='lat' dir='ltr'><strong>in</strong></span> <span class='ocrx_word' id='word_1_326' title='bbox 1667 3116 1852 3194; x_wconf 62' lang='lat' dir='ltr'><strong>eal⁴¹⁸⁶⁹⁰²⁸</strong></span> 
     </span>
     <span class='ocr_line' id='line_1_28' title="bbox 154 3228 1706 3316; baseline -0.001 -22"><span class='ocrx_word' id='word_1_327' title='bbox 154 3233 332 3316; x_wconf 89' lang='lat' dir='ltr'><strong>splendent,</strong></span> <span class='ocrx_word' id='word_1_328' title='bbox 346 3231 548 3296; x_wconf 89' lang='lat' dir='ltr'><strong>continentur</strong></span> <span class='ocrx_word' id='word_1_329' title='bbox 563 3250 599 3293; x_wconf 88' lang='lat' dir='ltr'><strong>ac</strong></span> <span class='ocrx_word' id='word_1_330' title='bbox 616 3239 845 3313; x_wconf 69' lang='lat' dir='ltr'><strong>presentantur</strong></span> <span class='ocrx_word' id='word_1_331' title='bbox 867 3230 899 3291; x_wconf 92' lang='lat' dir='ltr'><strong>in</strong></span> <span class='ocrx_word' id='word_1_332' title='bbox 956 3250 1025 3313; x_wconf 77' lang='lat' dir='ltr'><strong>quse</strong></span> <span class='ocrx_word' id='word_1_333' title='bbox 1055 3231 1136 3292; x_wconf 88' lang='lat' dir='ltr'><strong>Deus</strong></span> <span class='ocrx_word' id='word_1_334' title='bbox 1165 3228 1224 3291; x_wconf 91' lang='lat' dir='ltr'><strong>scit</strong></span> <span class='ocrx_word' id='word_1_335' title='bbox 1257 3229 1393 3291; x_wconf 88' lang='lat' dir='ltr'><strong>scientia</strong></span> <span class='ocrx_word' id='word_1_336' title='bbox 1421 3229 1566 3306; x_wconf 79' lang='lat' dir='ltr'><strong>visionis,</strong></span> <span class='ocrx_word' id='word_1_337' title='bbox 1596 3230 1628 3291; x_wconf 95' lang='lat' dir='ltr'><strong>id</strong></span> <span class='ocrx_word' id='word_1_338' title='bbox 1656 3239 1706 3292; x_wconf 86' lang='lat' dir='ltr'><strong>est</strong></span> 
     </span>
     <span class='ocr_line' id='line_1_29' title="bbox 153 3327 1704 3410; baseline -0.001 -16"><span class='ocrx_word' id='word_1_339' title='bbox 153 3333 260 3394; x_wconf 78' lang='lat' dir='ltr'><strong>diuina</strong></span> <span class='ocrx_word' id='word_1_340' title='bbox 285 3331 424 3394; x_wconf 90' lang='lat' dir='ltr'><strong>essentia</strong></span> <span class='ocrx_word' id='word_1_341' title='bbox 448 3349 505 3392; x_wconf 89' lang='lat' dir='ltr'><strong>scu</strong></span> <span class='ocrx_word' id='word_1_342' title='bbox 530 3329 563 3390; x_wconf 92' lang='lat' dir='ltr'><strong>in</strong></span> <span class='ocrx_word' id='word_1_343' title='bbox 588 3329 662 3408; x_wconf 81' lang='lat' dir='ltr'><strong>lieo,</strong></span> <span class='ocrx_word' id='word_1_344' title='bbox 688 3337 838 3409; x_wconf 87' lang='lat' dir='ltr'><strong>tanquam</strong></span> <span class='ocrx_word' id='word_1_345' title='bbox 868 3328 899 3390; x_wconf 94' lang='lat' dir='ltr'><strong>in</strong></span> <span class='ocrx_word' id='word_1_346' title='bbox 956 3331 1063 3394; x_wconf 91' lang='lat' dir='ltr'><strong>omnia</strong></span> <span class='ocrx_word' id='word_1_347' title='bbox 1084 3328 1251 3410; x_wconf 77' lang='lat' dir='ltr'><strong>praeterita,</strong></span> <span class='ocrx_word' id='word_1_348' title='bbox 1268 3327 1437 3410; x_wconf 76' lang='lat' dir='ltr'><strong>praesentia</strong></span> <span class='ocrx_word' id='word_1_349' title='bbox 1457 3337 1490 3390; x_wconf 89' lang='lat' dir='ltr'><strong>et</strong></span> <span class='ocrx_word' id='word_1_350' title='bbox 1510 3327 1625 3391; x_wconf 88' lang='lat' dir='ltr'><strong>futura.</strong></span> <span class='ocrx_word' id='word_1_351' title='bbox 1643 3330 1704 3393; x_wconf 89' lang='lat' dir='ltr'><strong>Sed</strong></span> 
     </span>
     <span class='ocr_line' id='line_1_30' title="bbox 154 3425 1705 3511; baseline -0.003 -18"><span class='ocrx_word' id='word_1_352' title='bbox 154 3431 255 3511; x_wconf 91' lang='lat' dir='ltr'><strong>primo</strong></span> <span class='ocrx_word' id='word_1_353' title='bbox 270 3429 358 3493; x_wconf 93' lang='lat' dir='ltr'><strong>fonte</strong></span> <span class='ocrx_word' id='word_1_354' title='bbox 373 3447 410 3491; x_wconf 88' lang='lat' dir='ltr'><strong>ac</strong></span> <span class='ocrx_word' id='word_1_355' title='bbox 426 3447 549 3490; x_wconf 83' lang='lat' dir='ltr'><strong>summe</strong></span> <span class='ocrx_word' id='word_1_356' title='bbox 564 3427 697 3510; x_wconf 91' lang='lat' dir='ltr'><strong>origine,</strong></span> <span class='ocrx_word' id='word_1_357' title='bbox 714 3435 807 3508; x_wconf 88' lang='lat' dir='ltr'><strong>atque</strong></span> <span class='ocrx_word' id='word_1_358' title='bbox 828 3446 902 3489; x_wconf 86' lang='lat' dir='ltr'><strong>cau·</strong></span> <span class='ocrx_word' id='word_1_359' title='bbox 956 3436 991 3490; x_wconf 93' lang='lat' dir='ltr'><strong>ut</strong></span> <span class='ocrx_word' id='word_1_360' title='bbox 1012 3429 1042 3490; x_wconf 87' lang='lat' dir='ltr'><strong>S.</strong></span> <span class='ocrx_word' id='word_1_361' title='bbox 1062 3427 1197 3488; x_wconf 85' lang='lat' dir='ltr'><strong>Thomas</strong></span> <span class='ocrx_word' id='word_1_362' title='bbox 1222 3425 1337 3506; x_wconf 89' lang='lat' dir='ltr'><strong>aliique</strong></span> <span class='ocrx_word' id='word_1_363' title='bbox 1357 3426 1504 3488; x_wconf 87' lang='lat' dir='ltr'><strong>doctores</strong></span> <span class='ocrx_word' id='word_1_364' title='bbox 1529 3425 1573 3488; x_wconf 87' lang='lat' dir='ltr'><strong>ibi</strong></span> <span class='ocrx_word' id='word_1_365' title='bbox 1599 3425 1705 3488; x_wconf 84' lang='lat' dir='ltr'><strong>decla·</strong></span> 
     </span>
     <span class='ocr_line' id='line_1_31' title="bbox 154 3523 1703 3610; baseline -0.003 -19"><span class='ocrx_word' id='word_1_366' title='bbox 154 3529 209 3591; x_wconf 92' lang='lat' dir='ltr'><strong>sali</strong></span> <span class='ocrx_word' id='word_1_367' title='bbox 222 3548 261 3591; x_wconf 90' lang='lat' dir='ltr'><strong>ac</strong></span> <span class='ocrx_word' id='word_1_368' title='bbox 277 3527 443 3610; x_wconf 83' lang='lat' dir='ltr'><strong>principali</strong></span> <span class='ocrx_word' id='word_1_369' title='bbox 459 3527 587 3603; x_wconf 87' lang='lat' dir='ltr'><strong>virtute,</strong></span> <span class='ocrx_word' id='word_1_370' title='bbox 599 3533 693 3608; x_wconf 92' lang='lat' dir='ltr'><strong>prout</strong></span> <span class='ocrx_word' id='word_1_371' title='bbox 706 3524 901 3606; x_wconf 87' lang='lat' dir='ltr'><strong>Augustinus</strong></span> <span class='ocrx_word' id='word_1_372' title='bbox 957 3535 1038 3606; x_wconf 90' lang='lat' dir='ltr'><strong>rant,</strong></span> <span class='ocrx_word' id='word_1_373' title='bbox 1049 3526 1170 3588; x_wconf 92' lang='lat' dir='ltr'><strong>dictum</strong></span> <span class='ocrx_word' id='word_1_374' title='bbox 1186 3523 1314 3588; x_wconf 90' lang='lat' dir='ltr'><strong>illorum</strong></span> <span class='ocrx_word' id='word_1_375' title='bbox 1335 3533 1491 3607; x_wconf 82' lang='lat' dir='ltr'><strong>repugnat</strong></span> <span class='ocrx_word' id='word_1_376' title='bbox 1505 3525 1703 3586; x_wconf 89' lang='lat' dir='ltr'><strong>documentis</strong></span> 
     </span>
     <span class='ocr_line' id='line_1_32' title="bbox 154 3622 1703 3705; baseline -0.002 -17"><span class='ocrx_word' id='word_1_377' title='bbox 154 3627 185 3689; x_wconf 94' lang='lat' dir='ltr'><strong>in</strong></span> <span class='ocrx_word' id='word_1_378' title='bbox 205 3627 288 3690; x_wconf 88' lang='lat' dir='ltr'><strong>libro</strong></span> <span class='ocrx_word' id='word_1_379' title='bbox 302 3626 447 3690; x_wconf 81' lang='lat' dir='ltr'>LXXXIII</span> <span class='ocrx_word' id='word_1_380' title='bbox 467 3625 677 3700; x_wconf 79' lang='lat' dir='ltr'><strong>Quaestionum</strong></span> <span class='ocrx_word' id='word_1_381' title='bbox 702 3632 734 3686; x_wconf 91' lang='lat' dir='ltr'><strong>et</strong></span> <span class='ocrx_word' id='word_1_382' title='bbox 756 3624 902 3686; x_wconf 89' lang='lat' dir='ltr'><strong>illustris·</strong></span> <span class='ocrx_word' id='word_1_383' title='bbox 957 3627 1156 3701; x_wconf 86' lang='lat' dir='ltr'><strong>Sanctorum,</strong></span> <span class='ocrx_word' id='word_1_384' title='bbox 1178 3623 1343 3705; x_wconf 88' lang='lat' dir='ltr'><strong>potissime</strong></span> <span class='ocrx_word' id='word_1_385' title='bbox 1367 3623 1402 3686; x_wconf 90' lang='lat' dir='ltr'><strong>B.</strong></span> <span class='ocrx_word' id='word_1_386' title='bbox 1424 3622 1577 3703; x_wconf 79' lang='lat' dir='ltr'><strong>Dionysii,</strong></span> <span class='ocrx_word' id='word_1_387' title='bbox 1593 3623 1648 3704; x_wconf 91' lang='lat' dir='ltr'><strong>qui</strong></span> <span class='ocrx_word' id='word_1_388' title='bbox 1670 3624 1703 3685; x_wconf 92' lang='lat' dir='ltr'><strong>in</strong></span> 
     </span>
     <span class='ocr_line' id='line_1_33' title="bbox 154 3720 1802 3802; baseline -0.003 -14"><span class='ocrx_word' id='word_1_389' title='bbox 154 3726 253 3789; x_wconf 91' lang='lat' dir='ltr'><strong>simus</strong></span> <span class='ocrx_word' id='word_1_390' title='bbox 274 3727 386 3790; x_wconf 89' lang='lat' dir='ltr'><strong>doctor</strong></span> <span class='ocrx_word' id='word_1_391' title='bbox 405 3724 624 3788; x_wconf 89' lang='lat' dir='ltr'><strong>Beneventura</strong></span> <span class='ocrx_word' id='word_1_392' title='bbox 645 3722 817 3784; x_wconf 88' lang='lat' dir='ltr'><strong>declarant.</strong></span> <span class='ocrx_word' id='word_1_393' title='bbox 958 3723 1037 3786; x_wconf 91' lang='lat' dir='ltr'><strong>libro</strong></span> <span class='ocrx_word' id='word_1_394' title='bbox 1066 3724 1105 3784; x_wconf 91' lang='lat' dir='ltr'><strong>de</strong></span> <span class='ocrx_word' id='word_1_395' title='bbox 1133 3722 1315 3785; x_wconf 85' lang='lat' dir='ltr'><strong>Hierarchia</strong></span> <span class='ocrx_word' id='word_1_396' title='bbox 1350 3720 1566 3784; x_wconf 89' lang='lat' dir='ltr'><strong>ecclesiastica</strong></span> <span class='ocrx_word' id='word_1_397' title='bbox 1597 3721 1701 3802; x_wconf 89' lang='lat' dir='ltr'><strong>docet,</strong></span> <span class='ocrx_word' id='word_1_398' title='bbox 1717 3746 1802 3790; x_wconf 64' lang='lat' dir='ltr'><strong>urm.</strong></span> 
     </span>
     <span class='ocr_line' id='line_1_34' title="bbox 956 3818 1703 3905; baseline -0.005 -19"><span class='ocrx_word' id='word_1_399' title='bbox 956 3823 1040 3905; x_wconf 93' lang='lat' dir='ltr'><strong>quod</strong></span> <span class='ocrx_word' id='word_1_400' title='bbox 1056 3821 1161 3903; x_wconf 86' lang='lat' dir='ltr'><strong>angeli</strong></span> <span class='ocrx_word' id='word_1_401' title='bbox 1177 3821 1357 3903; x_wconf 85' lang='lat' dir='ltr'><strong>superiores</strong></span> <span class='ocrx_word' id='word_1_402' title='bbox 1379 3827 1516 3901; x_wconf 86' lang='lat' dir='ltr'><strong>purgant</strong></span> <span class='ocrx_word' id='word_1_403' title='bbox 1536 3818 1703 3884; x_wconf 88' lang='lat' dir='ltr'><strong>inferiores</strong></span> 
     </span>
     <span class='ocr_line' id='line_1_35' title="bbox 956 3917 1704 4001; baseline -0.003 -19"><span class='ocrx_word' id='word_1_404' title='bbox 956 3941 974 3982; x_wconf 91' lang='lat' dir='ltr'><strong>a</strong></span> <span class='ocrx_word' id='word_1_405' title='bbox 992 3919 1167 3982; x_wconf 85' lang='lat' dir='ltr'><strong>nescientia</strong></span> <span class='ocrx_word' id='word_1_406' title='bbox 1190 3919 1399 4001; x_wconf 89' lang='lat' dir='ltr'><strong>quorumdam</strong></span> <span class='ocrx_word' id='word_1_407' title='bbox 1421 3917 1605 3982; x_wconf 91' lang='lat' dir='ltr'><strong>divinorum</strong></span> <span class='ocrx_word' id='word_1_408' title='bbox 1629 3937 1704 3999; x_wconf 92' lang='lat' dir='ltr'><strong>ope-</strong></span> 
     </span>
     <span class='ocr_line' id='line_1_36' title="bbox 365 4016 1703 4115; baseline -0.003 -33"><span class='ocrx_word' id='word_1_409' title='bbox 365 4049 608 4115; x_wconf 70' lang='lat' dir='ltr'>ARTICULUS</span> <span class='ocrx_word' id='word_1_410' title='bbox 631 4049 690 4113; x_wconf 42' lang='lat' dir='ltr'><strong>IV·</strong></span> <span class='ocrx_word' id='word_1_411' title='bbox 956 4039 1026 4082; x_wconf 94' lang='lat' dir='ltr'><strong>rum</strong></span> <span class='ocrx_word' id='word_1_412' title='bbox 1054 4017 1110 4081; x_wconf 85' lang='lat' dir='ltr'><strong>Ilei</strong></span> <span class='ocrx_word' id='word_1_413' title='bbox 1141 4017 1427 4100; x_wconf 84' lang='lat' dir='ltr'><strong>mysteriorumque</strong></span> <span class='ocrx_word' id='word_1_414' title='bbox 1454 4016 1573 4098; x_wconf 71' lang='lat' dir='ltr'><strong>gratiae,</strong></span> <span class='ocrx_word' id='word_1_415' title='bbox 1604 4027 1637 4079; x_wconf 91' lang='lat' dir='ltr'><strong>et</strong></span> <span class='ocrx_word' id='word_1_416' title='bbox 1663 4017 1703 4078; x_wconf 92' lang='lat' dir='ltr'><strong>de</strong></span> 
     </span>
     <span class='ocr_line' id='line_1_37' title="bbox 956 4115 1703 4197; baseline -0.003 -17"><span class='ocrx_word' id='word_1_417' title='bbox 956 4117 1076 4180; x_wconf 88' lang='lat' dir='ltr'><strong>eisdem</strong></span> <span class='ocrx_word' id='word_1_418' title='bbox 1099 4116 1281 4178; x_wconf 87' lang='lat' dir='ltr'><strong>illuminant</strong></span> <span class='ocrx_word' id='word_1_419' title='bbox 1302 4115 1481 4178; x_wconf 87' lang='lat' dir='ltr'><strong>Inferiores.</strong></span> <span class='ocrx_word' id='word_1_420' title='bbox 1498 4115 1631 4197; x_wconf 90' lang='lat' dir='ltr'><strong>Insuper</strong></span> <span class='ocrx_word' id='word_1_421' title='bbox 1647 4115 1703 4178; x_wconf 79' lang='lat' dir='ltr'><strong>do</strong></span> 
     </span>
     <span class='ocr_line' id='line_1_38' title="bbox 156 4213 1834 4298; baseline -0.011 -7"><span class='ocrx_word' id='word_1_422' title='bbox 156 4231 247 4298; x_wconf 77' lang='lat' dir='ltr'><strong>Quod</strong></span> <span class='ocrx_word' id='word_1_423' title='bbox 276 4228 375 4290; x_wconf 82' lang='lat' dir='ltr'><strong>Beati</strong></span> <span class='ocrx_word' id='word_1_424' title='bbox 402 4229 503 4288; x_wconf 81' lang='lat' dir='ltr'><strong>Deum</strong></span> <span class='ocrx_word' id='word_1_425' title='bbox 532 4227 622 4284; x_wconf 88' lang='lat' dir='ltr'><strong>ctare</strong></span> <span class='ocrx_word' id='word_1_426' title='bbox 653 4225 810 4294; x_wconf 81' lang='lat' dir='ltr'><strong>videntes,</strong></span> <span class='ocrx_word' id='word_1_427' title='bbox 835 4243 900 4284; x_wconf 78' lang='lat' dir='ltr'><strong>non</strong></span> <span class='ocrx_word' id='word_1_428' title='bbox 917 4220 941 4280; x_wconf 87' lang='lat' dir='ltr'><strong>Il</strong></span> <span class='ocrx_word' id='word_1_429' title='bbox 956 4215 1110 4296; x_wconf 89' lang='lat' dir='ltr'><strong>cet‚quod</strong></span> <span class='ocrx_word' id='word_1_430' title='bbox 1125 4213 1267 4276; x_wconf 85' lang='lat' dir='ltr'><strong>Christus</strong></span> <span class='ocrx_word' id='word_1_431' title='bbox 1282 4214 1458 4276; x_wconf 90' lang='lat' dir='ltr'><strong>secundum</strong></span> <span class='ocrx_word' id='word_1_432' title='bbox 1473 4213 1702 4276; x_wconf 85' lang='lat' dir='ltr'><strong>humanitatem</strong></span> <span class='ocrx_word' id='word_1_433' title='bbox 1730 4229 1760 4272; x_wconf 75' lang='lat' dir='ltr'><strong>oa</strong></span> <span class='ocrx_word' id='word_1_434' title='bbox 1776 4229 1834 4273; x_wconf 64' lang='lat' dir='ltr'><strong>acar.</strong></span> 
     </span>
     <span class='ocr_line' id='line_1_39' title="bbox 193 4293 1844 4420; baseline -0.002 -42"><span class='ocrx_word' id='word_1_435' title='bbox 193 4317 469 4394; x_wconf 77' lang='lat' dir='ltr'><strong>comprehendunt</strong></span> <span class='ocrx_word' id='word_1_436' title='bbox 494 4318 611 4384; x_wconf 84' lang='lat' dir='ltr'><strong>Deum,</strong></span> <span class='ocrx_word' id='word_1_437' title='bbox 635 4333 693 4374; x_wconf 79' lang='lat' dir='ltr'><strong>occ</strong></span> <span class='ocrx_word' id='word_1_438' title='bbox 719 4315 829 4374; x_wconf 82' lang='lat' dir='ltr'><strong>omnia</strong></span> <span class='ocrx_word' id='word_1_439' title='bbox 855 4317 902 4374; x_wconf 85' lang='lat' dir='ltr'><strong>vi-</strong></span> <span class='ocrx_word' id='word_1_440' title='bbox 955 4322 1193 4397; x_wconf 87' lang='lat' dir='ltr'><strong>assumptam,et</strong></span> <span class='ocrx_word' id='word_1_441' title='bbox 1206 4313 1281 4375; x_wconf 91' lang='lat' dir='ltr'><strong>item</strong></span> <span class='ocrx_word' id='word_1_442' title='bbox 1297 4313 1386 4392; x_wconf 87' lang='lat' dir='ltr'><strong>virgo</strong></span> <span class='ocrx_word' id='word_1_443' title='bbox 1400 4311 1609 4390; x_wconf 88' lang='lat' dir='ltr'><strong>llaria,etiam</strong></span> <span class='ocrx_word' id='word_1_444' title='bbox 1622 4332 1703 4374; x_wconf 90' lang='lat' dir='ltr'><strong>sum·</strong></span> <span class='ocrx_word' id='word_1_445' title='bbox 1716 4293 1844 4420; x_wconf 49' lang='lat' dir='ltr'><strong>{J‘JXQ</strong></span> 
     </span>
     <span class='ocr_line' id='line_1_40' title="bbox 193 4405 1843 4492; baseline -0.006 -15"><span class='ocrx_word' id='word_1_446' title='bbox 193 4411 272 4468; x_wconf 66' lang='lat' dir='ltr'><strong>dent</strong></span> <span class='ocrx_word' id='word_1_447' title='bbox 292 4409 328 4466; x_wconf 73' lang='lat'><strong>2&#39;72</strong></span> <span class='ocrx_word' id='word_1_448' title='bbox 346 4425 381 4465; x_wconf 68' lang='lat'><strong>80</strong></span> <span class='ocrx_word' id='word_1_449' title='bbox 400 4425 473 4485; x_wconf 63' lang='lat' dir='ltr'><strong>quw</strong></span> <span class='ocrx_word' id='word_1_450' title='bbox 492 4405 528 4464; x_wconf 60' lang='grc' dir='ltr'><strong>ὑὶ</strong></span> <span class='ocrx_word' id='word_1_451' title='bbox 549 4405 620 4480; x_wconf 65' lang='lat' dir='ltr'><strong>ejuS</strong></span> <span class='ocrx_word' id='word_1_452' title='bbox 640 4405 779 4464; x_wconf 58' lang='lat' dir='ltr'><strong>mentia</strong></span> <span class='ocrx_word' id='word_1_453' title='bbox 798 4407 901 4480; x_wconf 65' lang='lat' dir='ltr'><strong>Splen-</strong></span> <span class='ocrx_word' id='word_1_454' title='bbox 956 4431 1025 4476; x_wconf 91' lang='lat' dir='ltr'><strong>mos</strong></span> <span class='ocrx_word' id='word_1_455' title='bbox 1040 4413 1255 4492; x_wconf 83' lang='lat' dir='ltr'><strong>angelicorum</strong></span> <span class='ocrx_word' id='word_1_456' title='bbox 1271 4410 1442 4492; x_wconf 90' lang='lat' dir='ltr'><strong>spirituum</strong></span> <span class='ocrx_word' id='word_1_457' title='bbox 1461 4411 1500 4472; x_wconf 88' lang='lat' dir='ltr'><strong>de</strong></span> <span class='ocrx_word' id='word_1_458' title='bbox 1522 4411 1575 4474; x_wconf 84' lang='lat' dir='ltr'><strong>Dei</strong></span> <span class='ocrx_word' id='word_1_459' title='bbox 1599 4411 1703 4492; x_wconf 88' lang='lat' dir='ltr'><strong>operi·</strong></span> <span class='ocrx_word' id='word_1_460' title='bbox 1716 4443 1737 4481; x_wconf 72' lang='grc' dir='ltr'><strong>μ.</strong></span> <span class='ocrx_word' id='word_1_461' title='bbox 1763 4429 1801 4469; x_wconf 84' lang='lat' dir='ltr'><strong>rra</strong></span> <span class='ocrx_word' id='word_1_462' title='bbox 1818 4425 1843 4474; x_wconf 79' lang='lat' dir='ltr'><strong>a,</strong></span> 
     </span>
     <span class='ocr_line' id='line_1_41' title="bbox 192 4491 1785 4593; baseline -0.003 -16"><span class='ocrx_word' id='word_1_463' title='bbox 192 4501 272 4557; x_wconf 58' lang='lat'><strong>‘²2²²‘</strong></span> <span class='ocrx_word' id='word_1_464' title='bbox 287 4504 346 4555; x_wconf 62' lang='lat' dir='ltr'><strong>“uf</strong></span> <span class='ocrx_word' id='word_1_465' title='bbox 359 4497 579 4554; x_wconf 59' lang='lat' dir='ltr'><strong>⁰⁰nfine&#39;ffuf·</strong></span> <span class='ocrx_word' id='word_1_466' title='bbox 957 4513 1016 4576; x_wconf 90' lang='lat' dir='ltr'><strong>bus</strong></span> <span class='ocrx_word' id='word_1_467' title='bbox 1040 4510 1261 4593; x_wconf 75' lang='lat' dir='ltr'><strong>mysteriisque</strong></span> <span class='ocrx_word' id='word_1_468' title='bbox 1290 4508 1465 4571; x_wconf 77' lang='lat' dir='ltr'><strong>effectuum</strong></span> <span class='ocrx_word' id='word_1_469' title='bbox 1494 4510 1602 4590; x_wconf 75' lang='lat' dir='ltr'><strong>gratita</strong></span> <span class='ocrx_word' id='word_1_470' title='bbox 1631 4511 1702 4592; x_wconf 87' lang='lat' dir='ltr'><strong>ejus</strong></span> <span class='ocrx_word' id='word_1_471' title='bbox 1717 4491 1785 4533; x_wconf 60' lang='lat'><strong>⁵³¹⁸·</strong></span> 
     </span>
     <span class='ocr_line' id='line_1_42' title="bbox 957 4607 1703 4690; baseline -0.004 -17"><span class='ocrx_word' id='word_1_472' title='bbox 957 4611 1147 4674; x_wconf 92' lang='lat' dir='ltr'><strong>illuminant.</strong></span> <span class='ocrx_word' id='word_1_473' title='bbox 1156 4608 1296 4688; x_wconf 87' lang='lat' dir='ltr'><strong>Septimo</strong></span> <span class='ocrx_word' id='word_1_474' title='bbox 1310 4626 1436 4688; x_wconf 90' lang='lat' dir='ltr'><strong>quoque</strong></span> <span class='ocrx_word' id='word_1_475' title='bbox 1452 4607 1590 4689; x_wconf 89' lang='lat' dir='ltr'><strong>capitulo</strong></span> <span class='ocrx_word' id='word_1_476' title='bbox 1604 4609 1703 4690; x_wconf 81' lang='lat' dir='ltr'><strong>Ange</strong></span> 
     </span>
    </p>
   </div>
   <div class='ocr_carea' id='block_1_3' title="bbox 39 4705 1706 5384">
    <p class='ocr_par' dir='ltr' id='par_1_3' title="bbox 156 4705 1705 4988">
     <span class='ocr_line' id='line_1_43' title="bbox 226 4705 1705 4789; baseline -0.002 -17"><span class='ocrx_word' id='word_1_477' title='bbox 226 4709 373 4773; x_wconf 83' lang='lat' dir='ltr'>UONIAII</span> <span class='ocrx_word' id='word_1_478' title='bbox 396 4709 477 4772; x_wconf 86' lang='lat' dir='ltr'><strong>Ileus</strong></span> <span class='ocrx_word' id='word_1_479' title='bbox 497 4707 528 4769; x_wconf 95' lang='lat' dir='ltr'><strong>in</strong></span> <span class='ocrx_word' id='word_1_480' title='bbox 549 4727 583 4770; x_wconf 91' lang='lat' dir='ltr'><strong>se</strong></span> <span class='ocrx_word' id='word_1_481' title='bbox 603 4707 673 4789; x_wconf 89' lang='lat' dir='ltr'><strong>ipso</strong></span> <span class='ocrx_word' id='word_1_482' title='bbox 692 4727 777 4786; x_wconf 84' lang='lat' dir='ltr'><strong>rere,</strong></span> <span class='ocrx_word' id='word_1_483' title='bbox 794 4727 902 4770; x_wconf 91' lang='lat' dir='ltr'><strong>essen·</strong></span> <span class='ocrx_word' id='word_1_484' title='bbox 956 4711 1025 4772; x_wconf 77' lang='lat' dir='ltr'><strong>licre</strong></span> <span class='ocrx_word' id='word_1_485' title='bbox 1040 4707 1225 4770; x_wconf 72' lang='lat' dir='ltr'><strong>hierarchiae</strong></span> <span class='ocrx_word' id='word_1_486' title='bbox 1239 4706 1388 4785; x_wconf 89' lang='lat' dir='ltr'><strong>ostendit,</strong></span> <span class='ocrx_word' id='word_1_487' title='bbox 1396 4707 1480 4787; x_wconf 90' lang='lat' dir='ltr'><strong>quod</strong></span> <span class='ocrx_word' id='word_1_488' title='bbox 1494 4705 1618 4770; x_wconf 87' lang='lat' dir='ltr'><strong>Christo</strong></span> <span class='ocrx_word' id='word_1_489' title='bbox 1634 4716 1705 4787; x_wconf 93' lang='lat' dir='ltr'><strong>post</strong></span> 
     </span>
     <span class='ocr_line' id='line_1_44' title="bbox 159 4710 1704 4910; baseline -0.003 -38"><span class='ocrx_word' id='word_1_490' title='bbox 159 4710 360 4910; x_wconf 69' lang='lat' dir='ltr'><strong>otialiter</strong></span> <span class='ocrx_word' id='word_1_491' title='bbox 386 4826 422 4870; x_wconf 92' lang='lat' dir='ltr'><strong>ac</strong></span> <span class='ocrx_word' id='word_1_492' title='bbox 453 4805 722 4888; x_wconf 89' lang='lat' dir='ltr'><strong>perfectionaliter</strong></span> <span class='ocrx_word' id='word_1_493' title='bbox 753 4805 900 4870; x_wconf 88' lang='lat' dir='ltr'><strong>infinitus</strong></span> <span class='ocrx_word' id='word_1_494' title='bbox 958 4808 1137 4891; x_wconf 82' lang='lat' dir='ltr'><strong>passionem</strong></span> <span class='ocrx_word' id='word_1_495' title='bbox 1160 4814 1192 4868; x_wconf 89' lang='lat' dir='ltr'><strong>et</strong></span> <span class='ocrx_word' id='word_1_496' title='bbox 1220 4805 1484 4868; x_wconf 84' lang='lat' dir='ltr'><strong>resurrectionem</strong></span> <span class='ocrx_word' id='word_1_497' title='bbox 1513 4805 1704 4868; x_wconf 89' lang='lat' dir='ltr'><strong>aseendente</strong></span> 
     </span>
     <span class='ocr_line' id='line_1_45' title="bbox 156 4903 1705 4988; baseline -0.003 -17"><span class='ocrx_word' id='word_1_498' title='bbox 156 4906 371 4986; x_wconf 90' lang='lat' dir='ltr'><strong>consistit,ita</strong></span> <span class='ocrx_word' id='word_1_499' title='bbox 392 4906 560 4988; x_wconf 70' lang='lat' dir='ltr'><strong>quodsum</strong></span> <span class='ocrx_word' id='word_1_500' title='bbox 582 4904 731 4968; x_wconf 87' lang='lat' dir='ltr'><strong>bonitatis</strong></span> <span class='ocrx_word' id='word_1_501' title='bbox 750 4913 781 4968; x_wconf 88' lang='lat' dir='ltr'><strong>et</strong></span> <span class='ocrx_word' id='word_1_502' title='bbox 800 4905 903 4968; x_wconf 84' lang='lat' dir='ltr'><strong>excel·</strong></span> <span class='ocrx_word' id='word_1_503' title='bbox 958 4907 990 4970; x_wconf 92' lang='lat' dir='ltr'><strong>in</strong></span> <span class='ocrx_word' id='word_1_504' title='bbox 1015 4904 1144 4984; x_wconf 76' lang='lat' dir='ltr'><strong>carlum,</strong></span> <span class='ocrx_word' id='word_1_505' title='bbox 1170 4905 1275 4986; x_wconf 87' lang='lat' dir='ltr'><strong>angeli</strong></span> <span class='ocrx_word' id='word_1_506' title='bbox 1299 4903 1399 4966; x_wconf 87' lang='lat' dir='ltr'><strong>sancti</strong></span> <span class='ocrx_word' id='word_1_507' title='bbox 1425 4912 1488 4966; x_wconf 90' lang='lat' dir='ltr'><strong>tres</strong></span> <span class='ocrx_word' id='word_1_508' title='bbox 1513 4903 1705 4983; x_wconf 76' lang='lat' dir='ltr'><strong>quaestiones</strong></span> 
     </span>
    </p>

    <p class='ocr_par' dir='ltr' id='par_1_4' title="bbox 39 5001 1706 5384">
     <span class='ocr_line' id='line_1_46' title="bbox 39 5001 1706 5085; baseline 0.002 -24"><span class='ocrx_word' id='word_1_509' title='bbox 39 5019 141 5076; x_wconf 66' lang='lat' dir='ltr'><strong>erutus.</strong></span> <span class='ocrx_word' id='word_1_510' title='bbox 156 5007 259 5070; x_wconf 81' lang='lat' dir='ltr'><strong>lentiae</strong></span> <span class='ocrx_word' id='word_1_511' title='bbox 280 5005 388 5069; x_wconf 89' lang='lat' dir='ltr'><strong>nullus</strong></span> <span class='ocrx_word' id='word_1_512' title='bbox 406 5013 455 5068; x_wconf 90' lang='lat' dir='ltr'><strong>est</strong></span> <span class='ocrx_word' id='word_1_513' title='bbox 472 5003 557 5082; x_wconf 92' lang='lat' dir='ltr'><strong>finis,</strong></span> <span class='ocrx_word' id='word_1_514' title='bbox 574 5023 638 5066; x_wconf 81' lang='lat' dir='ltr'><strong>suae</strong></span> <span class='ocrx_word' id='word_1_515' title='bbox 657 5003 903 5085; x_wconf 76' lang='lat' dir='ltr'><strong>sapientire-nul-</strong></span> <span class='ocrx_word' id='word_1_516' title='bbox 958 5006 1114 5080; x_wconf 88' lang='lat' dir='ltr'><strong>fecerunt,</strong></span> <span class='ocrx_word' id='word_1_517' title='bbox 1141 5003 1173 5064; x_wconf 95' lang='lat' dir='ltr'><strong>in</strong></span> <span class='ocrx_word' id='word_1_518' title='bbox 1199 5021 1333 5082; x_wconf 89' lang='lat' dir='ltr'><strong>quarum</strong></span> <span class='ocrx_word' id='word_1_519' title='bbox 1363 5001 1464 5083; x_wconf 90' lang='lat' dir='ltr'><strong>prima</strong></span> <span class='ocrx_word' id='word_1_520' title='bbox 1491 5001 1659 5064; x_wconf 90' lang='lat' dir='ltr'><strong>inferiores</strong></span> <span class='ocrx_word' id='word_1_521' title='bbox 1687 5021 1706 5064; x_wconf 91' lang='lat' dir='ltr'><strong>a</strong></span> 
     </span>
     <span class='ocr_line' id='line_1_47' title="bbox 157 5099 1703 5185; baseline -0.004 -17"><span class='ocrx_word' id='word_1_522' title='bbox 157 5107 204 5169; x_wconf 91' lang='lat' dir='ltr'><strong>lus</strong></span> <span class='ocrx_word' id='word_1_523' title='bbox 223 5114 272 5170; x_wconf 90' lang='lat' dir='ltr'><strong>cst</strong></span> <span class='ocrx_word' id='word_1_524' title='bbox 292 5121 536 5183; x_wconf 75' lang='lat' dir='ltr'><strong>numeruS,suae</strong></span> <span class='ocrx_word' id='word_1_525' title='bbox 555 5102 729 5183; x_wconf 87' lang='lat' dir='ltr'><strong>majestatis</strong></span> <span class='ocrx_word' id='word_1_526' title='bbox 748 5110 779 5165; x_wconf 90' lang='lat' dir='ltr'><strong>et</strong></span> <span class='ocrx_word' id='word_1_527' title='bbox 801 5103 904 5185; x_wconf 90' lang='lat' dir='ltr'><strong>perfe-</strong></span> <span class='ocrx_word' id='word_1_528' title='bbox 958 5101 1175 5185; x_wconf 88' lang='lat' dir='ltr'><strong>superioribus</strong></span> <span class='ocrx_word' id='word_1_529' title='bbox 1209 5099 1312 5162; x_wconf 90' lang='lat' dir='ltr'><strong>edocti</strong></span> <span class='ocrx_word' id='word_1_530' title='bbox 1348 5107 1432 5162; x_wconf 88' lang='lat' dir='ltr'><strong>sunt.</strong></span> <span class='ocrx_word' id='word_1_531' title='bbox 1461 5099 1590 5162; x_wconf 86' lang='lat' dir='ltr'><strong>Constat</strong></span> <span class='ocrx_word' id='word_1_532' title='bbox 1617 5119 1703 5180; x_wconf 89' lang='lat' dir='ltr'><strong>ergo,</strong></span> 
     </span>
     <span class='ocr_line' id='line_1_48' title="bbox 157 5196 1705 5287; baseline -0.008 -17"><span class='ocrx_word' id='word_1_533' title='bbox 157 5206 271 5270; x_wconf 85' lang='lat' dir='ltr'><strong>otfonis</strong></span> <span class='ocrx_word' id='word_1_534' title='bbox 287 5204 375 5267; x_wconf 92' lang='lat' dir='ltr'><strong>nulla</strong></span> <span class='ocrx_word' id='word_1_535' title='bbox 388 5221 517 5287; x_wconf 88' lang='lat' dir='ltr'><strong>prorsus</strong></span> <span class='ocrx_word' id='word_1_536' title='bbox 531 5209 632 5265; x_wconf 80' lang='lat' dir='ltr'><strong>exstat</strong></span> <span class='ocrx_word' id='word_1_537' title='bbox 647 5219 815 5264; x_wconf 88' lang='lat' dir='ltr'><strong>mensura:</strong></span> <span class='ocrx_word' id='word_1_538' title='bbox 833 5201 903 5264; x_wconf 88' lang='lat' dir='ltr'><strong>ideo</strong></span> <span class='ocrx_word' id='word_1_539' title='bbox 958 5200 1042 5282; x_wconf 95' lang='lat' dir='ltr'><strong>quod</strong></span> <span class='ocrx_word' id='word_1_540' title='bbox 1062 5198 1167 5280; x_wconf 84' lang='lat' dir='ltr'><strong>angeli</strong></span> <span class='ocrx_word' id='word_1_541' title='bbox 1187 5217 1250 5261; x_wconf 90' lang='lat' dir='ltr'><strong>non</strong></span> <span class='ocrx_word' id='word_1_542' title='bbox 1276 5197 1387 5258; x_wconf 86' lang='lat' dir='ltr'><strong>rident</strong></span> <span class='ocrx_word' id='word_1_543' title='bbox 1408 5196 1440 5258; x_wconf 90' lang='lat' dir='ltr'><strong>in</strong></span> <span class='ocrx_word' id='word_1_544' title='bbox 1466 5197 1528 5260; x_wconf 83' lang='lat' dir='ltr'><strong>fleo</strong></span> <span class='ocrx_word' id='word_1_545' title='bbox 1550 5197 1705 5278; x_wconf 91' lang='lat' dir='ltr'><strong>quidquid</strong></span> 
     </span>
     <span class='ocr_line' id='line_1_49' title="bbox 157 5295 1424 5384; baseline -0.011 -15"><span class='ocrx_word' id='word_1_546' title='bbox 157 5325 175 5367; x_wconf 92' lang='lat' dir='ltr'><strong>a</strong></span> <span class='ocrx_word' id='word_1_547' title='bbox 198 5304 289 5368; x_wconf 89' lang='lat' dir='ltr'><strong>nulla</strong></span> <span class='ocrx_word' id='word_1_548' title='bbox 313 5309 457 5366; x_wconf 87' lang='lat' dir='ltr'><strong>creatura</strong></span> <span class='ocrx_word' id='word_1_549' title='bbox 480 5309 583 5384; x_wconf 91' lang='lat' dir='ltr'><strong>potest</strong></span> <span class='ocrx_word' id='word_1_550' title='bbox 610 5299 847 5383; x_wconf 90' lang='lat' dir='ltr'><strong>comprehendi,</strong></span> <span class='ocrx_word' id='word_1_551' title='bbox 872 5301 902 5364; x_wconf 93' lang='lat' dir='ltr'><strong>id</strong></span> <span class='ocrx_word' id='word_1_552' title='bbox 960 5299 1064 5382; x_wconf 89' lang='lat' dir='ltr'><strong>agitur</strong></span> <span class='ocrx_word' id='word_1_553' title='bbox 1084 5307 1117 5361; x_wconf 91' lang='lat' dir='ltr'><strong>et</strong></span> <span class='ocrx_word' id='word_1_554' title='bbox 1136 5306 1185 5360; x_wconf 88' lang='lat' dir='ltr'><strong>est</strong></span> <span class='ocrx_word' id='word_1_555' title='bbox 1207 5297 1238 5358; x_wconf 91' lang='lat' dir='ltr'><strong>in</strong></span> <span class='ocrx_word' id='word_1_556' title='bbox 1261 5295 1424 5358; x_wconf 88' lang='lat' dir='ltr'><strong>creaturis.</strong></span> 
     </span>
    </p>
   </div>
   <div class='ocr_carea' id='block_1_4' title="bbox 0 0 2168 6244">
    <p class='ocr_par' dir='ltr' id='par_1_5' title="bbox 0 0 2168 6244">
     <span class='ocr_line' id='line_1_50' title="bbox 0 0 2168 6244; baseline 0 0"><span class='ocrx_word' id='word_1_557' title='bbox 0 0 2168 6244; x_wconf 95' lang='lat' dir='ltr'><strong> </strong></span> 
     </span>
    </p>
   </div>
  </div>
 </body>
</html>
