4309 6250
499 524 618 575 somna
639 526 806 575 ruminus
826 526 996 587 uncam,
1018 528 1108 575 crasa
1128 528 1170 575 rr.
1192 546 1233 559 -
1252 528 1323 575 sar.
1345 528 1399 576 nx
1661 506 1722 575 lbi

172 695 216 757 nil
240 696 322 779 sapit
344 697 377 759 in
399 699 492 761 rebus
514 699 695 762 carnalibus
719 718 755 762 ac
778 699 917 777 caducis,
933 696 1311 780 ressurrectionem
1330 700 1480 765 fidelibus
1499 705 1721 781 supernatura·
1733 723 1774 763 ua.
1789 732 1833 763 m.

40 806 125 851 Ρι-εω.
137 807 157 847 ⁸·
172 796 227 857 sed
252 814 326 859 cum
352 796 516 860 Psalmista
539 798 698 881 supplicat
723 798 786 861 Deo
808 822 815 859 ι
831 798 918 861 Educ
973 799 1015 863 lia
1025 800 1109 863 dona
1122 809 1154 863 et
1168 801 1269 863 media
1283 808 1377 880 atque
1391 800 1507 863 auxilia
1520 798 1721 881 pertingendi

171 894 211 955 de
226 913 355 957 carcere
370 895 508 959 animam
526 914 629 959 meam
644 896 683 959 ad
698 896 918 959 confitendum
973 897 1011 960 ad
1034 916 1104 959 eam
1117 921 1125 959 ε
1138 918 1208 979 quae
1223 906 1298 961 sunt
1319 898 1351 959 in
1376 897 1488 979 primis
1503 904 1567 959 tres
1588 896 1722 959 virtutes

172 992 296 1055 nomini
319 1001 384 1057 tuo.
974 996 1171 1077 theologice,
1184 997 1276 1073 lidos,
1289 1015 1372 1079 spes,
1386 997 1512 1075 caritas,
1521 1005 1633 1060 ceterae
1646 1015 1725 1077 quo-

212 1088 324 1151 Sestus
345 1090 461 1170 gradus
480 1098 511 1152 et
529 1098 619 1154 actus
642 1098 701 1169 est,
718 1110 782 1173 pre
803 1091 920 1154 amoris
974 1113 1035 1176 que
1051 1095 1183 1157 virtutes
1203 1094 1328 1172 inlusae,
1346 1104 1531 1177 septemque
1550 1095 1633 1158 dona
1655 1093 1723 1175 Spi-

171 1187 375 1250 vebementie
396 1208 414 1251 a
439 1208 471 1251 se
497 1188 567 1272 ipso
590 1188 731 1252 deficere
752 1199 845 1271 atque
867 1190 920 1252 de·
974 1194 1053 1255 ritus
1083 1193 1200 1271 Sancti,
1227 1213 1297 1275 quaa
1325 1202 1493 1257 enumerat
1521 1192 1722 1256 beatissimus

172 1286 274 1349 fluere
292 1286 499 1368 :languorem
515 1306 652 1369 namque
667 1307 752 1351 mors
767 1288 919 1369 consequi
974 1292 1082 1371 lsaias,
1108 1292 1326 1374 prophetando
1350 1294 1390 1356 de
1413 1292 1537 1356 Christo
1561 1315 1568 1354 ι
1589 1290 1725 1372 Requie-
1737 1316 1834 1366 rama.
1848 1319 1868 1359 a.

172 1385 263 1447 solet.
280 1385 387 1467 ltaque
411 1386 756 1468 superbenignissimus
779 1387 861 1449 Deus
887 1406 920 1450 se
976 1398 1040 1452 soet
1064 1409 1161 1471 super
1183 1410 1256 1453 eum
1280 1392 1410 1473 spiritus
1434 1388 1598 1472 sapientias
1622 1396 1653 1451 et
1676 1388 1724 1449 in·

171 1485 212 1546 ab
236 1484 344 1546 anime
367 1504 513 1548 amomsa
537 1504 610 1547 cum
635 1494 720 1548 tanto
744 1484 919 1568 exspectari
976 1488 1132 1565 tellectus‚
1148 1488 1281 1572 spiritus
1305 1488 1432 1552 consilii
1457 1495 1489 1551 et
1514 1486 1722 1566 tortitudinis,

171 1600 320 1661 moerore,
338 1602 411 1645 cum
436 1590 500 1645 tam
525 1583 670 1647 aestuanti
695 1583 814 1645 aflectu
839 1582 921 1644 desi·
976 1586 1106 1667 spiritus
1135 1587 1278 1649 scientias
1306 1596 1339 1650 et
1366 1586 1505 1669 pietatis,
1531 1595 1564 1649 et
1592 1583 1726 1667 replebit

171 1680 277 1743 derari
298 1681 510 1763 conspiciens,
529 1702 601 1745 eum
622 1681 742 1765 ingenti
768 1680 922 1763 dignatio·
976 1704 1048 1745 eum
1074 1683 1205 1765 spiritus
1229 1684 1353 1748 timoris
1376 1684 1510 1749 Domini.
1527 1684 1582 1747 llis
1605 1683 1723 1747 etenim

171 1798 213 1841 ne
229 1778 372 1860 miraque
388 1779 576 1843 liberalitate
587 1781 625 1843 ad
642 1780 727 1843 illam
742 1779 919 1858 revertitur,
976 1781 1069 1845 donis
1084 1782 1191 1846 anima
1209 1782 1323 1846 Christi
1344 1783 1405 1846 luit
1423 1802 1488 1866 pras
1507 1781 1656 1846 omnibus
1677 1780 1726 1843 in·

171 1886 267 1959 atque
291 1878 329 1941 ad
355 1878 603 1961 splendidiorem
628 1878 676 1941 sui
702 1876 921 1960 contemplati·
939 1878 962 1941 B
977 1880 1236 1961 comparabiliter
1250 1881 1356 1963 plena.

171 1993 279 2053 onem,
302 1976 342 2038 ad
371 1976 554 2041 calidiorem
583 1977 631 2039 sui
660 1996 801 2040 amorem
829 1976 922 2057 erigit
1017 1979 1136 2042 Horum
1157 1981 1312 2044 donorum
1333 1979 1472 2062 primum
1493 1987 1588 2061 atque
1609 1978 1726 2041 altissi-

173 2072 288 2155 ipsam‚
306 2074 340 2136 in
359 2082 481 2137 tantum
498 2084 532 2138 ut
551 2074 621 2157 ipsa
635 2085 735 2139 totum
755 2075 838 2139 ferre
857 2092 922 2137 non
978 2096 1066 2139 mum
1082 2085 1130 2141 est
1148 2078 1309 2159 sapientie
1322 2079 1453 2157 donum,
1473 2076 1623 2141 videlicet
1643 2077 1727 2159 sapi-

173 2172 296 2253 valens,
317 2172 473 2237 exclamet
493 2196 500 2236 :
524 2174 655 2237 Domine
681 2174 775 2253 Deus,
795 2173 922 2237 contine
978 2176 1065 2237 entia
1080 2174 1161 2258 ipsa,
1177 2195 1247 2256 quae
1266 2184 1315 2238 est
1332 2176 1460 2239 babitus
1479 2174 1727 2257 supernaturalis

173 2272 276 2333 undas
299 2271 408 2353 gratias
432 2280 503 2336 tuae.
520 2272 584 2336 Hoc
603 2280 752 2355 expertus
771 2272 923 2335 ieremias
980 2271 1106 2335 inlusus
1129 2291 1193 2355 quo
1216 2273 1315 2336 Deum
1339 2292 1412 2336 cum
1437 2273 1564 2336 interno
1586 2281 1728 2337 contem·

51 2395 156 2445 arxes.
172 2371 329 2452 propbeta
346 2394 354 2432 ε
370 2370 484 2433 Factus
507 2378 555 2433 ost
578 2370 709 2453 (inquit)
737 2390 841 2433 sermo
865 2370 924 2435 Do-
978 2372 1105 2453 plamur
1126 2389 1250 2453 sapore,
1270 2379 1365 2451 atque
1386 2372 1426 2435 de
1447 2390 1485 2435 ec
1507 2370 1664 2434 veraciter
1676 2371 1727 2453 ju·

173 2468 253 2531 mini
270 2468 302 2529 in
318 2468 413 2531 corde
429 2487 500 2531 meo
515 2469 604 2551 quasi
627 2468 710 2551 ignis
726 2476 921 2546 exaestuans3
979 2470 1124 2534 dicamus
1153 2488 1225 2532 oum
1253 2478 1349 2551 gustu
1373 2469 1510 2547 interno,
1531 2488 1589 2551 per
1612 2488 1729 2533 conne-

172 2575 203 2628 et
225 2566 342 2643 deieci,
360 2564 443 2629 ferre
464 2585 528 2630 non
551 2566 856 2649 sustinens.llaptus
879 2575 924 2628 et·
980 2567 1173 2630 turalitatem
1201 2568 1339 2636 allectus
1366 2569 1405 2630 ad
1434 2568 1550 2649 ipsum.
1582 2567 1639 2631 Per
1666 2568 1728 2631 boc

172 2663 259 2725 enim
274 2664 401 2725 animus
417 2663 450 2725 in
470 2663 858 2747 supersplendidissimam
881 2664 925 2726 lu·
980 2667 1111 2746 donum,
1132 2685 1230 2747 quum
1254 2665 1351 2729 luerit
1378 2664 1566 2748 perlectum,
1587 2664 1730 2727 eflicitur

172 2761 219 2825 eis
233 2770 358 2825 aeternae
374 2762 750 2839 immensitatem‚deiluit
765 2782 827 2825 ese
843 2762 922 2845 ipso,
980 2764 1074 2827 bomo
1088 2764 1178 2845 quasi
1194 2762 1393 2827 consiliarius
1407 2783 1444 2826 ac
1459 2762 1646 2826 secretarius
1660 2762 1728 2841 Dei,

173 2860 206 2921 in
232 2860 401 2922 Dominum
430 2860 588 2923 transiens
617 2860 804 2941 majestatis,
829 2868 924 2942 atque
981 2862 1023 2925 ita
1044 2863 1129 2945 quod
1151 2882 1225 2924 cum
1248 2870 1358 2924 sancto
1379 2861 1477 2923 David
1499 2860 1605 2925 dicere
1626 2869 1730 2942 potest

172 2958 379 3022 obdormiens
395 2958 428 3019 in
443 2958 561 3022 dilecto
579 2983 586 3021 :
605 2960 688 3040 quod
704 2959 744 3021 lit
758 2960 925 3041 prudomi-
980 2961 1043 3023 Deo
1061 2960 1204 3023 :lacerta
1218 2969 1251 3022 et
1264 2959 1389 3022 occulta
1409 2958 1573 3039 sapientias
1587 2967 1650 3022 tuas
1663 2978 1729 3021 ma·
1743 2984 1783 3027 rs.
1793 2986 1843 3033 aa.

173 3066 270 3120 nante
296 3056 328 3118 in
354 3056 462 3121 animo
483 3057 651 3121 intuitione
675 3066 799 3121 eternas
823 3067 856 3121 et
877 3058 924 3120 iu·
942 3060 964 3123 C
979 3058 1138 3122 niiestasti
1160 3058 1250 3121 mihi.
1267 3057 1388 3139 ltaque,
1405 3076 1463 3140 per
1483 3058 1544 3121 boc
1565 3056 1729 3140 sapientie

173 3156 471 3237 comprehensibilis
491 3164 522 3219 et
542 3157 860 3239 superpulcherrimae
876 3157 923 3219 lu·
978 3161 1098 3222 donum
1124 3165 1218 3238 atque
1243 3177 1300 3239 per
1325 3155 1460 3237 Spiritus
1485 3155 1591 3218 Sancti
1613 3157 1729 3237 gratio

173 3255 233 3333 cis,
250 3263 556 3336 preoccupanteque
572 3263 674 3318 totum
695 3255 797 3318 divini
813 3256 924 3318 ardore
979 3277 1046 3320 sam
1063 3254 1606 3336 illuminationem,contemplantur
1618 3252 1730 3317 iideles

173 3353 303 3417 amoris.
321 3353 344 3417 0
361 3372 456 3434 quarn
476 3353 557 3416 bene
577 3362 677 3416 exstat
698 3363 773 3416 tunc
795 3353 922 3417 animat
979 3356 1104 3438 purgati
1123 3374 1160 3418 ac
1180 3353 1313 3416 virtuosi
1329 3354 1427 3416 Deum
1451 3351 1578 3415 felicem
1597 3371 1635 3415 ac
1655 3352 1729 3414 inii-

173 3471 270 3533 quam
296 3471 419 3532 serena,
440 3469 536 3532 quam
560 3451 702 3532 jucunda
723 3459 797 3514 sunt
817 3451 926 3515 omnia
979 3455 1094 3531 nitum,
1125 3452 1180 3533 qui
1210 3459 1259 3514 est
1287 3451 1386 3514 virtus
1414 3450 1580 3528 virtutum,
1611 3450 1728 3514 veritas

174 3560 251 3613 tunc
277 3550 310 3611 in
338 3557 396 3613 eat
424 3550 481 3612 Ubi
508 3558 583 3613 tunc
610 3549 733 3613 nebule
759 3550 921 3628 vitiorum,
979 3554 1093 3636 prima,
1109 3551 1235 3614 bonitas
1251 3569 1387 3629 summa,
1403 3549 1509 3612 unitas
1528 3549 1728 3630 simplicissi-

175 3649 319 3714 turbines
339 3651 537 3732 passionum,
555 3649 771 3714 involutiones
793 3651 925 3732 phanta-
979 3671 1041 3729 ma,
1058 3649 1179 3731 puritas
1196 3666 1324 3730 pmrsus
1344 3646 1499 3708 immensa
1517 3669 1523 3708 :
1541 3645 1633 3726 cujus
1657 3665 1727 3709 esse

175 3757 325 3827 smatum,
343 3747 512 3811 varietates
536 3748 798 3812 distmctionumt
815 3747 924 3812 Nonne
978 3766 1106 3812 omnem
1131 3746 1342 3822 nobilitatem,
1365 3743 1605 3825 perlectionem,
1629 3744 1727 3806 beati-

174 3867 192 3909 a
208 3846 379 3930 praeseutia
393 3846 475 3910 Solis
489 3846 629 3928 justitiae,
646 3866 665 3909 a
683 3855 855 3929 conspectu
871 3848 926 3910 So-
978 3847 1131 3922 tudinem,
1145 3864 1218 3907 cum
1233 3843 1406 3906 eminentia
1420 3840 1547 3904 iniinita
1561 3841 1727 3925 simplicis·

176 3945 215 4007 lis
240 3945 458 4027 intelligentias
477 3944 605 4026 lugiunt
623 3945 731 4008 omnia
750 3945 824 4007 illei
839 3945 924 4008 lstud
979 3946 1057 4008 sime
1072 3944 1224 4007 continet.
1232 3943 1298 4006 lmo
1312 3961 1382 4004 esse
1397 3940 1725 4020 divinum,aetemum‚

73 4076 111 4104 aa.
134 4079 161 4116 a,
176 4044 272 4127 plane
296 4064 360 4108 non
386 4043 521 4108 volentis
546 4051 604 4122 est,
628 4063 731 4126 neque
756 4044 922 4122 currentis,
980 4045 1168 4119 increatum,
1183 4040 1350 4103 estomnis
1370 4037 1536 4121 perfectio,
1553 4038 1657 4101 omnis
1671 4056 1729 4101 no

68 4158 72 4168 ’
177 4143 232 4206 sed
255 4143 310 4206 Dei
333 4141 525 4220 miserentis,
549 4142 664 4222 dantis,
685 4142 922 4224 omnipotentis.
980 4142 1098 4219 bilitas,
1114 4140 1218 4204 omnis
1244 4138 1416 4215 beatitudo,
1439 4145 1548 4220 utpote
1572 4135 1727 4218 sapientia

940 4241 964 4304 D
981 4239 1195 4318 interminata,
1212 4235 1444 4318 omnipotentia
1466 4234 1636 4312 illimitata,
1658 4235 1727 4315 pul-

422 4391 424 4394 -
980 4338 1127 4402 chritudo
1142 4337 1307 4412 immensa,
1320 4334 1449 4397 infinita
1463 4333 1610 4413 dulcedo,
1618 4333 1727 4416 sicque

365 4425 610 4491 ARTICULUS
639 4425 733 4490 XIX.
979 4438 1019 4499 (ιθ
1039 4435 1121 4498 apis,

176 4573 225 4632 De
246 4568 517 4643 contemplatione
538 4565 601 4628 Dei
623 4565 789 4632 altissimi,
805 4573 834 4622 ct
858 4582 927 4639 opr-
1020 4535 1162 4614 D⁰¹¹iq¹¹0
1176 4534 1214 4596 ad
1231 4530 1532 4614 ⁰⁰¹¹¹⁰¹¹¹Plflii⁰¹¹0¹¹¹
1552 4531 1645 4593 istam
1660 4530 1728 4592 tho·

218 4657 405 4718 ratioat‘bus
431 4655 503 4732 ejus
527 4656 562 4714 ia
587 4653 701 4713 anima
727 4672 872 4712 amorosa
897 4662 926 4712 et
980 4635 1100 4698 orieam
1120 4632 1175 4694 Dei
1198 4651 1255 4714 per
1273 4629 1459 4711 sapientiem
1484 4629 1640 4692 unitivam
1665 4629 1728 4690 sin-

218 4755 342 4808 saacta.
981 4731 1244 4812 cerissimumque
1272 4747 1425 4806 amorem,
1452 4727 1638 4810 pertingunt
1666 4727 1727 4788 viri

981 4828 1101 4893 heroici
1115 4847 1153 4891 ac
1169 4827 1283 4890 iideles
1304 4825 1436 4908 perlecti
1456 4825 1648 4907 dupliciter:
1664 4824 1729 4905 pri-

257 4932 347 4998 EDIA
371 4930 430 4994 lini
451 4929 683 5012 proportionari
711 4948 841 4992 necesse
867 4937 925 4991 est.
982 4948 1045 5004 mo,
1062 4929 1101 4990 ad
1125 4945 1194 4988 eam
1220 4925 1386 4999 conaud03
1402 4922 1553 5002 secundo,
1573 4922 1728 4986 divinitus

271 5029 425 5106 Quoniam
453 5029 559 5110 itaque
587 5029 626 5090 ad
656 5028 927 5111 supernaturalem
982 5024 1206 5110 praeveniendo
1233 5022 1368 5104 passive,
1391 5040 1428 5084 ac
1456 5022 1592 5102 desuper
1620 5020 1729 5084 incho-

180 5130 280 5192 iinem
302 5135 334 5192 et
353 5124 584 5190 beatitudinem
605 5133 729 5188 creatus
750 5133 797 5187 est
821 5125 926 5203 homo,
983 5127 1077 5188 ando.

181 5238 257 5314 puta
277 5228 317 5291 ad
337 5225 497 5304 moialem,
514 5223 677 5288 fruitivam
697 5233 729 5287 et
747 5224 928 5287 beatificam
1024 5221 1147 5285 Primus
1167 5221 1280 5283 modus
1299 5227 1358 5296 est,
1374 5219 1451 5279 dum
1469 5217 1564 5280 bomo
1590 5236 1623 5279 se
1644 5225 1731 5299 aptat

182 5329 236 5393 Dei
252 5323 530 5410 superdignissimi
547 5323 709 5404 visionem,
717 5324 798 5387 sicut
813 5323 929 5406 preba-
986 5341 1022 5384 ac
1039 5327 1193 5402 preparat
1207 5318 1246 5380 ad
1261 5317 1321 5380 boc
1336 5315 1420 5397 quod
1442 5333 1521 5398 apex
1535 5313 1652 5378 mentis
1666 5334 1731 5380 suaa
