4309 6250
421 484 481 548 {30
644 503 684 551 DE
704 504 868 551 promittit
888 502 926 549 ΕΤ
947 501 1095 548 ttoomos
1115 502 1143 547 B.
1166 502 1197 548 V.
1220 500 1335 557 lldlilAE,
1359 501 1446 547 LlBlili
1466 500 1511 547 Ill.
1533 520 1574 531 -
1594 502 1663 547 titt.
1686 501 1751 547 xvlt

423 691 520 755 quam
535 674 630 737 etiam
645 674 811 739 verissime
826 694 859 738 se
879 674 980 757 ipsam
996 681 1027 736 et
1040 674 1210 736 omnemA
1226 672 1403 734 reverentia
1426 691 1550 734 summa
1575 671 1655 734 dixit
1678 694 1686 733 :
1712 670 1736 733 0
1759 671 1844 733 Deus
1867 685 1982 747 meus,

425 790 515 834 suam
545 774 770 854 proprietatem
800 772 995 853 cognoverit,
1022 779 1109 853 patet
1133 790 1171 833 ex
1224 770 1302 850 quid
1325 779 1371 850 tu,
1396 771 1528 850 etquid
1554 773 1635 851 egoi
1660 769 1759 847 Unde,
1782 786 1846 850 quo
1871 767 1983 829 Deum

276 887 409 930 mala..
423 868 612 931 introductis
640 870 672 931 in
702 870 842 933 secundo
871 869 991 932 libello.
1022 868 1096 930 Ideo
1124 868 1172 929 in·
1224 868 1391 949 gratiosius
1410 888 1446 930 ac
1461 867 1564 948 magis
1583 867 1752 948 dignanter
1765 884 1873 928 secum
1890 863 1984 944 egis-

422 967 560 1029 notcscit
583 968 666 1047 quod
696 988 735 1031 ex
760 977 848 1049 parte
873 968 1038 1047 utriusque
1064 965 1172 1046 cogni-
1225 985 1259 1027 se
1284 966 1458 1047 conspexit,
1475 983 1513 1028 co
1537 964 1758 1027 vehementius
1782 962 1981 1038 mirabatur,

421 1064 519 1127 tionis
542 1064 645 1145 istius,
663 1066 799 1128 inomni
819 1064 974 1127 exstiterit
993 1063 1171 1126 humilitate
1225 1063 1462 1143 regradabatur,
1492 1071 1524 1125 ct
1551 1061 1740 1124 humiliabat
1767 1080 1801 1123 se
1829 1059 1981 1141 penitus.

422 1161 632 1225 ineffabiliter
660 1182 784 1225 summa
813 1161 1171 1243 incomparabiliterquo
1223 1161 1290 1234 Quo
1318 1160 1413 1222 etiam
1439 1180 1528 1222 suam
1558 1160 1743 1242 parvitatem
1773 1178 1810 1221 ac
1837 1156 1985 1238 qualita-

422 1259 575 1341 perfecta,
594 1260 704 1341 sicque
723 1260 755 1323 in
775 1261 872 1323 totius
895 1258 1083 1322 humilitatis
1099 1257 1172 1319 fun·
1224 1266 1288 1320 tem
1323 1257 1560 1339 comparatione
1599 1256 1736 1320 infinitae
1775 1255 1983 1318 excellentiae

422 1358 464 1421 do
487 1358 592 1421 delixa
615 1377 798 1441 oceanoque
822 1359 976 1434 demersa,
1004 1356 1088 1437 quod
1117 1375 1172 1437 ap-
1223 1355 1278 1419 Dei
1304 1356 1470 1438 limpidius
1493 1364 1637 1436 noverat,
1663 1365 1758 1437 atquc
1783 1372 1841 1436 pro
1868 1352 1982 1416 nihilo

423 1455 647 1536 plaudentibus
675 1456 776 1519 turbis
804 1456 884 1518 Filio
910 1456 981 1536 ejus
1005 1463 1100 1534 atquc
1124 1454 1171 1515 di·
1224 1453 1392 1535 reputavit,
1409 1472 1447 1517 eo
1466 1453 1704 1537 profundiorem
1725 1453 1774 1515 sui
1791 1452 1892 1534 ipsius
1915 1453 1986 1513 hu-

282 1567 358 1611 rrm.
371 1580 408 1620 vu.
423 1552 580 1631 centibus,
604 1553 688 1615 lione
707 1554 813 1616 omnia
831 1553 920 1631 fecit,
942 1562 984 1630 ot,
1002 1551 1169 1632 Nunquam
1224 1551 1431 1613 miliationem
1454 1551 1612 1631 concepit.

276 1632 406 1745 mm
421 1648 569 1731 apparuit
584 1648 629 1711 sic
644 1650 677 1711 in
692 1650 799 1727 lsrael,
811 1658 853 1727 et,
865 1650 1020 1732 Propheta
1035 1668 1170 1730 magnus
1262 1649 1384 1728 Adhuc,
1400 1668 1499 1730 quum
1515 1648 1611 1711 fuerit
1624 1648 1822 1711 docilissima
1836 1667 1872 1709 ac
1895 1648 1982 1710 obe-

277 1758 311 1797 ³³·
421 1746 556 1809 surrexit
579 1746 613 1808 in
641 1747 744 1827 nobie,
771 1755 812 1824 et,
838 1746 895 1809 Hic
923 1755 972 1808 est
995 1764 1069 1808 vere
1097 1745 1171 1809 Pro·
1223 1745 1421 1808 dicatissima
1452 1745 1567 1807 Christi
1606 1745 1774 1826 discipula,
1805 1743 1982 1827 perfectis-

273 1817 406 1929 Lfflffi
421 1846 516 1925 pheta
540 1845 594 1925 qui
621 1854 775 1907 venturus
803 1853 852 1907 est
876 1844 910 1906 in
938 1846 1105 1923 muudum,
1131 1863 1167 1905 ac
1185 1848 1209 1910 B
1224 1843 1302 1905 sime
1321 1843 1434 1906 didicit
1452 1844 1492 1905 ab
1512 1844 1624 1905 eodem
1645 1842 1730 1923 quod
1748 1842 1837 1919 dixit,
1853 1842 1980 1904 Discite
2007 1870 2116 1913 natan

275 1944 308 1985 ¹⁴·
421 1961 541 2020 rursus,
567 1942 758 2005 Benedictus
781 1943 837 2023 qui
866 1942 955 2005 venit
981 1943 1013 2004 in
1039 1942 1168 2004 nominc
1222 1961 1242 2003 a
1266 1960 1316 2003 mc
1341 1940 1416 2021 quia
1440 1940 1526 2002 mitis
1551 1960 1621 2002 sum
1642 1948 1674 2002 et
1695 1939 1825 2002 humilis
1846 1940 1943 2003 corde
1966 1964 1976 2001 ε
1996 1936 2033 1975 ²⁹·

272 2003 405 2120 {iffi
420 2039 556 2119 Domini,
586 2041 730 2102 hosanna
757 2040 791 2102 in
826 2040 972 2117 excelsis
1003 2058 1166 2120 nunquam
1222 2039 1396 2120 prasertim
1418 2038 1566 2119 quoniam
1584 2038 1662 2100 vidit
1679 2037 1783 2115 illum,
1800 2037 1891 2119 cujus
1912 2038 1980 2099 im-

272 2130 307 2173 ⁸⁸·
418 2138 555 2200 inaniter
588 2146 637 2200 est
668 2138 789 2220 gavisa,
820 2158 880 2201 nec
914 2138 1069 2220 spirituali
1104 2138 1168 2200 ela·
1222 2156 1364 2198 mensam
1386 2136 1506 2218 optime
1526 2144 1659 2199 noverat
1678 2136 1886 2217 majestatem,
1904 2145 1979 2197 tarn

417 2235 504 2299 tione
525 2234 601 2297 hinc
624 2245 719 2299 mota.
1221 2234 1398 2296 humillime
1420 2254 1457 2296 ac
1477 2234 1661 2296 obedienter
1681 2252 1790 2296 secum
1811 2242 1842 2296 ct
1861 2252 1977 2296 coram

457 2332 686 2414 Denique,post
701 2334 882 2397 missionem
897 2333 1166 2415 Paraclcti,quum
1222 2352 1256 2394 se
1283 2331 1424 2413 quotidie
1457 2341 1710 2410 conversantem,
1740 2332 1833 2412 cujus
1864 2351 1979 2395 exem·

417 2430 457 2492 ab
483 2430 640 2494 universis
667 2432 818 2494 fidelibus
843 2451 918 2494 vcra
942 2432 996 2493 Dei
1026 2431 1167 2494 Genitrix
1222 2430 1367 2511 plaritate
1391 2438 1423 2491 et
1446 2428 1644 2491 virtuositate
1668 2428 1877 2491 ineffabiliter
1895 2430 1977 2492 adi-

418 2530 609 2609 crederetur,
636 2538 729 2610 atquc
758 2530 791 2590 iu
818 2549 942 2592 summa
968 2536 1039 2611 post
1067 2528 1165 2590 Deum
1222 2527 1379 2589 ficabatur
1399 2535 1432 2588 et
1452 2526 1686 2589 accendebatur
1706 2526 1936 2589 indesinenter.

417 2625 627 2689 admiratione
643 2626 910 2707 venerationeque
929 2627 1110 2704 haberetur,
1128 2645 1165 2687 ac
1261 2625 1404 2706 insuper,
1435 2624 1467 2686 in
1501 2624 1630 2686 Actibus
1658 2624 1880 2706 Apostolorum
1915 2626 1976 2688 de-

417 2725 504 2786 cultu
518 2725 714 2806 hyperduliae
735 2725 904 2803 coleretur,
920 2744 1019 2806 quum
1039 2724 1165 2786 adeam
1221 2723 1660 2802 scribiturquemadmodum
1682 2722 1779 2785 misso
1806 2731 1839 2785 et
1859 2722 1973 2787 infuso

416 2822 676 2903 conspiciendam
700 2822 806 2884 multae
830 2830 862 2884 et
883 2822 1072 2884 excellentes
1096 2841 1166 2901 per·
1219 2820 1391 2899 Paracleto,
1419 2819 1581 2883 constituti
1608 2828 1683 2881 suut
1711 2828 1832 2902 septem
1861 2820 1974 2885 diaco-
1989 2842 2119 2890 Aecum

416 2937 501 2981 sonat
533 2938 572 2981 ex
604 2919 741 2982 diversis
770 2920 881 2981 mundi
915 2920 1057 3000 partibus
1091 2938 1166 2981 con·
1220 2919 1266 2996 ni,
1300 2927 1332 2981 et
1364 2919 1459 2999 paulo
1491 2926 1564 2979 ante
1596 2917 1740 2979 Matthias
1774 2936 1831 2999 pro
1864 2919 1969 2999 luda,
2003 2940 2119 2986 rotam

416 3016 572 3096 venirent,
598 3024 630 3078 et
652 3016 794 3097 undiquc
819 3016 1054 3079 diffunderetur
1080 3016 1202 3079 famaC
1221 3016 1383 3097 multaque
1414 3016 1478 3077 alia
1511 3016 1685 3078 recitantur
1717 3016 1836 3078 ibidem
1864 3026 1968 3099 gesta.
1988 3004 2028 3045 ²⁸·

415 3113 536 3194 ipsius,
566 3133 730 3195 nunquam
767 3134 804 3177 ax
837 3114 931 3177 tantis
964 3114 1030 3176 suis
1067 3113 1166 3177 hono
1221 3115 1445 3177 Verumtamen
1460 3114 1493 3176 in
1508 3121 1573 3177 toto
1588 3114 1669 3178 libro
1685 3113 1740 3178 illo
1755 3114 1835 3177 nihil
1850 3114 1973 3198 legitur

416 3211 582 3276 rificentiis
599 3221 693 3292 atque
708 3215 876 3294 praeconiis
896 3232 1097 3295 quacumque
1112 3233 1166 3276 va·
1220 3213 1473 3296 praedignissima
1494 3213 1582 3294 virgo
1601 3212 1696 3275 Maria
1715 3214 1830 3294 egisse,
1850 3214 1971 3277 dixisse

415 3309 515 3372 nitate
543 3317 598 3372 aut
626 3311 774 3392 superbia
806 3319 855 3373 est
882 3310 1016 3391 pulsata,
1047 3313 1102 3373 sed
1132 3313 1165 3373 in
1220 3318 1275 3373 aut
1311 3310 1488 3388 ordinasse,
1518 3318 1573 3371 aut
1604 3318 1747 3373 materna
1780 3311 1972 3375 auctoritate

416 3407 667 3489 profundissima
694 3407 873 3470 humilitate
906 3408 1025 3470 mansit
1053 3409 1166 3473 immo·
1220 3409 1379 3472 ullatenus
1409 3417 1580 3472 attentasse
1608 3409 1659 3471 vel
1689 3429 1723 3472 sc
1755 3410 1972 3473 intromisisse

416 3504 497 3568 bilis.
525 3504 603 3584 lmo,
630 3523 693 3586 quo
723 3505 796 3586 plus
825 3507 1040 3586 reputabatur,
1066 3507 1167 3571 hono-
1219 3508 1259 3568 de
1284 3507 1399 3588 aliquo.

416 3603 554 3683 robatur,
579 3601 768 3665 laudabatur
792 3602 831 3665 ab
856 3603 1015 3683 omnibus,
1037 3623 1075 3668 eo
1100 3624 1167 3667 am·
1260 3605 1402 3686 equam
1430 3604 1595 3686 immensa,
1623 3605 1883 3687 incomparabilis
1910 3607 1975 3669 bu-

415 3700 500 3783 plius
520 3700 704 3764 humiliavit
726 3719 759 3764 se
776 3701 915 3784 :jugiter
935 3711 968 3765 et
985 3702 1017 3764 in
1041 3703 1165 3765 cunctis
1220 3702 1339 3766 militas
1361 3723 1493 3765 summat
1512 3711 1543 3765 ct
1561 3703 1708 3784 gloriosa
1727 3703 1850 3767 Mariaet
1867 3704 1974 3779 Quan-

416 3806 516 3861 totum
551 3799 670 3862 bonurn
706 3819 799 3862 suum
827 3801 891 3863 beo
924 3819 999 3862 cum
1031 3819 1167 3882 praecor-
1219 3810 1287 3864 tum
1302 3810 1441 3865 nostram
1458 3800 1627 3864 confundit
1645 3801 1866 3864 stultissimam
1881 3803 1972 3865 dam-

415 3896 592 3959 dialissima
616 3897 791 3978 gratiarum
819 3898 945 3961 actione
970 3917 1007 3960 ac
1032 3899 1166 3978 purissi—
1219 3899 1515 3980 nobilissimamque
1530 3899 1888 3980 superbiamtqucniam
1903 3920 1971 3964 nou

415 4013 468 4056 ma
495 3995 675 4058 humilitate
704 3994 892 4075 attribuens,
918 4003 950 4058 et
978 4004 1065 4058 tanto
1095 4014 1166 4077 per·
1219 3998 1364 4060 obstante
1398 3999 1483 4078 quod
1519 4015 1628 4059 sumus
1663 3997 1751 4059 omni
1783 3995 1968 4078 fragilitate,

416 4089 530 4153 fectius
546 4110 580 4153 se
595 4090 643 4152 illi
658 4091 691 4151 in
706 4093 794 4154 omni
815 4093 998 4155 obedientia
1013 4093 1165 4171 subdens,
1219 4094 1462 4156 defectuositate
1490 4113 1527 4156 ac
1563 4093 1667 4176 culpis
1695 4094 1820 4177 repleti,
1850 4097 1972 4176 gravis-

417 4195 535 4269 quanto
576 4188 667 4268 plura
707 4197 738 4250 et
774 4189 982 4251 eminentiora
1021 4189 1060 4252 ab
1096 4191 1374 4273 ipscltsimisque
1394 4200 1426 4253 ct
1443 4211 1525 4272 pene
1545 4190 1722 4254 innumeris
1740 4192 1972 4273 periculiscir-

418 4285 576 4348 beneficia
596 4283 657 4346 fuit
675 4285 806 4364 sortita;
822 4285 1008 4367 plenissime
1028 4287 1166 4370 implens
1221 4288 1372 4368 cumdati,
1401 4297 1434 4350 et
1460 4289 1572 4351 incerti
1607 4308 1648 4351 an
1677 4289 1777 4351 simus
1804 4289 1898 4352 electi
1926 4311 1969 4354 an

418 4383 503 4466 quod
530 4383 575 4445 ait
608 4382 769 4464 Scriptura
801 4407 807 4445 :
838 4383 960 4457 Quanto
989 4386 1092 4468 maj0r
1118 4407 1164 4465 es,
1221 4386 1359 4468 reprobi,
1382 4405 1423 4448 an
1448 4404 1554 4448 amore
1578 4404 1619 4447 an
1644 4386 1717 4448 odio
1740 4386 1845 4468 digni3
1861 4396 1969 4466 tamen
1986 4411 2123 4456 aecem

300 4495 305 4506 ·
418 4479 552 4541 humilia
574 4488 605 4542 te
628 4478 661 4540 in
683 4480 842 4543 omnibus
1221 4484 1335 4546 ceteris
1369 4484 1484 4546 uostris
1520 4484 1658 4547 miseriis
1690 4503 1729 4547 ac
1761 4485 1851 4548 vitiis
1885 4487 1971 4551 hanc

459 4578 555 4640 Erant
589 4577 708 4640 etenim
743 4579 772 4642 ci
810 4599 935 4662 semper
969 4583 1069 4663 aperti
1102 4585 1166 4648 duo
1220 4601 1346 4664 quoque
1374 4581 1544 4662 adjicimus
1569 4581 1775 4664 impietatem,
1798 4583 1967 4665 insaniam,

419 4675 501 4754 libri,
524 4677 556 4738 id
579 4685 629 4739 est
651 4678 722 4739 dura
745 4677 997 4742 illuminationes
1021 4681 1163 4744 internae.
1221 4679 1471 4763 perversitatem,
1501 4681 1586 4760 quod
1612 4680 1793 4743 extollimus
1827 4701 1863 4745 ac
1897 4684 1971 4746 aliis

418 4774 504 4836 Unus
535 4773 596 4837 fuit
624 4775 705 4838 liber
737 4776 947 4856 sapientialis,
977 4778 1010 4839 in
1038 4797 1101 4858 quo
1129 4799 1167 4842 ea
1220 4777 1417 4861 praeferimus
1446 4777 1669 4860 nosmetipsos,
1697 4797 1762 4841 non
1790 4788 1971 4845 metuentes

418 4891 488 4954 quaa
520 4873 574 4934 Dei
608 4882 681 4935 sunt
717 4881 747 4936 et
781 4893 908 4937 omnem
947 4876 1166 4939 excellentiam
1220 4884 1343 4940 secreta
1363 4893 1401 4938 ac
1422 4877 1592 4939 metuenda
1611 4875 1732 4956 judicia
1752 4876 1820 4958 liei,
1835 4879 1892 4959 qui
1917 4899 2117 4954 su-Jmam

419 4971 489 5051 ejus
522 4971 798 5052 contemplabatur
829 4973 993 5053 perlucide
1026 4992 1062 5037 ao
1095 4994 1167 5057 pro-
1220 4974 1328 5059 perbis
1348 4974 1478 5051 resistit,
1495 4983 1527 5036 et
1548 4974 1722 5036 humilibus
1742 4976 1797 5037 dat
1819 4977 1967 5058 gratiam,

419 5066 529 5130 funde.
546 5068 633 5130 Alter
656 5066 719 5130 luit
738 5068 818 5130 liber
843 5069 1029 5152 scientialis,
1046 5071 1079 5134 in
1103 5092 1166 5153 quo
1221 5081 1252 5135 ct
1280 5075 1329 5152 (ut
1356 5072 1452 5134 totius
1485 5072 1636 5151 magistra
1668 5072 1857 5136 humilitatis
1890 5074 1971 5138 fate·

420 5184 454 5227 se
474 5166 578 5248 ipsam
598 5174 630 5228 et
648 5185 685 5228 ea
707 5183 777 5246 quat
798 5185 854 5228 sua
875 5176 967 5230 erant
986 5167 1168 5232 intuebatur
1220 5172 1285 5249 tur)
1305 5169 1455 5251 dispersit
1475 5171 1628 5251 superbos
1649 5179 1756 5233 mente
1777 5172 1882 5235 cordis
1903 5174 1967 5237 sui.
1984 5191 2120 5244 must.

418 5261 607 5326 clarissime.
638 5262 753 5343 Sicque
787 5282 860 5327 cum
893 5265 1099 5329 admiratione
1134 5275 1167 5329 et
1221 5267 1245 5332 0
1272 5285 1347 5331 vere
1375 5265 1558 5330 beatissima
1582 5266 1721 5349 Virginis
1748 5268 1969 5350 glorificanda
