4309 6250
234 520 276 567 ns
297 522 506 569 sucromrarn
527 524 622 571 suurn
642 521 810 571 ronrrrrars
831 523 870 569 nr
889 522 1058 571 erumnas
1080 520 1219 581 conorari,
1242 524 1330 571 nram
1351 525 1371 571 r.
1394 542 1434 553 —
1455 523 1526 570 aar.
1549 523 1645 570 xrsrr
1671 502 1732 569 tea

183 691 429 771 Sententiarum,
445 693 650 757 distinctione
665 694 816 757 vicesima
837 695 968 775 quin-A
984 693 1137 777 plurimas
1159 696 1361 759 auctoritates
1385 705 1417 760 et
1441 697 1579 760 rationes
1604 696 1732 777 copiose

183 798 225 869 ta,
244 790 373 872 latetur,
400 792 426 854 si
451 791 534 875 Papa
557 811 615 873 pro
638 793 746 873 aliquo
770 792 927 875 spirituali
984 812 1080 875 supra
1112 794 1268 873 inductas,
1298 794 1429 876 allegari
1464 801 1593 877 possent
1625 794 1732 856 multe
1758 816 1800 854 ur.
1817 822 1878 862 aaa.

181 907 299 950 munus
327 889 497 971 acciperet,
520 889 688 952 simoniam
717 890 929 953 committeret
983 891 1161 953 Decretales
1190 892 1388 974 propositum
1417 892 1615 955 lucidissime
1644 886 1803 954 aiiir-¹¹¹'·

182 986 266 1048 sicut
290 995 322 1049 ct
345 987 428 1049 alius
445 987 547 1051 'bomo
565 1011 572 1049 :
589 986 755 1069 potissima
776 989 928 1070 quoniam
985 997 1120 1068 mantes,
1142 998 1176 1052 ut
1199 998 1247 1053 est
1272 998 1372 1053 textus
1396 990 1450 1072 qui
1475 991 1519 1052 ait
1542 991 1626 1072 quad
1651 989 1732 1073 Papa
1752 1008 1879 1061 emnam,

181 1085 302 1164 Petrus,
323 1086 417 1167 cajus
441 1086 510 1169 ipse
533 1106 699 1149 successor
721 1096 780 1167 est,
807 1088 929 1169 primus
985 1097 1035 1150 est
1056 1096 1161 1151 rector
1188 1088 1379 1153 universalis
1404 1088 1563 1152 Ecclesiae.
1590 1087 1628 1151 Et
1651 1088 1733 1150 alius
1747 1072 1875 1123 ΨΜ·

182 1184 216 1245 in
235 1201 319 1246 novo
339 1184 540 1248 Testamenta
559 1184 705 1247 simonias
723 1186 836 1248 vitium
855 1205 930 1249 con·
985 1195 1088 1250 textus
1112 1186 1155 1249 ait
1180 1187 1295 1269 Papam
1321 1188 1533 1251 universalem
1557 1187 1732 1251 Ecclesiam

180 1282 354 1344 damnavit.
372 1282 435 1345 Nec
451 1302 501 1347 res
514 1282 664 1346 Ecclesiae
679 1291 754 1346 sunt
768 1284 867 1365 ipsius
882 1303 931 1347 se·
985 1305 1096 1366 regere
1121 1285 1229 1366 illique
1254 1286 1433 1369 presidere.

181 1381 324 1443 cundum
337 1381 513 1461 quemlibet
527 1382 653 1443 modum
667 1382 881 1461 babendi‚sed
896 1391 931 1444 ut
1027 1384 1087 1446 Sed
1102 1384 1179 1465 quid
1195 1403 1326 1448 necesse
1347 1392 1394 1449 est
1416 1384 1599 1466 hujusmodi
1618 1384 1734 1465 allega-

181 1478 420 1559 dispensatoris,
428 1479 483 1561 qui
497 1480 585 1561 juxta
599 1480 794 1543 voluntatem
805 1480 930 1543 Domini
987 1501 1033 1560 re,
1049 1501 1119 1563 quae
1135 1482 1245 1563 utique
1260 1482 1479 1564 copiosissime
1494 1491 1623 1565 possent
1637 1482 1735 1545 addu-

183 1578 233 1639 sui
253 1578 348 1640 debet
368 1598 422 1641 aas
442 1587 602 1660 prestare,
622 1579 677 1661 qui
702 1580 736 1641 in
759 1579 931 1661 Evangelio
987 1581 1038 1643 cil
1054 1581 1129 1662 quia
1153 1581 1212 1644 etsi
1239 1581 1327 1645 mille
1353 1582 1574 1663 hujuscemodi
1600 1580 1736 1645 auctori·

183 1676 229 1737 ait
246 1676 369 1739 :Gratis
384 1678 564 1759 accepistis,
580 1679 676 1759 gratis
697 1680 780 1741 date.
793 1714 834 1725 -
849 1679 929 1741 Hinc
987 1686 1068 1741 tates
1082 1678 1307 1761 allegarentur,
1324 1680 1502 1762 disputator
1523 1688 1690 1761 praetactus
1705 1686 1737 1742 et

184 1775 218 1837 iu
235 1775 365 1837 Summa
379 1775 701 1854 confessorum,libra
716 1776 933 1859 primo,titula
988 1776 1042 1839 alii
1057 1777 1199 1858 quidam,
1215 1795 1326 1841 omnes
1346 1797 1409 1840 una
1423 1778 1580 1841 solutione
1595 1777 1734 1857 solvunt,

184 1873 478 1955 primo,quaestione
492 1875 687 1957 sexagesima
702 1875 840 1957 septima,
848 1869 971 1957 aper-B
990 1875 1126 1939 dicendo
1146 1877 1230 1958 quod
1250 1876 1352 1958 accipi
1371 1877 1486 1941 debent
1505 1876 1538 1937 in
1558 1895 1654 1939 sensu
1674 1894 1737 1958 quo

183 1970 536 2053 tissimediciturzPapa
551 1981 654 2055 potest
668 1974 837 2036 simoniam
854 1993 937 2037 com·
990 1982 1125 2054 possunt
1151 1974 1266 2052 valere,
1294 1994 1357 2038 non
1387 1974 1420 2036 in
1446 1994 1541 2037 sensu
1566 1993 1630 2056 quo
1656 1974 1737 2055 peri-

182 2070 322 2149 mittere,
339 2079 488 2152 tantoque
502 2070 630 2152 gravius
644 2080 762 2152 quanto
776 2072 810 2134 in
831 2072 936 2135 altiori
990 2080 1070 2148 rent,
1088 2080 1123 2133 ut
1147 2072 1342 2153 ubicumque
1368 2072 1495 2154 legitur,
1516 2073 1599 2155 Papa
1624 2080 1738 2155 praeest

182 2170 285 2250 gradu
310 2169 466 2231 consistit.
492 2171 553 2232 iles
578 2170 666 2232 enim
691 2170 843 2233 Ecclesiae
870 2188 935 2232 non
989 2170 1046 2232 toti
1066 2190 1121 2233 seu
1145 2170 1315 2235 universali
1336 2170 1497 2247 Ecclesia,
1514 2171 1736 2251 exponendum

183 2277 261 2330 sunt
273 2268 344 2350 ejus
359 2276 393 2330 ut
411 2268 545 2345 domini,
562 2270 617 2331 sed
638 2276 674 2330 ut
694 2268 932 2352 dispensatoris.
989 2268 1031 2329 sit
1051 2266 1118 2328 ita:
1136 2267 1167 2329 id
1191 2276 1238 2331 est
1258 2267 1345 2331 amni
1368 2266 1551 2349 particulari
1573 2266 1734 2331 Ecclesiae.

183 2366 284 2440 Unde,
301 2364 328 2427 si
348 2384 405 2447 pro
426 2365 532 2447 aliqua
553 2384 587 2427 re
608 2365 765 2448 spirituali
782 2366 936 2447 reciperet
1028 2364 1143 2428 Contra
1157 2384 1252 2448 quam
1267 2365 1458 2429 solutionem
1481 2366 1583 2447 primo
1599 2365 1645 2428 sic
1661 2384 1738 2447 qua-

182 2463 325 2545 aliquam
349 2463 519 2545 pecuniam
543 2464 582 2526 de
605 2465 778 2527 redditibus
796 2464 934 2546 alicujus
989 2463 1015 2525 si
1031 2464 1197 2545 pueriliter
1211 2464 1299 2545 argui
1323 2472 1447 2547 potest:
1465 2463 1580 2526 Omnes
1599 2464 1738 2545 particu-

181 2561 346 2639 Ecclesiae,
353 2562 548 2625 simoniacus
562 2570 703 2637 esset;et
718 2562 801 2626 idem
816 2563 934 2625 occide
989 2562 1071 2624 lares
1086 2561 1237 2625 Ecclesiae
1253 2562 1379 2624 realiter
1394 2569 1467 2624 sunt
1490 2562 1559 2644 ipsa
1581 2569 1646 2625 toto
1667 2562 1737 2625 uni-

184 2669 245 2739 ret,
262 2660 289 2723 si
307 2661 463 2742 reciperet
482 2660 651 2742 pecuniam
670 2661 835 2741 abaliquo
854 2660 934 2724 laico
989 2661 1122 2724 versalis
1144 2660 1287 2723 Ecclesia
1312 2660 1406 2723 simul
1432 2668 1579 2743 sumpta,
1597 2662 1651 2723 sed
1673 2680 1737 2725 uno

182 2776 251 2821 non
273 2760 313 2821 de
336 2758 512 2821 redditibus
532 2758 692 2821 Ecclesiae.
988 2758 1164 2839 eodemque
1180 2766 1321 2839 tempore
1332 2758 1415 2839 Papa
1429 2758 1575 2841 presidet
1588 2757 1737 2821 omnibus

990 2856 1234 2940 particularibus
1259 2856 1411 2919 Ecclesiis
1433 2879 1439 2917 :
1465 2875 1540 2937 ergo
1568 2865 1601 2918 et
1624 2856 1681 2920 toti
1706 2866 1737 2919 et

989 2954 1161 3019 universali
1181 2954 1331 3017 Ecclesiae
1351 2953 1446 3017 simul
1466 2962 1604 3036 accepte
1623 2954 1664 3016 ab
1685 2974 1737 3017 eo

340 3038 585 3102 ARTICULUS
613 3038 774 3102 XXXIX·
950 3057 972 3119 C
988 3054 1060 3117 dem
1080 3053 1119 3115 ad
1140 3051 1235 3115 idem.
1252 3087 1291 3097 -
1305 3052 1468 3131 Praeterea,
1486 3052 1568 3135 Papa
1590 3052 1738 3134 praesidet

181 3179 426 3241 Demonstrota'o
440 3181 526 3255 quorl
541 3181 634 3254 Papa
652 3187 699 3238 est
713 3197 814 3254 supra
835 3187 933 3238 totam
988 3153 1136 3263 R⁰¹¹ff¹¹¹ae
1161 3150 1310 3260 E⁰⁰¹⁰⁵iffl
1334 3158 1366 3212 ⁰¹
1390 3150 1503 3262 ceiesis
1528 3151 1651 3213 cumis
1679 3150 1737 3213 E0'

224 3269 400 3329 Ecclesiam
412 3269 512 3326 simul
522 3270 933 3343 seucollecticeacccptam,
988 3251 1105 3329 Clesus,
1134 3269 1204 3331 (1¹¹ae
1232 3247 1355 3310 fflssfflsst
1387 3249 1599 3312 unli'ffl'saiflm
1628 3249 1736 3312 ECClO·

225 3367 382 3435 tanquom
400 3366 627 3432 caput,pastor
640 3367 670 3416 et
682 3359 835 3433 pontifex
850 3358 930 3434 ejus.
989 3350 1068 3411 siam
1088 3371 1094 3410 :
1112 3367 1188 3428 erga
1209 3346 1383 3408 universali
1406 3355 1518 3427 preest
1540 3347 1700 3410 Ecclesia.

1028 3446 1170 3528 iusuper,
1190 3445 1215 3505 si
1238 3445 1319 3526 Papa
1340 3445 1441 3506 solum
1463 3453 1576 3528 praeest
1595 3445 1738 3508 cuicum-

256 3543 279 3604 T
307 3541 385 3603 linis
413 3539 510 3621 hujus
538 3541 695 3603 tractatuli
726 3550 934 3604 connectatur
988 3562 1050 3623 que
1080 3540 1261 3624 particulari
1292 3539 1451 3619 Ecclesia,
1482 3539 1604 3622 accipio
1641 3559 1735 3602 unam

269 3637 428 3720 principio
447 3657 516 3714 suo,
535 3657 642 3699 rursus
663 3637 841 3700 clarissime
863 3659 934 3701 reor
989 3640 1213 3722 particularem
1241 3639 1429 3716 Ecclesiam,
1455 3647 1486 3701 et
1511 3639 1671 3719 interrogo
1696 3657 1736 3700 an

182 3737 384 3821 probandum
399 3736 484 3817 quod
501 3735 534 3797 in
548 3735 708 3818 principio
724 3735 795 3816 ejus
810 3745 934 3799 constat
987 3739 1016 3802 ci
1043 3739 1209 3820 presideat
1230 3737 1312 3819 Papa
1329 3761 1336 3798 ι
1353 3745 1385 3799 et
1409 3737 1534 3800 dicetur
1558 3738 1641 3818 quod
1659 3736 1734 3799 imo.

182 3836 364 3918 probatum,
381 3841 492 3916 utputa
506 3834 590 3915 quud
606 3834 689 3916 Papa
712 3835 767 3897 toti
783 3835 933 3898 Ecclesiae
987 3838 1107 3900 Addam
1123 3853 1198 3916 ergo
1214 3834 1260 3896 illi
1276 3835 1460 3916 particulari
1475 3833 1625 3898 Ecclesiae
1641 3854 1735 3896 unam

182 3933 380 4015 conjunctim
394 3940 533 4014 acceptae
549 3932 869 4015 presideat‚ejusque
885 3953 933 3996 re·
987 3935 1082 3997 aliam
1101 3933 1324 4016 particularem
1340 3931 1525 4012 Ecclesiam,
1542 3942 1574 3996 et
1596 3934 1737 3996 sciscita-

181 4043 264 4111 ctor,
273 4031 423 4114 princeps
433 4039 465 4094 et
478 4031 586 4111 judex,
595 4039 712 4111 pastor,
720 4040 825 4113 caput,
838 4051 933 4113 spon·
987 4033 1046 4096 bor
1066 4052 1107 4094 an
1133 4031 1201 4093 istis
1220 4029 1343 4093 duabus
1363 4031 1514 4094 Ecclesiis
1538 4032 1736 4114 conjunctim

181 4151 240 4194 sus
266 4129 473 4211 pontifexque
498 4128 661 4192 consistat.
683 4129 770 4203 Quod
795 4129 932 4212 amplius
987 4130 1127 4212 acceptis
1157 4129 1325 4212 presideat
1348 4128 1441 4210 Papa.
1468 4128 1499 4190 Si
1529 4130 1738 4212 respondetur

182 4249 280 4313 quarn
305 4227 472 4310 probatum
500 4235 549 4289 est
572 4245 635 4288 non
660 4227 837 4290 arbitrabar
862 4247 933 4310 pre
949 4229 973 4289 D
987 4230 1071 4312 quod
1093 4247 1168 4305 non,
1186 4246 1344 4310 opponam
1364 4228 1448 4307 quod
1470 4226 1544 4306 imo,
1562 4228 1637 4311 quia
1655 4237 1687 4290 et
1709 4230 1735 4291 si

182 4329 337 4406 bandum,
353 4343 391 4388 eo
415 4325 500 4407 quod
526 4325 721 4407 preinducta
745 4326 806 4388 hoc
827 4326 932 4407 ipsum
988 4330 1058 4391 dum
1081 4325 1288 4410 particulares
1312 4325 1463 4387 Ecclesiae
1483 4326 1737 4408 accipiantur-ut

182 4426 388 4490 sullicienter
417 4433 450 4486 et
477 4423 775 4505 supersufficienter
803 4425 934 4488 demon·
989 4447 1052 4489 una
1066 4435 1098 4488 et
1117 4425 1212 4488 etiam
1233 4425 1314 4486 liant
1335 4443 1407 4500 una,
1420 4423 1503 4504 quod
1522 4423 1647 4486 realiter
1667 4425 1736 4487 lieri

182 4531 307 4600 strent;
333 4523 386 4584 sed
410 4521 561 4603 quoniam
586 4521 713 4582 interim
737 4540 836 4601 quum
865 4523 933 4584 hac
990 4533 1124 4607 potesta
1141 4522 1294 4604 Papa,qui
1310 4523 1349 4584 de
1364 4523 1487 4585 duobus
1503 4522 1737 4605 episcopatibus

183 4622 314 4703 scripsi,
329 4621 487 4703 quoddam
512 4620 550 4682 ad
574 4639 623 4682 me
647 4620 775 4682 devenit
798 4639 934 4703 opuscu·
990 4631 1092 4706 potest
1113 4621 1218 4684 lacere
1233 4641 1345 4698 unum,
1363 4619 1445 4682 sieut
1463 4620 1501 4682 de
1517 4639 1581 4683 unc
1596 4622 1687 4700 duos,
1704 4631 1737 4684 ut

184 4722 266 4798 lum,
293 4721 385 4801 cujus
413 4719 564 4782 collector
589 4736 645 4800 pro
669 4737 785 4800 magno
811 4729 934 4802 reputat
990 4740 1086 4803 supra
1104 4728 1267 4784 ostensum
1291 4726 1359 4796 est;
1382 4719 1409 4779 si
1432 4737 1507 4799 ergo
1531 4718 1590 4782 hoc
1609 4718 1669 4781 liat
1688 4719 1737 4782 vel
1752 4752 1793 4780 u.
1808 4750 1836 4779 a.

185 4817 429 4882 inconvenienti
458 4817 501 4878 ita
530 4835 682 4894 asserere,
712 4816 821 4880 dicens
849 4820 933 4899 quod
991 4818 1210 4883 consideretur
1233 4825 1267 4878 ut
1286 4816 1417 4894 lactum,
1434 4816 1537 4878 adbuc
1558 4816 1611 4879 illa
1631 4817 1739 4879 Eccle-

185 4919 271 4998 Papa
291 4932 492 4996 nequaquam
514 4913 619 4995 praesit
639 4914 694 4976 toti
716 4924 748 4976 et
761 4915 934 4978 universali
991 4920 1037 4981 sia
1052 4938 1090 4980 er
1105 4917 1228 4978 duabus
1243 4915 1387 4992 collecta,
1402 4922 1450 4976 est
1466 4934 1527 4976 una
1540 4915 1738 4995 particularis

185 5015 352 5091 Ecclesiae‚
368 5013 429 5076 nisi
443 5013 482 5076 ad
497 5013 583 5075 bunc
598 5032 738 5090 sensum,
755 5015 838 5094 quod
860 5035 937 5096 pre-
990 5015 1132 5080 Ecclesia
1153 5021 1297 5094 respectu
1314 5011 1408 5074 totius
1429 5012 1617 5074 universalis
1633 5013 1740 5076 Eccle-

186 5123 238 5179 est
261 5114 452 5193 cuicumque
472 5109 652 5193 particulari
671 5111 822 5174 Ecclesiae
842 5123 937 5194 atque
992 5117 1046 5176 sim
1063 5137 1070 5175 :
1088 5131 1162 5193 crgo
1178 5111 1259 5192 Papa
1274 5109 1419 5192 praesidet
1434 5109 1475 5189 ei,
1491 5110 1544 5191 qui
1567 5109 1739 5192 unicuique

188 5213 325 5279 cuilibet
339 5210 521 5294 particulari
542 5229 686 5292 personat
700 5211 934 5276 ecclesiastic-ie.
994 5219 1106 5297 praeest
1135 5207 1317 5290 particulari
1346 5206 1505 5268 Ecclesiae.
1534 5208 1612 5286 lmo,
1640 5227 1739 5289 quum

172 5313 306 5377 -Contra
320 5311 414 5392 cujus
428 5307 687 5392 imaginationem
702 5318 816 5390 preter
830 5330 939 5392 quam·
994 5311 1058 5373 sint
1081 5309 1187 5371 multae
1211 5306 1417 5390 particulares
1439 5304 1588 5371 Ecclesiae
1606 5327 1740 5390 quarum
