4309 6250
468 492 529 557 tlh
822 509 968 557 aarsrona
989 510 1030 556 an
1051 508 1209 557 canonas
1229 506 1424 555 carnaticos.
1447 524 1487 539 -
1507 509 1578 556 aar.
1600 510 1657 557 xm

467 681 522 744 nia
536 701 607 745 mea
621 699 685 746 non
699 680 830 744 deflent.
838 680 876 742 Et
890 680 979 761 quasi
993 699 1058 744 non
1073 678 1216 743 sufficiat
1229 679 1255 741 Α
1270 678 1316 741 En
1342 677 1501 761 proferam
1523 679 1612 742 vobis
1633 678 1782 761 spiritum
1804 699 1916 743 meum.
1930 679 1994 743 fon·

466 778 514 841 eis
526 779 612 859 qnod
626 778 667 840 ab
682 778 855 840 incredulis
870 797 941 841 sum
952 785 1017 839 tarn
1032 774 1215 838 lamentabi·
1270 776 1387 856 venite,
1403 795 1423 839 o
1446 776 1518 853 filii,
1536 778 1568 840 in
1592 796 1689 839 unum
1705 778 1828 854 locnm3
1845 778 1918 841 inite
1935 796 1994 841 con·

465 877 539 940 liter
558 877 785 955 demembrato,
802 884 968 958 angustata
990 884 1023 939 et
1045 875 1212 952 minorata,
1269 874 1389 952 silium,
1419 874 1577 939 celebrate
1613 876 1770 961 synodum
1804 884 1938 939 sanctam
1965 894 1993 938 aa

464 976 525 1057 ipsi
553 995 605 1039 me
626 976 827 1057 impugnant,
842 974 971 1054 laedunt,
987 974 1212 1056 prascIndunt.
1268 973 1462 1053 generalem,
1475 982 1507 1036 et
1520 975 1559 1037 de
1575 974 1738 1037 communi
1753 994 1790 1037 ac
1806 975 1898 1057 plena
1910 993 1995 1036 emen·

464 1074 530 1155 Ego
545 1093 661 1156 spensa
676 1072 742 1150 Dei,
761 1081 861 1135 mater
878 1071 1035 1150 fidelium,
1052 1072 1130 1136 olim
1149 1079 1215 1133 toto
1268 1070 1396 1133 datione
1425 1071 1458 1133 in
1486 1072 1572 1135 omni
1598 1080 1692 1153 statu,
1718 1073 1819 1154 gradu
1847 1082 1878 1135 ct
1903 1072 1994 1135 ordine

465 1173 543 1236 orbe
558 1180 712 1234 terrarum
731 1170 862 1248 diflusa,
878 1169 1143 1253 patriarchalibus
1167 1188 1215 1231 se-
1270 1169 1443 1251 providete.
1471 1169 1639 1233 Convertat
1668 1190 1702 1233 se
1732 1170 1941 1251 unusquisque
1964 1170 1994 1231 ab

467 1270 561 1332 dibus
585 1271 745 1349 decorata,
761 1269 880 1349 Asiam,
896 1268 1048 1347 Africam,
1072 1270 1215 1331 Terram·
1270 1269 1357 1332 omni
1373 1267 1503 1347 malitia,
1520 1268 1662 1349 nequitia
1676 1276 1709 1331 et
1726 1267 1923 1331 immunditia
1939 1286 1993 1329 sua.

467 1387 529 1450 qua
562 1376 716 1448 sanctam,
746 1368 925 1449 lllgyptum,
955 1374 987 1429 et
1021 1367 1082 1429 alia
1118 1385 1214 1447 regna
1270 1366 1371 1429 Nolite
1393 1366 1537 1445 differre,
1562 1366 1661 1430 nolite
1685 1366 1913 1429 dissimulare:
1935 1366 1994 1447 quia

466 1467 567 1529 multa
595 1474 627 1529 et
654 1485 770 1549 magna
797 1465 893 1528 habui
923 1465 1003 1527 mihi
1031 1464 1176 1546 subjecta
1205 1488 1211 1525 :
1270 1464 1446 1548 periculum
1462 1465 1676 1548 majusquam
1695 1465 1827 1529 creditis
1847 1464 1994 1527 inferibus

466 1565 742 1647 quibusomnibus
757 1583 843 1627 nunc
859 1562 1130 1627 miserabilissime
1145 1582 1214 1625 sum
1270 1571 1328 1626 est.
1345 1563 1461 1627 Perlidi
1478 1563 1525 1627 illi
1545 1563 1633 1627 mille
1652 1564 1742 1628 dolos
1762 1572 1871 1627 contra
1887 1583 1937 1626 ros
1954 1581 1993 1625 co

466 1664 599 1746 privata.
616 1664 682 1746 Ego
700 1664 778 1726 olim
799 1662 886 1726 omni
906 1661 1097 1724 charismate
1119 1660 1216 1742 Spiri-
1269 1662 1381 1744 gitant,
1398 1671 1430 1725 et
1445 1671 1586 1726 vestrum
1600 1663 1824 1726 machinantur
1839 1662 1992 1725 interitum.

467 1770 519 1825 tus
543 1762 649 1825 Sancti
675 1769 787 1825 ornata
809 1779 846 1824 ac
872 1759 1048 1842 splendida,
1065 1757 1215 1821 infideles
1270 1762 1401 1825 Pensate
1425 1760 1562 1841 qualiter
1588 1761 1703 1824 fratres
1731 1761 1830 1824 vestri
1854 1761 1886 1823 in
1914 1778 1994 1841 regne

466 1860 606 1941 quotidie
627 1878 684 1942 per
704 1858 831 1921 diversa
851 1857 1006 1921 miracula
1024 1857 1153 1939 copiosa
1175 1857 1213 1919 ad
1232 1857 1448 1922 BGraecorum
1475 1860 1540 1923 sint
1568 1859 1757 1939 conculcati,
1785 1868 1817 1923 et
1842 1868 1942 1922 cavete
1963 1877 1994 1919 ue

466 1957 566 2021 fidem
599 1966 631 2021 et
662 1957 880 2040 evangelicam
913 1956 1016 2037 legem
1044 1956 1213 2033 converti;
1270 1957 1385 2021 similia
1410 1966 1464 2021 aut
1486 1958 1598 2040 pejora
1626 1958 1717 2021 vobis
1742 1958 1932 2039 contiogant.
1946 1956 1994 2037 Op

466 2075 552 2118 nunc
572 2074 647 2118 vero
666 2055 705 2117 ab
725 2054 911 2117 infidelibus
930 2054 1072 2135 quotidie
1096 2062 1212 2116 vastor.
1269 2057 1387 2137 pressis
1402 2056 1554 2119 fidelibus
1570 2056 1749 2119 subvenite.
1768 2057 1936 2138 anantus
1952 2055 1995 2117 do

465 2155 530 2236 Ego
549 2154 626 2217 olim
645 2153 781 2235 regulari
803 2152 1022 2235 religiosorum
1044 2153 1215 2216 observan-
1270 2154 1318 2216 lor
1341 2174 1392 2217 me
1416 2162 1570 2236 penetrat,
1593 2155 1669 2218 dum
1696 2154 1785 2218 filios
1806 2173 1893 2217 meos
1915 2170 1995 2215 camo

466 2253 509 2316 tia
532 2252 709 2335 gloriabar3
732 2252 912 2325 reclusione
936 2251 1213 2314 devotissimarum
1269 2248 1536 2315 ab'atrocissiniis
1556 2252 1685 2315 Teucris
1704 2260 1736 2315 et
1757 2251 1932 2315 Sarracenis
1950 2270 1995 2313 saa

464 2351 653 2415 menlalium
669 2350 929 2433 resplendebam;
945 2349 1118 2432 exemplari
1138 2368 1214 2413 coo·
1269 2350 1398 2413 vissime
1412 2350 1563 2432 opprimi,
1579 2350 1722 2431 quotidie
1737 2351 1892 2428 devorari,
1909 2350 1938 2412 in
1954 2368 1995 2410 ca·

464 2446 654 2525 versatIone,
662 2445 887 2508 efficacissima
902 2445 1127 2527 predicatione
1141 2440 1220 2527 qua?
1268 2450 1446 2532 ptiritatem
1465 2450 1577 2531 redigi,
1595 2457 1627 2511 et
1645 2468 1754 2513 eorum
1775 2448 1943 2512 infantulos
1962 2448 1994 2509 ad

464 2554 536 2609 tuor
549 2545 701 2608 Ordinum
716 2543 914 2622 aedilicabar;
924 2544 1066 2608 virtuosa
1080 2553 1112 2607 et
1126 2536 1212 2608 casta
1269 2548 1450 2611 infidelium
1465 2556 1564 2611 terras
1579 2548 1762 2627 transmitti,
1780 2558 1814 2611 ut
1827 2547 1892 2629 jam
1907 2549 1942 2611 de
1954 2566 1994 2609 ce

464 2644 528 2707 vita
543 2644 576 2705 in
591 2642 691 2706 sacris
705 2643 870 2707 ordinibus
885 2642 1130 2707 constitutorum
1150 2643 1212 2706 ful·
1268 2654 1334 2708 tero
1362 2665 1425 2710 non
1457 2646 1701 2709 sacratissimam
1725 2655 1820 2729 atque
1845 2645 1995 2709 mundissi-

463 2740 599 2821 gebam3
628 2739 760 2822 insuper
782 2748 814 2802 et
837 2739 957 2822 optima
980 2740 1210 2822 gnbematione
1268 2764 1352 2807 mam
1367 2744 1480 2807 Christi
1502 2746 1615 2827 legem,
1632 2746 1687 2808 sed
1707 2746 1906 2827 sacrilegam,
1921 2763 1994 2807 men-

463 2838 635 2918 praesulum
663 2835 873 2920 proficiebam
901 2846 934 2900 et
961 2837 1145 2901 aedificabar
1172 2858 1210 2901 er
1266 2843 1466 2907 dosissimam
1482 2863 1518 2907 ac
1534 2844 1775 2926 spurcissimam
1791 2842 1994 2928 illiusporeini
2103 2844 2104 2851 ³

464 2936 560 2999 clero.
572 2936 663 2999 Nunc
677 2944 783 2999 autem
798 2938 864 2999 haec
878 2936 987 2999 omnia
1000 2956 1057 3020 pro
1072 2938 1210 3000 maxima
1265 2962 1302 3005 ac
1318 2942 1525 3005 sordidissimi
1539 2943 1707 3006 blahometi
1729 2944 1832 3025 legem
1848 2942 1994 3006 addiscant

464 3042 553 3117 parte
568 3043 599 3097 et
613 3034 704 3117 quasi
720 3035 857 3098 totaliter
872 3043 946 3130 sunt
960 3055 1092 3113 eversa;
1109 3036 1208 3118 etqui
1225 3045 1248 3108 c
1265 3048 1296 3103 et
1323 3048 1549 3123 assequantur!
1580 3042 1661 3105 Ecce
1689 3042 1754 3123 jam
1791 3043 1830 3105 ad
1860 3042 1993 3123 angulum

463 3134 562 3196 [lenm
577 3151 636 3217 pra
650 3133 768 3216 populo
782 3133 949 3197 efficacius
963 3135 1209 3213 orarent‚l)eum
1266 3141 1361 3203 istum
1380 3141 1554 3204 occidentis
1577 3160 1627 3204 me
1649 3142 1853 3224 redegerunt,
1870 3150 1901 3204 et
1920 3141 1948 3202 in
1964 3156 1995 3201 ec

463 3233 654 3296 inhonorant
676 3233 847 3296 enormius.
868 3231 902 3294 ln
928 3234 1128 3297 monasteriis
1156 3252 1211 3297 vo
1265 3257 1391 3320 quoque
1410 3259 1460 3302 me
1480 3239 1586 3302 delere
1605 3249 1812 3321 praesumunt.
1828 3241 1944 3304 Idcirco
1963 3239 1995 3299 si·
2102 3311 2103 3326 χ

464 3339 495 3393 ta
515 3330 658 3394 solennia
680 3330 806 3393 assidue
829 3350 868 3392 ac
894 3331 1139 3395 sceleratissime
1165 3333 1210 3394 vi·
1264 3357 1305 3400 ne
1320 3337 1406 3400 omni
1423 3356 1511 3401 mora
1527 3337 1730 3402 reconciliate
1746 3339 1837 3402 vobis
1849 3339 1995 3404 Dominum

462 3428 607 3509 alantur,
633 3429 771 3492 claustra
800 3428 986 3492 monialium
1013 3430 1126 3493 scortis
1155 3450 1209 3513 pa*
1265 3436 1363 3499 Deum
1379 3444 1519 3499 vestram
1535 3455 1593 3519 per
1606 3437 1797 3519 condignam
1814 3437 1847 3499 in
1863 3437 1994 3501 omnibus

463 3534 539 3589 tent.
563 3527 598 3588 ln
623 3527 766 3608 collegiis
790 3527 992 3593 observantia
1012 3547 1094 3610 pene
1120 3529 1208 3593 nulla
1264 3534 1528 3598 emendationem.
1546 3535 1661 3616 Sicque
1685 3534 1799 3618 adepte
1823 3535 1879 3598 Dei
1903 3536 1995 3598 favore

462 3623 598 3687 videtur.
620 3624 656 3686 ln
681 3623 779 3686 sacris
802 3623 965 3688 constituti
988 3624 1154 3688 ordinibus
1177 3635 1208 3688 et
1264 3641 1295 3695 et
1322 3633 1489 3715 impetrato
1514 3632 1585 3714 ejus
1608 3632 1737 3711 auxilio,
1762 3653 1836 3696 cum
1862 3633 1943 3697 omni
1964 3631 1996 3692 ii

462 3722 591 3804 plebani
605 3723 675 3785 sine
690 3722 902 3786 refrenatione
917 3722 1054 3805 publicis
1072 3723 1208 3787 inconti—
1263 3730 1368 3808 ducia,
1386 3731 1658 3812 magnanimitate,
1671 3731 1812 3812 caritate,
1825 3731 1994 3797 fortitudine

462 3821 578 3883 nentiis
593 3821 831 3904 polluuntur,ex
841 3820 955 3902 quibus
970 3821 1060 3903 plebs
1075 3823 1207 3905 simplex
1263 3835 1357 3909 atque
1373 3829 1541 3909 prudentIa
1557 3837 1667 3893 contra
1682 3829 1762 3892 fidei
1775 3830 1924 3894 inimicos
1937 3847 1995 3911 pro

463 3918 673 3983 ineffabiliter
687 3920 926 3983 scandalizatur.
940 3920 1092 3984 Praesules
1112 3941 1209 3985 saecu·
1263 3927 1367 3990 cedite
1395 3935 1427 3989 et
1451 3936 1600 4009 pugnate,
1627 3935 1659 3990 et
1681 3928 1824 4010 Sponsus
1848 3928 1993 4004 Ecclesia,

463 4015 583 4080 laribus
598 4018 797 4100 principibus
813 4019 1029 4108 saeculariores
1049 4028 1080 4081 et
1100 4039 1208 4083 carna·
1263 4027 1415 4090 Dominus
1440 4036 1471 4089 et
1493 4027 1630 4090 salvator
1654 4027 1807 4107 Christus,
1825 4027 1994 4110 Unigenitus

461 4115 557 4179 liores
579 4123 653 4177 sunt
667 4114 754 4178 facti.
770 4115 805 4177 ln
825 4115 917 4195 Urbe,
939 4115 994 4178 ubi
1019 4117 1116 4179 totius
1138 4137 1209 4180 san·
1263 4124 1372 4205 Patris,
1389 4125 1449 4187 erit
1474 4124 1651 4188 vobiscum.

461 4213 620 4276 ctimoniae
645 4213 809 4295 plenitudo
832 4213 963 4295 vigeret,
986 4214 1091 4296 maior
1112 4219 1248 4296 quaml)

461 4311 537 4375 alibi
559 4311 714 4375 vitiositas
736 4321 858 4394 regnat.

500 4409 580 4483 Quid
603 4426 691 4491 erge,
707 4429 727 4474 o
745 4409 819 4488 filii,
836 4409 912 4492 quid
934 4418 1031 4473 restat
1050 4418 1082 4474 et
1103 4413 1208 4475 immi·
1453 4406 1697 4472 ARTIGULUS
1721 4405 1816 4470 XIII.

461 4515 527 4586 net,
553 4506 616 4569 nisi
641 4507 744 4589 major
767 4516 799 4570 et
822 4508 950 4590 gravior
972 4510 1152 4591 persecutio
1176 4520 1208 4574 et
1263 4547 1473 4624 0„,„„„„,·„
1503 4547 1739 4624 ,mm-cmm„
1769 4567 1811 4606 ω.
1847 4547 1946 4608 mg„
1971 4553 1995 4604 ει

463 4605 662 4670 conculcatio
691 4605 765 4686 mei,
795 4605 860 4668 imo
888 4614 920 4669 et
948 4607 1066 4669 vestril
1096 4609 1205 4690 vestri,
1303 4637 1555 4696 revelaa-,nibus
1582 4639 1781 4697 gomorum
1810 4647 1841 4698 ξι
1870 4636 1994 4699 Campa
2099 4625 2100 4630 ’

460 4703 603 4786 inquam,
619 4711 748 4787 propter
771 4704 838 4766 haec
862 4713 909 4768 tot
928 4713 959 4767 et
979 4713 1066 4768 tanta
1088 4706 1207 4770 scelera
1301 4745 1423 4785 corum,

459 4812 564 4867 vestra
581 4825 588 4864 ε
605 4802 668 4864 nisi
693 4821 778 4864 nunc
802 4802 882 4866 meis
903 4802 1110 4885 acquiescatis
1133 4823 1207 4870 con·

460 4901 553 4979 siliis,
588 4900 814 4983 obtemperetis
851 4900 1016 4979 doctrinis,
1050 4902 1206 4967 obediatis
1321 4908 1418 4971 UPER
1443 4911 1570 4976 Cantica
1593 4913 1637 4975 ait
1658 4912 1778 4976 electus
1799 4914 1855 4977 Dei
1876 4913 1993 4976 bernar·

458 5000 636 5083 praeceptis.
646 4999 759 5062 Audite
774 5019 859 5062 nunc
875 4999 971 5080 igitur
985 4999 1205 5066 fidelissimam
1335 5007 1393 5069 dus
1420 5031 1427 5070 ε
1457 5011 1561 5092 Serpit
1584 5011 1679 5074 hodic
1704 5013 1839 5093 putredo
1864 5021 1895 5076 ct
1917 5011 1993 5074 tabes

458 5109 489 5164 et
503 5099 805 5163 affectuosissimam
820 5106 952 5161 matrem
968 5109 1118 5180 vestram,
1135 5121 1205 5184 quaa
1260 5125 1318 5187 per
1336 5125 1430 5170 omne
1450 5127 1565 5191 corpus
1584 5109 1745 5190 Ecclesia,
1761 5119 1793 5174 et
1814 5131 1878 5193 quo
1898 5111 1991 5176 latius,
2098 5149 2099 5152 =

458 5199 608 5262 familiari
632 5207 664 5261 et
685 5197 847 5260 infallibili
869 5199 1043 5262 directione
1069 5199 1205 5282 Spiritus
1260 5223 1297 5267 co
1325 5205 1533 5287 desperatius,
1564 5226 1665 5289 eoque
1697 5209 1909 5290 periculosius
1939 5223 1993 5289 quo

459 5298 565 5361 Sancti
580 5297 708 5378 regitur,
726 5305 880 5376 movetur,
896 5305 928 5360 et
942 5298 1083 5382 loquitur
1101 5300 1201 5365 robis.
1259 5303 1443 5367 interius.Si
1458 5324 1597 5388 namque
1610 5307 1789 5389 insurgeret
1801 5319 1929 5390 apertus
1941 5308 1994 5369 ha
