4309 6250
425 516 464 565 nc
484 516 646 565 oronnam
667 516 704 562 er
724 518 873 563 nanninus
894 516 921 561 ιι.
946 515 974 561 v.
997 516 1115 573 ιιιιιιιιι,
1136 514 1225 562 ausu
1246 516 1286 562 ιιι.
1308 534 1349 545 -
1368 515 1438 563 aar.
1461 515 1517 562 rur
1688 494 1746 561 tet

187 686 349 769 praeferre
374 686 536 767 ministris,
563 685 627 749 imo
657 684 945 768 incomparabiliter
960 684 985 749 Α
1000 685 1119 747 habent
1144 685 1178 747 in
1206 685 1413 749 humanitatis
1440 686 1555 750 Christi
1583 686 1748 767 adspectuss

187 786 368 866 collocare,
391 784 526 847 exaltare
549 792 580 847 ct
601 784 756 848 honorare
781 802 844 865 pre
869 782 942 846 illis.
1040 782 1253 862 fraterculo
1275 783 1481 847 humanitatis
1502 783 1589 846 illius
1609 790 1751 846 contem-

1002 881 1143 962 piatione
1177 880 1337 944 exsultent
1371 900 1435 944 non
1464 882 1568 945 solum
1598 880 1751 963 quoniam

1002 979 1071 1063 ipsa
1100 980 1132 1042 in
1161 1000 1196 1043 se
1228 989 1294 1043 um
1322 980 1417 1059 hona,
1447 988 1512 1043 ίιιιιι
1540 978 1656 1059 dulcis,
1686 987 1751 1044 tam

392 1058 638 1124 ARTTCULUS
662 1058 756 1123 XIII·
1002 1079 1148 1143 amabilis
1175 1088 1207 1141 et
1234 1080 1350 1143 decora
1382 1079 1538 1156 consistit,
1570 1079 1625 1141 sed
1654 1078 1752 1143 etiam

186 1212 245 1270 Dc
258 1210 423 1287 ineffabili
426 1209 643 1285 jucunditate
656 1227 754 1286 quum
769 1206 862 1266 habet
878 1206 948 1264 beu-
1003 1185 1133 1260 ΡΓΟΡῊ
1160 1176 1317 1242 b⁰¹¹⁰s¹⁰i⁸
1345 1178 1428 1259 01⁰⁸,
1455 1178 1517 1240 ¹¹⁰⁰
1546 1186 1595 1240 ⁰⁸¹
1622 1184 1754 1287 Pfflffl

239 1299 367 1357 tissima
389 1299 480 1373 vareo
499 1298 613 1358 Maria
634 1298 670 1355 e
692 1297 815 1355 vaona
838 1312 949 1371 corpe
1002 1274 1088 1339 ¹³⁰ssss
1108 1294 1179 1357 qua
1203 1295 1260 1358 per
1282 1296 1353 1339 θυι
1379 1284 1455 1339 ευῐιῑ
1474 1282 1753 1359 consonamque

241 1388 310 1446 ruli
322 1406 360 1445 ac
375 1388 532 1447 interiori
545 1387 765 1446 humanitatis
779 1386 864 1447 Filii
882 1386 944 1445 sui.
1003 1392 1060 1456 pet·
1087 1394 1158 1437 etim
1185 1382 1235 1437 esf
1259 1382 1402 1457 repente
1426 1374 1517 1437 ruina
1541 1373 1680 1438 coelesfis
1703 1374 1753 1437 Je-

1004 1473 1261 1555 rusalem3atque
1276 1472 1309 1536 in
1325 1473 1393 1555 ipsa
1407 1472 1604 1537 humanitate
1619 1472 1752 1537 aVerbo

30 1594 106 1637 cana.
130 1606 168 1643 ιιι,
270 1574 520 1639 GREDIMINI
539 1584 570 1633 ec
599 1574 716 1643 videte,
744 1575 825 1649 filice
852 1576 947 1643 Sion,
1002 1580 1120 1635 aterno
1148 1580 1323 1654 assumpta,
1353 1572 1469 1636 clarius
1496 1591 1594 1655 quam
1620 1570 1653 1634 in
1686 1579 1752 1635 tote

15 1662 51 1699 ¹¹·
282 1693 386 1750 regem
402 1675 608 1735 Suloownem
629 1674 666 1731 in
687 1674 873 1732 diademate
885 1692 948 1752 quo
1003 1679 1110 1733 creato
1124 1671 1252 1734 residuo
1272 1670 1546 1753 omnipotentiam,
1563 1670 1750 1749 bonitatem,

14 1790 169 1839 rienes.
187 1774 368 1833 coa-meavit
392 1792 465 1831 eum
486 1780 593 1831 mater
615 1790 687 1831 sua.
715 1768 801 1833 Sicut
826 1769 949 1831 laetatur
1003 1768 1177 1847 carimem,
1199 1770 1360 1852 pietatem,
1382 1769 1644 1847 misericordiam,
1660 1768 1754 1850 justi·

189 1871 329 1934 Creator
351 1867 554 1950 omnipotens
579 1868 612 1931 in
636 1867 787 1949 operibus
807 1867 884 1946 suis,
901 1868 947 1929 sic
966 1868 989 1931 Β
1005 1868 1094 1947 tiam,
1110 1868 1299 1951 sapientiam
1313 1877 1346 1931 et
1359 1868 1616 1932 munificentiam
1629 1869 1754 1932 Create

190 1978 234 2033 et
259 1977 379 2032 mentes
407 1975 519 2051 creatas
549 1968 580 2030 in
611 1968 660 2031 sui
686 1966 841 2030 Creatoris
870 1964 949 2029 effc-
1005 1968 1048 2029 ris
1064 1967 1277 2049 conspiciunt.
1295 1967 1471 2049 Speeialius
1490 1976 1597 2030 autem
1616 1967 1755 2048 glorian-

68 2088 153 2131 mea.
192 2068 308 2131 ctibus
321 2066 546 2147 jucundantur.
563 2064 688 2129 Etenim
707 2064 948 2146 gloriabamini
1004 2072 1056 2128 tur
1067 2067 1099 2127 in
1113 2066 1319 2129 humanitatis
1329 2076 1501 2149 assumptae
1512 2066 1627 2129 intuitu
1641 2066 1756 2129 anime

14 2165 68 2197 ¹¹¹¹·
91 2154 127 2193 ¹⁶·
192 2168 334 2250 plenum
353 2172 402 2227 est
422 2182 503 2247 opus
521 2162 692 2245 ejus.ldeo
713 2164 792 2226 dixit
812 2163 950 2227 Psalmo·
1005 2166 1211 2246 sanctesium
1235 2164 1354 2244 beata3
1376 2174 1470 2249 atque
1492 2175 1563 2247 post
1586 2182 1756 2249 corporum

27 2288 171 2336 rems.
192 2265 342 2347 graphas
369 2288 376 2326 ε
399 2262 566 2327 Delectasti
592 2282 654 2341 me,
680 2262 823 2343 Domine,
847 2262 878 2324 in
905 2262 950 2325 fa·
1005 2281 1135 2326 suorum
1156 2263 1444 2343 resuscitationem,
1465 2264 1613 2327 homines
1638 2264 1758 2347 prede-

191 2372 293 2427 ctura
307 2372 371 2440 tua,
387 2370 418 2426 et
434 2360 467 2424 in
482 2361 633 2444 operibus
653 2379 804 2423 manuum
825 2370 949 2423 tuarum
1005 2362 1111 2425 stinati
1131 2362 1351 2445 gloriabuntur
1371 2363 1532 2444 precipue
1556 2362 1589 2426 in
1613 2363 1684 2446 ejus
1702 2361 1758 2425 ad·

191 2460 376 2525 exsultabo.
393 2460 663 2536 Quemadmodum
679 2468 785 2522 autem
800 2458 950 2523 essentia·
1005 2470 1117 2543 spectu
1138 2460 1285 2525 exteriori
1305 2470 1337 2524 et
1358 2460 1512 2525 interiori.

191 2561 233 2624 le
255 2558 417 2641 premium
436 2557 602 2621 beatorum
628 2556 660 2619 in
686 2556 808 2620 visione
833 2556 950 2621 divinae
1045 2558 1136 2623 Nunc
1153 2578 1227 2622 vero
1246 2559 1507 2641 singularissime‚
1524 2560 1757 2642 praecordialis

191 2646 347 2722 consistit
359 2656 570 2737 essentiae,sic
585 2656 769 2719 eorumdem
786 2655 949 2736 premium
1005 2658 1087 2721 sime
1115 2668 1147 2721 et
1173 2658 1459 2721 exuberantissime
1487 2658 1634 2739 gloriaris
1662 2668 1708 2740 tu,
1737 2678 1757 2723 o

191 2757 396 2821 accidentale
426 2756 459 2817 in
488 2762 702 2817 creaturarum
732 2754 949 2838 speculatione
1005 2756 1217 2819 mundissima
1236 2775 1274 2819 ac
1297 2756 1565 2821 excellentissima
1584 2756 1674 2837 virgo
1698 2758 1758 2820 lla·

191 2855 359 2933 consistit,
385 2874 442 2937 per
471 2853 654 2917 relationem
680 2872 789 2915 earum
815 2852 853 2916 ad
879 2852 950 2915 Cre-
1005 2858 1062 2934 ria,
1082 2856 1113 2919 io
1130 2854 1399 2938 contemplatione
1415 2856 1602 2935 clarissima,
1614 2856 1757 2920 sensibili

188 2965 332 3019 atonem.
349 2954 431 3017 'lulis
456 2971 593 3033 namque
617 2952 755 3033 cognitio
780 2952 950 3015 delcetahi-
1004 2963 1035 3017 et
1051 2953 1258 3017 intellectuali
1278 2953 1560 3035 glorificatissimaa
1578 2954 1758 3017 humanita-

188 3053 308 3117 fiscis
330 3060 389 3132 est,
406 3051 439 3113 in
461 3059 614 3134 quantum
631 3049 808 3113 conditoris
828 3050 985 3132 magni-C
1005 3052 1045 3114 tis
1075 3051 1338 3136 praedilectissimi
1366 3071 1402 3115 ac
1428 3052 1514 3115 unici
1539 3052 1609 3114 Filii
1635 3052 1694 3115 tui.
1719 3051 1758 3116 lit

187 3152 374 3228 sicennam,
409 3149 684 3232 omnipotentiam,
720 3149 946 3232 perfectionem
1004 3163 1123 3233 quanto
1151 3173 1214 3234 prm
1241 3152 1355 3214 ceteris
1377 3152 1502 3214 cunctis
1525 3152 1640 3214 Filium
1668 3161 1757 3215 tuum

188 3259 231 3314 et
266 3249 452 3332 sapientiam
485 3249 516 3311 in
551 3248 616 3311 suis
645 3257 837 3312 contuentur
870 3249 948 3310 effe·
1003 3251 1227 3332 dignissimum
1242 3251 1758 3342 secundumutramqueejusna-

187 3350 315 3414 ctihus.
1004 3359 1107 3412 turam
1124 3349 1241 3413 clarius
1262 3349 1500 3430 contemplaris,
1516 3358 1611 3432 atque
1631 3351 1758 3413 ferven-

241 3447 392 3528 llenique,
409 3464 473 3526 quo
488 3455 631 3508 creatura
646 3445 752 3525 aliqua
768 3445 862 3508 fuerit
878 3465 948 3526 per·
1003 3449 1066 3511 tius
1090 3467 1190 3526 amas,
1211 3455 1299 3511 tanto
1324 3447 1358 3510 in
1382 3448 1470 3511 omni
1494 3448 1565 3530 ejus
1588 3449 1702 3512 intuitu
1725 3459 1757 3512 et

190 3545 326 3624 lectior,
348 3544 544 3625 deiformior,
571 3543 756 3627 speciosior,
783 3562 819 3606 ac
846 3543 946 3624 nangis
1004 3547 1035 3608 in
1060 3547 1131 3628 ejus
1155 3546 1364 3609 humanitatis
1388 3546 1530 3610 interiori
1552 3567 1589 3610 ac
1608 3549 1755 3610 exteriori

187 3645 328 3722 dilecta,
362 3644 425 3706 [leo
459 3661 584 3724 quoque
619 3642 721 3724 magis
757 3643 944 3724 propinqua,
1003 3645 1146 3728 perfecto
1164 3646 1316 3728 adspectu
1338 3645 1535 3708 ineffabilius
1554 3646 1753 3728 jucundaris,

189 3753 290 3808 tanto
313 3743 343 3806 in
366 3743 436 3824 ejus
461 3741 627 3804 intuitione
651 3741 736 3804 Beati
766 3742 837 3823 plus
863 3741 947 3804 dele·
1004 3755 1033 3808 et
1059 3765 1133 3807 cum
1159 3744 1371 3807 inestimabili
1396 3743 1503 3806 letitia
1527 3743 1757 3808 incessabiliter

188 3851 336 3920 ctantur,
353 3851 385 3905 et
403 3842 501 3904 Deum
523 3840 555 3902 in
578 3839 644 3902 suis
663 3839 855 3904 benedicunt
873 3859 945 3924 ope
1003 3843 1073 3924 ejus
1086 3843 1218 3906 intueris
1233 3843 1459 3906 humanitatem
1472 3861 1600 3925 prorsus
1612 3843 1755 3926 pulcher·

190 3943 300 4006 ribus.
316 3941 439 4004 fertum
455 3947 503 4002 est
523 3947 628 4002 autem
645 3939 744 4002 solam
760 3939 874 4002 Christi
891 3941 948 4002 hu·
1004 3943 1129 4004 rimam.
1160 3941 1317 4023 Amplius,
1348 3961 1411 4023 quo
1439 3941 1532 4023 plura
1565 3961 1603 4004 ac
1633 3941 1755 4024 majora

189 4040 382 4105 manitatem
412 4047 478 4102 toto
501 4038 628 4100 residuo
656 4037 739 4100 entis
764 4039 859 4100 creati
885 4039 948 4102 lico
1004 4047 1176 4103 consecuta
1200 4048 1230 4102 et
1256 4040 1371 4121 adepta
1393 4059 1429 4100 es
1457 4040 1541 4102 bona
1565 4059 1621 4121 pec
1641 4039 1755 4102 Christi

189 4159 271 4203 esse
288 4137 452 4214 cariorem,
469 4137 695 4219 pulchriorem,
713 4135 947 4218 perfectiorem,
1006 4138 1270 4216 incarnationem,
1300 4157 1338 4200 co
1368 4138 1439 4219 plus
1467 4139 1574 4220 diligis
1599 4139 1669 4220 ejus
1698 4140 1755 4202 hu-

190 4255 301 4320 quum
323 4235 389 4316 ipsa
410 4236 449 4298 ad
471 4235 646 4298 increatum
667 4243 699 4298 ct
718 4236 948 4318 hypostaticam
966 4239 990 4301 D
1006 4238 1201 4312 manitatem,
1225 4247 1257 4300 et
1280 4237 1464 4300 deliciosius
1485 4247 1580 4319 atque
1601 4238 1757 4302 affectuo-

192 4355 273 4400 esse
303 4334 395 4398 l'erbi
425 4333 533 4396 aetemi
562 4343 723 4417 assumpta
752 4334 792 4396 sit
819 4343 849 4397 et
878 4355 951 4416 sup
1006 4336 1073 4398 sius
1090 4336 1522 4417 inspiciseam.f'ertumq11e
1537 4337 1684 4418 estquod
1700 4357 1757 4418 per

195 4433 340 4519 positeta
368 4433 399 4494 in
428 4432 495 4506 illo,
528 4440 653 4512 totaque
688 4431 758 4514 ejus
794 4435 950 4515 capacitas
1005 4435 1121 4497 Christi
1151 4435 1402 4497 incarnationem
1431 4436 1476 4498 sis
1505 4434 1589 4497 facta
1617 4435 1756 4498 Genitrix

195 4532 390 4619 plenissime
410 4531 451 4593 sit
473 4530 602 4613 impleta
621 4531 809 4594 omnidono
829 4533 949 4614 gratie,
1007 4533 1073 4607 Dei,
1105 4534 1235 4597 domina
1263 4533 1386 4611 mundi,
1417 4535 1603 4616 angelorum
1633 4535 1753 4615 regina,

195 4627 292 4696 omni
307 4647 433 4709 quoque
448 4646 578 4690 munere
593 4627 712 4708 gloriae.
725 4627 840 4691 Omnes
856 4629 949 4692 etiam
1006 4641 1038 4696 et
1052 4642 1153 4695 mater
1172 4634 1267 4696 totius
1288 4633 1452 4694 militantis
1471 4652 1509 4696 ac
1530 4635 1755 4715 triumphantis

194 4727 291 4794 Beati
318 4728 350 4790 in
381 4725 480 4808 patria
507 4725 644 4808 diligunt
672 4746 741 4788 eam
772 4747 834 4810 praa
863 4728 950 4790 omni
1006 4732 1167 4794 Ecclesiae
1194 4731 1316 4794 idcirco
1344 4732 1376 4792 in
1405 4733 1675 4813 contemplatione
1698 4733 1755 4795 hu-

196 4835 359 4892 creatura.
385 4825 507 4889 idcirco
537 4824 568 4885 in
599 4825 669 4906 ejus
694 4827 855 4908 agnitione
881 4835 952 4909 post
1006 4830 1166 4892 munitatis
1199 4830 1266 4892 litii
1296 4830 1353 4906 tui,
1385 4838 1432 4891 cst
1464 4831 1532 4908 tihi,
1562 4832 1754 4912 benignissi-

195 4929 302 4992 Deum
318 4923 482 5008 potissime
497 4923 674 5005 gloriantur
690 4947 697 4986 :
715 4925 777 4988 imo
797 4926 867 5008 plus
887 4925 953 4990 col·
1006 4950 1058 4992 ma
1086 4931 1193 5009 Mater,
1220 4929 1474 5010 inexcogitabilis
1502 4931 1603 5012 gloria
1630 4940 1663 4994 et
1685 4931 1754 4992 dul·

197 5029 352 5092 laetantur
375 5025 408 5086 in
434 5023 504 5104 ejus
530 5023 645 5085 intuitu
670 5042 764 5104 quam
795 5025 826 5086 in
857 5025 952 5088 totius
1006 5028 1096 5090 cedo.

197 5123 320 5190 residui
347 5121 583 5204 contemplatu3
605 5141 663 5184 nec
688 5123 793 5184 omnia
817 5123 953 5186 delceta-
1047 5127 1178 5203 Rursus,
1194 5145 1258 5208 quo
1280 5145 1353 5189 cum
1374 5127 1540 5208 l'nigeoito
1564 5135 1619 5190 tuo
1641 5127 1673 5188 in
1696 5127 1754 5190 hac

198 5233 311 5289 menta
336 5229 368 5284 et
396 5221 509 5302 gaudia
536 5219 631 5283 etiam
660 5219 753 5282 simul
779 5221 851 5285 vitm
876 5243 953 5304 prae-
1009 5225 1072 5288 vita
1095 5244 1129 5287 es
1154 5225 1340 5287 familiarius
1364 5245 1400 5286 ac
1422 5226 1598 5288 amerosius
1624 5245 1755 5288 conscr-

199 5323 315 5402 seotis,
342 5327 465 5403 queunt
486 5318 603 5401 aquari
627 5319 829 5384 delectationi
857 5341 953 5404 quam
1010 5333 1088 5404 sata,
1113 5332 1287 5408 alquanto
1316 5323 1443 5386 fidelius
1471 5343 1508 5386 ac
1532 5324 1703 5388 cordialius
1726 5325 1755 5388 ei
