4309 6250
250 543 289 588 os
310 542 517 591 aoercnrmra
539 543 633 589 suum
655 543 820 589 rorvrrrrcrs
842 543 879 586 er
899 541 1068 587 cassatus
1091 540 1231 598 noscitu,
1254 504 1342 587 tram
1363 542 1406 586 ιιι.
1429 558 1470 569 -
1490 540 1561 586 aar.
1584 539 1646 584 xxv
1666 521 1726 584 eto

175 710 272 773 debet
286 729 356 773 esse
371 711 542 773 auctoritas
557 719 651 791 atque
668 709 808 791 prelatio
822 709 926 792 presi·
941 713 966 772 Α
981 729 1055 772 nem
1070 709 1109 771 ad
1125 710 1223 772 Deum
1238 707 1402 786 ordinare3
1415 709 1636 792 deinde,quod
1651 708 1729 771 finis

175 808 295 886 dentis,
312 809 437 890 qualem
454 808 587 888 requirit
602 807 653 868 bic
669 806 756 870 finis.
774 807 833 869 Sed
849 806 927 868 finis
981 807 1060 889 legis
1076 807 1193 870 divine
1207 827 1244 870 ao
1259 807 1452 888 evangelice
1466 809 1508 869 sit
1521 807 1649 870 dilectio
1661 808 1728 887 Dei,

177 907 236 968 iste
253 906 387 987 requirit
401 907 486 988 quod
502 905 674 986 presidens
693 905 807 966 habeat
821 912 927 967 aucto-
980 925 1038 988 per
1060 925 1157 988 quam
1176 907 1272 969 homo
1293 905 1355 968 Deo
1379 906 1518 980 adheret
1541 915 1635 986 atque
1659 907 1730 968 uni·

176 1003 303 1066 ritatem
327 1011 360 1065 et
378 1003 593 1084 prelationem
614 1021 709 1083 super
733 1021 844 1064 omnes
867 1002 926 1064 sibi
981 1013 1052 1082 tur3
1084 1004 1189 1081 tertio,
1218 1004 1302 1084 quod
1331 1002 1407 1065 finis
1436 1003 1516 1085 legis
1543 1003 1660 1066 divine
1689 1004 1731 1066 sit

176 1101 352 1183 subjectos,
370 1121 433 1164 nou
458 1101 560 1164 solum
580 1100 720 1179 divisim,
738 1101 793 1163 sed
817 1099 925 1178 etiam,
980 1101 1076 1164 etiam
1112 1101 1258 1164 homines
1286 1101 1324 1162 ad
1353 1110 1496 1163 mutuam
1524 1101 1729 1165 dilectionem

176 1198 243 1263 imo
276 1209 308 1262 et
341 1199 506 1280 potissime
538 1199 736 1281 conjunctim
765 1205 924 1280 acceptos.
981 1199 1147 1278 inducere,
1164 1199 1316 1281 quoniam
1330 1199 1422 1262 aliter
1436 1201 1475 1262 ad
1490 1199 1590 1264 finem
1605 1199 1731 1265 beatifi-

174 1298 276 1361 dliter
295 1299 380 1361 enim
401 1317 464 1362 non
484 1299 568 1362 valet
587 1317 642 1362 eos
662 1299 700 1361 ad
720 1298 806 1360 huno
825 1297 925 1361 finem
981 1316 1054 1360 cum
1076 1305 1239 1378 nequeunt
1259 1297 1435 1379 pervenire.
1453 1298 1554 1372 Ouum
1575 1317 1651 1380 ergo
1676 1318 1731 1361 ne-

175 1398 352 1478 perducere
377 1415 433 1458 seu
457 1395 685 1460 convenienter
709 1396 859 1478 dirigere,
882 1403 928 1458 at·
981 1395 1067 1458 mine
1092 1396 1258 1458 dubitante
1283 1395 1364 1478 Papa
1389 1396 1430 1458 sit
1452 1396 1565 1460 Christi
1591 1397 1730 1460 vicarius

174 1515 238 1577 que
259 1495 291 1557 in
312 1493 378 1558 finc
398 1495 581 1576 hujusmodi
603 1495 804 1572 conservare,
821 1502 852 1556 et
870 1495 927 1555 im·
981 1515 1077 1576 super
1099 1495 1266 1557 universos
1291 1494 1529 1574 christifideles,
1547 1497 1586 1559 ad
1611 1496 1672 1560 boc
1696 1503 1731 1559 ut

175 1595 360 1675 pedimenta
394 1593 454 1656 fini
484 1594 684 1658 adversantia
711 1592 833 1670 tollere,
864 1593 925 1654 nisi
980 1602 1135 1676 quantum
1165 1594 1228 1656 lieo
1261 1600 1428 1674 prestante
1458 1602 1571 1676 potest,
1602 1613 1730 1658 omnem

174 1689 279 1768 possit
307 1691 456 1753 omnibus
484 1700 516 1753 et
543 1691 678 1773 singulis
706 1691 842 1772 sumptis
870 1710 926 1752 seu
981 1693 1112 1755 inducat
1131 1692 1284 1775 populum
1309 1691 1517 1754 christianum
1537 1695 1576 1756 ad
1595 1712 1731 1776 evange·

176 1789 319 1867 pensatis
344 1789 541 1871 conjunctim
568 1790 752 1872 precipere,
775 1789 927 1852 constitn—
982 1790 1050 1853 lice
1065 1789 1146 1872 legis
1165 1789 1413 1867 observantiam,
1431 1792 1605 1872 prasertim
1621 1791 1659 1853 ad
1675 1791 1730 1854 llei

175 1885 298 1948 tionem
314 1887 622 1970 prohibitionemque
638 1887 743 1950 facere
758 1907 812 1950 seu
827 1888 926 1969 legem
943 1895 967 1957 B
982 1908 1017 1952 ac
1033 1888 1169 1971 proximi
1184 1887 1399 1966 dilectionem,
1415 1897 1537 1970 oportet
1557 1891 1640 1971 quod
1661 1889 1731 1951 tali·

175 1983 356 2066 prefigere,
372 2006 471 2067 quum
490 1987 583 2049 aliter
606 1987 683 2050 finis
708 1987 767 2050 iste
792 1993 928 2067 nequeat
982 1996 1029 2050 ter
1053 1986 1204 2048 fidelibus
1229 1985 1346 2066 presit,
1369 1987 1506 2067 qualiter
1531 1988 1730 2068 praesidendo

175 2081 316 2145 obtineri
331 2093 364 2147 et
377 2086 558 2148 conservari
575 2085 726 2166 perfecte,
737 2086 799 2148 nisi
816 2103 927 2148 omnes
982 2093 1087 2167 potest
1111 2085 1194 2146 istud
1220 2082 1399 2164 efficacius,
1425 2085 1605 2167 promptius
1635 2094 1730 2167 atque

175 2181 275 2243 etiam
300 2183 394 2246 simul
419 2184 525 2248 media
548 2183 606 2246 fini
631 2185 869 2267 proportionata
896 2190 928 2245 et
982 2183 1109 2246 facilius
1123 2182 1307 2263 adimplere,
1322 2191 1356 2244 ut
1371 2184 1578 2264 precedentis
1592 2183 1731 2246 rationes

175 2289 252 2361 apta
273 2280 443 2344 observent
464 2282 754 2365 impedimentaque
776 2281 887 2345 vitent.
982 2283 1154 2347 ostendunt
1181 2281 1318 2344 articuli.
1346 2282 1406 2345 Sed
1434 2283 1517 2346 istud
1547 2283 1732 2365 compendi-

218 2379 493 2460 lnsuper‚adhoc
517 2380 650 2443 tendunt
669 2382 831 2462 feratque
851 2399 928 2461 pre
982 2381 1069 2445 osius
1099 2388 1204 2462 potest
1231 2379 1364 2461 implere
1392 2382 1558 2444 condendo
1586 2381 1672 2463 leges
1699 2389 1732 2444 et

176 2475 268 2555 latio,
285 2487 319 2540 ut
337 2479 392 2560 qui
411 2480 515 2542 eidem
537 2479 725 2558 subduntur,
743 2480 807 2541 sint
825 2497 927 2541 unum
983 2479 1226 2543 constitutiones
1250 2479 1289 2541 ad
1314 2497 1393 2560 quas
1422 2487 1486 2542 tota
1513 2480 1730 2542 christianitas

176 2594 237 2656 per
248 2575 427 2640 animorum
443 2578 813 2659 concordiam,unusque
828 2596 928 2659 popu·
983 2579 1180 2660 conjunctim
1191 2586 1347 2658 teneatur,
1357 2597 1453 2659 quam
1469 2579 1572 2640 solum
1587 2578 1728 2641 divisim.

176 2673 229 2736 lus
250 2693 308 2756 per
330 2675 409 2758 legis
435 2684 466 2739 et
491 2677 630 2759 regentis
656 2676 924 2741 communionem.
983 2675 1113 2758 Nempe,
1130 2695 1187 2759 per
1205 2677 1267 2739 hoc
1291 2676 1375 2756 quod
1396 2694 1508 2739 omnes
1532 2676 1731 2757 conjunctim

175 2772 224 2836 Eo
245 2773 344 2854 igitur
361 2775 455 2838 modo
480 2776 633 2857 competit
658 2774 839 2856 presidenti
863 2773 927 2836 illis
982 2782 1141 2854 tenentur,
1158 2782 1189 2837 et
1213 2775 1253 2836 ad
1276 2793 1348 2854 que
1370 2782 1519 2837 tenentur
1542 2775 1730 2855 adimplent,

176 2890 327 2952 preesse,
344 2892 407 2954 quo
422 2873 523 2955 possit
537 2893 591 2936 eos
606 2874 645 2936 ad
663 2873 757 2936 talem
773 2874 926 2934 unitatem
983 2873 1084 2955 magis
1105 2871 1280 2954 proficiunt
1293 2871 1326 2933 in
1341 2880 1451 2934 mutua
1470 2873 1612 2950 caritate,
1629 2873 1731 2954 magis

176 2972 447 3054 concordiamque
466 2971 633 3035 efficacius
655 2971 928 3052 compendiosius·
982 2991 1015 3034 se
1042 2981 1151 3034 mutuo
1170 2971 1285 3053 juvant
1307 2970 1346 3031 ad
1367 2970 1612 3053 proficiendum,
1630 2972 1731 3053 magis

175 3089 241 3152 que
261 3071 434 3152 perducere
451 3094 458 3133 :
475 3071 561 3152 quod
581 3071 783 3153 potissimum
802 3077 850 3134 ast
871 3087 928 3151 per
944 3075 967 3141 G
982 3069 1120 3152 pacifice
1139 3069 1278 3132 invicem
1293 3068 1418 3147 vivunt,
1439 3070 1535 3133 Deum
1555 3070 1657 3152 magis
1676 3070 1733 3133 he

175 3170 240 3233 hoc
256 3170 340 3250 quud
356 3178 461 3252 potest
474 3170 521 3232 eis
541 3170 713 3252 precipere
733 3170 839 3252 aliqua
857 3187 927 3249 que
982 3176 1108 3247 norant,
1124 3167 1285 3249 copiosius
1304 3166 1462 3249 citiusque
1485 3169 1524 3230 ad
1546 3167 1731 3231 felicitatem

174 3269 219 3331 ab
233 3268 392 3330 universis
412 3276 443 3331 et
462 3268 597 3351 singulis
616 3268 807 3351 generaliter
821 3268 928 3331 obscr-
982 3268 1185 3351 perveniunt.

174 3375 466 3448 ventur,quantum
482 3367 513 3429 id
531 3367 761 3431 rationabiliter
775 3365 848 3428 fieri
863 3373 929 3448 pot·
1022 3366 1183 3442 Praeterea,
1201 3382 1239 3427 eo
1254 3365 1348 3428 modo
1362 3364 1529 3446 magisque
1551 3364 1679 3447 proprie
1700 3370 1732 3426 et

174 3472 237 3527 est.
255 3464 368 3546 Sioqua
388 3472 512 3547 oportet
530 3475 565 3528 ut
587 3485 682 3548 super
700 3484 811 3529 omnes
831 3464 926 3527 etiam
981 3484 1039 3547 per
1058 3465 1146 3546 prius
1168 3463 1250 3544 Papa
1270 3463 1419 3545 presidet
1436 3464 1525 3526 omni
1544 3482 1581 3527 ac
1600 3463 1657 3526 toti
1678 3481 1733 3544 pe

174 3562 378 3645 conjunctim
396 3564 616 3628 auctoritatem
640 3564 755 3627 habeat
779 3571 810 3627 et
832 3563 928 3644 iuris·
982 3562 1058 3645 pulo
1081 3561 1264 3642 christiano,
1284 3579 1348 3642 quo
1366 3562 1461 3625 modo
1486 3561 1587 3643 magis
1611 3561 1732 3624 directe

174 3662 365 3725 dictionem.
381 3663 510 3741 lterum,
532 3662 586 3743 qui
608 3662 712 3725 eidem
734 3662 925 3740 subduntur,
982 3681 1018 3724 ac
1034 3660 1163 3743 proprie
1177 3659 1329 3740 competit
1342 3659 1371 3721 ei
1385 3659 1503 3721 habere
1518 3658 1605 3741 legas
1615 3678 1671 3723 seu
1685 3678 1733 3722 or·

175 3780 262 3822 unus
291 3769 365 3823 sunt
388 3780 465 3842 grex
493 3780 619 3843 unaque
648 3760 751 3841 plebs,
777 3768 809 3822 et
836 3760 926 3841 quasi
982 3759 1162 3822 dinationes
1185 3767 1217 3820 et
1239 3756 1481 3820 constitutiones
1506 3758 1633 3820 easdem
1652 3775 1732 3839 quas

174 3877 279 3921 unum
299 3877 414 3939 corpus
435 3878 493 3939 per
514 3858 731 3921 reductionem
751 3866 783 3919 et
801 3875 929 3939 compa·
982 3854 1064 3939 Papa
1083 3865 1186 3939 potest
1205 3856 1234 3919 ei
1253 3854 1431 3938 prefigere.
1449 3856 1509 3918 Sed
1527 3857 1656 3919 easdam
1675 3856 1731 3919 ha·

174 3957 334 4019 rationem
359 3956 398 4020 ad
424 3975 516 4019 suum
543 3956 775 4038 presidentem,
802 3955 856 4035 qui
880 3962 929 4017 est
983 3957 1056 4018 bere
1072 3952 1314 4018 constitutiones
1333 3962 1365 4017 et
1383 3953 1470 4035 leges
1492 3955 1592 4036 magis
1610 3954 1730 4017 directe

173 4063 275 4137 caput
297 4054 448 4137 ipsorum.
466 4054 586 4118 ldcirco
605 4054 758 4138 competit
772 4054 816 4116 eis
832 4054 929 4135 potis·
982 4072 1018 4115 ac
1034 4053 1160 4134 proprie
1175 4051 1327 4116 convenit
1341 4051 1398 4114 toti
1418 4051 1536 4133 populo
1556 4052 1731 4117 christiano

173 4154 260 4217 sime
282 4152 507 4217 collectiveilli
524 4153 666 4232 subesse,
683 4152 776 4215 atilli
792 4152 838 4214 eis
853 4170 928 4215 con·
983 4152 1181 4233 conjunctim
1203 4150 1402 4213 considerato
1425 4169 1463 4212 ac
1489 4160 1615 4233 sumpto
1637 4175 1644 4213 ε
1666 4152 1731 4235 pri-

172 4248 317 4333 junctim
338 4268 486 4332 praeesse.
943 4251 1046 4333 ltmo,
1063 4250 1214 4333 quoniam
1233 4249 1354 4313 dictum
1373 4258 1422 4312 est
1441 4250 1526 4331 quod
1548 4250 1597 4313 lex
1616 4268 1731 4333 propo·
1743 4271 1877 4327 naama

983 4350 1070 4414 nitur
1083 4348 1302 4414 communitati
1321 4355 1354 4410 at
1371 4348 1490 4430 populo
1509 4348 1665 4427 adunate3
1682 4367 1731 4412 se-

358 4486 603 4553 ARTICULUS
638 4488 746 4554 XXV·
983 4449 1100 4527 cundo,
1124 4450 1274 4529 quoniam
1301 4446 1422 4510 diversi
1450 4446 1559 4529 populi
1585 4466 1642 4529 per
1668 4446 1729 4512 hoc

782 4576 784 4582 ·
983 4548 1066 4629 quod
1091 4547 1125 4609 in
1148 4546 1259 4609 eadem
1281 4548 1352 4629 lage
1375 4546 1624 4627 communicant,
1647 4566 1730 4611 unus

173 4622 227 4683 De
255 4619 449 4722 specialibus
478 4620 661 4679 rationibus
687 4630 822 4698 PYOWY
849 4642 929 4725 fimf
983 4646 1217 4729 quodammodo
1232 4646 1367 4727 populus
1385 4645 1480 4707 fiunt.
1497 4644 1595 4723 Unde,
1611 4664 1675 4726 quo
1696 4646 1730 4708 in

220 4710 351 4768 ⁶⁰⁷²⁶³d²
374 4716 510 4829 ‘'BP''‘e‘’
536 4712 622 4786 ΨΜ
645 4730 791 4787 mmmm-
814 4706 929 4814 ‚PW“
984 4746 1129 4827 pluribus
1148 4743 1272 4824 legibus
1290 4742 1565 4825 observantiisque
1590 4761 1731 4807 commu·

219 4800 244 4875 s
238 4818 279 4857 ‘³⁶⁶
289 4815 352 4873 per
364 4815 409 4873 pr
412 4816 463 4856 ²²⁶³
476 4808 684 4873 ⁶⁰mf'are‘ur
701 4802 744 4858 ad
760 4820 929 4859 ²⁴mv⁶⁷⁸“'
983 4844 1094 4906 nicant
1107 4850 1140 4906 et
1153 4843 1357 4920 concordant,
1371 4860 1409 4905 eo
1424 4842 1496 4924 plus
1511 4842 1595 4905 fiunt
1610 4851 1642 4904 et
1657 4849 1731 4904 sunt

222 4893 285 4948 lem
294 4887 471 4947 Ecclesiam
482 4882 928 4965 conjonctimcoirsideratam
1357 4941 1363 4953 .
1445 4941 1451 4953 .

983 4942 1121 5025 populus
1137 4960 1229 5003 unus.
1245 4940 1317 5003 ldeo
1336 4960 1423 5003 crrca
1443 4940 1521 5003 rllud
1541 4941 1732 5005 hlachabeo·

221 4997 319 5057 quam
334 4976 480 5037 divisim.
1148 5040 1154 5053 Ι
1200 5038 1206 5051 ,
1307 5039 1313 5051 ‚

984 5061 1066 5117 rum,
1089 5041 1223 5121 Scripsvt
1243 5039 1417 5101 Antiochus
1437 5047 1472 5101 ut
1490 5057 1602 5102 omnes
1626 5047 1733 5103 essent
1759 5047 1874 5101 illuct-1.

40 5180 84 5222 ηρ,
109 5169 160 5210 us-
242 5136 329 5200 lBllO
359 5136 453 5201 tertio
487 5137 624 5199 Summe
657 5145 766 5201 contra
794 5138 928 5220 gentiles
985 5139 1122 5221 populus
1136 5158 1230 5216 unus,
1247 5137 1356 5199 dicunt
1368 5137 1564 5218 expositores
1578 5138 1639 5202 hoc
1658 5138 1732 5201 fieri
1745 5119 1780 5157 ⁴³·

28 5230 71 5273 ¹¹³·
257 5245 384 5299 sanctus
406 5236 521 5299 Doctor
545 5236 678 5318 pulchre
703 5237 898 5299 demonstrat
919 5260 926 5297 :
960 5288 962 5293 .
984 5239 1018 5301 in
1033 5238 1145 5300 eodem
1161 5236 1223 5298 ritu
1237 5244 1268 5299 et
1283 5236 1371 5299 cultu
1386 5236 1663 5300 communicando.
1681 5236 1733 5299 Er·

177 5336 297 5422 primo,
317 5335 400 5417 quod
421 5334 537 5397 divine
557 5334 636 5415 legis
662 5334 737 5397 finis
763 5336 802 5397 sit
828 5336 930 5399 homi·
986 5356 1026 5419 go
1048 5336 1106 5399 toti
1125 5334 1350 5397 christianitati
1370 5333 1567 5418 conjunctim
1587 5335 1734 5415 presidet
