4309 6250
395 489 436 536 blf
457 489 619 538 bibulum
640 491 677 536 Π
697 491 847 536 muninus
867 491 895 536 ll.
920 491 948 535 V.
972 489 1089 547 lanta,
1112 489 1200 536 tissa
1221 491 1253 537 ll.
1275 509 1317 520 -
1336 492 1406 537 altr.
1429 493 1473 538 111
1670 473 1711 538 87

206 658 363 742 Amplius,
383 658 466 740 quod
489 657 571 721 Deus
592 657 806 740 omnipotens,
826 666 914 722 actor
928 659 954 720 A
970 659 1086 722 caritas
1109 679 1148 722 ac
1172 659 1346 724 liberalitas
1369 668 1419 723 est
1442 660 1608 739 immensa,
1630 679 1665 722 se
1683 667 1716 724 et

29 782 152 836 sabama
167 757 362 838 liberrimus,
377 757 433 840 qui
448 756 557 820 omniu
569 765 718 841 operatur
738 759 912 820 secundum
969 777 1026 820 sua
1039 765 1149 819 sancta
1162 757 1352 822 charismata
1366 759 1536 840 gratiosius
1557 778 1595 822 ac
1609 759 1717 840 copio-

168 876 234 918 sum
255 856 453 939 propositum
469 854 652 934 voluntatis,
670 856 824 938 majorem
845 875 914 936 gra·
969 856 1035 919 sius
1054 855 1177 918 homini
1196 855 1252 918 tali
1273 857 1429 938 rependit,
1445 866 1477 922 et
1495 857 1525 920 ei
1545 876 1579 920 se
1598 856 1716 920 clarius

166 955 246 1017 tiam
274 954 504 1036 clarioremque
531 954 677 1018 notitiam
705 961 832 1036 prestat
860 953 914 1016 uni
970 953 1163 1017 manifestat.
1179 954 1349 1035 Palemque
1370 963 1429 1035 est,
1444 955 1648 1018 mitissimam
1663 955 1718 1018 de·

167 1073 264 1136 quam
280 1053 382 1132 altari,
398 1053 574 1117 exduohus
593 1061 696 1135 potest
715 1052 912 1133 contingere,
970 1051 1231 1133 votissimamque
1259 1052 1387 1116 hiarium
1415 1071 1449 1116 se
1478 1072 1542 1136 prm
1568 1051 1718 1116 omnibns

168 1153 236 1214 sive
264 1171 302 1214 ex
329 1151 452 1234 duplici
480 1169 586 1214 causa.
615 1151 732 1229 Primo,
761 1171 799 1214 ex
827 1159 915 1232 parte
971 1151 1090 1214 sanctis
1124 1151 1301 1213 viatoribus
1329 1149 1393 1215 Deo
1426 1150 1720 1232 incomparabiliter

168 1249 280 1332 ipsius,
301 1249 356 1330 qui
376 1267 430 1313 eos
449 1267 529 1331 quos
548 1250 588 1312 ad
607 1247 826 1313 sublimiorem
845 1247 916 1311 leli·
971 1248 1157 1331 plenissime
1172 1267 1209 1311 ac
1220 1249 1425 1331 integerrime
1437 1249 1626 1326 subdidisse,
1634 1267 1721 1311 man·

168 1348 296 1410 citatem
312 1347 419 1428 elegit,
436 1347 611 1429 majoribus
625 1347 736 1428 gratiis
751 1345 913 1428 praevenit,
971 1346 1106 1428 cipasse,
1123 1347 1316 1424 exhibuisse,
1337 1346 1403 1410 imo
1426 1355 1458 1408 et
1477 1346 1506 1409 ei
1528 1347 1633 1409 carnis
1654 1364 1720 1410 sura

167 1453 200 1510 ct
212 1445 367 1528 quosdam
383 1444 678 1509 misericordissime
693 1444 916 1528 praveniendo
972 1444 1181 1507 substantiam
1196 1463 1255 1528 pro
1270 1443 1500 1507 incarnationis
1513 1443 1647 1507 materia
1660 1443 1719 1506 mi-

169 1543 281 1625 tangit,
299 1543 445 1625 inspirat,
461 1542 629 1622 convertit,
646 1542 804 1604 illuminat
818 1551 851 1605 et
870 1543 917 1604 in·
971 1543 1136 1620 nistrasse,
1157 1543 1325 1625 ipsumque
1346 1543 1496 1621 nutrisse,
1519 1541 1664 1620 lactasse,
1688 1549 1721 1606 et

169 1643 326 1705 flammat.
356 1641 442 1704 Unde
468 1641 501 1702 in
529 1639 703 1722 Evangelio
729 1640 811 1702 dixit
836 1663 843 1701 :
868 1641 916 1702 Au
972 1640 1239 1704 maternaliterac
1258 1641 1721 1704 reverentissimecontrectas-

169 1758 234 1803 non
250 1739 324 1802 licet
339 1739 418 1801 mihi
432 1739 517 1820 quod
539 1738 753 1802 valefaceret
770 1737 918 1802 Voloau·
973 1759 1017 1803 se.
1038 1739 1159 1802 ldoirco
1184 1748 1216 1802 et
1239 1739 1308 1822 ipse
1333 1738 1532 1822 superbonus
1556 1756 1593 1800 ac
1616 1737 1721 1799 muni·

170 1846 234 1900 tem
254 1844 286 1899 et
306 1837 381 1899 huic
402 1835 574 1898 novissimo
595 1836 670 1898 dare
692 1835 774 1898 sicut
794 1843 826 1898 et
845 1835 915 1897 tibi.
934 1837 1206 1902 bliceutissimus
1229 1836 1329 1899 l’ilins
1352 1836 1447 1900 talem
1473 1855 1563 1900 suam
1586 1834 1722 1899 Genitri-

169 1933 329 2013 Secuudo,
345 1953 384 1996 ex
405 1942 492 2016 parte
515 1933 707 2016 recipientis,
724 1934 778 2015 qui
799 1941 918 2016 quanto
974 1955 1044 1999 cem
1065 1955 1130 2018 pras
1151 1935 1275 1998 cunctis
1295 1934 1524 2017 gratiosissime
1546 1953 1583 1997 ac
1605 1932 1723 2015 plenis-

170 2033 303 2114 majoris
318 2033 415 2096 fuerit
429 2033 613 2116 capacitatis
628 2041 659 2095 et
673 2033 919 2114 dignitatis,tan·
975 2032 1055 2096 sime
1075 2032 1227 2111 visitavit,
1248 2031 1394 2115 replevit,
1416 2030 1619 2108 illuminavit,
1635 2038 1668 2092 et
1688 2047 1722 2092 se

170 2141 203 2194 to
236 2132 309 2214 plus
345 2131 453 2213 gratiae
486 2131 622 2212 desuper
656 2131 800 2215 suscipit,
829 2131 919 2211 justa
976 2131 1081 2214 ipsum
1104 2130 1197 2193 sicuti
1222 2137 1282 2208 est,
1302 2129 1331 2192 ei
1355 2127 1554 2211 splendidius
1576 2128 1724 2208 frequen-

25 2249 156 2297 uumss.
171 2229 369 2292 illudzlledit
380 2229 553 2308 unicuique
568 2229 743 2291 secundum
759 2228 918 2311 propriam
977 2229 1104 2309 tiusque
1124 2228 1273 2291 ostendit.

171 2329 334 2391 virtutem.
350 2326 438 2401 Quod
460 2334 565 2389 autem
587 2326 690 2408 primo
708 2327 802 2390 modo
821 2327 921 2389 abun·
1017 2328 1056 2389 At
1070 2344 1205 2403 vermes
1219 2325 1403 2406 cognitione
1417 2322 1561 2408 procedit
1574 2322 1722 2387 dilectio:

170 2426 350 2488 dantiorem
365 2424 518 2487 divinitus
538 2425 672 2506 gratiam
687 2425 758 2506 quis
777 2425 917 2502 sortitur,
979 2425 1061 2502 ideo,
1078 2424 1161 2487 sicut
1175 2421 1441 2486 reverendissima
1455 2441 1492 2484 ac
1510 2419 1725 2484 illustrissima

171 2543 210 2586 ex
238 2522 354 2604 maiori
383 2522 511 2584 caritate
539 2521 594 2584 Dei
624 2522 662 2584 ad
691 2521 919 2604 suscipientem
979 2523 1069 2604 virgo
1095 2521 1188 2584 Μανία
1213 2521 1247 2582 in
1272 2528 1381 2582 sancta
1400 2518 1529 2582 Deitatis
1553 2517 1725 2581 dilectione

171 2621 343 2705 provenire
371 2627 539 2698 censetur;
564 2621 648 2700 quod
676 2637 752 2682 vero
780 2620 919 2682 secundo
979 2641 1043 2704 prm
1067 2619 1181 2682 ceteris
1208 2619 1298 2696 arsit,
1322 2626 1355 2679 et
1379 2617 1549 2699 perfectior
1571 2636 1608 2679 ac
1638 2615 1727 2680 iude-

172 2719 268 2782 modo
283 2718 355 2799 quis
370 2716 507 2799 amplius
522 2717 665 2799 suscipit,
681 2737 719 2780 ex
738 2717 851 2798 majori
871 2718 920 2780 sui
980 2718 1136 2781 sinentior
1151 2714 1360 2778 ineffabiliter
1380 2715 1452 2793 fuit,
1469 2715 1512 2776 ita
1534 2733 1599 2796 praa
1612 2713 1727 2776 ceteris

171 2815 404 2899 praeparatione
419 2815 803 2896 causatur,priueipaliter
817 2823 920 2878 mmeu
979 2818 1077 2879 Deum
1094 2813 1294 2896 splendidius
1310 2812 1400 2875 vidit.
1408 2811 1446 2874 Et
1460 2811 1605 2893 quamvis
1620 2811 1727 2874 fervor

170 2933 210 2976 ex
226 2913 492 2995 praeordinatione
506 2921 538 2975 et
552 2913 921 2995 condonationeltaque,
978 2913 1082 2976 divini
1097 2912 1213 2974 amoris
1234 2918 1408 2992 conceptus
1429 2929 1468 2972 ex
1489 2909 1656 2971 intuitione
1670 2907 1726 2971 llei

171 3032 238 3094 quo
263 3009 478 3074 sacratissima
501 3011 591 3091 virgo
616 3011 710 3072 llaria
733 3009 794 3073 luit
818 3031 836 3072 a
859 3011 922 3073 Ileo
939 3010 961 3073 C
978 3031 1035 3094 per
1051 3009 1202 3092 speciem,
1219 3027 1284 3071 non
1299 3015 1483 3089 permaneat
1497 3007 1529 3069 in
1546 3025 1603 3070 suo
1617 3007 1727 3088 vigore

173 3111 277 3193 magis
291 3110 418 3187 dilecta,
435 3128 498 3192 quo
519 3109 614 3173 etiam
629 3117 696 3173 erat
718 3107 855 3193 praefatae
877 3109 923 3172 vi·
979 3117 1124 3174 cessante
1139 3106 1322 3189 hujusmodi
1339 3105 1482 3183 visione,
1497 3113 1637 3168 attamen
1657 3124 1728 3188 per-

172 3210 276 3273 sionis
300 3210 356 3272 Dei
381 3228 439 3291 per
462 3208 601 3289 speciem
625 3208 793 3270 sublimius
818 3228 924 3271 susce
979 3228 1056 3271 sona
1072 3208 1176 3270 taliter
1189 3206 1288 3269 Deum
1304 3205 1428 3283 intuita,
1445 3204 1646 3287 postmodum
1662 3222 1727 3265 me-

172 3310 273 3391 ptiva,
300 3316 409 3387 utpote
434 3306 546 3389 majori
572 3306 706 3388 puritate
734 3315 765 3369 et
793 3306 922 3369 caritate
979 3326 1049 3370 mor
1069 3314 1118 3368 est
1138 3304 1274 3366 visionis
1295 3312 1359 3365 tam
1381 3302 1657 3385 splendidissime,
1674 3302 1727 3363 de-

171 3414 297 3483 ornata,
328 3424 367 3467 eo
397 3424 461 3487 prae
489 3402 603 3466 ceteris
632 3403 758 3465 videtur
785 3404 823 3466 ad
853 3422 922 3465 eam
980 3402 1247 3467 siderabilissimae
1271 3422 1308 3464 ac
1331 3401 1571 3483 jucundissimae
1591 3424 1599 3461 ε
1620 3408 1652 3463 et
1680 3399 1726 3461 sic

173 3504 384 3568 excellentius
406 3501 667 3583 frequentiusque
688 3508 843 3584 promota.
980 3502 1082 3583 magis
1103 3501 1142 3562 ad
1163 3519 1232 3563 eam
1255 3500 1406 3581 adspirat,
1430 3517 1466 3561 ac
1489 3506 1598 3561 sancto
1619 3516 1726 3560 amore

214 3604 379 3681 Praeterea,
407 3600 476 3684 ipsa
500 3600 666 3681 Unigenito
691 3618 748 3663 suo
776 3600 807 3661 in
836 3598 923 3663 omui
980 3599 1118 3663 validius
1133 3598 1312 3674 intabescit,
1329 3596 1539 3659 reminiscens
1554 3596 1587 3656 in
1608 3603 1726 3676 quanto

174 3700 346 3784 sapientia,
375 3697 572 3781 perfectione
600 3706 632 3760 et
658 3698 760 3779 gratia
788 3698 848 3760 fuit
883 3698 924 3759 si·
980 3699 1094 3761 decore
1116 3705 1148 3759 et
1168 3696 1279 3777 gloria,
1296 3694 1463 3771 suavitate,
1480 3692 1673 3755 amabilitate
1695 3700 1727 3754 et

173 3800 282 3863 milior
296 3808 392 3880 atque
407 3796 615 3880 propinquior
631 3818 638 3857 :
657 3796 720 3859 imo
735 3796 819 3858 inter
838 3795 926 3858 Chri·
980 3795 1169 3859 excellentia
1192 3793 1309 3855 viderit
1332 3791 1441 3855 Deum.
1463 3790 1596 3867 idcirco,
1616 3809 1726 3872 quem-

173 3908 261 3961 stum
277 3917 314 3960 ac
330 3906 452 3959 ceteros
474 3894 610 3957 viatores
631 3894 743 3956 habuit
764 3912 798 3955 se
820 3892 925 3955 medie
980 3895 1151 3958 admodum
1176 3892 1278 3972 lloyse
1306 3898 1338 3952 et
1366 3889 1461 3951 Paulo
1488 3888 1648 3950 ardentior
1675 3906 1727 3949 ex-

175 3997 283 4060 modo.
302 3993 445 4057 Christus
460 4000 564 4054 autem
587 3990 762 4053 secundum
784 3990 927 4071 superio·
981 3994 1061 4055 stitit
1080 3992 1113 4053 iu
1132 4008 1239 4053 amore
1265 3988 1374 4051 divino
1398 3986 1518 4068 optima
1539 4005 1575 4049 ac
1594 3986 1728 4047 divinis-

176 4116 245 4159 rem
275 4111 340 4155 sua
364 4091 479 4153 animas
504 4096 636 4171 partem,
661 4088 811 4151 videlicet
835 4089 927 4152 intel·
981 4091 1060 4153 sima
1081 4090 1188 4170 Virgo,
1204 4088 1248 4149 ita
1268 4106 1333 4169 pras
1355 4086 1419 4147 illis
1439 4086 1537 4147 Deum
1561 4084 1593 4145 in
1615 4083 1728 4165 majori

175 4192 340 4267 lecticam,
377 4188 439 4250 luit
478 4186 735 4267 comprehensor,
773 4186 925 4248 Deitatem
943 4187 1188 4270 Dgratiositate,
1210 4186 1325 4247 decore
1349 4192 1382 4245 et
1405 4182 1506 4265 gloria
1533 4181 1652 4243 vidisse
1676 4180 1729 4263 pie

175 4291 263 4353 clare
285 4307 343 4369 per
367 4284 506 4369 speciem
533 4302 666 4347 cernens
690 4303 708 4345 α
733 4284 835 4365 primo
860 4304 927 4347 ere·
982 4284 1140 4349 credenda
1158 4292 1217 4345 est.
1234 4282 1366 4360 Rursus,
1383 4280 1466 4342 sicut
1486 4278 1651 4342 deiformis
1667 4279 1730 4340 vir-

175 4388 295 4451 ationis
324 4384 437 4445 animas
472 4400 536 4444 sure
572 4380 712 4443 instanti.
743 4382 926 4445 Condeeens
981 4403 1021 4467 go
1045 4382 1140 4445 llaria
1160 4400 1224 4462 prae
1239 4380 1342 4460 hloyse
1364 4378 1584 4441 ardentissima
1611 4376 1671 4438 luit
1696 4378 1729 4438 in

175 4486 276 4568 igitur
290 4482 363 4558 fuit,
380 4480 451 4563 ejus
471 4478 763 4563 praestantissimam
784 4499 820 4542 ac
836 4500 927 4561 capa·
982 4482 1112 4546 caritate
1140 4478 1260 4557 divina,
1287 4478 1333 4539 sic
1358 4496 1423 4559 pras
1446 4475 1501 4538 illo
1525 4475 1662 4556 amplius
1690 4474 1729 4535 ad

175 4584 343 4648 cissimam
363 4578 554 4643 Genitricem
577 4576 615 4639 ad
638 4577 859 4658 hujuscemodi
881 4578 927 4639 vi·
982 4582 1103 4643 clarum
1118 4576 1219 4641 divini
1235 4576 1342 4637 vultus
1357 4574 1506 4636 intuitum
1522 4573 1663 4635 creditur
1676 4573 1731 4633 ad-

176 4684 316 4758 sionem,
340 4678 452 4740 saltem
481 4676 651 4755 interdum,
676 4683 707 4737 et
732 4674 840 4739 forsan
867 4675 928 4737 fre·
983 4678 1120 4759 spirasse
1141 4684 1173 4739 et
1195 4694 1252 4758 pro
1273 4693 1311 4736 co
1333 4690 1473 4753 rogasse,
1490 4680 1585 4753 atque
1600 4690 1657 4753 pro
1672 4690 1730 4733 sua

176 4788 325 4862 quanter,
342 4794 406 4857 prae
427 4774 541 4837 ceteris
556 4772 673 4836 clarius
694 4792 730 4835 ac
745 4773 926 4853 gratiosius,
984 4774 1159 4837 reverentia
1180 4772 1326 4835 exaudita
1347 4770 1456 4832 fuisse.

178 4879 245 4940 imo
259 4884 292 4938 et
306 4872 478 4955 gloriosius
493 4870 525 4933 in
543 4870 608 4932 vita
622 4870 680 4932 hac
696 4869 826 4933 elevari.
1023 4873 1182 4935 Postremo
1207 4869 1405 4951 pensandum
1430 4867 1513 4948 quod
1536 4874 1662 4929 sauctus
1686 4865 1732 4927 ait

219 4974 334 5037 Adhuc
349 4977 468 5047 autem,
484 4976 602 5049 quanto
624 4968 726 5030 viator
748 4986 781 5029 se
804 4967 929 5048 plenius
984 4970 1160 5033 Bernardus
1187 4991 1194 5030 :
1219 4966 1377 5047 Quidquid
1407 4966 1460 5028 hic
1487 4966 1527 5027 de
1552 4965 1676 5027 visione
1700 4972 1732 5025 et

180 5071 346 5152 mancipat
362 5067 461 5130 cultui
477 5064 684 5144 Creatoris,et
698 5083 761 5145 quo
776 5085 810 5127 se
825 5066 929 5147 ipsum
985 5064 1167 5147 cognitione
1182 5062 1236 5125 Dei
1254 5061 1405 5123 fidelibus
1420 5060 1609 5140 impertitur,
1620 5079 1733 5140 specu-

181 5170 312 5235 totalius
334 5165 464 5229 exhibet
484 5163 548 5227 Deo
569 5182 605 5225 ac
628 5162 803 5225 ferventius
824 5164 852 5225 ei
878 5164 932 5225 ad·
985 5164 1051 5226 lum
1064 5169 1112 5224 est
1126 5169 1157 5223 et
1172 5161 1445 5240 aenigma,tantum
1462 5158 1611 5221 distausa
1627 5157 1734 5219 lutura

179 5272 289 5347 heret,
316 5264 462 5359 eolleus
487 5260 675 5341 adorandus,
701 5260 794 5342 cujus
817 5262 930 5343 pietas,
986 5260 1110 5324 visione
1135 5278 1172 5321 ac
1193 5257 1386 5339 cognitione,
1407 5261 1561 5337 quantum
1582 5254 1664 5317 fides
1687 5254 1735 5316 di-
