4309 6250
410 477 470 543 fsto
631 498 672 545 nn
692 499 856 547 sicumare
877 499 915 545 nr
935 498 1084 546 manuus
1104 499 1131 543 n.
1155 498 1183 542 v.
1208 497 1325 556 amre,
1347 497 1435 544 amna
1455 498 1496 544 ιν.
1519 517 1561 528 -
1580 499 1651 545 aar.
1674 498 1697 555 r,
1719 497 1743 544 a

560 726 806 792 necess
830 726 1008 791 aare·
1173 666 1359 827 *sitiit
1379 664 1971 847 assassinis

410 885 503 953 Quod
513 884 641 945 Christo
651 902 713 960 per
724 884 995 943 resurrectionem
1010 891 1040 942 et
1055 902 1162 942 ascen·
1213 863 1298 945 llu⁰d
1326 863 1578 926 eminentis-“ime
1603 861 1711 925 dl⁰0l0
1736 861 1840 943 P⁰l¹¹ll
1865 863 1931 925 ¹30⁰
1959 885 1968 923 ²

448 974 569 1033 sionem
581 973 779 1050 planificata,
796 972 1056 1032 benedictissima
1069 973 1162 1048 sirpo
1214 962 1395 1025 Secundum
1411 962 1648 1025 multitudinem
1663 961 1810 1025 dolorum
1821 980 1969 1025 meorum
1982 981 2093 1031 asanaa.

448 1061 562 1123 Maria
576 1062 671 1136 caepit
689 1062 789 1120 etiam
804 1062 841 1120 in
857 1061 918 1120 bac
936 1060 1006 1120 nita
1020 1062 1162 1136 eoelisor-
1216 1060 1248 1124 in
1278 1062 1374 1124 corde
1397 1078 1482 1139 meo,
1508 1060 1743 1124 consolationes
1771 1068 1832 1123 tuae
1860 1059 1971 1123 latifi-

449 1150 548 1209 mf'lef
558 1150 756 1227 clarificari,
1215 1166 1369 1223 caverunt
1382 1158 1522 1222 animam
1543 1178 1659 1222 meam.
1675 1158 1768 1237 Hinc,
1784 1165 1904 1241 quanto
1927 1159 1970 1221 de

1215 1256 1329 1320 Christi
1347 1258 1496 1340 passione
1520 1258 1743 1321 vehementius
1766 1256 1872 1320 fuerat
1891 1275 1972 1320 con-

261 1363 339 1410 twa·
349 1379 364 1417 1.
373 1367 393 1409 ⁵·
468 1356 575 1419 ICUT
593 1357 766 1415 abundant
787 1356 954 1432 passiones
975 1355 1102 1416 Christi
1125 1355 1161 1415 in
1214 1356 1348 1435 tristata,
1360 1355 1495 1433 afflicta,
1512 1374 1689 1437 compassa,
1701 1363 1790 1419 tanto
1803 1356 1844 1418 de
1858 1354 1971 1418 fructu

483 1454 587 1523 nobis,
607 1454 656 1513 ita
680 1462 710 1512 et
735 1471 798 1530 per
821 1453 987 1514 Christum
1015 1453 1163 1513 abundat
1215 1453 1373 1536 passionis
1395 1454 1496 1536 ipsius
1519 1461 1592 1536 post
1619 1454 1805 1517 missionem
1830 1453 1970 1535 Spiritus

405 1552 582 1611 consolatio
616 1560 739 1611 nostro.
775 1549 909 1613 Domino
944 1556 1053 1613 nostro
1088 1549 1162 1611 iesu
1215 1552 1321 1615 Sancti
1338 1551 1508 1615 cordialius
1529 1551 1742 1614 letabaturiu
1756 1551 1902 1631 Domino,
1920 1552 1971 1613 vi-

407 1648 531 1712 Christo
548 1655 775 1730 superterram
798 1666 871 1711 cum
886 1647 1070 1710 hominibus
1086 1666 1162 1709 con·
1215 1650 1293 1711 dens
1317 1650 1460 1731 quotidie
1485 1657 1531 1712 tot
1553 1650 1654 1712 millia
1679 1650 1799 1731 passim
1820 1649 1969 1712 converti

407 1753 556 1810 versante
570 1765 607 1808 ac
623 1746 829 1828 praedicante,
846 1744 1108 1827 praestantissima
1123 1765 1160 1807 ac
1215 1747 1254 1809 ad
1290 1746 1401 1827 fidem,
1431 1748 1535 1828 primo
1563 1747 1598 1809 in
1626 1747 1746 1829 populo
1772 1748 1967 1827 iudeorum,

405 1843 615 1907 dilectissima
629 1844 726 1907 lleter
740 1843 842 1925 ipsius
857 1850 964 1906 mente
979 1852 1010 1905 et
1025 1861 1159 1925 corpore
1174 1838 1198 1899 B
1215 1845 1330 1908 deinde
1355 1845 1388 1906 in
1413 1845 1573 1928 gentibus.
1589 1845 1628 1908 Et
1646 1845 1794 1927 quamvis
1812 1844 1970 1908 fidelibus

404 1942 610 2025 gradiebatur
634 1960 708 2005 oum
734 1940 801 2019 illo,
823 1949 918 2022 atque
945 1941 1158 2021 sermonibus,
1214 1961 1272 2023 pro
1287 1942 1411 2005 Christo
1430 1942 1562 2005 adversa
1580 1942 1816 2023 quamplurima
1834 1951 1867 2004 et
1880 1960 1971 2003 ama·

406 2039 703 2121 signiS,virtutibus
718 2058 755 2101 ac
769 2039 868 2120 gestis
884 2038 984 2121 ipsius
1000 2038 1061 2100 fuit
1075 2059 1161 2101 sum·
1214 2039 1355 2101 rissimas
1384 2049 1501 2103 mortes
1531 2040 1657 2103 assidue
1685 2039 1881 2121 patientibus
1914 2039 1970 2121 pie

405 2157 457 2201 me
483 2138 615 2200 intenm
633 2138 668 2198 ln
693 2135 953 2199 tribulationibus
976 2155 1104 2217 quoque
1128 2144 1161 2199 et
1214 2137 1388 2215 condoluit,
1405 2146 1545 2200 attamen
1563 2139 1603 2201 de
1623 2137 1751 2201 illorum
1771 2137 1967 2215 constantia,

404 2234 682 2318 persecutionibus
710 2234 797 2297 unici
832 2242 865 2296 et
898 2234 1050 2297 adorandi
1087 2234 1158 2295 Filii
1214 2234 1379 2316 patientia,
1396 2235 1519 2297 meritis
1540 2242 1572 2297 et
1586 2234 1726 2317 premiis
1741 2235 1843 2298 multo
1863 2234 1970 2297 abun·

406 2333 469 2411 sui,
491 2332 587 2395 unice
611 2352 648 2395 ac
673 2331 971 2413 pracordialissime
996 2332 1161 2394 condoluit
1213 2333 1342 2395 dontius
1356 2332 1551 2413 gloriabatur
1569 2353 1606 2396 ac
1625 2330 1972 2414 regratiahaturrlltis-

406 2430 465 2493 illi.
481 2430 590 2509 Porro,
606 2429 685 2493 Filio
707 2430 778 2511 ejus
800 2429 834 2492 iu
848 2430 966 2492 coelum
981 2439 1157 2511 assumpto,
1213 2431 1306 2493 simo.
1331 2430 1462 2510 Jamque
1490 2438 1556 2494 tota
1585 2438 1691 2493 mente
1720 2430 1783 2494 fuit
1809 2449 1971 2513 suspensa

404 2527 585 2610 glorificato
613 2548 650 2590 ao
679 2528 881 2611 praesidente,
911 2526 978 2609 jam
1014 2547 1068 2592 cor
1096 2526 1161 2590 ele·
1214 2528 1247 2590 in
1273 2526 1401 2604 coelum,
1428 2527 1579 2608 quietem,
1606 2526 1831 2591 silentiumne
1856 2526 1972 2590 solitu-

406 2626 557 2689 ctissimae
581 2645 619 2689 ac
646 2624 912 2706 spiritualissime
936 2625 1041 2687 llatris
1063 2626 1159 2687 simul
1213 2625 1321 2687 dinem
1346 2623 1484 2705 diligens
1508 2631 1540 2687 et
1561 2625 1790 2707 complectens,
1809 2633 1970 2706 qnammn

406 2744 479 2787 oum
508 2724 588 2786 Filio
616 2723 771 2801 ascendit,
797 2723 919 2804 quievit
947 2730 978 2785 et
1006 2722 1161 2785 habitavit
1215 2721 1359 2803 permisit
1374 2722 1489 2784 caritas
1503 2721 1732 2803 proximorum,
1749 2740 1807 2804 pro
1827 2740 1970 2804 quorum

406 2821 440 2883 in
469 2821 562 2900 coelo,
592 2828 624 2883 et
652 2820 731 2883 illud
760 2820 913 2901 Apostoli,
945 2819 1056 2883 Nostra
1086 2839 1161 2882 con·
1214 2820 1443 2897 consolatione,
1479 2819 1703 2898 edificatione,
1740 2819 1969 2901 instructione,

407 2919 545 2982 versatio
567 2926 616 2981 est
636 2917 670 2979 in
692 2917 795 2997 ooefis,
819 2917 1089 2980 excellentissime
1113 2917 1161 2979 di·
1213 2917 1402 2999 opportunis
1417 2916 1614 2997 temporibus
1635 2916 1780 2979 exhibuit
1800 2936 1834 2979 sa
1848 2918 1972 2997 gratio-

408 3035 481 3080 cere
509 3016 623 3098 potuit.
655 3016 687 3077 Si
715 3015 813 3093 enim,
845 3023 879 3078 ut
914 3014 1027 3078 asserit
1055 3014 1340 3095 Augu-Csissime
1365 3032 1494 3095 prorsus
1518 3013 1683 3076 affabilem
1704 3033 1742 3076 ac
1761 3024 1968 3096 presentem.

408 3115 523 3194 stinuS,
544 3114 651 3179 verius
676 3122 725 3177 est
748 3113 855 3176 anima
879 3112 934 3176 ubi
960 3122 1044 3175 amat
1064 3132 1160 3194 quam
1214 3112 1287 3175 Erat
1301 3112 1419 3195 quippe
1436 3112 1558 3176 cunetis
1580 3111 1745 3192 fidelibus,
1761 3112 1826 3177 imo
1841 3122 1873 3176 et
1893 3134 1972 3176 san·

407 3213 463 3276 ubi
489 3213 622 3292 animet,
648 3231 848 3293 consequens
872 3220 920 3274 est
944 3212 1028 3294 quod
1058 3231 1162 3274 sacra·
1215 3211 1275 3273 ctis
1314 3211 1484 3292 Apostolis,
1519 3211 1612 3273 dulce
1651 3212 1972 3294 consolatorinmque

408 3312 540 3375 tissime
553 3311 657 3374 lleriae
672 3311 806 3392 virginis
820 3309 928 3372 anima
947 3318 1035 3373 tanto
1055 3310 1160 3372 verius
1216 3308 1444 3390 spectaculum,
1455 3308 1557 3389 ipsam
1571 3308 1691 3386 videre,
1703 3309 1826 3390 audire,
1835 3311 1970 3388 seclari,

408 3410 471 3474 fuit
492 3429 566 3472 cum
587 3409 667 3472 Filio
684 3427 743 3472 suo
765 3409 797 3470 in
819 3407 902 3472 coelo
923 3426 1018 3490 quam
1035 3408 1068 3469 in
1090 3426 1161 3490 pro
1216 3426 1311 3488 quam
1336 3407 1511 3469 certissime
1534 3415 1690 3471 noverant
1707 3427 1817 3471 veram
1835 3408 1972 3472 lfatrem

409 3508 481 3591 prio
496 3527 628 3590 corporo
644 3506 676 3568 in
692 3515 787 3586 terra,
803 3514 922 3588 quanto
936 3504 1052 3568 Filium
1068 3525 1161 3567 suum
1216 3503 1272 3567 bei
1300 3505 1443 3583 deorum,
1470 3505 1621 3586 omnique
1647 3506 1833 3587 angelorum
1859 3506 1971 3571 ordini

411 3625 476 3688 pre
490 3605 651 3685 omnibus,
667 3604 733 3667 imo
748 3611 780 3667 et
800 3603 871 3685 plus
890 3623 985 3685 quam
1005 3604 1161 3684 seipsam
1217 3603 1338 3665 meritis
1351 3603 1417 3684 jam
1438 3602 1611 3683 praelatam,
1627 3622 1665 3666 ac
1679 3604 1774 3686 paulo
1794 3613 1867 3685 post
1886 3625 1973 3688 praa-

411 3704 531 3782 dilexit,
562 3703 730 3786 potissime
757 3721 855 3784 quum
889 3710 920 3763 et
946 3701 1046 3763 Filius
1079 3701 1160 3783 ejus,
1217 3700 1291 3762 miis
1312 3699 1553 3781 praeferendam,
1574 3700 1728 3781 dignitate
1748 3719 1876 3782 quoque
1900 3722 1973 3766 ma-

413 3804 530 3867 veritas
551 3821 687 3880 summa,
712 3809 871 3864 testetur:
895 3799 951 3862 Ubi
977 3798 1075 3863 fuerit
1095 3800 1164 3864 the-
1217 3797 1373 3860 ternitetis
1393 3797 1448 3860 Dei
1472 3796 1682 3860 ineffabiliter
1705 3798 1793 3862 omni
1813 3818 1975 3882 superpo-

293 3917 300 3930 ·
414 3919 525 3964 saurus
553 3909 638 3978 tuus,
665 3898 710 3962 ibi
736 3898 797 3960 erit
825 3905 857 3960 et
885 3915 941 3960 eor
965 3904 1065 3960 tuum.
1089 3896 1164 3971 Quis
1218 3895 1311 3957 sitam
1330 3914 1417 3977 pure
1438 3902 1589 3958 creatura
1611 3895 1643 3956 in
1665 3914 1736 3958 esse
1757 3904 1865 3960 creato
1894 3897 1976 3960 sul)-

412 4007 519 4062 autem
544 3997 720 4060 benedicta
744 4004 776 4058 et
799 3994 945 4077 gloriosa
968 3995 1072 4057 Mariae
1096 3996 1165 4058 the·
1219 3992 1354 4055 sistenti.

413 4115 536 4172 saurus,
552 4093 615 4156 nisi
631 4092 745 4155 unicus
760 4100 791 4155 et
812 4091 1051 4154 amantissimus
1065 4091 1164 4154 Filius

412 4193 504 4275 ejust
519 4192 600 4254 Hinc
618 4190 747 4268 dicitur,
768 4189 823 4253 Ubi
844 4207 945 4268 amor,
963 4188 1005 4251 ibi
1025 4189 1161 4253 oculus:
1179 4193 1204 4256 D

412 4291 488 4373 quia
503 4290 538 4354 in
557 4289 649 4352 illum
674 4287 807 4351 interior
827 4285 1027 4368 exteriorque
1051 4286 1163 4350 oculus
1434 4265 1680 4332 ARTICULUS
1706 4267 1750 4330 ῙῙ·

411 4387 507 4470 diligi
537 4386 628 4465 ⁸⁰l⁰l2
658 4385 713 4496 ‘lul
743 4383 844 4494 Passis
877 4381 1033 4494 ‘lingitur’
1063 4392 1095 4446 et
1129 4385 1163 4495 ln
1217 4415 1310 4482 Quod
1332 4413 1530 4488 dionissima
1554 4415 1647 4491 sirpo
1669 4417 1796 4485 Mario,
1814 4419 1976 4491 completo

412 4505 508 4568 quom
531 4485 633 4548 fesuli
657 4482 798 4560 d¹l⁰⁰t¹⁰r
824 4488 919 4563 al(1¹¹⁰
948 4501 983 4543 ¹¹¹
1007 4500 1069 4563 quo
1094 4502 1163 4564 ‘lm‘
1256 4505 1333 4562 aitte
1347 4503 1450 4578 bajas
1468 4503 1649 4573 curriculo,
1665 4500 1740 4565 aere
1754 4506 1798 4564 sit
1813 4515 1975 4576 mortua,-

411 4584 492 4648 escit
512 4581 654 4646 affectio.
1255 4600 1285 4650 et
1306 4594 1346 4650 de
1367 4592 1561 4666 specialibus
1580 4592 1704 4669 pretiis
1721 4595 1754 4651 ei
1769 4594 1859 4653 circa
1879 4613 1974 4654 mor-

451 4684 539 4745 l'nnc
553 4681 659 4761 itaque
678 4677 941 4760 contemplationi
960 4677 1069 4760 glorie
1089 4679 1160 4741 Filii
1256 4689 1316 4740 tem
1335 4681 1499 4740 concessis.

410 4781 458 4845 sui
483 4777 690 4844 serenissima
712 4777 802 4859 virgo
826 4776 921 4839 Maria
943 4775 1004 4838 fuit
1029 4777 1161 4840 omnino

409 4879 561 4944 continue
576 4877 643 4940 sive
658 4875 785 4938 assidue
800 4893 931 4956 prorsus
945 4873 1077 4951 interim,
1095 4893 1159 4938 non
1290 4877 1362 4938 UIS
1375 4882 1421 4934 est
1436 4876 1528 4935 boma
1539 4877 1599 4954 qui
1612 4876 1698 4936 vivet
1712 4885 1744 4936 et
1759 4896 1824 4938 non
1839 4880 1969 4941 videbit
1986 4907 2125 4950 hum..

408 4979 477 5043 sine
499 4973 716 5040 consolatione
740 4973 877 5036 interne.
899 4972 976 5050 lmo,
998 4990 1062 5053 quo
1081 4992 1160 5054 pra-
1299 4973 1463 5033 mortem?
1482 4971 1570 5034 Sicut
1590 4973 1630 5035 ad
1651 4973 1798 5038 llebraeos
1820 4974 1971 5042 affirmat
1989 4973 2028 5012 ⁸⁹·

406 5073 624 5140 illustrissimo
651 5071 732 5135 Filio
761 5089 818 5134 suo
847 5069 1070 5134 vehementius
1099 5070 1160 5132 fuit
1212 5070 1393 5152 Apostolus,
1415 5077 1566 5132 statutum
1585 5079 1635 5133 est
1652 5071 1839 5136 hominibus
1862 5077 1968 5139 semel
1986 5104 2123 5148 flecma,

406 5191 584 5257 compassa,
614 5189 652 5233 eo
681 5167 943 5232 decentissimum
975 5167 1096 5230 exstitit
1123 5175 1160 5230 ut
1212 5167 1303 5230 mori.
1320 5167 1371 5229 Sic
1391 5167 1574 5230 beatissima
1587 5168 1730 5247 Domina,
1747 5170 1838 5252 virgo
1853 5171 1966 5253 llaria,

406 5275 460 5338 illo
474 5273 540 5355 jam
554 5267 746 5354 glorificato,
759 5266 828 5350 ipsa
842 5283 969 5348 quoque
984 5285 1048 5348 prae
1063 5265 1157 5330 solito
1210 5284 1268 5348 per
1282 5264 1480 5348 corporalem
1494 5272 1630 5330 mortem
1644 5266 1794 5350 migravit
1806 5288 1826 5332 a
1844 5273 1969 5339 sectile
