4309 6250
465 474 526 540 376
791 494 909 543 coum
929 492 1099 542 amintae(
1117 487 1288 548 ΙΑΗΟΙΕΊΊ,
1310 489 1399 538 urnula
1420 489 1466 537 111.
1487 508 1528 520 -
1547 489 1617 536 aar.
1640 489 1684 537 Vll

464 687 541 752 ergo
565 670 625 736 hos
649 679 770 754 septem
796 668 894 733 coelos
922 667 956 730 in
981 667 1055 749 igne
1081 675 1112 729 et
1140 684 1212 728 aere
1227 665 1251 728 t
1268 663 1376 749 inepte
1404 673 1436 728 et
1468 663 1598 728 abusive
1627 683 1665 728 ac
1698 662 1873 728 inconsuete
1903 659 1984 723 utitur

465 768 640 850 assignare.
656 769 690 831 ln
711 788 784 832 aere
803 776 909 831 auwm
929 775 961 829 et
975 766 1049 848 igne
1069 765 1150 828 nibil
1166 772 1215 827 θεῖ
1267 763 1425 843 terminis,
1451 764 1637 845 inducitque
1666 763 1883 828 obscuritatem
1907 761 1983 823 inuti-

465 868 551 948 quod
574 886 639 931 non
664 867 705 929 sit
727 868 767 930 de
792 875 904 929 natura
928 883 1065 948 parsque
1090 882 1212 943 eorum,
1268 863 1342 940 lem,
1359 862 1424 927 imo
1439 863 1599 926 nocivam.
1616 863 1694 926 ltem
1714 862 1907 945 quaerendum
1923 859 1982 942 quid

466 973 580 1047 praeter
600 965 707 1046 aliqua
726 966 835 1046 mixta,
851 983 921 1047 que
943 963 1051 1027 nullus
1070 962 1141 1024 sani
1164 981 1215 1024 ca·
1269 960 1386 1024 sintin
1405 980 1439 1024 re
1459 961 1560 1024 maria
1577 961 1648 1040 ista,
1664 969 1697 1023 et
1715 980 1774 1023 cur
1792 959 1886 1022 taliter
1898 957 1984 1040 appel-

467 1062 544 1144 pitis
567 1062 712 1127 nominat
735 1064 844 1140 coelos,
866 1071 898 1125 et
921 1070 1035 1144 praeter
1058 1059 1215 1124 daemonia
1269 1059 1396 1136 lentur3
1424 1078 1481 1122 cur
1509 1060 1605 1122 etiarn
1630 1078 1718 1122 mare
1740 1059 1823 1120 inter
1846 1059 1905 1122 bec
1928 1056 1985 1118 iust-

467 1159 501 1222 in
525 1179 599 1224 aere
622 1161 798 1225 volitantia.
820 1162 903 1243 Ergo
929 1161 962 1222 in
986 1179 1060 1223 aere
1086 1168 1118 1222 et
1142 1158 1215 1240 igne
1271 1177 1371 1236 mum,
1388 1166 1464 1242 puta
1485 1157 1665 1236 vivificum,
1682 1156 1862 1240 praefulgeat
1880 1156 1984 1219 nomine

467 1259 624 1342 assignari
648 1278 712 1323 non
739 1268 844 1342 potest
867 1259 997 1341 aliquod
1024 1257 1140 1322 coelum
1170 1255 1216 1319 ia·
1270 1256 1332 1321 istc
1360 1264 1424 1319 tam
1450 1255 1547 1337 claro,
1574 1264 1605 1319 et
1629 1273 1694 1320 non
1718 1256 1825 1338 potius
1848 1253 1935 1318 maria
1956 1271 1984 1317 eo

467 1365 554 1420 ctum
578 1358 618 1421 de
638 1377 721 1440 aqua
743 1358 851 1435 viridi,
867 1377 937 1445 nec·
952 1357 1069 1420 coelum
1093 1355 1214 1418 iactum
1272 1355 1445 1436 superiora.

466 1457 507 1519 de
525 1475 608 1538 aqua
625 1457 721 1535 clara,
737 1475 842 1538 neque
855 1457 895 1519 de
915 1455 1093 1536 smaragdo,
1110 1473 1215 1534 neque
1316 1454 1472 1536 Amplius,
1505 1452 1771 1516 inconvenienter
1805 1461 1868 1535 post
1898 1453 1983 1514 lunam

465 1554 506 1617 de
527 1573 604 1618 auro
625 1554 809 1636 purissimo,
826 1574 886 1617 nec
907 1553 1004 1616 etiam
1025 1553 1065 1616 de
1088 1551 1215 1634 hyacin-
1272 1570 1344 1615 mox
1358 1552 1483 1615 ordinat
1496 1559 1528 1615 et
1545 1551 1688 1633 proxime
1703 1550 1884 1634 superponit
1895 1549 1983 1624 solem,

463 1651 530 1730 tbo,
547 1652 602 1714 sed
626 1669 731 1733 neque
751 1652 791 1714 de
813 1651 930 1714 nebula
952 1650 1069 1713 lueida.
1086 1648 1213 1711 Nullum
1271 1668 1370 1732 quum
1398 1651 1574 1712 secundum
1607 1649 1844 1712 excellentiores
1872 1657 1985 1712 astrnne

360 1821 363 1826 ,
464 1750 551 1812 enim
570 1751 683 1813 borum
704 1749 857 1814 coelorum
877 1757 962 1812 esset
983 1757 1103 1811 naturae
1124 1747 1215 1810 aeriae
1271 1747 1410 1826 mos,sol
1426 1747 1515 1810 sitin
1530 1748 1636 1811 medio
1651 1747 1858 1829 planetarum,
1870 1747 1908 1809 ite
1920 1746 1985 1828 quod

465 1855 520 1910 aut
538 1848 651 1929 igneae.
667 1847 808 1929 Denique
829 1866 894 1911 non
914 1847 1042 1910 videtur
1061 1846 1146 1926 quod
1161 1865 1216 1907 na·
1231 1846 1254 1909 B
1272 1845 1377 1908 Venus
1397 1853 1492 1926 atque
1511 1846 1683 1908 Mercurius
1703 1847 1788 1909 inter
1802 1845 1899 1908 lunam
1912 1853 1986 1907 etse

464 1946 576 2008 taralis
596 1946 686 2008 locus
705 1945 860 2010 coelorum
880 1954 1058 2008 creatorum
1079 1944 1118 2005 de
1134 1963 1215 2006 sma-
1271 1943 1334 2006 lem
1360 1951 1435 2006 sunt
1459 1943 1522 2006 siti.
1546 1944 1690 2027 Insuper,
1717 1964 1776 2007 cur
1799 1964 1887 2028 super
1908 1943 1985 2006 solem

464 2044 574 2124 ragdo,
600 2061 678 2106 euro
701 2052 735 2106 et
757 2043 942 2125 hyacintho,
968 2051 1054 2104 esset
1081 2042 1113 2103 in
1142 2060 1214 2104 aere
1270 2042 1412 2124 proxime
1441 2042 1532 2125 ponit
1559 2061 1676 2106 nomen
1701 2043 1781 2106 lleit
1805 2043 1841 2105 Et
1860 2042 1927 2124 quid
1950 2049 1986 2104 est

465 2149 520 2204 aut
537 2141 601 2204 situ
621 2141 776 2224 superiori
795 2164 802 2205 :
818 2142 894 2223 quia
914 2139 947 2202 in
968 2141 1016 2202 eis
1034 2140 1215 2203 dominare·
1270 2159 1386 2204 nomen
1404 2141 1509 2202 istudt
1525 2160 1565 2203 an
1581 2141 1781 2204 substantial
1796 2161 1836 2202 an
1848 2141 1986 2204 accidenst

464 2247 517 2301 tur
530 2238 669 2319 gravitas
687 2247 782 2320 atque
805 2236 937 2301 materia
956 2246 1059 2301 terrac.
1076 2238 1215 2318 Disposi·
1270 2257 1311 2302 an
1326 2259 1376 2302 res
1392 2239 1466 2301 viva
1486 2247 1515 2301 et
1536 2239 1784 2302 intellectualisl
1799 2259 1838 2301 an
1856 2238 1986 2320 quoddam

464 2336 510 2399 tio
524 2344 632 2399 autem
648 2336 789 2398 universi
804 2344 853 2399 est
867 2335 1032 2398 naturalis.
1048 2335 1211 2415 Praeterea,
1270 2336 1482 2400 vocabuluml
1509 2337 1672 2415 Praeterea,
1698 2356 1796 2420 super
1818 2337 1906 2401 solem
1931 2355 1987 2397 mor

464 2434 491 2496 si
511 2442 586 2496 sunt
604 2435 677 2498 coeli
696 2433 748 2496 isti
768 2433 851 2496 inter
869 2434 978 2496 lunam
1001 2443 1033 2496 et
1053 2452 1124 2512 nos,
1140 2453 1215 2516 quo
1270 2436 1399 2517 ponitur
1414 2435 1493 2498 llars
1508 2454 1581 2499 cum
1596 2436 1673 2499 orbe
1693 2455 1763 2514 suo,
1781 2455 1871 2518 super
1883 2435 1986 2497 ldnrtern

464 2533 559 2595 modo
588 2532 688 2595 latent
715 2532 821 2595 visum
849 2540 1006 2609 nostrum,
1037 2532 1213 2614 praesertim
1269 2533 1401 2614 Jupiter,
1420 2552 1515 2615 super
1535 2533 1643 2597 Iovem
1667 2534 1833 2614 Saturnus,
1848 2553 1930 2616 super
1946 2533 1987 2594 Se·

464 2649 597 2693 aureum
621 2630 750 2707 coelum,
772 2630 856 2711 quod
880 2630 1012 2693 rutilum
1037 2639 1132 2711 esset,
1153 2639 1215 2692 ter·
1268 2640 1397 2693 turnum
1424 2632 1541 2694 coelum
1567 2631 1738 2709 stellatum,
1755 2641 1791 2694 ut
1815 2651 1914 2696 omnes
1933 2651 1987 2694 eru·
2086 2651 2087 2696 ἵ

467 2728 593 2791 minans
615 2728 742 2792 visuml
1269 2728 1325 2791 diti
1359 2727 1499 2792 latentur
1532 2730 1717 2808 astronomi,
1743 2729 1927 2806 Ptolomeus,
1948 2729 1987 2791 tt-
2086 2713 2087 2778 l

505 2827 743 2908 Consequentcr
769 2826 975 2908 quaerendum
1005 2827 1044 2888 de
1071 2826 1213 2890 maribus
1270 2827 1428 2904 bumasar,
1455 2827 1633 2908 Albategni,
1659 2847 1696 2890 ac
1721 2828 1831 2892 ceteri.
1853 2829 1984 2904 Preteree,

467 2925 548 3003 istis,
566 2944 636 3008 quae
651 2943 760 2988 eorum
781 2924 846 2987 sint
861 2924 941 2987 loca.
959 2923 1037 2986 Nam
1056 2933 1089 2987 et
1106 2925 1214 2987 omnia
1270 2944 1387 2988 nomen
1410 2925 1466 2988 Dei
1491 2933 1540 2988 est
1563 2926 1614 2988 vel
1637 2925 1736 2990 dictio
1763 2927 1930 3004 nominans,
1949 2923 1986 2986 vel

466 3024 565 3086 maria
590 3024 651 3086 ista
674 3024 734 3086 sub
756 3024 832 3087 luna
856 3023 1031 3101 constituit,
1057 3031 1089 3086 et
1118 3024 1250 3104 suprad
1271 3042 1321 3084 res
1336 3023 1509 3085 nominata.
1524 3023 1584 3086 Sed
1600 3024 1731 3086 stultum
1745 3033 1795 3087 cst
1809 3045 1897 3107 supra
1909 3024 1985 3086 solen

467 3131 589 3205 septem
615 3122 713 3187 coelos
741 3121 900 3204 praefatos.
924 3121 1006 3184 llere
1028 3131 1135 3185 autem
1161 3140 1215 3185 vc-
1270 3121 1332 3185 tale
1352 3142 1469 3185 nomen
1490 3122 1660 3186 nominans
1681 3142 1813 3206 ponere,
1828 3144 1916 3206 quum
1935 3121 1987 3185 tali·

467 3230 558 3284 catur
580 3221 785 3303 congregatio
805 3228 859 3283 aut
883 3220 996 3301 ingens
1019 3220 1215 3283 abundantia
1269 3219 1330 3283 bus
1355 3220 1409 3282 Dei
1436 3219 1621 3283 nominibus
1645 3228 1729 3283 terra
1756 3222 1800 3284 sit
1825 3223 1920 3303 plena.
1941 3221 1986 3283 lles

466 3338 631 3400 aquarum.
657 3320 743 3383 Unde
771 3327 803 3381 et
830 3318 864 3380 in
888 3317 1003 3381 Genesi
1028 3319 1179 3381 asseritur
1205 3342 1212 3380 :
1270 3327 1375 3381 autem
1399 3318 1574 3397 nominata,
1589 3319 1650 3383 hcc
1675 3328 1723 3383 est
1746 3340 1805 3401 per
1823 3338 1928 3383 nomen
1945 3318 1986 3380 llei

321 3419 733 3500 cen.1‚rc.Cougregationes
757 3436 910 3499 aquarum
934 3416 1109 3499 appellavit
1131 3418 1214 3479 Deus
1270 3416 1438 3479 nominans
1466 3416 1642 3498 designata,
1669 3425 1716 3480 est
1739 3418 1823 3480 Deus
1845 3417 1985 3500 gloriosus,

466 3517 577 3588 maria.
594 3516 782 3597 Huiusmodi
798 3534 873 3578 vero
888 3515 1029 3578 maribus
1048 3533 1113 3577 non
1129 3534 1215 3578 com·
1270 3514 1618 3597 incircumscriptibilis
1643 3524 1674 3579 et
1697 3516 1871 3580 immensus
1890 3540 1896 3577 :
1913 3532 1986 3597 quem

466 3615 548 3696 petit
566 3614 753 3677 naturaliter
772 3614 805 3675 in
824 3633 896 3676 aere
915 3621 970 3676 aut
991 3633 1086 3695 supra
1108 3633 1213 3676 aerem
1271 3632 1366 3696 supra
1390 3613 1490 3675 solem
1514 3622 1546 3677 et
1565 3612 1650 3676 inira
1670 3615 1870 3698 superposite
1888 3614 1937 3678 soli
1954 3622 1987 3675 ta·

466 3713 629 3793 collocari,
646 3712 708 3774 nisi
724 3731 782 3794 pcr
795 3712 1070 3794 evaporationem
1083 3720 1216 3774 certum·
1270 3711 1343 3774 liter
1367 3711 1399 3773 in
1422 3712 1492 3775 loco
1514 3720 1636 3775 arctare
1657 3721 1712 3775 aut
1733 3732 1865 3795 ponere,
1881 3714 1985 3797 impium

465 3831 528 3894 que
555 3819 604 3873 est
632 3812 717 3892 quod
747 3828 880 3892 vapores
910 3809 956 3873 sic
987 3810 1113 3888 elevati,
1141 3829 1215 3873 con·
1241 3820 1245 3827 '
1270 3818 1318 3871 cst
1338 3818 1433 3891 atquc
1455 3810 1659 3892 sacrilegum.
2085 3882 2086 3885 Ἴ

465 3930 544 3993 grue
558 3909 659 3972 maria
673 3927 738 3971 non
753 3916 908 3972 vocentur
925 3932 931 3970 :
949 3909 1014 3972 imo
1034 3910 1161 3989 quando
1181 3908 1214 3970 in
1309 3907 1477 3991 Deinceps,
1495 3928 1552 3971 cur
1573 3908 1697 3973 nomini
1718 3911 1774 3973 llei
1797 3913 1930 3993 protinus
1948 3929 1986 3971 su·
2085 3918 2086 3965 ἶ

466 4008 591 4090 pluvias
627 4006 842 4084 resolvuntur,
876 4007 1085 4069 descendunt.
1119 4006 1215 4069 ldulto
1269 4006 1418 4089 perponit
1432 4007 1986 4093 supplicationemlsupplicatioquip
2085 4034 2086 4045 ε

466 4107 562 4169 etiam
591 4107 698 4168 minus
727 4104 881 4185 competit
908 4105 955 4167 eis
988 4105 1021 4167 in
1051 4107 1125 4186 igne
1152 4105 1215 4167 elc-
1270 4124 1310 4187 pe
1329 4106 1457 4187 proprie
1478 4114 1568 4168 actus
1590 4114 1639 4169 est
1658 4108 1867 4191 supplicantis
1884 4106 1986 4172 etarri·

466 4205 601 4267 mentmi
617 4203 726 4267 locari.
744 4204 776 4265 Si
797 4221 873 4285 ergo
892 4221 996 4284 neque
1012 4204 1045 4264 in
1060 4223 1144 4282 aere,
1161 4223 1215 4265 ne·
1230 4208 1255 4270 D
1269 4205 1359 4281 dena,
1386 4203 1437 4266 cui
1464 4221 1528 4266 non
1554 4206 1708 4287 competit
1730 4205 1837 4269 taliter
1863 4204 1984 4281 ordinari,

465 4323 528 4385 que
547 4303 581 4365 in
601 4303 674 4384 igne
697 4308 783 4380 sunt,
799 4301 859 4363 sub
883 4301 959 4363 luna
982 4320 1053 4364 esse
1073 4320 1137 4365 non
1161 4322 1215 4364 va·
1270 4321 1367 4383 quum
1382 4320 1446 4364 non
1462 4301 1503 4363 sit
1517 4300 1580 4364 nisi
1595 4302 1629 4365 in
1644 4303 1856 4386 supplicante.
1865 4307 1891 4369 Si
1905 4314 1984 4369 autem

466 4404 542 4478 lent,
569 4420 629 4463 nec
653 4420 750 4482 supra
774 4400 872 4464 coelos
901 4399 1081 4462 consistunt
1106 4424 1113 4462 ε
1139 4420 1214 4482 ergo
1270 4400 1535 4483 supplicationem
1552 4420 1610 4483 pro
1630 4400 1701 4465 loco
1715 4412 1770 4465 aut
1790 4404 1985 4486 subjectosive

466 4519 526 4562 nec
547 4506 629 4561 sunt.
647 4500 810 4579 Preterea,
828 4498 855 4559 si
875 4498 957 4561 inter
976 4499 1083 4561 lunam
1104 4508 1135 4561 et
1154 4508 1214 4562 ter·
1270 4499 1433 4582 supposito
1449 4499 1691 4581 supplicationis
1706 4501 1775 4563 vult
1788 4503 1984 4585 accipi,adbuc

466 4617 534 4660 ram
554 4605 600 4659 tot
617 4616 675 4678 per
692 4595 836 4660 ordinem
859 4596 1029 4660 constitute
1053 4606 1128 4660 sunt
1150 4618 1215 4660 ma·
1268 4597 1498 4661 inconveniens
1517 4606 1567 4661 est
1587 4599 1745 4663 ordinatio
1764 4600 1836 4664 ista.
1853 4603 1938 4666 Luem
1952 4607 1984 4661 et·

466 4697 524 4774 ria,
551 4695 717 4777 potissime
744 4714 829 4757 mare
858 4694 1048 4757 nebulosum
1072 4704 1104 4758 et
1128 4716 1213 4759 mare
1270 4697 1354 4759 enim
1379 4696 1622 4777 supplicationis
1646 4696 1810 4779 potissime
1839 4708 1926 4764 exstat
1947 4718 1983 4761 ee-

465 4793 628 4875 lapideum
651 4811 801 4873 mareque
822 4792 1038 4871 tenebmsum,
1054 4795 1213 4873 quomodo
1270 4796 1379 4876 etesia,
1405 4794 1559 4877 templum
1584 4814 1640 4858 seu
1668 4796 1886 4863 habitaculum
1908 4806 1984 4863 orato

466 4891 729 4974 luxsolispotest
747 4900 863 4954 terram
884 4891 1049 4973 attingere,
1067 4900 1099 4954 et
1118 4912 1215 4974 pene·
1270 4911 1351 4955 rum.
1378 4892 1507 4974 Angelis
1537 4911 1612 4956 vcro
1640 4901 1673 4956 et
1700 4895 1823 4959 Sanctis
1854 4898 1885 4962 in
1907 4894 1983 4980 petria
2084 4884 2085 4891 ἵ

465 4992 578 5055 trando
592 4998 638 5054 tot
651 5009 689 5053 ac
704 4989 778 5053 talia
793 4989 893 5052 maria
907 4989 993 5052 diem
1013 4994 1166 5053 censeret
1182 4992 1214 5053 Si
1268 4988 1474 5053 beatitudinis
1493 5009 1558 5054 non
1578 4991 1704 5073 proprie
1724 4998 1879 5078 competit
1893 4992 1983 5077 snppli-

465 5098 571 5153 autem
596 5088 696 5152 maria
720 5088 935 5169 metaphorice
958 5089 1067 5167 sumit,
1084 5090 1135 5151 vel
1161 5110 1214 5151 va·
1267 5107 1340 5150 care
1360 5088 1423 5149 nisi
1442 5107 1501 5170 pro
1515 5088 1700 5151 viatoribus.
1716 5090 1790 5154 ldeo
1809 5090 1982 5177 supplicatio
2084 5118 2085 5155 t

464 5206 558 5270 pones
586 5187 777 5269 grandinum
804 5193 897 5249 vocat
924 5204 1011 5248 mare
1036 5186 1210 5269 lapideum,
1268 5187 1318 5248 nis
1338 5187 1481 5268 subjecta
1500 5185 1616 5250 etloca
1637 5188 1813 5269 praesertim
1827 5192 1982 5255 ordinantur
2084 5176 2085 5255 Ῠ

464 5304 661 5369 vaporesque
681 5283 870 5347 nebularum
894 5302 982 5346 mare
1006 5283 1209 5365 nebulosum,
1268 5286 1300 5349 in
1322 5285 1587 5368 peregrinationis
1608 5284 1701 5349 istius
1723 5295 1817 5351 terra.
