4309 6250
527 501 647 550 acarna
667 502 836 550 runrrmarr
855 502 1029 560 umorem,
1052 504 1141 550 cisun
1162 505 1194 552 11.
1217 523 1258 534 -
1278 506 1349 553 cnr.
1373 507 1383 553 1
1669 491 1729 556 27³

179 668 308 750 lougius
322 670 363 733 ab
381 670 470 733 omni
492 669 648 754 sapientia
665 677 776 735 et·usu
795 671 968 736 cirillia-A
983 672 1024 734 da
1037 673 1153 736 reverti
1169 672 1353 756 compulsus
1367 681 1426 754 est,
1443 675 1476 736 iu
1496 677 1588 739 tertia
1605 695 1731 759 quoqne

179 767 231 845 tis,
248 767 409 850 totiusque
423 769 571 832 humanat
586 769 761 852 prudentiae
782 770 929 833 boucsta-
981 770 1136 834 confusus
1152 771 1317 834 abscessit.
1336 772 1539 854 Fueruntque
1554 793 1665 838 omnes
1680 795 1732 837 ex-

177 873 220 945 te,
236 885 294 948 per
312 885 406 948 agros
428 875 461 929 et
484 867 612 930 villulas
635 867 835 950 sequestrati,
851 869 926 949 quid
981 867 1161 948 peditiones
1180 867 1248 931 iste
1268 887 1326 951 pro
1347 869 1506 952 rapiendis
1521 872 1730 954 quorumdam

177 963 233 1025 Dei
249 965 406 1048 propbeta
420 966 470 1028 rel
484 965 617 1030 nuntius
630 976 726 1043 esset,
742 966 794 1029 vel
808 966 842 1028 ia
863 985 928 1047 quo
980 967 1122 1030 camelis.
1135 966 1280 1030 Faciebat
1294 968 1389 1032 etiam
1405 969 1528 1048 llabon,
1538 971 1623 1053 quod
1638 972 1731 1053 pejus

177 1060 330 1142 cognosci
355 1062 495 1140 deberet,
511 1062 588 1143 quid
611 1063 748 1144 denique
767 1063 851 1126 inter
874 1083 928 1126 ve-
980 1073 1040 1143 est,
1056 1074 1091 1127 ut
1105 1065 1132 1128 si
1146 1066 1199 1148 qui
1222 1065 1250 1128 ei
1272 1066 1306 1128 in
1329 1066 1395 1130 suis
1416 1068 1587 1132 maleficiis
1609 1077 1732 1133 contra·

177 1159 306 1222 ritatem
334 1167 366 1222 et
397 1160 612 1237 mendacium,
637 1161 722 1224 iuter
749 1159 925 1223 fatuitatem
979 1163 1134 1242 dicerent,
1152 1163 1203 1226 vel
1228 1183 1301 1226 eum
1328 1165 1361 1226 iu
1386 1165 1494 1249 aliquo
1518 1168 1731 1249 reprebende-
1767 1201 1774 1216 ·

177 1254 433 1338 sapientiamque
447 1256 589 1334 distaret,
604 1258 786 1320 discernere
804 1257 928 1321 nescie-
980 1269 1061 1339 rent,
1087 1261 1192 1324 statim
1218 1262 1412 1345 ubicumque
1433 1263 1494 1327 sibi
1518 1266 1728 1348 contingeret,

176 1355 266 1418 baut.
282 1355 328 1416 Ad
343 1355 402 1418 hos
415 1355 633 1437 decipiendos,
649 1355 817 1437 cujusdam
830 1364 927 1420 astro
979 1377 1033 1422 cos
1048 1367 1103 1422 aut
1119 1379 1176 1442 per
1189 1379 1223 1422 se
1238 1367 1292 1422 cut
1307 1379 1365 1442 per
1379 1381 1464 1442 suos,
1478 1361 1545 1426 sive
1559 1363 1729 1446 vigilantes

175 1453 254 1536 logi,
271 1452 365 1534 cujus
380 1461 490 1534 postes
503 1473 621 1519 nomen
640 1462 820 1518 etecusam
840 1455 927 1518 dice-
979 1456 1048 1520 sive
1077 1457 1283 1539 dormientes,
1311 1459 1485 1541 proditorie
1508 1460 1679 1543 jugularet.
1706 1462 1730 1526 0

175 1571 261 1630 mus,
277 1571 338 1634 ope
356 1561 451 1634 atque
475 1553 610 1617 consilio
634 1572 699 1618 nou
725 1552 927 1617 mediocriter
979 1565 1024 1634 tu,
1041 1576 1137 1640 quem
1162 1558 1245 1621 Dens
1269 1559 1381 1638 salvet,
1398 1559 1470 1641 quis
1496 1579 1648 1642 unquam,
1665 1581 1730 1626 non

175 1649 388 1729 confortatus,
404 1650 551 1714 homines
573 1650 742 1734 pestiferos
755 1659 788 1716 et
801 1651 925 1714 viarum
979 1655 1052 1720 dico
1066 1657 1233 1739 propbeta,
1251 1657 1305 1720 sed
1327 1657 1382 1739 qui
1403 1658 1454 1720 vel
1473 1657 1507 1720 in
1527 1659 1653 1724 modico
1673 1660 1728 1724 Dei

174 1748 392 1826 insidiatores,
422 1748 639 1832 fugitivosque
667 1759 700 1812 et
733 1749 922 1827 homicidas,
978 1753 1111 1817 baberet
1124 1753 1283 1833 notitiam,
1300 1755 1375 1818 talia
1389 1754 1506 1819 fecisse
1520 1757 1647 1821 auditus
1662 1761 1728 1822 estl

174 1847 237 1909 sibi
262 1847 458 1929 aggregarit,
474 1866 555 1929 quos
578 1849 617 1911 ad
642 1847 735 1912 devia
757 1848 922 1926 silvarum,
942 1852 1044 1934 BEgo
1065 1861 1172 1916 autem
1192 1853 1298 1916 mirari
1318 1872 1382 1916 non
1402 1853 1533 1918 sufficio
1553 1874 1616 1937 quo
1636 1865 1729 1939 pacto

172 1947 214 2008 ad
230 1945 400 2008 cacumina
415 1945 628 2026 montium,ct
642 1947 680 2009 ad
695 1945 841 2030 proxima
854 1947 925 2010 fon·
979 1949 1035 2012 tibi
1056 1969 1243 2032 persuasum
1266 1950 1307 2014 sit
1332 1951 1387 2014 Dei
1413 1970 1483 2014 esse
1505 1953 1653 2016 nuntium
1675 1961 1730 2018 aut

171 2043 259 2105 tibus
275 2043 346 2107 loca
359 2043 606 2127 circumquaque
620 2044 765 2107 mittebat
778 2043 923 2106 insidiari
978 2046 1177 2128 prophetam,
1204 2046 1365 2110 bominem
1395 2047 1489 2129 cujus
1513 2051 1563 2128 (ut
1591 2049 1730 2112 breviter

172 2141 423 2222 negotiatoribus
445 2149 478 2204 et
496 2142 557 2204 iter
574 2142 753 2224 agentibus,
768 2141 809 2204 ad
828 2142 924 2205 inter·
977 2142 1048 2224 ejus
1063 2143 1276 2208 facinorosam
1296 2145 1394 2208 vitam
1415 2147 1644 2226 demonstrem)
1659 2148 1730 2211 nul—

171 2239 352 2303 srciendum
367 2259 433 2318 eos,
450 2248 483 2303 et
495 2239 713 2322 diripiendum
735 2250 799 2304 tam
820 2259 925 2304 came·
978 2242 1010 2305 la
1030 2241 1092 2304 fuit
1114 2242 1177 2306 alia
1201 2242 1343 2326 sperabo
1367 2252 1422 2307 aut
1445 2245 1609 2310 meditatio
1633 2267 1728 2330 quam

170 2337 221 2400 los
245 2356 344 2420 quam
365 2345 469 2402 cetera
493 2358 564 2421 que
588 2340 758 2402 ducebant.
785 2339 829 2402 lle
853 2339 923 2421 ipso
977 2341 1125 2404 homines
1140 2341 1334 2420 interficere,
1351 2343 1455 2406 aliena
1474 2344 1624 2427 diripere,
1642 2345 1729 2410 ince-

170 2436 269 2500 etiam
293 2437 425 2515 scimus,
445 2437 530 2519 quod
556 2438 659 2520 primo
684 2447 826 2522 tempore
852 2458 925 2520 pro·
977 2446 1045 2501 stus
1073 2447 1105 2502 et
1133 2439 1288 2503 adulteria
1315 2449 1520 2523 perpetrare;
1546 2443 1601 2525 qui
1630 2445 1727 2508 etiam

169 2535 291 2618 pbetiae
311 2555 387 2614 sue,
404 2554 504 2618 quum
522 2535 562 2599 dc
581 2536 711 2599 civitate
735 2536 859 2599 veniret
884 2537 923 2600 ad
978 2537 1040 2600 tale
1053 2537 1192 2602 dedecus
1208 2537 1241 2600 in
1256 2537 1375 2622 scripto
1389 2539 1563 2623 prophetie
1578 2561 1643 2604 sue
1665 2541 1727 2604 sibi

169 2633 316 2696 lfecbam
338 2641 371 2697 et
393 2634 553 2698 inveniret
577 2635 740 2698 bominem
765 2618 922 2698 camelum
977 2634 1083 2698 facere
1098 2653 1161 2699 non
1176 2635 1314 2714 erubuit,
1333 2645 1367 2698 ut
1380 2636 1503 2701 diceret
1516 2639 1625 2701 datum
1646 2639 1729 2702 reni-

169 2729 357 2810 babentem,
373 2731 520 2794 eumdem
540 2732 698 2795 camelum
722 2733 754 2795 vi
779 2733 921 2812 abstulit,
977 2733 1037 2796 bus
1051 2735 1118 2796 suis
1132 2753 1152 2796 a
1167 2735 1230 2798 Deo
1244 2735 1453 2818 quadraginta
1468 2737 1553 2801 viros
1575 2739 1728 2820 potentis-

169 2829 294 2911 talique
313 2828 475 2894 beneflcio
489 2829 661 2912 prophetiae
674 2840 707 2894 et
727 2831 924 2912 praedicatio-
976 2830 1075 2894 simos
1101 2831 1134 2894 in
1160 2831 1279 2895 coitum
1302 2830 1490 2896 fortitudine
1515 2833 1655 2897 libidinis
1675 2836 1729 2898 ad·

168 2928 221 2990 uis
236 2947 304 2990 suae
317 2928 493 3010 primordia
507 2929 715 2992 consecravit.
732 2929 848 2994 Habuit
868 2949 923 2993 au·
976 2947 1101 3010 equare
1132 2953 1139 2991 ε
1171 2928 1225 2992 ubi
1260 2929 1355 2992 etiam
1389 2931 1472 2994 inter
1498 2939 1604 2995 cetera
1632 2933 1727 2996 rebus

169 3033 234 3088 tem
251 3025 298 3088 ibi
312 3024 523 3107 quadraginta
536 3027 576 3090 de
590 3026 668 3107 suis,
684 3028 738 3109 qui
751 3028 923 3092 adfuerunt
939 3032 962 3097 C
976 3027 1146 3092 odoriferis
1161 3037 1192 3091 et
1206 3028 1394 3092 mulieribus
1410 3049 1506 3112 super
1520 3031 1627 3094 omnia
1641 3031 1727 3095 dele·

168 3126 212 3205 ei,
238 3126 458 3189 custodientes
483 3146 557 3189 eum
580 3126 620 3189 ab
649 3126 714 3189 illis
737 3128 777 3191 de
802 3128 920 3206 ldecba,
977 3126 1055 3189 ctari
1075 3145 1110 3189 se
1128 3126 1214 3189 dicit.
1233 3127 1386 3191 Preterea
1405 3146 1518 3191 uxores
1542 3130 1613 3210 ejus
1639 3130 1728 3213 inge-

167 3242 251 3306 quos
267 3224 361 3286 valde
376 3223 510 3287 infestos
524 3224 671 3303 babebat,
688 3244 727 3289 eo
747 3228 833 3309 quod
853 3246 921 3291 om·
976 3244 1048 3288 uuae
1077 3225 1209 3288 fuerunt
1241 3224 1438 3307 quindecim,
1465 3234 1496 3289 et
1525 3228 1595 3290 duas
1627 3228 1727 3292 aucil-

169 3341 228 3383 nes
243 3330 329 3384 artes
344 3322 415 3403 ejus
430 3340 468 3385 ac
483 3322 646 3385 maleficia
659 3324 923 3387 noscerentode
976 3324 1024 3386 lac.
1041 3323 1065 3386 0
1084 3342 1180 3405 quam
1202 3324 1295 3407 longe
1320 3333 1369 3387 est
1393 3326 1434 3388 ab
1458 3326 1521 3388 ista
1543 3326 1669 3409 impura
1694 3334 1726 3389 et

168 3428 243 3481 rant
256 3419 378 3503 quippe
393 3420 485 3482 illum
499 3421 609 3501 nimis,
624 3421 701 3503 quia
721 3440 820 3503 quum
842 3423 922 3487 latro
976 3422 1157 3485 turbulenta
1181 3422 1327 3485 doctrina
1348 3422 1516 3503 blabomet,
1544 3424 1726 3488 christiane

167 3528 201 3579 et
225 3516 362 3599 pestifer
384 3526 478 3595 esset,
501 3518 690 3601 propbetam
713 3519 769 3582 Dei
793 3538 827 3582 se
851 3538 921 3583 esse
974 3520 1154 3604 discipline
1176 3529 1285 3584 sancta
1299 3528 1332 3585 et
1351 3521 1405 3603 pia
1425 3522 1557 3605 religiot
1574 3522 1647 3599 Quae
1669 3542 1726 3605 per

167 3615 277 3677 stultis
296 3615 481 3678 bominibus
499 3616 722 3680 mentiebatur.
739 3618 824 3681 Abiit
844 3635 923 3700 quo-
974 3618 1148 3700 gloriosum
1162 3619 1342 3702 apostolum
1356 3619 1487 3683 Paulum
1506 3621 1545 3683 ad
1565 3620 1620 3685 Dei
1639 3639 1726 3685 amo·
1848 3654 1853 3667 ·

167 3734 233 3797 que
248 3715 283 3775 in
298 3713 461 3777 civitatem
474 3714 681 3795 destructam,
692 3734 789 3797 quam
802 3735 841 3779 ex
855 3736 922 3779 ma·
975 3736 1042 3779 rem
1056 3725 1089 3780 et
1103 3725 1245 3779 sanctam
1260 3717 1482 3781 castimoniam
1496 3736 1608 3781 omnes
1622 3719 1725 3783 bomi-

166 3812 232 3894 jori
253 3820 344 3893 parte
367 3810 466 3874 ludaei
490 3830 646 3895 pauperes
668 3811 918 3877 inhabitabant:
974 3834 1032 3878 ues
1059 3814 1209 3895 invitans,
1235 3814 1314 3878 dicit
1340 3838 1347 3877 :
1374 3814 1432 3891 Qui
1456 3816 1552 3879 babet
1580 3836 1721 3897 uxorem,
1752 3848 1869 3904 rem,

168 3912 202 3973 in
217 3928 317 3991 quam
332 3928 430 3991 quum
446 3909 675 3992 ingrederetur,
691 3911 802 3974 volens
816 3920 920 3976 osten·
974 3913 1092 3995 cogitat
1124 3930 1195 3994 quae
1226 3921 1302 3975 sunt
1331 3914 1454 3977 mundi.
1486 3914 1518 3977 Si
1551 3932 1627 3997 ergo
1660 3935 1724 3980 uua
1738 3914 1772 3956 ³²·

167 4010 248 4073 dere
270 4008 403 4089 justitie
426 4027 490 4071 suae
514 4009 657 4091 regulam
685 4018 717 4071 et
744 4011 921 4093 prophetie
974 4013 1042 4076 sola
1055 4030 1134 4076 uxor
1157 4012 1245 4075 allel
1261 4031 1369 4076 amore
1391 4012 1525 4095 impedit
1546 4013 1721 4093 bominem,

167 4127 236 4171 suae
252 4106 532 4190 modum,pupillis
545 4107 713 4188 cujusdam
728 4110 919 4192 carpentarii
972 4110 1133 4192 quomodo
1147 4110 1202 4192 qui
1218 4118 1320 4173 tantm
1334 4110 1456 4191 babuit,
1473 4119 1505 4173 et
1523 4118 1608 4175 totus
1623 4111 1657 4174 in
1672 4132 1724 4177 ea-

165 4205 252 4269 frliis
273 4204 404 4268 abstulit
424 4204 566 4268 domum.
934 4212 1044 4275 lirum
1059 4206 1192 4271 libidine
1208 4207 1404 4289 versabatur,
1420 4206 1567 4273 officium
1586 4210 1724 4294 propbe-

207 4304 448 4384 Consequentcr
475 4303 587 4367 doctor
610 4303 670 4366 iste
693 4304 846 4368 describit
866 4326 919 4369 ex·
973 4316 1012 4371 tae
1026 4326 1164 4390 congrue
1179 4306 1351 4389 adimplere
1365 4308 1634 4390 poteratll’redas
1648 4327 1723 4391 quo

166 4402 351 4486 peditienes
373 4401 540 4465 llabometi
564 4420 643 4484 quas
666 4400 744 4465 fecit
767 4422 825 4486 per
842 4424 918 4469 suos
974 4426 1036 4489 que
1050 4413 1082 4470 et
1101 4406 1274 4469 homicidia
1292 4415 1386 4488 atque
1405 4406 1538 4479 insidias
1559 4426 1595 4470 cc
1618 4416 1723 4472 cetera

165 4499 336 4563 ministros
348 4508 382 4563 et
395 4500 509 4580 socios,
525 4510 558 4563 et
570 4510 687 4565 cuncta
705 4501 797 4565 valde
815 4502 918 4567 deter-
978 4506 1061 4569 mala
1075 4505 1226 4587 predicta
1251 4505 1339 4569 omni
1364 4514 1506 4587 tempore
1529 4507 1720 4570 exercebat:

166 4600 292 4662 minate
309 4597 460 4661 describit
483 4618 540 4681 per
562 4600 693 4663 nomina
718 4600 858 4665 virorum
886 4613 919 4667 et
972 4606 1057 4688 quod
1072 4622 1137 4667 uon
1161 4604 1202 4665 ad
1225 4604 1325 4667 Deum
1349 4604 1539 4687 pertinebat.
1560 4604 1723 4689 Prophetae

165 4699 326 4775 lucorum,
336 4705 368 4759 et
381 4716 438 4779 per
452 4707 637 4761 eventusac
653 4706 919 4780 tempora,osten-
973 4702 1123 4768 officium
1150 4710 1197 4765 est
1225 4702 1383 4784 jejunare,
1408 4702 1594 4785 predicare,
1619 4722 1721 4784 orare,

165 4796 252 4859 deus
264 4794 401 4876 qualiter
414 4796 447 4857 in
461 4795 564 4858 tribus
578 4796 833 4879 expeditionibus
855 4802 919 4883 pri·
973 4811 1006 4865 et
1019 4801 1137 4865 similia
1157 4802 1240 4865 bona
1261 4820 1419 4866 exercerc.

165 4896 232 4957 mis
248 4894 355 4957 creuit
369 4894 564 4959 contrarium
585 4894 708 4959 intento
722 4896 889 4961 llabometi
908 4924 916 4963 r
1013 4901 1176 4978 Praeterea,
1189 4900 1222 4962 iu
1237 4899 1349 4962 ultima
1364 4918 1421 4962 sua
1435 4896 1624 4963 infirmitate
1639 4896 1725 4982 posi·

166 5013 206 5056 cx
228 4992 347 5074 quibus
369 5001 454 5075 patet
477 4994 562 5073 quod
586 4993 722 5075 gratiam
745 4997 919 5078 prophetie
974 5008 1037 5079 tus,
1053 5000 1208 5063 llabomet
1223 4998 1289 5061 suis
1311 4998 1462 5079 precepit
1483 5016 1523 5059 ne
1547 5017 1620 5061 eum
1640 5016 1724 5063 mor-

165 5112 235 5157 non
260 5091 382 5153 babuit.
402 5090 559 5155 Describit
582 5092 679 5154 etiam
701 5095 919 5175 expeditiones
974 5109 1065 5162 tuum
1085 5098 1267 5179 sepelirent,
1284 5113 1322 5158 eo
1343 5096 1428 5176 quod
1450 5094 1544 5159 tertio
1565 5095 1616 5158 die
1637 5115 1725 5159 assu·

164 5191 282 5255 llabon
300 5208 380 5271 quas
399 5208 457 5272 per
479 5208 513 5252 se
532 5190 638 5274 ipsum
662 5190 769 5255 facere
791 5196 916 5258 voluit:
974 5196 1109 5261 mondus
1124 5203 1207 5259 esset
1221 5194 1255 5258 in
1270 5193 1397 5257 coelum.
1411 5194 1536 5276 Ipsique
1551 5194 1724 5257 observan-

165 5291 201 5353 in
215 5308 353 5372 quarum
367 5289 470 5370 prima
485 5307 605 5352 vacuus
626 5290 733 5371 rediit,
749 5291 784 5355 in
804 5313 919 5359 secun·
975 5306 1023 5359 tes
1034 5303 1239 5379 praeceptum,
1248 5310 1344 5375 quum
1353 5290 1476 5372 mcgnis
1486 5292 1547 5355 boc
1557 5290 1724 5354 desideriis

292 5424 326 5475 T.
345 5424 385 5475 36.
756 5508 760 5514 ⁴
1566 5427 1598 5483 18
