4309 6250
223 512 264 558 nr
284 511 493 560 accronrrara
514 514 607 561 auur
628 515 796 562 rounrrcrs
815 515 853 561 ar
873 513 1043 564 caumatis
1063 515 1204 575 corcani,
1226 517 1315 564 arara
1336 517 1366 564 n.
1389 536 1430 548 -
1449 517 1520 564 aar.
1542 517 1574 574 x,
1596 517 1629 564 ιι
1649 497 1711 564 599

164 690 250 764 patet
264 683 304 746 de
319 683 562 767 particularibus
581 685 744 764 Ecclesiis,
761 705 831 768 qua
845 686 912 768 epi·
925 686 951 749 Α
966 687 1069 750 adhuc
1098 707 1168 750 esse
1196 687 1382 770 perfectam,
1412 695 1444 751 et
1472 707 1530 750 sua
1563 687 1713 751 exercitia

165 782 272 864 scopis
287 791 362 846 sunt
376 783 574 863 commissae3
591 786 637 848 sic
659 792 724 848 tota
738 793 770 848 ct
785 785 912 848 univer·
966 784 1099 868 implere
1113 786 1318 865 idoneam,eo
1332 788 1416 868 quod
1431 784 1606 868 apostolica
1617 785 1714 849 Sedes

164 880 242 942 salis
269 880 412 944 Ecclesia
444 881 576 964 requirit
610 882 643 945 in
678 891 762 946 terra
796 879 912 946 babere
968 883 1128 946 interdum
1142 885 1197 947 diu
1212 883 1432 948 vacavithou
1447 885 1598 948 videntur
1615 902 1716 965 qnan-

165 996 319 1060 sponsum
344 979 569 1060 universalem,
591 981 645 1063 qui
670 999 742 1044 cum
768 989 832 1044 tota
856 981 914 1043 Ec·
968 990 1035 1044 tum
1050 983 1088 1045 ad
1104 983 1165 1045 boc
1183 982 1259 1045 boni
1278 982 1351 1062 lilii,
1367 983 1423 1064 qui
1443 983 1490 1045 sic
1505 981 1622 1044 summi
1637 981 1716 1044 Pon·

166 1075 265 1139 clesia
285 1077 452 1141 collective
470 1087 600 1160 accepta
622 1079 692 1142 vice
707 1078 823 1142 Christi
842 1079 913 1141 uui·
968 1079 1078 1160 tilicis,
1094 1081 1238 1143 omnium
1253 1081 1429 1162 spiritualis
1442 1080 1554 1162 patris,
1571 1080 1718 1143 nituntur

166 1175 289 1238 versele
309 1175 546 1239 matrimonium
568 1178 743 1257 contrabat,
758 1178 833 1258 qnia
852 1197 911 1240 nec
968 1177 1145 1259 deprimere
1166 1178 1363 1260 dignitatem.

165 1272 259 1336 aliter
286 1275 440 1356 competit
465 1275 522 1338 toti
544 1275 695 1339 Ecclesia
723 1295 792 1340 esse
816 1295 912 1339 unam

165 1371 443 1452 universalemque
473 1391 621 1454 sponsam
656 1373 720 1435 nisi
748 1373 781 1436 in
813 1393 914 1455 quan-

165 1477 234 1530 tum
249 1469 416 1533 collective
431 1471 595 1553 accipitur.
606 1471 791 1553 Huiusmodi
807 1480 913 1535 antem
1188 1469 1433 1537 ARTICULUS
1451 1473 1495 1536 X.

166 1586 304 1648 sponsus
332 1577 380 1630 est
407 1568 501 1650 Papa,
528 1570 702 1632 secundum
732 1569 913 1632 Durandum
970 1609 1062 1676 Quod
1076 1612 1153 1670 Em,

292 1665 298 1678 .
551 1667 558 1679 .
699 1668 705 1680 ,
1153 1611 1232 1680 esic,
1247 1631 1281 1669 co
1296 1614 1383 1689 quod
1395 1614 1491 1672 nocis
1504 1621 1651 1682 vocatur,
1666 1613 1717 1671 in-

166 1666 206 1728 de
226 1666 342 1729 Ordine
358 1665 500 1730 Fratrum
522 1667 675 1730 blrnorum
698 1687 731 1730 ru
753 1687 810 1730 sua
825 1667 914 1730 Sum·
1009 1699 1099 1774 αἱρεῖ
1120 1719 1185 1758 um,
1202 1720 1326 1760 summo
1343 1703 1574 1776 pubematore,
1589 1701 1650 1780 qm·
1673 1711 1718 1761 lo,

166 1783 230 1826 me.
239 1765 326 1827 Unde
342 1765 560 1828 bonaventura
574 1763 816 1847 aliirmat‚qnod
833 1766 915 1848 Papa
1011 1788 1079 1846 eru,
1093 1789 1188 1847 navi,
1196 1790 1299 1866 huju,
1311 1809 1425 1851 cmm
1433 1791 1718 1867 wgmggmm,

166 1870 216 1926 est
230 1863 345 1925 unicus
359 1861 578 1945 indivisusque
593 1881 727 1946 sponsus
742 1863 912 1927 Ecclesia:
929 1861 952 1923 B
1011 1896 1073 1955 que
1090 1878 1215 1938 habeat,

165 1961 252 2043 quod
277 1981 347 2024 esse
371 1979 436 2025 non
460 1961 545 2024 valet
563 1961 625 2024 nisi
648 1971 792 2044 respectu
812 1963 914 2026 unicae

167 2060 377 2143 indivisaque
392 2079 605 2143 sponsaeque
620 2063 794 2124 secundum
810 2063 918 2124 B.Hie-
1046 2062 1094 2125 OC
1109 2081 1248 2143 praesens
1263 2064 1416 2128 saeculum
1431 2085 1579 2147 nequam,
1597 2065 1719 2148 laqueis

167 2178 348 2241 ronymum‚
359 2167 407 2222 est
421 2159 610 2222 universalis
625 2161 778 2240 Ecclesia,
789 2161 873 2223 sicut
886 2170 917 2224 ct
1061 2161 1203 2242 plenum,
1220 2161 1441 2244 inquietudine
1455 2182 1492 2226 ac
1507 2161 1663 2227 fluctibns
1677 2163 1722 2227 vi·

167 2276 265 2339 super
285 2257 414 2321 Cantica
434 2258 545 2321 scribit
565 2257 745 2341 Gregorius.
971 2258 1099 2335 tiorum,
1128 2260 1385 2340 persecutionum
1411 2278 1537 2343 quoque
1561 2270 1593 2324 et
1621 2271 1721 2325 tenta-

208 2355 363 2437 Dcnique,
381 2357 463 2419 sicut
476 2357 682 2440 particulares
697 2357 845 2420 Ecclesia
860 2375 917 2421 suo
961 2357 1095 2419 tionum
1115 2357 1266 2439 procellis
1288 2359 1457 2439 repletum,
1473 2378 1538 2422 non
1560 2360 1720 2424 immerito

169 2462 297 2535 pastore
319 2455 459 2536 privata,
480 2474 498 2517 a
518 2473 635 2537 sponso
650 2455 786 2518 viduata
807 2455 919 2518 dicun·
972 2473 1059 2518 mare
1073 2463 1214 2518 vocatur.
1231 2455 1375 2520 Ecclesia
1390 2476 1477 2535 vero,
1494 2457 1587 2541 cujus
1606 2457 1722 2522 suifra-

168 2559 232 2628 tur‚
249 2559 281 2614 et
298 2551 360 2614 alio
382 2561 506 2634 pastore
526 2571 562 2614 ac
578 2571 695 2634 sponso
714 2553 919 2618 vehementer
971 2553 1024 2634 gio
1039 2572 1097 2636 per
1110 2573 1197 2618 mare
1216 2555 1277 2619 boc
1298 2556 1336 2618 ad
1359 2564 1487 2638 portum
1508 2556 1620 2619 salutis
1633 2564 1722 2620 ater-

167 2659 321 2732 cgcntcs3
348 2650 392 2712 sic
420 2658 453 2713 et
480 2648 669 2714 universalis
694 2651 835 2714 Ecclesia
860 2670 918 2714 suo
971 2669 1020 2712 naa
1041 2651 1286 2730 transvehimur,
1300 2653 1360 2715 rite
1381 2653 1473 2715 navis
1492 2663 1634 2733 vocatur,
1650 2671 1722 2735 pro-

166 2748 293 2829 privata
321 2757 457 2830 pastore,
488 2769 506 2811 a
534 2766 651 2830 sponso
684 2750 917 2830 quodammodo
971 2757 1005 2810 nt
1030 2766 1127 2830 super
1146 2749 1263 2813 Lucam
1285 2759 1316 2813 et
1337 2751 1514 2814 llattbreum
1535 2751 1721 2814 Ambrosius

165 2847 287 2909 dicitur
310 2847 439 2910 viduata
458 2847 618 2928 (quamvis
643 2847 675 2908 in
696 2848 784 2910 coelis
804 2848 918 2911 babeat
970 2845 1275 2930 Chrysostomusque
1291 2847 1440 2911 latentur.
1457 2849 1545 2913 Unde
1561 2848 1722 2930 Eugenius

165 2964 334 3028 sponsum,
365 2945 418 3027 qni
450 2954 482 3008 et
513 2946 749 3026 particularium
781 2964 917 3028 sponsus
971 2943 1063 3025 Papa,
1081 2945 1133 3007 cui
1149 2946 1277 3027 scripsit
1290 2946 1321 3008 S.
1331 2946 1521 3026 Bernardus,
1537 2946 1570 3008 in
1586 2946 1722 3029 epistola

165 3051 215 3106 est
239 3042 479 3122 Ecclesiamm),
505 3043 772 3126 vehementerque
796 3043 918 3124 indiget
934 3042 955 3105 C
971 3041 1010 3103 ad
1026 3041 1254 3106 cistercienses
1268 3043 1415 3127 profatur
1432 3045 1572 3108 :Divinae
1586 3045 1722 3128 disposi-

165 3142 343 3205 universali
372 3150 498 3224 pastore
526 3161 562 3205 ac
592 3161 720 3224 sponso,
745 3143 835 3205 utin
860 3161 917 3206 sua
972 3140 1067 3203 tionis
1088 3141 1218 3205 arbitrio
1238 3142 1271 3203 in
1295 3142 1400 3207 medio
1425 3143 1529 3225 pelagi
1552 3145 1591 3206 ad
1612 3163 1722 3225 regen·

166 3248 355 3322 permaneat
382 3241 513 3304 unitate.
539 3239 602 3304 Nec
628 3242 731 3304 solum
756 3240 914 3319 Romana,
971 3238 1044 3300 dam
1074 3259 1188 3302 navem
1218 3239 1370 3303 Ecclesia
1397 3242 1563 3304 constituti
1598 3260 1719 3305 sumus.

166 3340 223 3405 sed
246 3348 278 3402 et
299 3338 355 3402 toti
371 3339 519 3402 Ecclesia
542 3338 720 3420 periculosa
741 3347 789 3403 est
809 3348 841 3402 et
862 3358 917 3403 no-
972 3336 1073 3417 Hujus
1089 3337 1186 3419 igitur
1206 3338 1298 3400 navis
1320 3338 1403 3402 bona
1416 3339 1550 3402 directio
1571 3340 1670 3421 exigit
1688 3348 1723 3402 ut

166 3438 242 3500 civa
270 3438 359 3521 Papae
383 3438 533 3501 carentia.
561 3438 633 3501 ldeo
661 3446 747 3501 sexto
773 3438 917 3501 Decreta·
973 3452 1071 3496 unum
1087 3454 1247 3497 summum
1267 3442 1363 3515 atque
1384 3455 1589 3499 communem
1608 3437 1722 3499 babeat

166 3536 248 3597 lium
263 3534 444 3598 bonifacius
459 3536 542 3617 Papa
563 3542 694 3598 testatur
710 3559 718 3597 ε
734 3536 832 3610 Quam
847 3554 917 3616 gra·
972 3534 1216 3615 gubernatorem
1237 3554 1274 3597 ac
1297 3534 1502 3617 provisorem,
1523 3536 1578 3618 qni
1601 3536 1633 3597 in
1656 3535 1721 3599 alto

166 3636 262 3699 vibus
278 3635 318 3697 sit
332 3642 446 3699 onusta
460 3634 732 3716 dispendiis,quot
745 3643 776 3695 ct
791 3634 916 3715 quantis
973 3632 1200 3715 speculationis
1233 3652 1268 3695 se
1300 3651 1434 3715 ponens,
1468 3652 1532 3696 non
1569 3632 1720 3714 specialia

165 3736 209 3796 sit
232 3733 327 3815 plena
349 3732 499 3814 periculis
514 3731 662 3795 Ecclesia
676 3733 824 3795 Romanae
846 3750 918 3813 pro
973 3740 1108 3811 tantum,
1125 3733 1179 3794 sed
1195 3741 1227 3794 et
1247 3730 1407 3812 generalia
1428 3731 1519 3793 navis
1541 3732 1638 3812 hujus
1657 3732 1722 3794 dis·

166 3834 233 3895 lixa
253 3832 388 3912 vacatio,
409 3830 510 3894 exacti
532 3830 743 3895 consideratio
765 3830 917 3913 temporis
973 3830 1102 3911 pendat,
1119 3849 1176 3912 pcr
1194 3850 1228 3893 se
1249 3838 1281 3893 et
1299 3829 1454 3912 periculis
1475 3837 1622 3892 occurrat
1636 3830 1721 3892 etde

165 3934 292 4011 edocet,
319 3940 351 3993 ct
375 3930 572 3993 considerata
597 3929 766 4010 diligenter
788 3937 820 3991 et
844 3947 918 4009 pru-
974 3928 1164 4009 specialibus
1181 3948 1216 3991 ac
1238 3927 1440 4010 generalibus
1463 3926 1613 3989 remediis
1634 3946 1721 3991 com·

165 4032 282 4093 denter
310 4028 397 4091 illius
426 4028 578 4109 temporis
606 4027 791 4090 discrimina
818 4027 918 4089 mani·
974 4027 1074 4089 modis
1090 4026 1256 4108 provideat
1271 4047 1279 4085 ι
1296 4034 1328 4089 et
1342 4026 1402 4088 iste
1417 4034 1467 4088 est
1479 4026 1574 4107 Papa.

166 4129 298 4193 lestant.
325 4127 465 4207 Itemque
489 4127 666 4189 animarum
696 4125 780 4188 salus
809 4126 915 4209 exigit,

165 4237 199 4289 et
227 4226 324 4289 totius
349 4224 435 4287 orbis
464 4224 598 4304 requirit
621 4222 751 4301 utilitas,
779 4232 812 4285 ut
836 4222 958 4307 Papall

166 4326 231 4388 rite
256 4324 402 4406 eligatur,
427 4322 503 4385 dum
533 4322 746 4403 praedecessor
769 4323 840 4405 ejus
863 4324 919 4386 ob-
1179 4307 1424 4372 ARTICULUS
1447 4308 1509 4371 XI·

166 4422 253 4487 ierit.
270 4422 350 4485 llinc
368 4420 475 4485 denuo
494 4420 635 4501 loquitur
651 4444 657 4482 :
675 4421 728 4483 Dei
745 4422 854 4503 Filius,
870 4423 918 4485 Jc-
973 4450 1130 4513 probatio
1153 4448 1305 4507 veritati,
1325 4448 1471 4524 ,summ
1492 4467 1533 4505 es,
1557 4449 1614 4507 go,
1637 4451 1724 4526 quod

166 4520 391 4607 suschristus,
408 4519 918 4602 ssessfflgefflSUisanssfflflnglo·
1014 4550 1080 4599 lota
1104 4539 1249 4599 Ecclesia
1277 4546 1323 4596 est
1352 4556 1417 4596 una
1445 4537 1563 4596 ciuitas
1591 4558 1722 4617 unoque

167 4620 247 4683 riosi
274 4619 374 4701 pretio
398 4619 607 4699 redemptum,
635 4636 823 4680 ascensurus
849 4628 919 4701 post
1012 4631 1127 4687 domus
1147 4629 1218 4688 Dei.

166 4716 434 4781 resurrectionem
450 4717 487 4779 ad
503 4716 636 4793 Patrem,
648 4716 771 4797 'absque
793 4726 917 4798 pastore

165 4819 341 4896 desereret,
366 4815 466 4896 ipsius
491 4834 599 4877 curam
624 4814 761 4895 (scilicet
788 4835 919 4898 genera·
1036 4815 1090 4879 ΑΜ
1111 4815 1251 4877 militans
1271 4832 1366 4894 quam
1390 4813 1588 4895 triumphans
1612 4813 1720 4877 Eccle-

167 4917 247 4992 lem,
275 4914 451 4975 secundnm
475 4912 631 4992 Glossam)
655 4912 689 4973 B.
716 4912 805 4975 Petro
834 4931 919 4976 com·
1051 4915 1109 4994 sia,
1125 4914 1158 4975 in
1174 4913 1272 4975 veteri
1296 4930 1443 4993 novoque
1458 4912 1661 4974 Testamenta
1676 4912 1721 4974 ci·

166 5012 270 5089 misit,
292 5019 326 5075 ut
350 5030 414 5073 sure
439 5010 608 5073 stabilitate
637 5010 714 5073 lidei
740 5020 861 5074 ceteros
887 5013 918 5073 in
974 5014 1055 5075 vitas
1077 5012 1266 5095 appellatur,
1283 5012 1326 5073 lle
1350 5010 1498 5072 militanti
1522 5012 1641 5092 quippe
1663 5010 1721 5073 Ec-

167 5110 347 5175 cbristiana
361 5108 514 5191 religione
530 5107 684 5171 firmaret.
974 5111 1072 5174 clesia
1097 5111 1140 5172 ait
1164 5108 1328 5171 Psalmista
1345 5130 1352 5168 :
1370 5107 1513 5171 Gloriosa
1536 5108 1621 5170 dicta
1646 5118 1721 5171 sunt
1740 5120 1761 5163 Ρ
1761 5136 1866 5172 ιιιιιιιι

210 5210 314 5285 Ouum
328 5227 403 5291 ergo
417 5207 485 5270 baec
499 5206 542 5269 ita
557 5226 590 5269 sc
606 5207 919 5289 habeant‚quomodo
974 5211 1014 5273 de
1039 5217 1081 5287 te,
1097 5209 1211 5271 civitas
1236 5206 1289 5269 Dei
1304 5229 1312 5283 3
1329 5214 1360 5268 et
1384 5206 1423 5268 ad
1443 5206 1590 5269 nebraeos
1609 5206 1721 5270 scribit
1735 5188 1754 5227 ²

168 5308 305 5392 quidam
327 5325 412 5370 nuuc
427 5306 538 5369 dicunt
556 5304 730 5369 Ecclesiam
750 5306 819 5370 sine
837 5307 919 5391 Papa
975 5307 1143 5390 Apostolus
1164 5329 1171 5368 :
1193 5304 1378 5369 accessistis
1403 5304 1441 5366 ad
1466 5303 1542 5368 Sion
1565 5313 1717 5370 montem.
1734 5267 1811 5375 rim
1825 5280 1862 5319 ¹¹¹¹
