4309 6250
2130 135 2134 234 l

252 701 773 856 DIALOGUS
826 665 1627 853 DISPUTATIONIS

116 1078 375 1201 innan
422 1072 1008 1197 oflnvsrmnon
1054 1072 1153 1191 nr
1199 1069 1755 1193 slenlonnon
2133 1057 2134 1068 t

365 1406 431 1491 DE
461 1409 595 1490 LEGE
626 1406 840 1489 CHRISTI
871 1408 936 1487 ET
965 1406 1183 1488 CONTRA
1214 1405 1518 1487 PERTlDlAM

609 1647 928 1745 NEQUlSSlMI
962 1634 1276 1729 ΜΑΗΟΜΕΤΙΙ

320 2332 565 2396 lancee
588 2330 763 2394 effluo·
931 2271 1721 2454 lllsstltttlt‘ttttlttttlt

167 2484 237 2543 Cirr
262 2480 447 2542 Christiani
470 2480 690 2541 Mahometum
721 2480 756 2538 in
788 2488 916 2539 tantem
972 2470 1139 2533 mendacia
1167 2495 1173 2532 τ
1201 2490 1265 2534 non
1293 2472 1379 2553 quod
1407 2470 1548 2534 Christus
1576 2473 1721 2535 docuerit

223 2572 408 2647 reprobent,
423 2572 579 2629 domarent
598 2590 636 2628 nc
651 2572 861 2628 detestentur.
972 2585 1019 2645 ea,
1037 2567 1092 2627 sed
1116 2566 1190 2647 quia
1213 2586 1232 2629 a
1255 2566 1387 2649 perfidis
1411 2566 1596 2649 evangelico
1623 2568 1721 2631 textui

973 2674 1046 2727 sunt
1061 2664 1191 2729 inserta.
1208 2666 1311 2747 Aliqui
1331 2666 1461 2729 demum
1476 2666 1637 2729 linxerunt
1654 2686 1721 2729 eor-

208 2764 426 2828 Cnnvsrmsus.
446 2798 486 2809 -
510 2766 665 2845 Agnosce,
688 2781 707 2825 o
733 2762 915 2839 Sarracene,
972 2784 1031 2845 pus
1046 2772 1078 2827 et
1093 2764 1280 2845 sanguinem
1297 2764 1466 2828 Salvatoris
1482 2784 1547 2828 non
1563 2766 1719 2829 contineri

167 2864 254 2944 quod
287 2863 327 2925 ab
360 2862 488 2925 exordio
521 2880 584 2942 quo
617 2861 746 2943 gloriosi
775 2860 917 2943 Apostoli
973 2862 1098 2925 realiter
1133 2863 1166 2924 in
1199 2862 1403 2926 Sacramenta
1437 2864 1557 2927 altaris.
1588 2862 1721 2938 Quidam

167 2962 271 3023 exorsi
294 2969 369 3023 sunt
389 2959 606 3042 evangelicam
629 2960 731 3041 legem
755 2978 792 3021 ac
817 2959 917 3021 iidem
973 2961 1095 3022 mentiti
1126 2968 1200 3022 sunt
1226 2962 1334 3023 omnia
1361 2962 1401 3025 de
1429 2963 1620 3025 necessitate
1649 2962 1722 3025 lieri

167 3058 299 3143 publice
318 3058 501 3142 predicare,
519 3058 659 3120 Ecclesia
674 3058 800 3137 Christi,
817 3058 849 3119 id
870 3065 917 3119 est
972 3077 1008 3121 ac
1034 3058 1154 3121 venire.
1171 3058 1336 3141 Quumque
1360 3058 1596 3142 perfidissimus
1616 3059 1722 3122 ldaho-

166 3158 260 3241 plebs
276 3158 459 3238 christiana,
475 3155 552 3236 lide,
569 3176 624 3239 spe
639 3165 671 3220 et
691 3157 821 3220 caritate
842 3175 918 3220 con·
972 3166 1037 3220 mot
1051 3177 1162 3221 omnes
1181 3159 1238 3220 has
1257 3159 1436 3239 multasque
1455 3158 1535 3221 alias
1555 3159 1721 3222 haereticas

165 3254 739 3339 juncta,plurimoshabuithosteset
755 3255 917 3338 impugna·
972 3257 1173 3320 renovaverit
1198 3256 1353 3319 falsitates
1380 3257 1414 3319 in
1444 3264 1508 3320 toto
1537 3264 1591 3319 aut
1620 3266 1721 3339 parte,

165 3365 253 3419 tores
275 3355 456 3433 acerrimos,
475 3363 561 3436 puta,
576 3354 700 3416 ludaeos
722 3353 914 3432 incredulos,
972 3375 1078 3419 nonne
1098 3356 1274 3438 justissime
1298 3355 1475 3438 despicitur
1496 3355 1646 3418 inlinitet

166 3473 270 3536 reges,
279 3462 441 3537 tyrannos,
452 3453 599 3534 gentiles,
611 3452 776 3516 haereticos
790 3471 916 3533 quoque
933 3456 956 3517 B
1012 3455 1227 3518 Sannacsnus.
1243 3489 1284 3502 —
1301 3453 1408 3517 lderito
1429 3454 1551 3516 dictum
1573 3463 1621 3517 est
1639 3479 1645 3516 :
1665 3455 1723 3517 Ve-

164 3562 263 3634 atque
291 3551 498 3634 philosophos
529 3574 536 3612 :
567 3559 598 3614 et
626 3559 733 3613 umen
762 3551 845 3613 inter
873 3559 918 3613 tot
974 3554 1047 3617 ritas
1068 3554 1178 3618 odium
1199 3555 1292 3636 parit.
1309 3553 1434 3616 Etenim
1455 3554 1586 3615 nuntius
1607 3554 1723 3616 verita·

166 3662 297 3732 tamque
318 3650 556 3732 potentissimos
575 3657 794 3732 persecutores
813 3658 846 3712 et
860 3649 918 3711 im·
973 3652 1023 3730 tis,
1053 3651 1204 3717 dominus
1233 3651 1377 3714 liliorum
1405 3652 1516 3732 Adam,
1548 3651 1723 3734 preclaris·

165 3757 362 3833 pugnatores
376 3747 622 3829 acerrimos,qui
636 3757 668 3810 et
682 3747 917 3811 crudelissimas
973 3751 1073 3813 simus
1106 3749 1311 3828 llahometus,
1342 3768 1465 3813 errores
1501 3757 1532 3812 et
1567 3750 1721 3814 falsitates

166 3869 207 3912 ao
228 3847 414 3912 durissimas
436 3855 552 3910 mortes
574 3847 749 3909 intulerunt
770 3846 918 3908 Christia-
973 3849 1222 3911 Christianorum
1244 3848 1405 3929 redarguit
1426 3857 1457 3910 et
1480 3849 1657 3911 destruxit:
1675 3849 1722 3911 id·
1837 3863 1841 3872 ·

167 3948 232 4026 nis,
249 3947 333 4010 tides
348 3945 460 4008 Christi
477 3948 541 4008 tam
560 3944 696 4026 gloriose
716 3943 918 4007 mirabiliter·
973 3946 1059 4010 eirco
1083 3955 1148 4010 tam
1173 3947 1311 4009 maxime
1332 3946 1480 4028 displicet
1500 3947 1650 4022 alsonis
1678 3956 1723 4010 et

166 4065 233 4128 que
249 4043 424 4130 prevaluit,
441 4044 526 4124 quod
541 4042 721 4106 successive
739 4062 798 4126 per
817 4051 917 4105 totum
973 4045 1058 4108 enim
1084 4065 1167 4109 sane
1193 4044 1308 4108 mentis
1331 4063 1396 4109 non
1421 4044 1526 4108 videat
1549 4045 1723 4108 trinitatem

166 4145 281 4210 orbem
309 4152 461 4206 terrarum
487 4142 548 4204 luit
572 4140 701 4204 dillusa.
719 4141 814 4204 Porro
836 4141 919 4204 inter
973 4162 1180 4225 personarum
1206 4163 1280 4206 cum
1304 4143 1507 4225 simplicitate
1531 4143 1648 4206 divinae
1676 4165 1725 4207 es-

165 4245 335 4308 haereticas
360 4242 531 4324 pravitates
560 4241 630 4303 duae
654 4239 785 4302 luerunt
809 4241 918 4323 prasoi-
974 4243 1185 4323 sentiae,cu1n
1207 4240 1413 4307 indivisibilis
1433 4242 1565 4305 Deitatis
1588 4243 1721 4325 unitate,

166 4363 242 4428 puae
268 4366 276 4404 ι
301 4361 365 4403 una
388 4339 572 4422 negantium
603 4338 917 4421 superbeatissimam
974 4361 1046 4404 eum
1068 4341 1252 4404 omnimoda
1274 4339 1439 4402 identitate
1460 4348 1544 4404 stare
1565 4361 1630 4405 non
1653 4361 1724 4424 pos·

166 4443 346 4506 trinitatem
370 4458 578 4522 personarum
604 4438 636 4500 in
662 4439 745 4518 lteo;
772 4438 835 4502 alia
864 4459 919 4501 ne·
974 4445 1029 4503 set
1044 4440 1082 4503 Et
1097 4440 1123 4502 si
1137 4439 1181 4502 ibi
1196 4447 1245 4502 est
1260 4459 1334 4501 vera
1355 4438 1481 4501 trinitas
1501 4459 1722 4522 personarum,

165 4543 315 4625 gentium
338 4559 445 4602 veram
465 4539 615 4601 deitatem
637 4537 669 4599 in
689 4537 824 4600 Christo.
841 4539 919 4601 Fue·
974 4540 1154 4603 necessario
1183 4538 1227 4601 ihi
1260 4546 1309 4600 est
1336 4537 1431 4600 realis
1465 4537 1647 4619 distinctio;
1678 4549 1724 4604 to·

167 4649 245 4704 runt
265 4647 297 4701 et
317 4639 387 4702 aliae
407 4639 543 4700 hareses
563 4636 679 4698 multae.
697 4634 774 4697 Nam
789 4636 955 4718 quidamC
976 4647 1105 4720 turnque
1133 4644 1337 4719 aggregatum
1366 4655 1430 4699 non
1460 4645 1508 4699 est
1535 4657 1633 4700 unum
1660 4638 1723 4702 nisi

165 4740 322 4804 dicebant
336 4738 439 4819 legem
454 4735 565 4818 Moysis
581 4734 673 4796 simul
690 4754 762 4797 cum
776 4735 920 4817 Evange-
975 4737 1150 4799 secundum
1178 4735 1399 4815 intentionem,
1423 4735 1506 4796 sicut
1533 4744 1564 4798 et
1589 4737 1724 4800 hvieen-

167 4841 215 4903 lio
240 4837 355 4901 Christi
380 4854 450 4898 esse
475 4833 675 4896 servandam.
691 4833 754 4895 Alii
777 4833 919 4897 allirma-
976 4856 1016 4898 na
1035 4855 1125 4897 meus
1139 4835 1357 4914 hverroesque
1376 4834 1561 4915 probarunt.
1577 4835 1720 4918 lnsuper,

168 4940 250 5002 hant
270 4934 546 4998 circumcisionem
570 4932 609 4995 ad
628 4933 734 4994 minus
759 4951 821 4994 una
847 4951 919 4996 cum
975 4935 1120 4997 eamdem
1145 4952 1313 5015 personam
1337 4951 1407 4994 esse
1431 4933 1530 4994 Deum
1555 4953 1591 4996 ae
1620 4935 1722 4998 homi·

167 5035 347 5118 Evangelio
363 5041 507 5116 oportere
523 5030 654 5094 servari-
666 5029 817 5093 Nonnulli
836 5031 921 5095 dice
975 5053 1048 5096 nem
1063 5032 1260 5115 impossihile
1275 5030 1354 5112 iore,
1370 5031 1542 5094 fortissima
1555 5052 1722 5114 argumen-

168 5161 206 5204 re
223 5144 504 5222 presumpserunt,
520 5134 604 5215 quod
619 5133 766 5215 quamvis
780 5132 921 5196 Christus
975 5142 1006 5196 ta
1023 5133 1253 5196 demonstrant.
1269 5132 1306 5193 Et
1326 5131 1352 5192 si
1371 5131 1480 5194 lateris
1500 5131 1603 5214 legem
1623 5133 1721 5215 Moysi

223 5335 232 5372 ¹
252 5331 295 5381 Ex
306 5329 426 5382 editione
441 5325 600 5380 Coloniensi
615 5323 691 5377 Petri
706 5323 834 5386 Quenteh
852 5324 924 5374 15³3.
