4309 6250
438 481 498 548 tet)
726 501 767 550 on
785 501 889 551 suros
909 501 1092 552 cocsrnonn
1113 499 1277 551 neruosus
1297 502 1330 550 nt
1350 501 1474 551 rarum.
1497 522 1538 535 -
1558 505 1628 552 sor.
1650 503 1707 550 xm

303 688 424 740 rexere.
440 671 499 735 iob
514 669 666 735 scribitur
681 694 688 734 :
705 671 787 737 llcce
801 672 875 736 coeli
897 691 961 738 non
981 681 1056 736 sunt
1077 673 1187 737 mundi
1203 674 1228 737 A
1243 673 1386 737 divinum
1402 682 1451 738 est
1464 673 1642 738 virtuosum
1658 692 1695 737 ac
1710 670 1910 755 sapientiam,
1923 689 1990 733 san·

291 788 425 838 remma.
441 768 475 831 iu
497 778 671 852 conspeetu
695 771 787 852 ejus;
803 781 835 835 et
857 773 963 836 denuo
980 796 987 833 :
1005 773 1087 836 Ecce
1113 773 1189 834 luna
1243 778 1342 848 ctum,
1364 771 1533 853 pulchrum
1560 791 1598 834 ac
1624 771 1728 836 dulce.
1750 770 1789 834 Et
1807 770 1851 832 ite
1877 769 1917 832 de
1943 787 1991 831 ce

440 885 506 931 non
525 867 681 951 splendet,
698 876 730 932 et
751 869 850 933 stelle
875 889 939 934 uon
964 880 1038 933 sunt
1062 871 1188 933 mundae
1243 869 1330 950 teris,
1364 869 1531 952 quidquid,
1564 869 1707 932 absolute
1742 867 1989 950 simplicitasque

440 982 547 1028 coram
582 967 655 1046 eo);
689 966 733 1029 sic
769 968 1006 1050 comparatione
1040 967 1186 1047 increati,
1243 966 1414 1048 loquendo,
1446 967 1560 1030 melius
1589 975 1682 1048 atque
1711 965 1914 1048 praestantius
1946 973 1991 1027 cst

438 1064 547 1127 eterni
562 1064 727 1146 divinique
740 1084 821 1144 esse,
838 1066 926 1129 nulla
945 1075 1091 1130 creatura
1110 1065 1189 1127 dici·
1243 1066 1360 1128 habere
1375 1085 1470 1148 quom
1484 1084 1523 1129 eo
1538 1084 1657 1143 carere,
1666 1065 1698 1127 id
1714 1064 1867 1147 competit
1880 1065 1992 1142 lleo‚et

437 1168 491 1223 tur
504 1180 586 1240 esse,
602 1161 667 1225 imo
682 1163 787 1245 potius
802 1162 904 1227 fertur
917 1182 981 1226 nou
997 1183 1068 1226 esse
1087 1171 1119 1226 et
1139 1163 1188 1224 ni·
1243 1163 1275 1226 id
1290 1163 1395 1247 ipsum
1410 1173 1458 1226 est
1471 1164 1553 1226 Deus
1570 1182 1644 1226 cum
1661 1161 1857 1245 perfectione
1868 1161 1990 1244 penitus

438 1259 496 1338 hil,
512 1279 608 1342 quam
622 1279 693 1324 csse
706 1269 761 1324 aot
774 1261 906 1343 aliquid,
922 1263 1107 1344 quoniame
1122 1262 1188 1344 ple-
1242 1261 1381 1326 infinita.
1398 1263 1505 1344 ltaque
1521 1262 1553 1326 in
1570 1263 1633 1326 [leo
1648 1269 1748 1339 est,ct
1762 1260 1898 1343 ipsemet
1912 1261 1990 1324 Deus

438 1357 595 1438 nitndine,
624 1359 820 1442 perfectione
854 1369 887 1424 et
917 1361 1056 1443 puritate
1086 1361 1186 1424 divini
1242 1369 1292 1423 est
1306 1361 1431 1424 bonitas
1445 1360 1658 1440 interminata,
1675 1359 1833 1441 sapientia
1852 1358 1989 1438 infinita,

438 1475 508 1520 esse
531 1457 627 1522 distat
648 1467 681 1523 ει
703 1458 814 1522 deficit
837 1459 977 1524 infinite.
1004 1460 1087 1523 Deus
1112 1479 1188 1542 ergo
1244 1467 1382 1542 potestas
1398 1459 1726 1540 immensa,volnntas
1740 1457 1992 1538 liberrime,san·

438 1564 487 1618 est
512 1555 618 1639 ipsum
642 1576 714 1621 esse
736 1565 902 1638 eternum,
919 1559 1059 1642 primum
1085 1568 1116 1622 et
1140 1559 1188 1621 in·
1245 1557 1337 1622 etitas
1359 1557 1645 1641 incircumscripta,
1662 1556 1866 1641 pulchritudo
1889 1556 1991 1619 illimi-

437 1663 591 1736 creatum,
609 1657 751 1738 planum,
769 1657 958 1739 perlectum,
981 1658 1185 1738 immensum,
1244 1663 1318 1738 tate,
1335 1656 1472 1720 dulcedo
1486 1657 1724 1737 immensurata,
1737 1655 1866 1718 dilectio
1881 1657 1991 1718 arden·

437 1753 482 1815 ita
507 1755 591 1834 quod
619 1755 772 1836 quidquid
800 1757 840 1819 ed
867 1755 1086 1836 eminentiam,
1117 1775 1188 1838 per·
1243 1755 1375 1836 tissima,
1393 1755 1561 1819 delectatio
1582 1753 1876 1833 exuberantissima,
1899 1755 1991 1817 beuti-

438 1850 622 1933 fectionem,
656 1853 854 1917 nobilitatem
887 1874 924 1917 ac
958 1855 1186 1919 beatitudinem
1205 1855 1320 1918 Btudo
1352 1854 1523 1918 omnifarie
1556 1853 1697 1916 infinita.
1730 1853 1886 1916 Similiter
1921 1871 1990 1916 cum

437 1949 537 2032 ipsius
551 1970 622 2014 esse
637 1953 783 2033 pertinet,
799 1953 860 2016 boc
876 1973 949 2016 cum
973 1952 1101 2017 infinita
1122 1955 1188 2037 ple·
1243 1953 1399 2017 immensa
1417 1953 1614 2035 perfectione
1634 1951 1830 2016 conveniunt
1853 1952 1918 2015 lleo
1941 1953 1992 2014 ad

436 2049 593 2129 nitudine,
610 2051 710 2132 gloria
728 2059 760 2114 et
774 2051 971 2131 excellentia,
989 2053 1188 2134 simplicissi·
1243 2053 1362 2117 orando
1376 2061 1409 2116 ει
1422 2053 1652 2135 superexaltato
1665 2051 1800 2134 justitia,
1813 2051 1992 2115 miscricor-

436 2166 489 2211 me
513 2149 666 2230 competit
689 2150 752 2214 Deo
776 2174 783 2212 :
806 2150 871 2214 imo
895 2150 956 2214 hoc
980 2160 1029 2214 est
1053 2153 1188 2234 ipsemet
1243 2152 1307 2229 dia,
1324 2150 1565 2230 insanabilius,
1586 2151 1755 2228 eternitas,
1772 2169 1845 2233 pax,
1861 2151 1992 2232 opulen-

438 2246 532 2327 lleus,
548 2246 593 2310 ita
607 2247 691 2329 quod
707 2247 740 2310 in
756 2267 826 2312 esse
840 2249 952 2313 divino
966 2250 1085 2332 absque
1101 2250 1187 2313 omni
1244 2251 1298 2330 tia,
1321 2249 1486 2327 serenitas,
1510 2249 1677 2330 omnisque
1701 2249 1834 2314 omnino
1854 2250 1992 2333 dignitas
2113 2315 2114 2326 χ

436 2345 654 2409 additamento
681 2354 712 2409 ει
740 2348 973 2430 compositione
1006 2349 1188 2412 continetur
1243 2369 1280 2412 ac
1302 2348 1462 2430 majestas.

438 2443 677 2525 simplicissime
691 2453 724 2509 et
742 2445 884 2528 perfecte
905 2447 1060 2530 quidquid
1084 2447 1188 2530 perfe-
1284 2447 1365 2510 Ecce
1384 2447 1457 2508 talis
1477 2465 1513 2508 ac
1534 2454 1640 2509 mutus
1661 2454 1710 2510 est
1733 2446 1888 2509 Dominus
1913 2446 1992 2509 Deus

438 2542 555 2606 ctionis
575 2551 607 2605 et
627 2542 737 2625 glorie
759 2552 818 2608 est.
1244 2554 1352 2609 noster
1369 2545 1572 2627 omnipotens
1596 2553 1628 2608 et
1651 2545 1795 2608 excelsus
1812 2569 1819 2607 :
1836 2546 1876 2608 de
1902 2545 1993 2626 cujus

477 2639 584 2721 Porro,
601 2641 635 2704 in
658 2643 751 2705 rebus
774 2644 887 2706 creatis
911 2643 1058 2706 videmus
1081 2643 1189 2725 aliqua
1245 2643 1440 2725 perfectione
1463 2662 1587 2706 summo
1610 2645 1760 2725 gaudere,
1777 2645 1871 2726 cujus
1897 2644 1993 2708 beati-

438 2758 520 2817 essc,
538 2741 594 2803 sed
608 2759 680 2803 esse
694 2759 805 2805 eorum
820 2751 947 2805 nonest
962 2743 1079 2806 vitale:
1095 2743 1190 2806 idcir·
1244 2743 1346 2805 tudini
1363 2761 1486 2806 summe
1497 2743 1709 2824 congratulari
1720 2743 1891 2823 debemus3
1901 2761 1992 2826 quem

439 2857 478 2901 co
502 2846 552 2902 est
574 2839 812 2922 imperfectum.
838 2840 915 2904 Esse
942 2860 1018 2923 ergo
1042 2841 1187 2905 divinum
1245 2861 1308 2924 pre
1341 2842 1490 2906 omnibus
1518 2861 1555 2904 ac
1584 2860 1680 2923 super
1711 2841 1820 2905 omnia
1847 2843 1994 2905 ardenter

439 2945 487 3000 est
511 2937 617 3002 vitale.
638 2938 785 3014 Quaedam
809 2959 885 3003 vero
909 2949 983 3002 sunt
1007 2949 1039 3003 et
1062 2941 1187 3021 vivunt,
1244 2959 1361 3019 amere,
1377 2941 1495 3022 jugiter
1517 2941 1672 3003 bonorare
1694 2948 1851 3022 tenemur.

439 3053 504 3098 non
519 3045 625 3100 autem
640 3037 834 3120 intelligunt,
845 3046 881 3101 ut
894 3047 969 3100 sunt
981 3039 1075 3102 bruta
1092 3062 1098 3100 :
1117 3037 1227 3106 ideoll
1284 3040 1447 3118 Preterce,
1468 3039 1644 3101 secundum
1669 3047 1810 3102 nostram
1832 3039 1994 3102 sanctissi-

439 3142 514 3198 sunt
538 3135 735 3216 imperfecta.
761 3137 837 3200 Esse
862 3157 939 3220 ergo
966 3138 1112 3201 divinum
1140 3147 1188 3201 cst
1245 3157 1330 3201 mam
1354 3138 1464 3217 fidem,
1491 3139 1573 3201 Deus
1597 3146 1706 3201 noster
1730 3156 1813 3201 unus
1838 3146 1869 3201 et
1893 3140 1993 3201 trinus

438 3232 534 3297 vitale
549 3234 1088 3311 etintellectuale.Quredamautem
1102 3246 1186 3318 sunt,
1245 3246 1303 3318 est,
1329 3238 1372 3301 ita
1396 3238 1481 3319 quod
1505 3236 1595 3300 Pater
1619 3244 1651 3299 et
1673 3237 1772 3300 Pilius
1796 3256 1834 3300 ac
1859 3238 1993 3320 Spiritus

438 3332 552 3395 vivunt
566 3340 599 3395 et
614 3332 816 3417 intelligunt3
833 3336 888 3398 sed
903 3336 1056 3416 entitatis,
1073 3336 1189 3399 vivaci·
1245 3337 1378 3400 Sanctus
1398 3344 1472 3398 sunt
1493 3344 1556 3399 tres
1581 3336 1724 3400 Personae
1749 3344 1927 3418 coeternas,
1944 3355 1994 3399 co

438 3429 511 3493 tatis
526 3438 558 3492 et
572 3429 856 3495 intellectualitatis
870 3451 981 3496 eorum
996 3443 1044 3497 est
1059 3434 1188 3512 linis,et
1244 3435 1381 3516 equales
1396 3442 1428 3497 et
1441 3434 1740 3514 consubstantiales,
1753 3442 1785 3497 et
1799 3454 1883 3497 unus
1899 3454 1994 3498 verus
2114 3514 2115 3519 ἵ

437 3527 592 3610 quidquid
617 3537 742 3593 suntet
761 3530 971 3610 habeut,non
996 3552 1016 3594 a
1039 3552 1074 3595 se
1096 3532 1186 3615 ipsis,
1243 3554 1280 3597 ac
1305 3526 1560 3616 simplicissimus
1585 3534 1667 3596 Dens
1691 3556 1698 3595 ε
1722 3534 1764 3596 ita
1787 3534 1873 3616 quod
1898 3534 1994 3597 trium

438 3628 493 3691 sed
508 3627 637 3691 aliunde
653 3628 764 3692 sortita
779 3637 853 3692 sunt
869 3653 877 3691 ε
893 3629 1014 3695 idcirco
1028 3650 1094 3694 non
1114 3638 1190 3694 sunt
1244 3634 1451 3697 Personarum
1466 3640 1515 3695 est
1534 3651 1599 3694 una
1616 3632 1766 3711 essentia,
1783 3650 1848 3695 uua
1870 3633 1995 3715 sapien-

436 3726 567 3789 omniuo
582 3726 736 3809 perfecta,
753 3729 808 3791 sed
828 3728 1026 3810 imperfecta,
1043 3730 1188 3812 indigen·
1245 3732 1299 3810 tia,
1315 3751 1379 3794 una
1400 3738 1550 3814 potestas,
1567 3750 1631 3794 uua
1658 3730 1821 3812 majestas,
1837 3749 1902 3794 uua
1927 3730 1995 3813 pul-

437 3824 480 3886 tia
514 3843 552 3887 ac
580 3825 804 3907 dependentia.
834 3826 902 3889 lllie
930 3846 1047 3911 nempe
1073 3828 1189 3910 incipit
1245 3830 1401 3907 chritndo,
1419 3850 1482 3892 nna
1500 3829 1685 3908 beatitudo;
1706 3838 1738 3892 et
1761 3830 1920 3912 quidquid
1942 3830 1995 3893 eb-

438 3923 520 3985 entis
534 3922 745 4005 imperfectio,
762 3932 794 3986 et
808 3943 873 3989 non
888 3944 969 4003 esse,
986 3945 1050 3989 non
1066 3927 1186 4006 vivere,
1245 3928 1355 3993 solute
1372 3927 1578 4012 perfectionis
1600 3935 1650 3989 est
1671 3928 1704 3989 in
1722 3948 1788 3991 una
1808 3947 1932 4007 earum,
1948 3936 1995 3993 est

437 4039 504 4083 non
529 4020 720 4103 intelligere,
750 4022 805 4086 ubi
833 4022 934 4106 ipsius
961 4023 1128 4106 perfectio,
1158 4035 1191 4089 ct
1246 4029 1279 4090 iu
1303 4028 1414 4107 tribus,
1441 4026 1488 4090 sic
1516 4026 1627 4108 utiquc
1654 4028 1739 4108 quod
1767 4028 1919 4110 quelibet
1942 4029 1995 4090 ba·

438 4138 521 4197 esse,
538 4119 646 4183 vivere
665 4140 702 4183 ac
727 4120 906 4203 intelligere
926 4121 1096 4187 finiuntur.
1113 4124 1189 4187 Esse
1246 4146 1315 4189 rum
1332 4126 1427 4189 trium
1443 4124 1879 4208 superexcellentissimamm
1894 4146 1933 4189 ac
1949 4144 1995 4188 su·

439 4237 514 4299 ergo
549 4218 693 4282 divinum
723 4238 822 4301 quum
853 4220 894 4283 sit
922 4221 1056 4285 omnino
1086 4224 1191 4305 perfe-
1205 4226 1230 4289 D
1246 4225 1575 4309 persanctissimarum
1591 4233 1623 4287 et
1641 4224 1994 4308 soperbeatissimamm

439 4325 538 4395 otum,
555 4316 599 4380 ita
612 4324 661 4379 est
675 4317 770 4381 vitale
785 4327 817 4381 et
830 4318 1058 4399 intellectuale,
1069 4330 1104 4384 ut
1118 4321 1189 4402 ejus
1245 4324 1452 4388 Personarum
1472 4330 1521 4386 est
1539 4322 1675 4387 infinite
1698 4322 1876 4406 dignitatis,
1892 4324 1997 4407 perfe-

439 4414 617 4479 vivncitstis
641 4424 674 4479 et
701 4415 986 4482 intellectualitatis
1009 4420 1117 4483 nullus
1148 4422 1190 4484 sit
1245 4423 1372 4504 ctiouis,
1398 4420 1573 4502 felicitatis,
1600 4422 1792 4502 dulcedinis,
1822 4421 1931 4505 gloriae
1959 4441 1996 4485 ac

438 4512 526 4576 finis.
549 4512 613 4576 Nee
636 4532 707 4577 esse
729 4514 814 4578 istud
838 4516 985 4580 divinum
1009 4528 1058 4582 est
1082 4519 1189 4602 aliquo
1245 4522 1383 4585 virtutis.
1399 4521 1438 4584 Et
1452 4520 1608 4604 quidquid
1623 4520 1721 4585 Filius
1740 4529 1790 4584 est
1808 4521 1996 4600 othabet,a

438 4612 585 4695 indigens
609 4620 664 4677 aut
687 4614 882 4697 dependens,
909 4619 964 4680 sed
990 4618 1190 4701 simplicissi·
1245 4622 1333 4685 Patre
1348 4628 1465 4684 aeterno
1480 4619 1798 4703 suscepit3quidquid
1814 4620 1911 4683 etiam
1927 4620 1996 4703 Spi-

438 4731 528 4776 mum
547 4732 585 4775 ae
603 4712 839 4777 nobilissimum
859 4725 908 4780 est
930 4718 964 4779 in
989 4738 1023 4782 se
1047 4720 1129 4801 ipso,
1146 4720 1192 4783 ita
1245 4722 1323 4784 ritus
1338 4720 1473 4782 Sanetus
1487 4726 1536 4781 est
1550 4726 1582 4781 et
1595 4718 1701 4797 habet,
1719 4718 1841 4782 aPatre
1860 4726 1893 4781 et
1912 4719 1996 4782 Filio

438 4814 524 4896 quod
545 4812 700 4896 quidquid
720 4813 753 4875 in
773 4814 843 4898 ipso
866 4836 936 4881 esse
961 4817 1125 4899 asseritur,
1141 4827 1190 4882 est
1244 4827 1395 4901 tanquam
1420 4817 1461 4879 ab
1486 4835 1549 4881 uuo
1574 4816 1734 4898 principio
1758 4816 1903 4900 sumpsit.
1922 4816 1995 4881 ldeo

439 4912 612 4996 ipsummet
632 4931 703 4977 esse
723 4912 880 4979 divinum.
1245 4918 1393 5000 quelibet
1413 4916 1527 4979 herum
1546 4916 1755 4979 Personarum
1775 4914 1939 4980 infinitam
1961 4916 1994 4979 in

480 5014 623 5097 Insuper,
639 5033 710 5078 esse
725 5014 939 5079 intellectuale
954 5036 1017 5080 uon
1033 5024 1082 5079 est
1101 5036 1190 5100 pror·
1245 5038 1278 5081 se
1297 5017 1393 5079 babet
1417 5015 1603 5079 felicitatem
1628 5024 1660 5079 et
1683 5014 1839 5097 gloriam3
1861 5023 1893 5079 et
1917 5034 1996 5078 nna·

440 5136 494 5179 sus
509 5116 698 5198 perfectum,
707 5114 769 5176 nisi
783 5114 872 5177 omni
886 5114 1003 5177 virtute
1017 5123 1049 5178 et
1063 5116 1189 5197 sapien·
1244 5135 1377 5198 queque
1392 5134 1501 5179 earum
1516 5116 1620 5197 diligit
1633 5114 1729 5178 aliam
1744 5134 1852 5178 amore
1866 5116 1994 5197 penitus

440 5218 485 5280 tia
508 5218 687 5296 decoretur,
709 5214 773 5276 nisi
800 5213 889 5277 omni
917 5214 1096 5297 sanctitate,
1121 5215 1190 5299 pul·
1246 5214 1383 5293 infinito,
1400 5212 1717 5296 superardentissimo
1731 5222 1764 5277 et
1782 5214 1995 5297 superdulcis·

440 5318 632 5397 claritudine,
658 5316 813 5379 suavitate
840 5323 981 5377 emetur.
1008 5314 1085 5379 Esse
1113 5335 1190 5398 ergo
1246 5316 1338 5394 simo,
1354 5324 1386 5377 et
1400 5332 1596 5397 unaqueque
1611 5312 1706 5376 habet
1724 5313 1757 5374 iu
1776 5312 1839 5375 alia
1853 5312 1995 5395 compla-
