4309 6250
409 489 449 536 tt!
469 488 632 536 lllGlllTATE
652 487 690 534 BT
710 487 858 534 ttuntsus
879 487 908 532 h.
930 487 960 532 V·
983 487 1100 544 uentus,
1123 487 1211 534 blm
1232 489 1266 536 ll.
1288 508 1329 520 -·
1349 491 1419 538 ΔΜ.
1442 491 1495 538 xlv
1687 471 1729 537 89

64 671 132 714 ιιι.
144 681 170 718 τι.
183 665 312 722 testatur
328 683 335 720 τ
354 660 475 724 Patrem
491 679 555 724 non
571 659 653 723 vidit
666 659 846 742 quisquam,
862 655 925 720 nisi
941 655 966 718 t
981 665 1045 720 tota
1067 657 1207 722 hominis
1230 659 1386 742 perfectio
1409 661 1444 724 in
1467 668 1541 725 actu
1565 661 1730 744 sapientie

60 737 87 776 “¹
184 758 210 820 is
223 758 275 839 qui
290 765 340 820 est
353 778 372 821 a
386 759 460 822 Deo.
477 759 555 822 lline
570 767 601 822 et
615 759 654 822 ad
670 757 868 820 Timotheum
882 755 927 819 ait
981 774 1018 818 ae
1041 756 1144 819 divini
1169 757 1285 820 amoris
1310 759 1475 838 consistat,
1500 759 1639 822 dubitari
1664 778 1728 823 non

70 867 128 910 trin-
143 879 170 914 o·
183 855 349 938 Apostolus
376 879 384 917 ε
411 857 523 919 Βιιιιι
548 865 580 918 ιι
604 855 691 918 solus
716 863 840 936 potens,
862 854 927 916 lies
981 853 1056 916 licet
1070 855 1148 935 quin
1164 854 1418 920 fructuosissima
1439 877 1476 920 ιι
1498 857 1732 922 virtuosissima

60 933 85 979 ¹⁵¹
98 933 125 972 ¹⁶¹
184 973 301 1036 regum,
318 955 373 1036 qui
389 955 475 1019 solus
491 955 585 1018 habet
600 953 881 1030 immortalitatem,
895 961 927 1015 et
980 952 1069 1032 virgo
1083 953 1179 1014 Maria
1191 955 1334 1036 quotidie
1349 955 1382 1018 iu
1397 955 1447 1018 his
1461 957 1586 1019 duobus
1600 975 1732 1039 presser-

183 1051 285 1115 lucem
305 1053 428 1117 habitat
448 1052 701 1116 inaccessibilem
716 1075 723 1128 ;
739 1071 834 1134 quem
857 1051 927 1114 nul·
981 1049 1038 1112 tim
1068 1049 1225 1133 profecit;
1251 1060 1282 1114 et
1307 1053 1457 1134 quoniam
1483 1073 1590 1118 sacras
1614 1056 1731 1120 veteris

182 1150 230 1212 lus
243 1151 409 1214 hominum
424 1153 515 1230 vidit,
533 1152 587 1214 sed
603 1169 662 1214 nee
682 1151 790 1214 videre
810 1159 923 1232 potest.
981 1147 1172 1212 Testamenti
1187 1149 1365 1233 Scripturas
1379 1151 1412 1214 in
1427 1152 1565 1216 maxima
1584 1171 1731 1216 reveren-

71 1273 167 1318 ιιι..
182 1249 345 1330 Propterea
368 1250 496 1314 divinus
520 1249 687 1332 Dionysius
712 1249 820 1312 docuit
843 1249 925 1312 hanc
981 1246 1024 1308 tia
1048 1245 1171 1325 habuit,
1197 1249 1237 1311 ad
1262 1268 1371 1312 earum
1399 1251 1510 1332 utique
1538 1251 1665 1334 plenam
1692 1271 1730 1314 ae

57 1349 248 1442 fffflesse
278 1345 542 1430 perfectissimam
566 1347 621 1410 Dei
645 1347 860 1429 cognitionem
892 1347 925 1410 in
980 1343 1100 1406 claram
1139 1345 1383 1428 intelligentiam
1418 1349 1540 1413 exstitit
1573 1349 1727 1412 studiosa.

57 1467 108 1516 ιιι
122 1473 139 1504 e.
155 1430 168 1502 ιζ
181 1446 245 1507 vita
277 1446 347 1524 hae,
378 1447 530 1529 conjungi
559 1447 588 1510 ei
618 1455 767 1528 tanquam
797 1465 924 1528 prorsus
979 1441 1145 1524 Quumque
1165 1453 1362 1526 agnosceret,
1379 1445 1412 1508 in
1434 1464 1492 1509 suo
1511 1447 1729 1511 amantissimo

182 1543 300 1624 ignoto,
309 1551 342 1606 et
356 1562 414 1626 per
428 1544 629 1626 negationem
644 1563 717 1608 eum
733 1563 921 1626 agnoscere:
979 1539 1060 1603 Tillo
1074 1540 1136 1604 sibi
1150 1541 1319 1605 obediente
1333 1563 1370 1606 ac
1386 1544 1514 1608 subdito
1527 1554 1621 1626 atque
1635 1545 1729 1607 fami-

98 1669 133 1706 ιι
148 1678 167 1706 ι,
182 1649 214 1702 ιι
235 1640 339 1724 patuit
358 1642 453 1725 paulo
473 1650 558 1706 ante.
979 1637 1149 1702 liarissime
1177 1641 1389 1720 cohabitante,
1417 1661 1530 1706 omnes
1562 1643 1727 1708 thesauros
1742 1661 1875 1710 coeunte.

219 1739 335 1802 Verum
354 1739 393 1801 ad
414 1741 479 1802 base
499 1741 608 1804 omnia
625 1749 719 1822 atque
739 1740 857 1803 similia
876 1749 924 1803 est
979 1736 1141 1819 sapientie
1155 1757 1192 1800 ac
1211 1739 1353 1801 scientias
1375 1758 1445 1802 esse
1466 1741 1679 1821 absconditos,
1695 1750 1727 1804 et

178 1856 239 1899 una
256 1837 347 1914 ratio,
363 1839 448 1919 quod
463 1837 502 1901 de
517 1837 587 1920 lege
602 1837 764 1901 communi
780 1855 874 1900 nemo
890 1837 921 1899 iu
938 1829 960 1890 B
980 1833 1040 1897 sibi
1057 1835 1098 1897 ab
1113 1834 1168 1898 illo
1182 1835 1262 1899 nihil
1281 1837 1404 1918 negari,
1421 1837 1676 1902 informationem
1692 1839 1725 1901 in

177 1935 234 1998 hee
260 1935 327 1998 vita
350 1936 497 2019 presenti
522 1945 625 2018 potest
649 1936 747 1998 Deum
773 1954 830 2018 per
853 1954 923 2016 spe
978 1931 1086 1994 dubiis
1112 1951 1149 1995 ac
1172 1933 1303 1997 secretis
1325 1935 1564 2018 plenioremque
1588 1936 1727 2000 elucida-

177 2034 257 2098 ciem
273 2034 401 2113 intueri,
418 2036 473 2098 sed
488 2054 526 2099 ex
541 2035 708 2117 privilegio
723 2040 837 2117 potest.
854 2033 923 2096 Alia
977 2030 1099 2093 tionem
1123 2031 1157 2092 in
1181 2031 1299 2114 agnitis
1323 2033 1416 2114 petiit
1438 2033 1478 2095 ab
1503 2035 1626 2113 eodem,
1653 2055 1726 2098 cum

175 2151 301 2214 quoque
323 2133 488 2214 responsio
507 2141 566 2211 est,
582 2133 666 2214 quod
691 2150 785 2196 nemo
810 2131 922 2194 vivens
977 2128 1064 2192 omni
1081 2128 1175 2210 plane
1190 2130 1382 2208 humilitate,
1398 2131 1576 2194 reverentia
1595 2140 1628 2195 et
1648 2133 1728 2196 alfe

175 2230 237 2292 vita
268 2229 411 2292 sensibili
441 2239 473 2292 et
501 2232 650 2308 bumana,
680 2230 788 2293 videre
820 2237 923 2311 potest
978 2235 1052 2302 ctu3
1082 2227 1196 2308 etqui
1230 2227 1271 2290 ab
1305 2228 1434 2292 exordio
1465 2229 1661 2293 Patriarchas
1689 2251 1727 2295 ac

176 2329 273 2391 Deum
295 2327 329 2390 iu
351 2327 467 2391 seculo
488 2329 549 2392 isto
569 2347 626 2411 per
645 2329 796 2410 speciem.
814 2328 921 2390 Sancti
978 2323 1150 2406 Prophetas
1164 2327 1204 2388 de
1218 2327 1286 2388 suis
1301 2326 1450 2389 instruxit
1465 2327 1729 2410 mysteriis,judi-

174 2435 280 2488 autem
309 2425 363 2507 qui
387 2426 485 2488 Deum
514 2427 599 2489 clare
628 2426 661 2488 in
690 2446 747 2488 sua
776 2427 923 2490 viderunt
978 2422 1050 2500 ciis,
1068 2423 1213 2486 consiliis
1234 2432 1267 2486 et
1291 2425 1434 2502 secretis,
1450 2424 1490 2487 de
1509 2425 1631 2489 eisdem
1650 2445 1729 2508 quo-

174 2523 312 2586 essentia
327 2523 359 2586 in
375 2523 435 2586 hoe
451 2525 580 2603 mundo,
591 2542 655 2587 non
670 2533 761 2588 erant
774 2543 831 2607 pro
846 2532 921 2587 tunc
977 2545 1040 2608 que
1069 2527 1274 2609 singulariter
1296 2547 1333 2593 ac
1357 2529 1610 2594 eminentissime
1637 2551 1728 2595 suam

175 2622 319 2684 viventes
334 2621 399 2684 vite
413 2621 556 2684 sensibili
578 2629 610 2684 et
632 2621 781 2703 humana,
799 2623 854 2685 sed
875 2622 923 2684 in·
978 2625 1233 2704 dilectissimam,
1249 2626 1478 2690 docilissimam
1500 2647 1537 2691 ac
1558 2630 1730 2711 capacissi-

176 2719 346 2782 tellectuali
376 2739 412 2782 ae
441 2717 602 2798 deiformi,
629 2727 737 2802 utpote
766 2720 798 2782 in
823 2719 921 2782 Deum
978 2741 1062 2786 marn
1085 2724 1195 2787 docuit
1215 2726 1356 2788 ldatrem.

174 2817 307 2880 omnino
321 2817 458 2880 demersi
473 2825 506 2880 et
519 2817 744 2881 transformati.
754 2817 922 2900 Dionysius
1018 2819 1182 2898 Praeterea,
1199 2841 1297 2904 quum
1317 2821 1535 2905 familiarium,
1551 2825 1727 2889 amicorum

175 2934 248 2978 vero
275 2913 416 2996 loquitur
437 2915 476 2978 de
496 2914 763 2998 contemplatione
786 2914 840 2977 Dei
867 2935 923 2996 per
978 2927 1010 2982 et
1042 2937 1076 2982 se
1111 2919 1250 2982 invicem
1279 2923 1525 3002 precordialiter
1552 2925 1728 2988 amantium

174 3013 315 3094 speciem
337 3021 576 3092 creatamque
597 3033 615 3074 a
637 3013 730 3095 plena
752 3009 960 3095 repraesen-ll
979 3016 1039 3078 ista
1054 3017 1207 3080 consistat
1223 3019 1410 3100 proprietas,
1427 3021 1488 3084 sibi
1511 3021 1649 3085 invicem
1671 3043 1730 3087 ιιι

173 3111 293 3175 tatione
314 3111 430 3175 divine
449 3110 596 3174 essentie
617 3109 729 3175 deficit
751 3110 889 3174 infinite.
978 3115 1219 3179 communicare
1243 3126 1275 3179 et
1300 3118 1442 3181 revelare
1472 3131 1603 3199 secreta,
1629 3130 1661 3184 et
1687 3122 1728 3187 de

212 3210 347 3292 lnsuper
361 3209 478 3291 poterit
493 3210 689 3292 responderi,
705 3210 789 3292 qnod
813 3220 923 3292 praeta-
978 3213 1214 3296 perimentibus
1238 3216 1277 3277 ad
1301 3215 1453 3278 dilectum
1479 3217 1616 3281 libenter
1639 3219 1726 3301 loqui

174 3316 231 3371 ctae
252 3308 459 3371 auctoritates
473 3308 537 3369 sint
550 3308 743 3389 exponendae
758 3308 796 3372 de
812 3326 924 3392 corpo·
977 3329 1014 3373 ac
1041 3310 1195 3375 sciscitari
1221 3320 1254 3375 et
1278 3312 1413 3390 instrui3
1439 3323 1561 3377 certum
1589 3316 1725 3396 videtur,

174 3426 225 3469 rea
250 3405 386 3483 visione,
412 3425 477 3487 qua
499 3414 620 3468 certum
645 3414 694 3469 est
722 3406 923 3489 simplicissi-
978 3408 1582 3491 quodsicutinterllominumlesum
1603 3415 1728 3496 atejus

174 3524 260 3567 mum
286 3504 384 3567 ὓιιη]
405 3504 438 3566 in
459 3504 587 3587 pmpria
608 3523 664 3565 sua
683 3513 795 3567 natura
820 3504 921 3568 videri
978 3506 1155 3587 virgineam
1194 3508 1387 3571 Genitrieem
1429 3510 1490 3572 luit
1528 3511 1727 3577 familiaritas

175 3621 237 3665 non
262 3620 369 3685 posse.
384 3602 505 3677 ¹ltursus
526 3602 640 3685 exponi
666 3610 800 3684 possunt
819 3604 858 3665 de
877 3604 923 3666 vi·
978 3624 1113 3682 summa,
1139 3615 1249 3669 mutua
1272 3624 1399 3689 quoque
1423 3610 1552 3673 dilectio
1577 3612 1724 3691 maxima,

176 3700 265 3763 sione
290 3699 585 3782 comprehensionis
610 3699 770 3783 perfecte,
786 3720 848 3782 ιιι
866 3701 923 3763 ali·
977 3702 1181 3786 fidelitasque
1196 3704 1347 3787 perfecta,
1363 3715 1396 3769 et
1411 3708 1633 3773 munificentia
1651 3730 1727 3773 con-

175 3799 248 3878 qnid
264 3798 469 3879 cognoscitur
482 3805 546 3859 tam
562 3796 702 3880 perfecte
717 3798 799 3861 sicut
813 3818 851 3861 ex
866 3819 922 3861 ιιι
978 3810 1147 3879 summata,
1173 3801 1220 3865 sie
1248 3804 1346 3865 Mater
1368 3806 1569 3869 sanctissima
1593 3808 1727 3891 diligen-

176 3906 288 3959 natura
312 3895 529 3978 cognoscibile
553 3904 675 3972 exstat3
701 3896 810 3978 sicque
836 3898 922 3961 solus
977 3898 1101 3962 tissime
1133 3900 1314 3982 inquisierit
1342 3921 1362 3965 ι
1384 3902 1463 3966 llilio
1488 3905 1726 3988 sapientissimo

175 3994 255 4057 Deus
276 3994 442 4077 cognoscit
459 4002 491 4057 et
505 3993 591 4056 videt
607 4014 640 4057 se
659 3993 775 4076 ipsum,
792 3995 845 4076 qui
862 3996 923 4059 sie·
978 3998 1128 4079 mysteria
1142 3998 1181 4061 ad
1198 3998 1302 4080 ipsum
1317 4002 1505 4081 spectantia,
1521 4003 1628 4067 abdita
1643 4005 1728 4068 Scri-

175 4101 208 4154 ιι
229 4092 365 4155 infinite
386 4100 435 4155 est
455 4092 655 4169 actualitatis,
674 4092 716 4154 ita
737 4102 769 4155 et
787 4091 921 4157 infinitae
977 4098 1419 4178 pturamm‚c0ncord‘antiam
1432 4099 1573 4163 blosaicae
1588 4110 1620 4165 et
1634 4123 1727 4167 evan-

174 4189 621 4272 intelligibilitatis,omnique
637 4191 735 4253 menti
750 4200 862 4255 creatae
879 4192 922 4253 in·
939 4192 961 4253 D
976 4194 1087 4274 geliere
1115 4194 1207 4275 legis,
1234 4195 1388 4258 rationem
1415 4205 1447 4259 et
1470 4198 1724 4279 explanationem

174 4288 485 4373 comprehensibilis.
976 4310 1087 4353 eorum
1110 4311 1181 4373 qua
1200 4294 1239 4356 de
1260 4293 1331 4376 ipso
1350 4294 1473 4356 audivit
1492 4296 1533 4358 ab
1556 4297 1725 4379 augelis,a

976 4390 1204 4472 pastoribus,a
1228 4390 1337 4473 Magis,
1357 4411 1376 4454 a
1399 4392 1549 4456 Zacharia
1573 4402 1604 4456 et
1626 4394 1726 4459 Elisa-

367 4508 612 4573 ARTICULUS
631 4508 722 4571 xlv,
976 4488 1062 4567 beth,
1079 4488 1259 4551 aSimeone
1273 4498 1306 4551 et
1319 4492 1421 4569 Anna,
1437 4499 1470 4553 et
1487 4492 1564 4572 quid
1586 4493 1726 4574 signavit

173 4641 263 4707 Quod
298 4639 354 4715 pie
387 4638 585 4697 credendum
623 4640 679 4707 sit,
710 4640 916 4701 mr'tr'ssimam
976 4586 1066 4649 ruina
1086 4586 1241 4650 idolorum
1262 4588 1387 4671 AEgypti
1408 4608 1507 4670 quum
1531 4610 1602 4655 eam
1627 4594 1725 4657 intra-

208 4748 247 4787 αι
265 4727 578 4803 tranquillissimam
595 4728 757 4802 virginem
772 4731 918 4790 Marium

209 4820 314 4875 multa
333 4816 374 4875 ab
392 4816 566 4891 Unigenito
585 4834 642 4874 suo
660 4835 766 4875 secum
784 4837 917 4879 commo·

974 4684 1061 4747 bant.
1078 4685 1221 4767 lnsuper,
1234 4687 1273 4749 de
1288 4686 1418 4750 Deitatis
1433 4696 1557 4767 natura,
1569 4691 1609 4753 de
1623 4692 1724 4772 gloria

974 4782 1149 4861 Trinitatis,
1165 4792 1196 4847 et
1211 4803 1269 4846 cur
1282 4785 1380 4847 Tilius
1395 4786 1561 4867 potissime
1576 4798 1722 4852 naturam

210 4914 306 4965 ,am
329 4906 547 4980 mmmm
566 4923 604 4963 a,
623 4906 786 4966 didicisse·
974 4882 1147 4963 assumpsit
1168 4882 1351 4960 humanam,
1375 4884 1415 4946 de
1439 4892 1521 4947 statu
1545 4886 1722 4951 animarum

974 4988 1045 5060 post
1059 4988 1204 5059 mortem,
1217 4982 1257 5043 de
1272 4981 1468 5045 beatitudine
1482 4984 1669 5065 electorum,
1682 4988 1722 5051 de

50 5094 160 5155 uum
239 5074 568 5137 PPREHENDAM
577 5082 618 5141 tc,
633 5084 662 5132 ct
677 5078 795 5135 ducam
811 5078 846 5135 iu
864 5080 917 5135 do·
974 5076 1142 5157 suppliciis
1157 5078 1363 5158 reproborum
1379 5081 1564 5144 conferebat
1584 5102 1656 5146 curn
1673 5085 1723 5146 Fi-

49 5166 97 5209 ¹¹¹·‘·
252 5192 343 5232 mum
365 5172 484 5230 matris
506 5190 595 5239 mccc,
617 5181 647 5231 et
671 5174 707 5232 iu
731 5175 917 5235 cubiculum
973 5175 1066 5254 li0,et
1081 5176 1114 5237 in
1130 5177 1291 5258 responsis
1305 5198 1341 5240 ae
1358 5177 1637 5243 informationibus
1651 5182 1721 5263 ejus

168 5270 340 5347 genitricis
368 5288 447 5329 mccc
470 5288 482 5327 .·
507 5270 555 5329 ihi
579 5290 628 5331 me
654 5272 790 5332 docebis.
814 5270 916 5347 Quum
975 5273 1223 5356 precordialiter
1243 5275 1417 5339 letabatur.
