4309 6250
386 497 426 544 ou
446 496 609 545 nrosrrxrn
631 496 667 543 nr
689 496 836 542 murreus
858 496 884 539 n.
908 494 936 539 v.
959 496 1075 556 πιπιπ,
1098 494 1187 541 nram
1206 495 1249 540 ru.
1271 512 1313 523 —
1332 495 1402 540 rar.
1425 494 1468 541 xx
1646 474 1706 541 133

161 666 251 732 uobis
264 676 314 731 est
328 686 423 731 causa
437 686 474 731 ae
489 666 569 731 ratio
590 664 812 729 ardentissime
832 664 905 727 dili·
918 666 945 726 Α
959 663 1146 746 gnissimus,
1176 664 1259 742 vilis,
1289 662 1395 727 loedus
1422 672 1455 728 et
1481 662 1704 745 aspernabilis,

161 766 265 849 gendi,
280 764 524 829 fiducialissime
549 764 718 827 invocandi
744 782 780 826 ac
803 762 905 825 since·
959 770 1065 825 mmen
1096 761 1298 826 confidenter
1324 764 1444 827 accedo
1472 772 1514 840 te,
1539 781 1559 826 o
1586 761 1708 844 Regina

163 864 284 927 rissime
310 862 486 927 honorandi
513 860 804 943 praestantissimam
835 878 905 922 sua·
959 860 1198 940 misericordias,
1214 864 1254 924 ad
1269 870 1299 925 te
1314 860 1451 943 suspiro,
1467 862 1507 923 ad
1522 867 1554 923 te
1568 860 1707 923 animam

163 961 388 1042 vissimamque
421 959 561 1037 ldariam,
598 959 631 1021 in
666 978 700 1021 se
736 958 805 1041 ipsa
839 965 904 1019 tam
959 976 1063 1021 meam
1076 959 1448 1042 levo,adteingemisoit
1459 958 1590 1041 spiritus
1603 977 1705 1037 meus,

160 1058 274 1122 bonam
302 1068 334 1121 et
361 1057 538 1141 pulchram,
566 1057 658 1121 uobis
686 1075 811 1139 quoque
840 1064 903 1117 tam
960 1057 1000 1119 ad
1028 1064 1058 1119 te
1087 1057 1186 1120 stillat
1212 1058 1325 1121 oculus
1354 1076 1456 1121 meus,
1483 1058 1526 1119 'lc
1555 1056 1708 1120 intuendo

162 1157 366 1234 caritativam,
401 1157 497 1239 piam,
527 1154 750 1232 necessariam,
780 1154 901 1230 utilem,
960 1154 1128 1234 accendor,
1144 1162 1175 1217 te
1189 1154 1353 1237 diligendo
1373 1154 1527 1233 resolvor,
1545 1163 1575 1217 te
1596 1172 1709 1235 appre-

162 1253 711 1334 beneficam,consolatoriam.Certe
722 1262 793 1334 post
808 1253 905 1315 Deum
961 1252 1129 1316 hendendo
1143 1253 1336 1333 consolatur,
1352 1253 1545 1315 exhilaratur
1558 1260 1590 1315 et
1609 1252 1709 1333 lique·

161 1373 229 1417 eam
245 1352 350 1430 unice,
366 1352 525 1434 precipue
540 1370 577 1413 ac
592 1350 797 1413 devotissime
811 1350 906 1413 debe-
961 1349 1000 1411 fit
1014 1349 1121 1411 anima
1136 1370 1216 1413 mea.
1233 1349 1405 1414 Effundam
1421 1350 1504 1413 sicut
1518 1369 1633 1431 aquam
1654 1366 1709 1411 cor
1738 1367 1822 1412 ram.
1830 1382 1853 1420 ιι,

162 1473 230 1516 mus
255 1452 400 1532 diligere,
418 1450 572 1529 venerari,
589 1449 717 1513 laudare
736 1458 767 1511 et
788 1450 904 1527 colere,
962 1466 1068 1509 meum
1085 1466 1191 1511 coram
1208 1457 1249 1528 te,
1266 1450 1420 1527 Domina3
1436 1448 1578 1530 aperiam
1599 1446 1657 1509 tibi
1678 1454 1711 1509 et
1726 1434 1757 1475 ¹⁹·

162 1560 253 1632 atque
287 1549 436 1613 universa
470 1548 589 1612 motiva
623 1566 661 1611 ac
700 1547 907 1611 incitamenta
963 1544 1142 1608 confitebor
1179 1554 1252 1610 ante
1290 1553 1498 1629 conspectum
1532 1545 1710 1609 clementiae

162 1649 288 1713 arnandi
303 1647 538 1729 venerandique
552 1666 634 1724 eam,
651 1646 798 1708 inunum
819 1644 907 1707 colli·
962 1650 1025 1705 tue
1040 1643 1185 1707 miserias
1200 1664 1300 1722 meas,
1317 1645 1427 1727 culpas
1448 1653 1480 1707 et
1500 1642 1711 1726 negligentias

161 1766 233 1829 gere
249 1746 431 1829 pariterque
446 1764 578 1827 pensare
595 1768 602 1805 :
619 1752 775 1826 quatenus
796 1762 835 1807 ex
855 1762 908 1807 eo-
965 1759 1063 1821 meas,
1081 1741 1224 1823 pericula
1241 1742 1357 1824 quibus
1377 1742 1540 1823 expositus
1566 1760 1647 1818 sum,
1665 1740 1714 1801 in-

162 1865 229 1907 rum
246 1842 510 1920 consideratione,
527 1841 788 1905 amabilissimam
802 1860 839 1903 ac
856 1860 908 1903 ve·
925 1842 950 1904 B
965 1838 1123 1920 digentias
1145 1839 1262 1921 quibus
1283 1840 1441 1903 involvor.

161 1942 429 2005 uerabilissimam
445 1940 531 2003 illam
547 1939 721 2003 ferventius
737 1938 908 2022 puriusque
1004 1937 1027 1999 0
1053 1945 1117 2001 tota
1136 1938 1317 2017 mitissima,
1333 1937 1520 2002 dulcissima
1538 1945 1570 1999 et
1588 1935 1714 1999 miseri·

161 2058 317 2119 amemus,
352 2058 389 2101 ac
425 2038 596 2121 perfectius
630 2038 844 2115 honoremus;
878 2046 910 2100 et
964 2035 1152 2099 cordissima
1167 2036 1259 2117 virgo
1273 2036 1378 2113 ldaria,
1395 2034 1537 2099 Genitrix
1555 2034 1628 2097 filii
1643 2034 1712 2113 Dei,

38 2158 148 2208 cares.
162 2140 203 2201 ita
217 2159 256 2202 ex
273 2139 367 2202 corde
381 2137 525 2200 dicamus
546 2136 576 2199 ei
597 2134 753 2199 veraciter
769 2158 777 2197 ι
794 2135 910 2198 Vulne-
965 2133 1212 2215 comparentalis
1234 2142 1353 2197 aterno
1377 2132 1473 2213 Patri,
1489 2133 1645 2215 templum
1669 2140 1715 2195 at-

162 2238 234 2301 rasti
251 2254 440 2313 cormeum,
458 2253 546 2299 soror
561 2254 642 2311 mea,
658 2252 785 2317 sponsa.
802 2234 907 2313 Soror,
965 2249 1027 2311 que
1042 2232 1218 2293 sacrarium
1233 2231 1371 2314 Spiritus
1390 2230 1508 2310 Sancti,
1525 2230 1661 2293 laudabo
1683 2235 1714 2292 te

162 2336 305 2417 inquam,
321 2354 404 2410 mea,
423 2354 479 2416 per
494 2332 751 2396 communionem
767 2339 908 2411 naturae3
965 2337 995 2391 et
1011 2328 1167 2392 invocabo
1180 2328 1319 2391 assidue.
1336 2328 1511 2391 Exsultabit
1531 2346 1587 2390 cor
1607 2346 1715 2391 meum

161 2453 279 2516 sponsa
299 2430 471 2514 singularis
495 2450 532 2494 ac
557 2430 776 2493 amantissima
800 2430 909 2513 sponsi
964 2426 1124 2489 laudando
1139 2435 1181 2503 te,
1197 2426 1343 2491 exaltabo
1358 2435 1390 2489 et
1404 2425 1620 2509 magnificabo
1635 2434 1666 2487 te
1681 2425 1715 2487 in

161 2530 300 2595 coelestis
317 2555 324 2593 ε
341 2548 412 2611 quae
426 2548 490 2593 non
507 2529 609 2593 solum
625 2528 739 2601 sumini
754 2537 786 2591 et
800 2548 909 2611 super·
965 2524 1208 2607 sempiternum,
1237 2524 1376 2606 genitrix
1403 2524 1487 2602 vita,
1519 2523 1716 2606 Impetratrix

160 2628 365 2703 nobilissimi,
387 2626 701 2709 superpulcbcrriml,
726 2626 909 2708 superditis-
964 2622 1067 2685 veniae
1083 2622 1357 2705 recuperatrixque
1372 2621 1491 2703 gratiae,
1509 2640 1579 2703 quae
1594 2620 1717 2683 miseri-

161 2728 245 2803 simi,
262 2724 493 2809 sapientissimi
512 2744 549 2787 ac
568 2724 796 2807 omnipotentis
821 2724 908 2785 illius
965 2721 1107 2784 cordiam
1126 2730 1214 2783 tuam
1236 2739 1399 2802 nunquam
1423 2720 1582 2783 abstulisti
1607 2740 1626 2782 a
1651 2738 1714 2796 me,

161 2825 268 2907 sponsi
286 2843 402 2907 sponsa
416 2843 486 2887 esse
501 2832 532 2887 et
550 2823 656 2887 vocari
679 2841 712 2885 es
734 2822 840 2904 digna,
857 2842 909 2885 ve·
965 2838 1024 2881 nec
1040 2826 1210 2895 errantem,
1226 2837 1386 2897 aversum,
1399 2817 1559 2899 ingratum
1573 2816 1716 2879 deserui-

161 2943 229 2985 rum
256 2922 354 2985 etiam
374 2940 412 2983 ex
432 2920 647 2984 inestimabili
668 2928 721 2982 tua
741 2920 857 3002 pietate
879 2929 910 2983 et
966 2917 1016 2993 sti,
1045 2916 1110 2978 imo
1133 2916 1372 2979 adolescentulo
1396 2916 1512 2993 adbuc,
1537 2914 1588 2978 vel
1609 2915 1716 2995 potius

160 3020 272 3102 gratia,
289 3038 408 3102 sponsa
422 3038 492 3081 esse
507 3026 538 3081 et
558 3018 663 3081 vocari
687 3036 750 3080 nou
772 3018 909 3099 despicis
924 3012 946 3075 G
967 3016 1111 3095 puerulo,
1128 3021 1160 3075 et
1175 3014 1258 3076 inter
1272 3014 1392 3076 bonum
1412 3020 1444 3075 et
1461 3012 1582 3075 malum
1596 3012 1716 3075 discer-

160 3119 305 3182 omnium
322 3127 351 3180 te
367 3118 490 3180 sincere
504 3116 845 3197 amantium,quamvis
860 3117 911 3179 ad·
966 3133 1042 3176 uere
1057 3112 1200 3176 nondum
1215 3111 1347 3190 valenti,
1363 3111 1578 3193 preveniente
1597 3109 1715 3193 pietate

160 3217 547 3280 bucdefectuosorumao
563 3234 750 3296 pauperum,
767 3215 910 3279 infirmo·
966 3211 1164 3290 dulcissima,
1194 3209 1359 3273 contulisti
1393 3209 1533 3272 nominis
1562 3208 1606 3270 tui
1635 3206 1716 3270 affe-

160 3335 230 3377 rum
246 3323 343 3395 atque
359 3314 391 3376 in
408 3313 517 3375 multis
531 3312 672 3393 quotidie
688 3311 907 3393 culpabilium.
966 3317 1052 3372 ctum
1067 3328 1104 3371 ac
1120 3309 1165 3370 tui
1181 3308 1282 3390 ipsius
1303 3326 1456 3371 amorem.
1472 3307 1572 3385 llanc,
1589 3325 1713 3388 precor,

198 3413 401 3477 incendatur
416 3430 471 3475 cor
490 3429 595 3474 meum
617 3419 672 3474 tuo
694 3419 803 3474 sancto
825 3429 910 3474 amo-
965 3426 985 3471 o
1013 3407 1134 3488 optima
1165 3406 1310 3484 Domina,
1340 3405 1592 3468 misericordiam
1628 3412 1714 3466 tuam

160 3533 204 3591 re,
240 3531 260 3575 o
295 3509 591 3593 praeamabilissima
626 3508 731 3585 llater,
762 3527 781 3572 o
814 3509 909 3590 Virgo
966 3507 1153 3570 continuare
1173 3512 1204 3566 et
1223 3522 1413 3566 conservare
1436 3503 1579 3583 digneris
1603 3503 1636 3565 in
1661 3523 1713 3567 me

160 3608 384 3684 mundissima,
400 3624 420 3670 o
438 3605 570 3668 Domina
590 3623 725 3683 summa,
742 3605 785 3666 ita
806 3613 840 3667 ut
864 3603 909 3667 tui
965 3623 1066 3685 usque
1088 3604 1121 3665 in
1143 3601 1255 3665 finem.

160 3726 267 3771 amore
297 3723 427 3769 omnem
456 3703 673 3766 carnalitatem
701 3703 849 3780 detester,
879 3710 910 3764 et
1005 3701 1028 3765 0
1051 3720 1148 3782 quam
1167 3701 1249 3762 bene
1267 3699 1311 3762 ait
1330 3700 1520 3777 bernardus,
1537 3699 1638 3761 Altius
1663 3699 1712 3762 in-

160 3805 317 3886 quidquid
343 3811 405 3866 tum
430 3801 605 3864 sanctitatis
628 3809 677 3863 est
701 3799 907 3880 offensivum,
965 3800 1116 3864 tueamini
1143 3806 1261 3880 quanto
1289 3797 1468 3861 devotionis
1500 3797 1620 3860 affectu
1652 3799 1713 3860 lla-

160 3903 328 3966 abominer
345 3900 465 3982 jugiter
484 3919 520 3962 ac
544 3898 693 3962 devitem.
710 3898 910 3962 llluminetur
964 3898 1044 3961 riam
1070 3917 1088 3960 a
1112 3897 1206 3961 nobis
1229 3895 1331 3958 voluit
1358 3895 1507 3958 honorari
1531 3895 1586 3976 qui
1615 3895 1712 3958 totius

160 4002 267 4064 anima
282 4019 355 4062 mea
370 3997 538 4080 splendore
554 3996 831 4077 contemplationis
847 4006 909 4060 tuat
964 3996 1039 4060 boui
1069 3993 1304 4077 plenitudinem
1338 3993 1508 4056 collocavit
1536 3992 1569 4054 in
1598 4011 1646 4070 ea,
1677 4001 1712 4055 ut

160 4098 438 4164 excellentissime
457 4096 622 4178 dignitatis
641 4115 677 4158 ac
702 4095 857 4176 puritatis,
875 4104 909 4157 ut
964 4095 1097 4177 proinde
1112 4093 1139 4156 si
1160 4092 1236 4174 quid
1257 4092 1325 4175 spei
1347 4092 1381 4155 in
1399 4092 1492 4154 nobis
1511 4091 1614 4173 cstssi
1633 4091 1710 4172 quid

161 4207 189 4260 tc
204 4216 335 4279 semper
357 4215 433 4278 pure
455 4194 663 4276 contempler,
680 4213 716 4258 ac
732 4194 908 4274 diligentis·
924 4195 948 4256 D
962 4194 1083 4275 gratim,
1105 4192 1132 4254 si
1157 4191 1233 4272 quid
1255 4191 1377 4270 salutis,
1403 4191 1444 4253 ab
1468 4210 1506 4253 ea
1529 4190 1711 4252 noverimus

160 4296 239 4358 sime
255 4313 402 4357 venerer.
419 4292 610 4374 Repleantur
625 4311 716 4355 mens
730 4311 800 4354 mea
821 4301 853 4354 et
873 4311 908 4354 os
964 4291 1161 4354 redundare!
1178 4289 1216 4351 Et
1235 4307 1344 4350 rursus
1360 4311 1367 4350 ι
1384 4287 1539 4368 Quidquid
1562 4287 1594 4348 in
1617 4287 1712 4350 llaria

160 4413 266 4456 meum
287 4390 507 4454 indesinenter
526 4389 588 4452 tuis
608 4389 725 4452 sanctis
745 4397 776 4452 et
794 4388 909 4470 glorio
964 4397 1087 4470 gestum
1107 4396 1167 4465 est,
1188 4395 1288 4449 totum
1308 4385 1429 4467 puritas
1452 4395 1484 4448 et
1507 4385 1708 4468 simplicitas,

160 4493 202 4555 sis
217 4490 403 4575 praeconiis
420 4508 438 4553 o
457 4489 599 4552 omnium
618 4489 726 4564 decus,
743 4506 910 4550 ornameu-
966 4495 1064 4550 totum
1081 4485 1182 4567 gratia
1197 4493 1228 4546 et
1244 4485 1360 4546 veritas
1376 4482 1448 4560 fuit,
1465 4491 1565 4546 totum
1588 4483 1713 4546 miseri·

159 4599 225 4652 tum
249 4610 289 4652 ac
314 4588 416 4670 gloria
439 4595 664 4666 creaturarum,
689 4585 908 4648 universorum
966 4583 1073 4648 cordia
1088 4593 1119 4644 et
1132 4582 1255 4663 justitia
1270 4600 1340 4662 qum
1353 4582 1393 4642 de
1408 4580 1489 4642 coelo
1503 4581 1675 4662 prospexit.
1725 4617 1857 4664 p,‚„„„‚

159 4686 350 4770 Imperatrix
364 4683 580 4766 angelicorum
602 4683 784 4766 spirituum,
801 4691 911 4765 poten-
1006 4680 1173 4742 Anselmus
1187 4698 1313 4760 quoque
1329 4688 1412 4740 recte
1428 4677 1577 4740 disseruit
1587 4680 1627 4742 :0
1641 4699 1712 4742 san·
1728 4680 1760 4720 ¹²·

161 4786 283 4848 tissima
311 4783 427 4847 victrix
451 4801 488 4844 ac
512 4780 699 4845 refrenatrix
723 4789 910 4844 cunctorum
967 4786 1065 4858 cta,et
1081 4779 1161 4841 iuter
1175 4779 1305 4840 Sauetos
1320 4785 1391 4858 post
1403 4776 1499 4838 Deum
1513 4777 1713 4858 singulariter

161 4884 335 4965 spirituum
357 4881 580 4960 malignorum.
966 4887 1075 4941 sancta
1099 4876 1204 4952 bieria,
1217 4875 1313 4937 Mater
1331 4873 1529 4936 admirabilis
1554 4873 1714 4955 virginita-

201 4981 341 5062 Diligam
357 4987 398 5058 te,
415 4976 510 5040 ldater
524 4996 561 5040 ac
575 4975 709 5040 Domina
724 4996 805 5053 mea,
819 4977 912 5058 cujus
966 4975 1118 5056 tiS,Virgo
1133 4973 1278 5036 amabilis
1293 4971 1586 5053 fecunditatis,quae
1600 4973 1713 5034 Filium

162 5089 281 5162 quanto
311 5077 415 5158 major
443 5082 491 5138 est
523 5075 663 5156 dignitas
690 5083 721 5137 et
749 5075 910 5155 majestas,
966 5073 1120 5137 Altissimi
1150 5069 1299 5153 genuisti,
1326 5089 1396 5151 quae
1424 5069 1547 5151 perdito
1575 5070 1715 5133 humano

163 5186 249 5241 tanto
263 5173 480 5239 abundantior
493 5179 593 5234 exstat
606 5172 748 5255 dignatio
764 5192 800 5235 ae
815 5172 913 5235 visce-
967 5170 1074 5253 generi
1095 5170 1290 5233 Salvaterem
1311 5167 1474 5250 peperisti,
1491 5167 1624 5230 Domina
1639 5186 1716 5247 prae-

164 5277 264 5342 rosior
278 5273 394 5356 pietas.
411 5269 543 5350 Idcirco,
559 5269 705 5352 quamvis
727 5277 810 5334 totus
831 5269 913 5333 indi·
968 5271 1095 5352 fulgens
1110 5275 1195 5330 tanta
1211 5265 1387 5343 sanctitate,
1395 5262 1634 5346 supereminens
1650 5271 1717 5326 tau-
