4309 6250
454 476 514 542 618
559 497 599 543 nu
619 495 826 543 Aucrontrarc
848 496 941 543 stttttl
962 495 1128 544 rohrtrtttts
1149 497 1187 543 ΕΤ
1207 497 1378 544 clanculus
1399 462 1539 557 conditu,
1561 499 1650 546 LIBER
1670 499 1714 545 lli.
1736 518 1778 528 -
1798 500 1868 544 altr.
1890 501 1910 544 V

456 669 576 731 directe
601 677 745 750 spectant
769 668 928 751 officium,
946 670 1104 733 universas
1128 671 1244 752 praed
1260 672 1435 734 secundum
1450 671 1656 753 Apostolum3
1672 672 1727 753 qui
1742 673 1836 735 etiam
1851 672 1915 734 ait:
1930 672 1987 736 lion
2002 690 2084 738 amna

455 775 504 830 est
532 767 693 846 Ecclesiae,
723 768 767 830 ita
794 769 878 850 quod
908 777 939 832 et
972 769 1034 851 ipsi
1063 768 1204 850 generali
1259 788 1428 851 possumus
1457 770 1578 852 aliquid
1605 780 1716 834 contra
1745 771 1919 850 veritatem,
1942 765 2011 835 sed·

457 866 595 930 concilio
617 867 717 948 possit
737 867 955 932 auctoritative
974 868 1145 949 precipere
1167 887 1205 930 ea
1259 888 1316 950 pro
1341 869 1483 932 veritate.
1500 869 1661 948 Praeterea,
1677 870 1828 951 quoniam
1852 870 1929 982 Papa
1949 890 1986 933 ra

456 983 527 1046 quae
551 975 624 1027 sunt
646 966 811 1030 concilio
804 965 864 1048 ipsi
889 975 920 1029 et
945 966 1004 1028 lini
1031 966 1074 1029 ibi
1102 966 1205 1028 inten-
1259 966 1345 1029 tione
1365 967 1467 1030 ollicii
1488 968 1536 1029 sni
1556 968 1651 1030 debet
1672 987 1800 1049 semper
1814 969 1985 1050 praecipuan

457 1073 488 1127 to
503 1065 708 1128 accommoda
727 1075 821 1147 atque
837 1065 984 1128 salubria.
1006 1065 1070 1128 lloc
1085 1065 1204 1128 etenim
1259 1085 1296 1128 ac
1312 1075 1473 1146 paternam
1489 1066 1605 1128 habere
1620 1066 1867 1130 sollicitudinem
1882 1087 1933 1148 pro
1946 1069 1986 1130 bo

457 1165 606 1245 competit
616 1164 706 1246 Papae
718 1164 790 1245 jure
806 1163 924 1244 divino,
932 1183 970 1226 eo
982 1164 1050 1246 ipso
1062 1183 1126 1246 quo
1140 1173 1206 1228 tota
1259 1183 1301 1226 no
1316 1164 1477 1227 communi
1497 1165 1593 1228 totius
1607 1165 1758 1228 Ecclesia
1777 1165 1837 1228 sibi
1857 1167 1986 1229 commis

457 1261 647 1326 universalis
664 1261 805 1325 Ecclesia
819 1263 878 1326 sibi
893 1271 992 1326 exstat
1013 1263 1203 1341 commissa,
1259 1281 1313 1341 sae,
1325 1263 1428 1326 adhuc
1443 1263 1577 1326 durante
1591 1264 1732 1346 generali
1749 1263 1882 1326 concilio
1897 1273 1986 1345 posset

457 1361 592 1443 ideoque
604 1380 667 1424 non
683 1369 786 1442 potest
800 1360 860 1425 sibi
876 1361 995 1424 aulerri
1006 1362 1047 1425 ab
1061 1361 1202 1439 homine,
1259 1362 1366 1443 aliqua
1392 1361 1539 1424 ordinare
1568 1381 1638 1443 quae
1665 1371 1773 1425 essent
1802 1363 1985 1425 accommoda

457 1459 610 1541 quamdiu
625 1468 790 1541 permanet
804 1460 1090 1541 Papa:praesertim
1105 1480 1204 1541 quum
1260 1460 1317 1522 toti
1345 1460 1482 1523 concilio
1511 1461 1549 1522 ad
1581 1460 1818 1542 impetrandum
1845 1459 1985 1542 copiosius

458 1558 616 1640 generalis
632 1559 758 1622 concilii
782 1558 968 1622 convocatio
988 1569 1019 1621 et
1033 1558 1205 1622 celebratio
1260 1558 1469 1621 directionem
1484 1559 1621 1640 Spiritus
1636 1559 1755 1639 Sancti,
1768 1567 1803 1621 ut
1818 1559 1929 1621 bonum
1940 1558 1986 1619 Ec-

459 1676 658 1739 nequaquam
684 1657 716 1718 in
741 1657 979 1738 derogationem
1001 1665 1055 1719 aut
1079 1658 1207 1738 depres·
1261 1655 1507 1737 clesiaeplenius
1523 1666 1718 1740 sequeretur.
1735 1658 1815 1719 Etsi
1837 1656 1907 1720 talia
1924 1676 1987 1737 pra

459 1756 581 1820 sionem
597 1775 653 1818 seu
668 1755 911 1820 minorationem
935 1755 1055 1839 papalis
1071 1764 1206 1836 potesta·
1261 1753 1382 1835 ciperet
1396 1755 1532 1818 concilio
1546 1755 1755 1832 observanda,
1773 1754 1934 1818 concilium
1946 1773 1986 1835 gc

458 1855 497 1916 tis
516 1875 553 1918 ac
574 1854 782 1936 praesidentiae
805 1856 928 1935 cedant,
945 1855 1133 1918 ordinentur
1151 1863 1206 1918 aut
1224 1855 1246 1917 B
1261 1853 1367 1915 nerale
1395 1860 1556 1916 teneretur
1582 1853 1629 1915 illi
1657 1852 1789 1916 obedire
1821 1862 1856 1914 ut
1880 1871 1986 1915 summo

458 1952 600 2033 tendant,
618 1954 681 2016 imo
707 1952 811 2035 potius
831 1952 870 2014 ad
895 1953 1131 2016 honoratiorem
1154 1973 1206 2016 ex·
1260 1951 1406 2033 pontifici
1425 1959 1458 2014 et
1476 1951 1592 2032 pastori
1611 1976 1618 2014 :
1634 1951 1710 2033 quia
1729 1952 1763 2013 in
1783 1951 1839 2013 tali
1857 1950 1987 2014 ordinati·

459 2052 710 2134 peditioremque
736 2071 829 2115 usum
855 2051 967 2133 ipsius,
992 2059 1142 2133 tanquam
1166 2053 1205 2115 ad
1261 2068 1322 2112 one
1344 2069 1381 2112 ac
1402 2049 1545 2131 jussione
1570 2050 1652 2131 Papa
1675 2069 1748 2113 non
1764 2050 1864 2112 exiret
1886 2049 1987 2110 limites

459 2151 548 2233 Papa
569 2149 756 2212 subsidium.
1263 2148 1426 2230 potestatis
1441 2168 1506 2211 suae
1521 2149 1581 2210 sibi
1598 2168 1616 2210 a
1630 2148 1755 2211 Christo
1770 2147 1922 2230 praelixos.
1933 2147 1987 2222 Quo

500 2249 586 2312 Unde
610 2247 643 2309 in
664 2248 767 2329 primo
788 2247 953 2330 opusculo,
970 2247 1103 2311 articulo
1124 2249 1207 2310 vice
1262 2255 1358 2328 patet,
1385 2247 1469 2328 quod
1494 2247 1526 2308 in
1553 2247 1670 2310 talibus
1694 2255 1880 2327 potestatem
1901 2254 1928 2308 et
1946 2245 1987 2325 ju·

459 2347 540 2410 simo
556 2353 652 2424 sexto,
671 2345 717 2408 sic
732 2345 846 2427 scripsi
864 2346 917 2408 :ln
933 2345 984 2408 his
998 2365 1068 2427 quae
1084 2346 1207 2428 papalis
1263 2345 1480 2408 risdictionem
1502 2345 1598 2408 habet
1615 2364 1713 2426 super
1730 2346 1877 2426 generale
1898 2344 1987 2407 conci·

460 2445 653 2528 praelationis
679 2462 870 2522 mensuram,
893 2443 1033 2525 regulam
1059 2444 1208 2526 magiste
1262 2443 1341 2506 lium
1365 2452 1397 2506 et
1420 2463 1516 2525 super
1539 2452 1636 2507 totam
1662 2443 1847 2507 Ecclesiam.
1872 2479 1910 2489 —-
1929 2443 1987 2505 llaec

460 2544 605 2624 riumque
620 2551 827 2620 concernunt,
836 2543 917 2625 Papa
932 2552 981 2605 est
992 2562 1089 2623 super
1103 2542 1207 2605 conci·
1263 2542 1328 2605 illic
1349 2542 1473 2624 scripsi.
1491 2541 1581 2606 Nunc
1602 2542 1708 2624 itaque
1728 2550 1825 2604 restat
1843 2541 1987 2605 ostendere

460 2641 537 2703 lium
552 2650 583 2703 et
597 2659 692 2724 super
707 2649 803 2704 totam
815 2641 1097 2718 Ecclesiam,circa
1110 2660 1206 2722 quam
1262 2643 1330 2705 haec
1353 2641 1583 2704 rationabiliter
1603 2661 1673 2703 esse
1695 2642 1827 2722 prolata.

348 2781 356 2786 -
459 2740 528 2823 ipse
543 2739 628 2802 vices
643 2739 755 2801 Christi
772 2739 913 2820 plenarie
928 2739 1020 2820 gerit,
1030 2741 1205 2802 secundum
1302 2741 1348 2803 Ad
1373 2741 1465 2822 quod,
1482 2741 1584 2821 primo
1604 2758 1831 2817 commemoro,
1846 2740 1925 2821 quod
1945 2738 1987 2798 Pe

459 2838 493 2902 B.
506 2838 668 2920 Cyrillum,
680 2837 912 2899 S.Bernardum
928 2845 959 2898 et
974 2837 1207 2918 Thomam,hoc
1261 2847 1330 2900 trus
1345 2838 1384 2901 de
1400 2839 1532 2916 Alliaco,
1548 2838 1612 2900 imo
1626 2839 1775 2918 Thomas,
1789 2838 1986 2901 Bonarentura

460 2957 524 3019 prae
549 2937 662 2999 ceteris
676 2939 725 3015 (ut
749 2935 826 2997 mihi
850 2939 994 3018 apparet)
1013 2935 1131 2998 clarius
1156 2956 1208 2998 ex·
1263 2938 1403 3018 itemque
1414 2937 1541 3000 Boetius
1556 2945 1629 2999 ante
1643 2955 1729 3016 eum,
1740 2934 1986 2998 dixerunt:Sicut

460 3036 644 3117 primentes.
663 3034 693 3096 Si
716 3034 820 3116 itaque
841 3034 1029 3115 inquiratur,
1045 3054 1116 3117 quas
1134 3040 1244 3103 suntC
1262 3037 1381 3098 sanitas
1400 3035 1541 3117 corporis
1561 3035 1706 3098 consistit
1726 3037 1760 3098 in
1779 3036 1910 3116 quadam
1929 3051 1986 3115 pro

459 3135 513 3197 illa
538 3134 570 3196 in
595 3134 711 3215 quibus
735 3134 816 3215 Papa
831 3143 885 3197 ,est
905 3154 1000 3216 super
1019 3134 1205 3213 concilium,
1262 3136 1407 3218 portione
1430 3134 1536 3198 media
1560 3134 1644 3197 inter
1667 3135 1835 3216 qualitates
1853 3142 1985 3197 extremas

459 3243 489 3297 et
518 3254 588 3316 quse
613 3244 687 3296 sunt
710 3252 779 3315 quas
808 3234 1038 3315 magisterium,
1065 3234 1207 3315 regulam
1262 3233 1456 3308 contrarias3
1488 3233 1587 3295 tirtus
1615 3251 1741 3315 quoque
1771 3232 1905 3309 moralis,
1930 3249 1985 3310 que

459 3344 490 3396 et
519 3352 700 3395 mensuram
728 3332 851 3415 papalis
885 3332 1080 3413 praelationis
1109 3334 1209 3415 respi·
1262 3352 1377 3413 magna
1402 3352 1475 3414 pars
1503 3340 1552 3394 est
1576 3332 1722 3393 sanitatis
1747 3332 1870 3404 animas,
1894 3348 1987 3391 secun·

458 3432 572 3510 ciunt;
602 3430 785 3511 dicendum,
816 3432 900 3512 quod
934 3431 1038 3493 omnis
1066 3431 1206 3493 vicarius
1261 3432 1337 3493 dnm
1373 3431 1599 3513 Philosophum
1635 3430 1777 3492 secundo
1813 3429 1985 3503 Ethicorum,

459 3530 647 3611 legislatoris
675 3529 714 3590 ad
744 3529 803 3591 hoc
833 3529 1052 3611 principaliter
1082 3529 1207 3591 ordina·
1262 3530 1408 3591 consistit
1428 3529 1460 3590 in
1487 3528 1603 3605 medio,
1624 3528 1750 3590 scilicet
1773 3527 1855 3590 inter
1875 3527 1930 3588 duo
1950 3523 1987 3586 ri·

458 3637 519 3706 tur,
538 3636 572 3690 ut
586 3628 688 3709 legem
705 3626 894 3707 legislatoris
917 3628 998 3689 suia
1020 3628 1085 3689 suis
1101 3627 1207 3688 subdi·
1262 3628 1303 3689 tia
1328 3638 1467 3690 extrema
1488 3650 1496 3689 ι
1522 3626 1569 3688 sic
1592 3626 1870 3708 proportionaliter
1890 3621 1986 3687 doctri-

458 3727 499 3790 tis
522 3726 616 3789 laciat
638 3725 798 3788 observari
817 3749 824 3787 :
841 3745 938 3806 quum
962 3744 1036 3806 ergo
1059 3726 1141 3806 Papa
1166 3726 1207 3787 sit
1260 3746 1301 3787 na
1316 3732 1418 3788 sacrae·
1427 3726 1605 3807 Scripturas,
1614 3726 1646 3786 in
1661 3744 1726 3805 qua
1739 3724 1985 3805 complementum

458 3824 627 3908 generalis,
652 3844 796 3886 summus
821 3844 857 3886 ec
883 3824 996 3904 plenus
1021 3824 1135 3887 Christi
1161 3826 1207 3886 vi·
1260 3835 1309 3887 est
1331 3826 1428 3888 totius
1454 3824 1628 3908 spiritualis
1650 3823 1807 3901 sanitatis,
1827 3822 1911 3904 quasi
1933 3840 1985 3882 me

459 3925 574 4002 carius,
591 3924 651 3986 hoc
667 3924 705 3986 ad
723 3943 787 3985 suaa
803 3922 995 4004 praelationis
1010 3942 1205 4002 mensuram,
1260 3924 1311 3986 dia
1336 3932 1384 3986 est
1407 3923 1489 3986 inter
1513 3942 1636 3985 errores
1660 3922 1817 3999 diversos,
1834 3922 1894 3983 imo
1916 3936 1985 3998 sepe

458 4025 497 4086 ad
517 4042 581 4085 suae
601 4021 811 4104 praesidentia
831 4021 985 4102 regulam,
1002 4024 1040 4084 ad
1060 4022 1207 4103 magiste
1261 4024 1344 4085 inter
1367 4042 1490 4085 errores
1514 4021 1689 4085 contrarios
1714 4044 1721 4084 ε
1739 4019 1985 4102 quemadmodum

459 4122 497 4185 rii
512 4122 559 4183 sui
575 4120 722 4183 otlicium
739 4121 842 4202 primo
857 4139 894 4183 ac
909 4121 1046 4183 maxime
1059 4122 1205 4203 pertinet,
1261 4122 1295 4182 in
1320 4122 1403 4183 libro
1423 4121 1462 4183 de
1480 4121 1608 4183 Duabus
1632 4120 1753 4182 naturis
1777 4118 1889 4181 Christi
1909 4117 1986 4178 docet

459 4229 493 4283 ut
507 4221 546 4283 ad
561 4220 752 4301 evangelica·
768 4219 848 4300 legis
863 4219 1206 4300 adimpletioncm‚om-
1221 4223 1246 4284 D
1260 4219 1398 4299 Boetius,
1425 4220 1509 4299 quod
1538 4218 1620 4280 lides
1646 4218 1804 4281 catholica
1828 4216 1925 4279 media
1947 4220 1986 4274 est

458 4339 532 4381 nem
561 4319 691 4383 inducat
714 4322 881 4400 (quantum
911 4319 1027 4397 potest)
1052 4318 1205 4398 populum
1261 4319 1345 4380 inter
1363 4319 1442 4379 duos
1463 4316 1638 4379 contrarios
1652 4316 1788 4379 Nestorii
1810 4325 1841 4379 et
1854 4312 1987 4395 Eutyche

458 4418 666 4480 christianum
682 4438 739 4500 per
754 4437 787 4479 se
802 4426 833 4479 et
857 4434 913 4498 per
935 4434 1009 4477 suos
1032 4416 1204 4478 ministros.
1262 4416 1301 4478 tis
1315 4435 1448 4479 errores,
1465 4414 1628 4478 Consimili
1644 4415 1737 4477 modo
1753 4416 1838 4477 circa
1857 4410 1987 4477 ecclesia·

458 4519 559 4592 Quum
586 4517 690 4598 itaque
714 4516 862 4597 generale
883 4514 1053 4578 concilium
1077 4534 1207 4595 congre·
1261 4514 1372 4576 sticam
1398 4521 1585 4595 potestatem
1610 4513 1749 4575 medium
1777 4514 1869 4576 docet
1890 4511 1986 4574 veritas

458 4624 549 4697 getur
566 4614 723 4695 praecipue
747 4621 875 4695 propter
897 4614 1014 4676 honum
1038 4631 1207 4675 commune
1262 4612 1345 4675 inter
1367 4613 1448 4675 duos
1472 4629 1595 4673 errores
1620 4611 1806 4673 contrarios.
1833 4611 1908 4672 llinc
1933 4608 1986 4689 ple-

457 4714 619 4793 Ecclesiae,
637 4722 668 4775 et
690 4720 819 4794 propter
841 4731 952 4774 causas
973 4712 1141 4775 animabus
1160 4732 1208 4773 sa·
1261 4730 1395 4791 rumque
1415 4710 1582 4792 contingit,
1598 4709 1682 4791 quod
1707 4711 1851 4771 volentes
1868 4707 1986 4787 aliquem

459 4813 577 4889 lubres‚
605 4812 631 4874 si
661 4812 744 4893 Papa
772 4810 869 4873 vellet
895 4810 1013 4891 aliquid
1038 4830 1132 4892 agere
1156 4811 1206 4873 vel
1261 4810 1361 4872 vitare
1390 4828 1541 4887 errorem,
1568 4807 1779 4891 periculosius
1807 4808 1839 4869 in
1865 4821 1985 4869 errorem

458 4911 570 4992 jubere
596 4930 652 4991 per
671 4911 756 4990 quod
782 4910 899 4971 bonum
921 4908 1048 4971 concilii
1074 4909 1208 4990 impedi·
1262 4907 1455 4972 contrarium
1483 4908 1685 4985 delabuntur,
1712 4907 1796 4969 inter
1821 4925 1898 4989 quos
1923 4920 1986 4965 sana

460 5018 556 5087 retur,
572 5010 637 5091 iam
654 5008 722 5090 ipse
742 5009 980 5071 transcenderet
1001 5015 1031 5069 ct
1046 5008 1146 5070 exiret
1161 5028 1208 5069 re·
1261 5007 1404 5071 doctrina
1417 5006 1558 5069 medium
1574 5013 1676 5082 tenet,
1689 5004 1825 5086 talisque
1839 5024 1920 5067 error
1932 5019 1986 5082 pas

459 5110 566 5191 gulam
582 5127 618 5170 ac
641 5127 821 5170 mensuram
842 5106 1123 5189 magisteriumque
1144 5126 1208 5170 sua
1261 5106 1393 5168 sionatis
1415 5104 1598 5168 hominibus
1619 5103 1701 5166 solet
1715 5104 1906 5185 contingere,
1920 5116 1985 5181 quos

311 5231 442 5285 ricorde,
460 5206 653 5288 praelationis
668 5226 704 5267 ac
720 5206 893 5287 potestatis,
911 5224 981 5286 quae
995 5205 1068 5266 data
1082 5214 1130 5267 est
1146 5205 1207 5286 ipsi
1262 5205 1399 5285 impetus
1424 5202 1582 5286 passionis
1606 5222 1625 5263 a
1650 5201 1756 5264 medio
1786 5200 1911 5264 rationis
1935 5196 1985 5258 ire

459 5306 491 5369 in
506 5304 763 5383 edificationem,
772 5313 803 5366 et
818 5322 880 5367 non
896 5304 927 5365 in
943 5303 1203 5386 destructionem,
1261 5311 1396 5385 quenter
1416 5300 1616 5383 faciliterquc
1637 5300 1778 5364 abducit.
