4309 6250
452 463 513 528 352
776 475 895 524 comat
915 474 1084 552 rearmurr
1104 473 1278 537 assonam,
1299 472 1388 521 ansa
1409 474 1441 521 u.
1464 491 1504 504 -
1524 474 1594 522 aar.
1619 475 1689 521 xcvi

454 650 583 712 molliri
595 649 818 726 praecipimus,
827 648 934 723 ipsum
949 665 1075 726 quoque
1090 645 1208 704 loricas
1221 643 1253 706 A·
1263 652 1412 726 tanquam
1437 643 1620 709 recitatione
1645 645 1778 728 indigna
1800 653 1969 728 pertranseo
1984 669 1990 708 :

455 751 554 809 banaa
567 749 633 808 cibi
646 748 724 806 iada
739 743 1209 822 accerejasctmasoatomoni
1262 741 1345 804 sicut
1359 751 1391 805 et
1405 743 1482 806 illud
1497 745 1583 825 quod
1598 743 1718 808 dietum
1738 751 1797 824 est,
1812 744 1906 807 Qum
1925 764 1992 826 pre·

455 866 581 928 qaoque
595 855 706 906 ventos
721 853 752 904 ct
763 845 909 920 planias,
925 860 1053 918 vespere
1067 849 1098 901 et
1113 858 1208 900 manc
1262 840 1385 921 cepisse
1412 839 1520 903 Davidi
1550 842 1617 924 regi
1642 840 1759 906 loricas
1782 849 1881 906 texere
1905 843 1992 906 bonas

451 964 572 1022 parcre
585 945 724 1022 fecimus
733 963 747 1010 ,·
760 960 890 1021 saleque
910 941 1028 1000 marcai
1048 939 1207 999 minerias
1262 938 1301 1000 de
1323 939 1407 1003 ferro
1429 938 1563 1003 mollito.

454 1043 651 1112 aurichalci,
667 1049 697 1100 ct
711 1040 856 1100 diabolas
870 1039 1011 1116 opifices,
1026 1047 1063 1097 at
1079 1037 1134 1097 iili
1144 1053 1207 1112 pro
1300 1037 1443 1119 Insuper,
1452 1037 1592 1121 capitulo
1606 1039 1845 1120 quadragesimo
1859 1049 1942 1102 sexto
1954 1059 1992 1102 ae

455 1144 536 1202 velle
555 1160 613 1201 suo
631 1158 709 1200 aras
729 1146 760 1197 et
779 1137 953 1214 immines,
967 1143 998 1194 el
1014 1135 1207 1211 paropsides
1261 1135 1478 1219 seritur‚quod
1489 1137 1646 1200 Abrabam
1662 1139 1783 1200 ducens
1799 1137 1897 1200 tilium
1911 1157 1991 1201 suum

453 1258 491 1298 ac
505 1239 678 1314 amphoras
691 1236 909 1312 fabricarent,
924 1233 1128 1308 subjecimus.
1260 1233 1346 1297 Isaac
1361 1235 1399 1297 ad
1416 1235 1657 1316 immolandum,
1673 1235 1754 1299 dixit
1767 1236 1866 1300 eidem
1879 1260 1886 1300 ε
1901 1240 1991 1315 Ofili,

495 1335 527 1398 Si
551 1353 626 1397 vera
645 1340 720 1395 sunt
738 1332 817 1409 baec,
834 1331 951 1393 mirum
976 1328 1060 1411 quod
1086 1347 1146 1390 nec
1170 1327 1205 1388 in
1260 1334 1345 1393 mibi
1372 1335 1408 1394 in
1432 1335 1557 1394 atricae
1581 1337 1775 1396 nuntiatam
1797 1345 1839 1396 est
1862 1339 1943 1416 qaod
1967 1347 1992 1396 tc

453 1434 543 1497 libris
568 1433 689 1515 Regum
718 1449 778 1494 nec
797 1429 1068 1510 ‚Paralipomenon
1098 1426 1206 1507 aliqua
1259 1433 1463 1494 decollarent.
1488 1431 1574 1495 Istud
1603 1441 1652 1496 est
1678 1441 1791 1496 contre
1816 1433 1989 1516 Scripturas.

453 1533 528 1596 inde
549 1530 589 1620 lit
602 1531 735 1609 mentio,
753 1529 807 1593 ubi
821 1537 910 1610 gesta
925 1528 1065 1606 illorum,
1080 1543 1206 1607 praesen
1259 1529 1361 1603 Quum
1384 1529 1468 1592 enim
1489 1530 1575 1593 isaac
1595 1549 1730 1613 pergens
1750 1551 1822 1594 cum
1840 1541 1926 1614 patre
1943 1550 1991 1595 suo
2013 1556 2093 1598 canl

453 1632 511 1694 tim
536 1629 738 1708 notabiliora,
759 1637 823 1691 tam
848 1626 967 1689 diliuse
991 1625 1203 1688 scribuntur:
1259 1627 1340 1691 dixit
1362 1652 1368 1690 :
1390 1628 1481 1692 Pater
1504 1629 1560 1706 mi,
1577 1649 1652 1692 ecce
1676 1630 1761 1712 ignis
1785 1639 1816 1694 et
1837 1631 1932 1712 ligna,
1947 1621 2036 1694 ubist·

452 1731 539 1794 inter
552 1749 622 1812 quat
638 1729 709 1806 ista,
727 1738 877 1809 tanquam
893 1725 984 1787 valde
1000 1722 1153 1786 notabilia
1169 1741 1204 1785 ac
1261 1733 1309 1788 est
1322 1726 1450 1789 victima
1465 1727 1822 1791 holocaustilbbrabam
1836 1729 1865 1792 ei
1881 1749 1992 1811 respon

454 1829 619 1912 preclara,
636 1827 774 1890 inissent
795 1825 975 1888 scribenda.
1222 1823 1245 1886 Β
1261 1824 1306 1886 dit
1323 1849 1329 1886 :
1347 1825 1429 1888 Deus
1454 1826 1633 1908 providebit
1654 1826 1716 1889 sibi
1735 1827 1895 1891 victimam
1918 1829 1994 1892 bolo

495 1928 647 1992 Praeterea
662 1934 746 1988 esset
759 1924 966 2007 quarendum
982 1921 1120 2003 qualiter
1132 1940 1207 2002 pras·
1261 1924 1374 2004 causti,
1390 1923 1439 1987 iili
1455 1925 1510 1987 mi.
1524 1925 1584 1988 Sed
1601 1933 1721 2008 postea,
1733 1945 1830 2008 quum
1845 1928 1995 1989 venisseut

455 2027 520 2090 lata
544 2025 706 2089 Salomoni
733 2023 933 2088 obedierunt.
959 2021 1008 2083 bn
1036 2019 1094 2098 sic,
1120 2019 1206 2100 quod
1261 2022 1298 2084 ad
1323 2022 1428 2086 locum
1454 2042 1472 2085 a
1498 2023 1561 2087 Deo
1586 2023 1766 2106 prefixum,
1794 2033 1824 2088 ct
1849 2025 1994 2088 Abraham

455 2125 596 2208 ipsesoli
612 2124 784 2209 precipere
804 2121 920 2204 quivit,
936 2127 971 2182 ut
990 2138 1084 2182 mane
1103 2126 1134 2180 et
1155 2136 1208 2179 ve·
1261 2120 1445 2203 disponeret
1464 2142 1497 2185 se
1521 2122 1561 2186 ad
1585 2122 1748 2205 ligandum
1775 2122 1879 2186 lilium
1902 2142 1994 2200 suum,

456 2244 549 2307 spere
574 2219 858 2306 supernaturaliter
884 2219 1061 2296 evenirent,
1087 2225 1207 2298 protra-
1261 2227 1354 2302 prout
1376 2220 1409 2282 in
1435 2219 1548 2284 Genesi
1572 2220 1716 2302 babetur,
1732 2229 1809 2284 tunc
1831 2221 1951 2304 aperuit
1971 2222 1995 2284 ei

457 2322 609 2386 berentur
622 2330 678 2384 aut
693 2319 923 2394 breviarentur,
939 2326 994 2380 aut
1008 2316 1122 2398 quovis
1141 2334 1208 2379 rno-
1262 2338 1402 2382 eausam.

457 2425 499 2486 do
531 2420 763 2485 alterarentmt
793 2418 831 2479 lit
865 2424 987 2480 certum
1015 2416 1101 2497 quod
1128 2433 1204 2478 non.
1301 2417 1422 2480 Dicitur
1445 2435 1572 2499 quoque
1597 2417 1661 2499 bie,
1677 2420 1762 2501 quod
1788 2423 1873 2482 Dcas
1893 2422 1994 2482 Ionam

458 2522 681 2584 Verumtamen
697 2518 736 2580 de
750 2524 861 2580 sancto
871 2515 1025 2598 propbeta
1035 2513 1208 2577 Eliatertio
1261 2518 1301 2576 de
1321 2524 1434 2576 ventre
1452 2518 1554 2593 piscis
1572 2519 1735 2589 catracit,
1750 2527 1782 2578 ct
1797 2528 1868 2597 past
1890 2520 1995 2578 bedec

330 2647 359 2692 ιιι
373 2611 429 2704 12⁸0„
458 2621 579 2700 Regum
593 2617 728 2680 babetur
742 2615 826 2697 quod
841 2613 1026 2678 dixit2Vivit
1040 2613 1205 2692 Dominus,
1261 2635 1333 2674 cam
1350 2617 1473 2674 elevata
1488 2617 1583 2686 tecit,
1598 2625 1628 2675 ct
1642 2619 1791 2677 camdem
1805 2619 1935 2678 mimam
1952 2617 1996 2674 de
2106 2651 2107 2654 =

308 2724 360 2761 ¹¹¹¹·
374 2714 394 2754 ¹·
458 2725 532 2780 ante
554 2717 646 2797 cujus
666 2714 790 2778 vultum
815 2722 875 2791 sto,
893 2712 920 2775 si
944 2711 1005 2775 erit
1027 2710 1131 2774 imber
1153 2719 1208 2774 aut
1261 2732 1350 2772 mam
1377 2715 1421 2773 ad
1447 2722 1577 2774 centum
1606 2715 1714 2774 millia
1741 2717 1920 2784 bominum,
1941 2721 1993 2776 etc.
2106 2717 2107 2728 ¹

458 2835 511 2879 ros
525 2815 576 2877 bis
595 2814 721 2892 diebus,
738 2812 800 2874 nisi
822 2811 912 2893 juxta
929 2811 995 2876 oris
1014 2810 1077 2873 mei
1098 2809 1204 2872 verba.
1261 2809 1322 2873 Sed
1337 2809 1514 2890 sciendum,
1532 2811 1617 2892 quod
1632 2811 1750 2876 hedera
1765 2813 1821 2876 illa
1834 2821 1902 2876 orta
1914 2819 1958 2876 cst
1969 2820 2093 2876 etima.

456 2915 522 2978 Hoc
537 2924 644 2977 tamen
659 2912 780 2976 orando
796 2910 990 2994 impetravit,
1003 2910 1208 2992 quemadmo-
1261 2927 1356 2990 super
1369 2915 1465 2988 caput
1478 2907 1564 2971 lone
1580 2908 1683 2973 levata
1698 2917 1866 2992 postquam
1887 2909 1995 2973 Ninivi-
2006 2929 2096 2974 arara

307 3036 442 3086 ranam,
457 3014 533 3076 dum
561 3011 697 3076 Jacobus
730 3011 774 3073 ait
806 3009 980 3092 apostolus,
1010 3009 1095 3090 quod
1123 3008 1206 3070 Elias
1225 3003 1302 3068 Ctis
1326 3007 1452 3070 locutus
1477 3015 1535 3069 est.
1562 3006 1619 3082 Qui
1650 3008 1750 3071 multo
1778 3009 1885 3091 plures
1912 3027 1994 3090 quan

310 3102 343 3145 ¹⁸·
457 3112 560 3175 oravit
575 3119 687 3175 utnon
703 3109 828 3193 plueret
842 3128 939 3191 super
953 3115 1080 3186 terram,
1097 3114 1128 3169 et
1142 3126 1207 3170 non
1262 3114 1390 3169 centum
1415 3105 1516 3168 millia
1541 3113 1640 3169 erant.
1667 3106 1732 3171 lmo
1758 3107 1793 3171 in
1818 3107 1900 3172 libro
1921 3107 1995 3170 lona

457 3211 540 3294 pluit
553 3228 654 3273 annos
674 3218 738 3272 tres
757 3216 790 3271 et
808 3226 934 3271 menses
953 3226 1029 3282 sex3
1046 3214 1079 3269 et
1098 3226 1206 3268 rursus
1260 3206 1406 3284 babetur,
1423 3205 1506 3287 quod
1526 3206 1560 3268 in
1581 3204 1694 3270 Ninive
1713 3214 1803 3269 eraut
1824 3206 1896 3289 plus
1913 3224 1995 3288 quam
2007 3216 2094 3260 [aaran.

456 3310 568 3387 oravit,
590 3317 622 3372 et
646 3306 762 3372 coelum
786 3306 875 3369 dedit
898 3305 1051 3388 pluviam,
1068 3313 1100 3367 et
1124 3313 1207 3367 terra
1263 3311 1391 3366 centum
1406 3302 1520 3385 viginti
1536 3303 1637 3367 millia
1657 3304 1826 3368 hominum
1841 3305 1894 3387 qui
1909 3302 1997 3367 nesci-

457 3409 545 3472 dedit
558 3409 699 3471 iructum
715 3425 820 3469 suum.
833 3407 881 3466 An
897 3404 944 3465 sic
959 3403 1120 3466 Salomoni
1135 3422 1207 3465 ven·
1262 3402 1357 3465 ebant
1371 3401 1589 3465 dillerentiam
1604 3402 1689 3465 inter
1701 3404 1862 3467 dexteram
1878 3410 1998 3467 suamet

456 3507 480 3569 ti
496 3507 675 3588 pluviaeque
690 3503 859 3588 parebantt
871 3502 959 3577 Quod
976 3502 1001 3563 si
1018 3502 1064 3565 sic
1080 3510 1138 3580 est,
1150 3520 1208 3564 cur
1263 3501 1435 3565 sinistram.
1452 3500 1564 3564 Omnia
1579 3500 1639 3564 ista
1654 3502 1687 3564 in
1703 3502 1783 3565 libro
1798 3503 1884 3566 Jonas
1903 3507 1997 3584 putem

457 3606 620 3688 Scriptura
638 3605 700 3668 boc
724 3602 796 3666 silet
818 3603 858 3665 de
883 3620 934 3678 eo,
950 3602 1035 3682 quod
1059 3599 1209 3684 exprimit
1265 3600 1437 3682 propheta.

456 3705 496 3767 de
510 3703 590 3782 Elia,
607 3702 783 3786 praesertim
802 3718 901 3783 quum
922 3697 1007 3761 iacta
1026 3718 1138 3779 regum
1159 3716 1209 3761 so-

457 3801 545 3865 leant
578 3800 765 3882 diligentius
797 3796 937 3861 describi
965 3815 1060 3878 quam
1089 3804 1209 3859 cetero-

456 3903 551 3965 rumt
566 3902 614 3963 An
633 3899 704 3963 ideo
724 3898 846 3961 dictum
870 3904 919 3959 est
943 3895 1038 3974 istud,
1055 3896 1207 3977 quoniam
1440 3873 1685 3939 ARTICULUS
1710 3874 1831 3939 XLVI·

457 3999 552 4064 tertio
566 3999 689 4081 Regum
703 3996 897 4060 describitur
914 3995 1051 4076 qualiter
1069 3994 1209 4058 Salomo-
1284 4016 1405 4076 Contra
1428 4032 1557 4073 errores
1581 4014 1723 4090 capituli
1747 4012 1982 4092 mmmm
2105 3990 2106 3995 ’

309 4113 442 4171 tuream.
457 4120 499 4165 ne
520 4107 630 4163 orante
650 4096 766 4161 nebula
784 4094 932 4177 implevit
955 4093 1133 4175 templumi
1148 4094 1209 4157 Sed
1316 4104 1448 4180 septimi
1462 4112 1492 4163 ct
1507 4105 1726 4181 quorumdam
1741 4105 1951 4181 sequentium.

311 4181 344 4222 ¹⁰·
458 4199 499 4263 ot
522 4198 553 4262 u
575 4197 661 4279 quoa
685 4194 784 4257 sema
807 4192 925 4256 accim
948 4193 1021 4272 boc,
1038 4192 1249 4257 ascendant

458 4316 523 4361 non
538 4294 685 4377 estquod
700 4292 786 4356 venti
806 4299 838 4355 ct
856 4291 973 4372 pluvia
993 4289 1023 4352 ei
1043 4289 1207 4371 parebant.
1325 4290 1531 4355 tntnottu
1546 4292 1585 4354 de
1599 4290 1713 4355 ovibus
1729 4292 1795 4373 regi
1811 4291 1908 4355 David
1922 4310 1939 4354 a
1951 4287 1998 4353 Na·

499 4396 604 4472 Porro,
621 4393 705 4475 quod
721 4391 803 4454 Deus
822 4390 909 4452 dedit
928 4390 957 4452 ei
978 4387 1122 4453 diabolos
1142 4389 1210 4471 opi·
1340 4391 1415 4453 tban
1438 4389 1593 4472 propbeta
1618 4391 1826 4473 propositam,
1850 4398 1940 4474 prout
1957 4406 1998 4451 se

458 4494 538 4557 sices
561 4492 654 4556 modo
674 4498 834 4573 praetacto,
852 4487 969 4551 salsum
994 4496 1054 4566 est,
1071 4496 1103 4550 et
1127 4488 1209 4551 Scri·
1264 4490 1369 4554 cundo
1395 4488 1514 4570 Regum
1538 4487 1683 4567 habetur,
1711 4489 1821 4553 recitat
1845 4486 1997 4553 Rabonio

458 4592 562 4676 pturis
590 4588 797 4666 contrarium,
827 4607 927 4670 quum
959 4588 1053 4651 tertio
1087 4588 1208 4669 Regum
1264 4586 1575 4669 istocapitu103sed
1597 4586 1996 4691 valdeincongrueqterac

324 4718 383 4763 nu.
406 4731 443 4768 ιιι,
460 4691 628 4768 scribatur,
644 4690 728 4771 quod
747 4688 864 4765 Hiram,
881 4687 931 4750 vir
956 4687 1068 4769 Tyrius
1093 4686 1208 4750 missus
1263 4686 1420 4770 imperite.
1447 4683 1526 4747 Nam
1549 4685 1594 4748 ait
1620 4689 1680 4749 :A
1706 4688 1817 4748 David
1839 4690 1883 4748 acl
1905 4690 1997 4746 citare

311 4785 345 4833 ¹³·
361 4784 395 4833 ¹⁴·
409 4784 478 4854 “a
500 4809 573 4872 rege
593 4788 675 4871 Tyri,
692 4786 828 4871 perierit
846 4804 941 4849 omne
960 4804 1040 4868 opus
1060 4786 1094 4847 in
1114 4787 1208 4849 domo
1262 4796 1367 4847 stante
1382 4785 1517 4865 quidam
1539 4784 1890 4864 questramjudtciam
1910 4802 1997 4845 acces·

458 4888 636 4969 Domini‚in
653 4886 770 4970 templo
785 4885 935 4948 videlicet
949 4882 1207 4947 Salomonis.Ncc
1261 4892 1388 4953 serunt,
1412 4884 1550 4942 dicendo
1574 4902 1586 4942 .·
1604 4886 1671 4945 Iste
1694 4885 1877 4961 nonaginta
1899 4900 1995 4945 nocem

458 4987 567 5052 decuit
581 5007 652 5050 aras
665 4995 698 5050 et
711 4986 922 5049 instrumenta
941 4983 1046 5046 cultus
1064 4982 1167 5045 divini
1190 5002 1209 5046 a
1261 5002 1333 5043 oves
1346 4982 1476 5049 babeas,
1491 4981 1577 5041 milri
1595 4989 1724 5042 tantam
1744 5000 1845 5043 anam
1867 4978 1996 5047 acuar,

459 5086 588 5153 diabolo
609 5085 694 5149 fieri.
1262 5083 1296 5141 vi
1306 5083 1501 5159 molestaque
1510 5081 1632 5156 fraude
1643 5081 1813 5157 subripere
1818 5075 1994 5157 paratSed,

498 5186 569 5249 Alia
597 5202 723 5268 quoque
747 5181 892 5245 fabulosa
917 5200 955 5244 ac
980 5199 1061 5244 vana
1084 5180 1118 5243 in
1147 5178 1208 5244 isto
1261 5188 1296 5243 ut
1316 5176 1447 5263 prefato
1466 5176 1536 5240 loco
1556 5176 1630 5239 libri
1649 5176 1770 5259 Regum
1794 5176 2094 5260 conscripturum-11·

458 5286 643 5349 scribuntur
656 5282 885 5365 capitulo,qure
899 5280 1047 5343 brevitati
1063 5280 1205 5361 studens,
1263 5286 1322 5359 est,
1338 5278 1381 5340 ita
1395 5295 1459 5340 non
1474 5274 1548 5338 luit.
1562 5274 1723 5358 Siquidem
1738 5274 1862 5340 Nathan
1878 5275 1996 5361 propbe-
2007 5260 2013 5301 ¹
2024 5258 2061 5299 ⁶¹⁸·
