4309 6250
444 480 505 546 382
787 498 906 547 caurus
927 499 1096 548 sanaturi!
1116 500 1285 558 diuoluit,
1309 501 1397 548 utana
1418 501 1462 548 lll.
1485 520 1526 532 -
1546 502 1615 549 Aur.
1639 502 1671 548 lx

453 668 514 727 itta
525 668 540 727 t
553 670 734 743 Respondit
749 689 761 727 .·
774 670 886 730 Arbor
900 671 1017 730 tritici.
1034 671 1094 732 Ait
1105 691 1117 730 .·
1128 672 1205 739 Qum
1220 671 1245 732 Α
1260 679 1378 733 nentur
1391 670 1558 734 mendacia
1576 669 1609 732 in
1625 671 1828 752 responsione
1845 671 1893 736 hac
1908 673 1975 754 ipsa.

449 767 561 841 sermo
575 759 923 843 arboristRespondit
935 770 1085 844 :Septem
1100 770 1205 845 spicas
1298 769 1371 832 Post
1398 771 1467 834 hee
1495 769 1609 831 asserit
1632 770 1799 852 ldahomet,
1822 771 1893 852 quod
1919 775 1978 834 lieo

452 862 610 931 habebam
638 881 738 923 unam
773 865 887 939 rapuit
919 867 1040 934 Adam,
1070 867 1106 924 iu
1139 885 1204 944 qua
1257 869 1347 944 facta
1366 877 1412 928 est
1431 889 1472 927 eo·
1490 878 1576 928 costa
1599 869 1682 930 Adae
1704 869 1838 928 sinistro
1851 891 1861 928 .·
1874 873 1980 930 namsi

452 969 548 1020 erant
566 979 675 1037 prono
696 964 854 1041 quinque,
870 965 911 1022 de
931 964 1050 1041 quibus
1070 965 1135 1023 duo
1156 982 1204 1023 eo·
1258 985 1299 1024 eoo
1322 968 1471 1036 deuotam,
1493 986 1584 1045 teque
1605 969 1707 1042 sortis
1731 975 1818 1026 esset.
1831 966 1904 1029 Istud
1925 985 1977 1028 non

452 1059 553 1118 medit
580 1061 701 1129 Adam,
724 1062 790 1120 duo
811 1062 902 1120 dedit
931 1063 1022 1130 Eure,
1049 1063 1203 1140 quintum
1259 1061 1413 1143 sequitur,
1434 1063 1509 1145 quia
1534 1061 1568 1124 in
1592 1071 1679 1126 costa
1703 1081 1769 1126 non
1795 1063 1874 1125 latuit
1891 1082 1978 1146 neque

451 1157 571 1215 detulit
595 1176 711 1221 seeum.
735 1159 796 1220 Ait
815 1178 827 1217 :
843 1160 1009 1227 Quantum
1034 1160 1103 1238 suit
1123 1179 1202 1236 yra-
1258 1179 1297 1223 ex
1320 1181 1357 1223 ea
1378 1161 1531 1242 processit
1553 1169 1618 1224 lota
1636 1159 1766 1225 leminea
1787 1160 1930 1225 fortitudo.
1948 1162 1979 1224 h

452 1254 559 1314 oum?
577 1264 635 1315 aot
658 1257 742 1335 quid
764 1257 843 1316 inde
865 1257 972 1333 fecit?
991 1258 1171 1333 Respondit
1193 1277 1204 1317 .·
1258 1259 1404 1342 quamvis
1420 1279 1457 1322 ex
1473 1259 1699 1323 eostadoxtera
1714 1258 1827 1322 luisset
1839 1259 1977 1342 plasmata,

451 1353 564 1429 Majrcs
573 1354 822 1428 fuitooo.and
832 1356 890 1415 ubi
901 1356 935 1415 in
947 1365 1203 1432 sescentaspar·
1259 1376 1322 1420 non
1342 1366 1449 1420 tamen
1468 1357 1632 1421 habuisset
1652 1365 1759 1421 celera
1780 1359 1906 1422 membru
1925 1367 1977 1421 tam

453 1451 572 1510 tientes
584 1453 1005 1530 comminuisset,produoeit
1020 1473 1061 1512 eor
1076 1473 1111 1512 eo
1125 1473 1203 1514 cun·
1257 1455 1364 1536 fortia,
1390 1476 1450 1520 nee
1479 1475 1594 1539 corpus
1622 1457 1708 1519 intus
1732 1465 1798 1519 tam
1820 1457 1930 1520 robuste
1951 1457 1979 1519 in

451 1556 503 1607 cta
522 1551 684 1608 seminum
699 1568 833 1626 persero.
1258 1553 1376 1632 nervis,
1414 1555 1504 1618 venis
1544 1554 1764 1637 musculisque
1803 1555 1978 1637 dispositum,

491 1645 554 1708 lsta
567 1647 733 1730 responsio
744 1649 839 1712 stulta
853 1648 1091 1731 est,Scripturre
1106 1669 1202 1713 sacrae
1257 1653 1526 1735 quemadmodum
1548 1654 1660 1717 Adam.

452 1753 485 1808 et
508 1745 646 1808 naturali
669 1746 783 1810 rationi
808 1747 978 1811 contraria.
1001 1748 1057 1810 Hic
1083 1749 1202 1811 etenim
1296 1753 1460 1821 Athonis
1475 1754 1638 1813 habitavit
1653 1761 1776 1814 terram
1793 1753 1981 1815 actoridem?

452 1843 577 1922 dicitur,
603 1846 688 1926 quod
716 1845 811 1909 arbor
837 1846 911 1908 Adae
938 1845 1110 1929 prohibita,
1141 1846 1203 1908 luit
1219 1850 1243 1912 B
1258 1853 1435 1927 Respondit
1451 1853 1634 1913 :Primum
1655 1852 1791 1923 diaboti,
1812 1853 1917 1912 deinde
1933 1871 1982 1911 aa·

454 1941 551 2005 tritici
579 1944 682 2007 arbor.
714 1943 843 2007 Culmus
871 1952 977 2007 autem
1013 1964 1069 2008 seu
1104 1945 1202 2008 herba
1254 1951 1333 2025 peti,
1346 1958 1418 2024 post
1432 1952 1563 2026 oopelos
1576 1951 1693 2011 Adam.
1710 1951 1807 2011 Inter
1819 1951 1945 2010 diabolos
1956 1959 1981 2009 et

453 2040 488 2102 in
515 2060 579 2123 qua
606 2041 746 2105 triticum
774 2050 955 2123 generatur,
982 2061 1046 2106 non
1075 2043 1202 2125 proprie
1258 2051 1387 2124 oppetes
1414 2057 1533 2123 septem
1566 2049 1660 2118 anni,
1692 2049 1782 2108 inter
1814 2051 1929 2126 capetos
1956 2059 1980 2107 et

454 2138 548 2201 arbor
571 2147 712 2202 vocatur.
739 2140 880 2223 Denique
910 2140 943 2202 in
966 2140 1081 2204 Genesi
1111 2142 1205 2204 arbor
1258 2149 1367 2208 Adam
1390 2148 1479 2206 mitte
1500 2144 1633 2207 aonio
1654 2165 1752 2227 quam
1773 2145 1983 2209 stultissimam

320 2261 441 2309 cenas,
455 2237 515 2300 ista
543 2237 667 2319 lignum
691 2239 854 2302 multoties
881 2240 1079 2321 appellatur3
1105 2241 1205 2302 herba
1259 2245 1411 2307 mendosa
1436 2251 1511 2306 sunt
1533 2243 1638 2307 omnia
1664 2245 1762 2307 verba
1791 2245 1860 2324 ista,
1881 2245 1936 2307 imo
1957 2253 1982 2306 et

378 2325 439 2374 ’Μ’
455 2354 531 2398 vero
558 2335 654 2398 tritici
687 2355 888 2418 nequaquam
920 2336 1039 2400 dicitur
1066 2338 1201 2419 lignum.
1259 2341 1329 2404 aliis
1355 2342 1466 2406 llahon
1491 2342 1595 2406 verbis
1619 2343 1803 2414 contraria!
1825 2342 1941 2425 Nempe,
1955 2349 1984 2404 ut

307 2327 374 2375 lluu

454 2435 584 2514 Deinde,
599 2435 685 2518 quod
707 2435 854 2498 subditur
875 2436 915 2498 de
935 2435 1094 2499 divisione
1113 2437 1204 2519 grani
1259 2441 1450 2522 praecedenti
1476 2440 1578 2522 patuit
1602 2439 1695 2519 libro,
1712 2460 1796 2523 saepe
1819 2441 1939 2504 habetur
1956 2441 2077 2506 insane.

455 2534 549 2596 unius
568 2534 601 2596 in
624 2541 730 2616 partes
754 2542 929 2612 sexcentas,
947 2543 979 2596 et
1002 2535 1087 2615 quod
1110 2555 1148 2598 ex
1167 2554 1205 2599 eo
1259 2539 1415 2602 Alcorano
1441 2562 1449 2602 ε
1474 2540 1574 2601 Adam
1603 2547 1720 2620 creato,
1747 2540 1830 2603 Deus
1857 2539 1985 2623 precepit

453 2632 553 2694 idam
582 2630 731 2714 produxit
756 2640 872 2694 cuncta
894 2631 1051 2693 seminum
1074 2651 1203 2714 genera,
1259 2637 1382 2719 angelis
1411 2647 1445 2699 ut
1473 2657 1507 2700 se
1535 2637 1731 2719 projicerent
1759 2657 1863 2702 coram
1886 2638 1936 2701 illo
1960 2644 1986 2699 et

455 2749 587 2812 prorsus
602 2730 647 2792 nil
663 2731 757 2793 valet,
775 2730 880 2793 Partes
901 2730 988 2792 enim
1006 2731 1098 2812 grani
1117 2731 1205 2794 illius
1260 2735 1465 2800 humiliarent
1486 2755 1519 2799 se
1541 2736 1581 2799 ei.
1599 2737 1775 2800 Paruerunt
1795 2757 1912 2820 quoque
1931 2754 1987 2798 om-

452 2827 592 2891 luissent
606 2828 766 2910 ‚ejusdem
793 2829 913 2911 speciei
942 2848 1016 2891 cum
1045 2849 1102 2894 suo
1127 2838 1203 2911 toto,
1259 2855 1316 2897 nes
1331 2843 1445 2916 praeter
1458 2833 1646 2914 Beelzebub,
1660 2836 1715 2916 qui
1731 2836 1850 2898 idcirco
1864 2835 1986 2916 dejectus

454 2929 606 3008 quoniam
620 2947 754 3010 granum
779 2928 874 2991 tritici
897 2937 946 2990 est
959 2948 1075 3011 corpus
1095 2930 1205 2992 homo-
1259 2943 1318 3012 est,
1334 2942 1430 3015 atque
1444 2933 1591 2996 diabolus
1605 2933 1721 2997 lactus.
1734 2934 1817 3016 Ergo
1833 2935 1986 2997 secundum

453 3045 591 3108 geneum
610 3051 617 3089 :
635 3045 710 3109 ergo
734 3027 868 3090 aliarum
894 3046 1000 3090 rerum
1024 3047 1061 3090 ac
1084 3028 1205 3110 specie·
1221 3031 1242 3092 C
1260 3033 1331 3111 hoc,
1358 3032 1457 3094 luam
1483 3039 1556 3094 ante
1580 3031 1742 3095 diabolum
1771 3041 1882 3096 terram
1906 3030 1987 3113 coepit

454 3145 525 3189 rum
541 3126 664 3189 semina
678 3146 748 3189 esse
770 3145 835 3190 non
851 3135 1006 3210 poterant.
1025 3126 1089 3191 Nec
1104 3128 1204 3190 Adam
1259 3130 1447 3194 inhabitare.
1466 3131 1525 3193 Sed
1545 3131 1697 3213 quoniam
1716 3131 1837 3195 dictum
1853 3132 1925 3195 illud
1937 3130 1988 3193 lin·

453 3225 558 3308 potuit
572 3244 625 3288 eas
641 3225 673 3288 in
689 3226 823 3288 aliarum
846 3246 952 3288 rerum
968 3226 1089 3289 semina
1104 3234 1205 3289 trans·
1258 3230 1378 3294 homati
1402 3232 1590 3294 mendosum
1613 3239 1672 3309 est,
1694 3232 1788 3295 aliter
1811 3231 1987 3314 reprobanda

374 3386 381 3403 ‚
454 3333 589 3403 mutare,
605 3343 665 3386 nec
691 3331 813 3405 poterat
834 3342 940 3386 rerum
961 3324 1129 3388 instituere
1150 3334 1205 3388 aut
1259 3338 1333 3392 sunt
1356 3326 1426 3393 ista.
1454 3328 1570 3410 Primo,
1596 3330 1672 3413 quia
1698 3330 1896 3413 omnipotens
1918 3330 1987 3391 Deus

454 3430 578 3484 mutare
605 3429 745 3484 naturas.
775 3422 861 3485 Unde
895 3421 1062 3503 productio
1097 3442 1203 3485 rerum
1258 3427 1396 3490 visibilia
1420 3436 1452 3490 et
1475 3428 1659 3507 invisibilia,
1681 3436 1757 3511 puta
1780 3428 1916 3511 angelos,
1935 3446 1987 3490 cm·

454 3528 519 3581 tam
543 3520 742 3582 diversarum
767 3539 806 3582 ex
831 3519 894 3583 illis
923 3520 1087 3601 particulis
1112 3522 1202 3603 grani
1258 3526 1324 3588 lum
1345 3535 1377 3589 et
1396 3535 1522 3606 terram,
1544 3527 1639 3589 simul
1662 3528 1793 3607 creavit,
1808 3546 1903 3609 quum
1923 3525 1987 3589 scri·

455 3618 577 3699 praelati
593 3637 793 3700 nequaquam
809 3618 963 3681 naturalis
978 3620 1101 3682 luisset.
1118 3620 1203 3683 Istud
1258 3633 1348 3706 ptum
1363 3625 1405 3687 sit
1417 3624 1465 3687 :ln
1481 3624 1642 3706 principio
1657 3625 1778 3688 creavit
1791 3626 1871 3688 Deus
1885 3624 1986 3687 caelum
1998 3646 2069 3691 ean.

454 3734 581 3800 quoque
620 3717 737 3781 divine
771 3716 941 3799 Scriptura
980 3719 1201 3782 contrariatur.
1258 3732 1289 3785 ct
1304 3732 1431 3785 terram.
1449 3722 1506 3785 Ubi
1529 3742 1587 3805 per
1608 3722 1724 3785 coelum
1740 3723 1951 3805 intelliguntur
1962 3730 1987 3783 et

307 3838 391 3889 remi.
406 3843 438 3884 u.
455 3815 615 3897 Scriptum
637 3824 686 3877 est
706 3815 793 3877 enim
811 3839 818 3877 :
836 3816 917 3879 Dixit
930 3816 1025 3894 licus,
1041 3817 1204 3881 Germinct
1258 3821 1363 3903 angeli
1387 3820 1499 3884 incole
1524 3822 1609 3885 coeli.
1635 3820 1703 3885 Non
1732 3841 1807 3903 ergo
1835 3840 1890 3903 per
1914 3820 1987 3883 mille

453 3922 539 3975 terra
561 3913 691 3976 herbam
716 3914 874 3977 virentem
898 3923 929 3976 et
956 3913 1127 3977 facientem
1156 3936 1204 3979 se-
1258 3937 1358 3984 snnos
1373 3920 1478 4002 angeli
1500 3928 1574 3983 ante
1588 3920 1685 3982 Adam
1709 3920 1884 3983 inhabitare
1899 3938 1988 4001 crepe-

453 4030 541 4088 men,
567 4018 598 4073 et
622 4011 746 4092 lignum
771 4012 965 4094 pomiferum
991 4013 1113 4075 iaciens
1138 4015 1203 4077 lru·
1259 4027 1332 4080 runt
1346 4018 1808 4099 terram.Secund0,quoniam
1824 4018 1988 4082 terralacta

454 4119 540 4173 ctum
563 4109 654 4190 juxta
677 4130 779 4191 genus
801 4130 906 4191 suum,
923 4111 1016 4192 cujus
1041 4130 1150 4175 semen
1169 4112 1203 4175 in
1258 4124 1306 4179 est
1330 4116 1433 4198 prima
1456 4117 1519 4195 die,
1536 4124 1567 4179 et
1591 4116 1689 4178 Adam
1716 4125 1803 4180 sexta
1826 4118 1887 4197 die,
1910 4124 1940 4179 ut
1960 4116 1986 4177 in
1998 4124 2086 4173 rursu·

454 4209 626 4289 semetipso
661 4208 702 4269 sit
736 4227 831 4290 snper
866 4218 993 4273 terram.
1022 4210 1129 4293 ltaque
1165 4230 1203 4274 ex
1219 4216 1242 4277 D
1257 4214 1371 4279 Genesi
1386 4216 1504 4278 dicitur
1520 4238 1527 4276 :
1545 4214 1654 4295 sicque
1670 4223 1752 4279 terra
1766 4234 1831 4279 non
1851 4215 1912 4278 luit
1928 4220 1988 4277 ante

454 4306 609 4369 Creatoris
633 4306 831 4370 institutione
856 4326 892 4369 ac
916 4306 1061 4388 jussione
1081 4310 1203 4373 semina
1257 4315 1356 4377 idam
1372 4334 1429 4397 per
1443 4313 1532 4376 mille
1553 4332 1664 4390 annos,
1683 4312 1747 4377 imo
1763 4332 1827 4377 non
1849 4314 1929 4377 ultra
1944 4330 1988 4375 sex

454 4424 561 4467 rerum
583 4414 712 4468 causata
732 4414 816 4483 sunt,
833 4423 898 4468 uon
918 4425 957 4469 ex
978 4407 1108 4489 praelata
1129 4410 1203 4473 lida
1257 4414 1336 4476 dies.
1348 4412 1621 4493 Tertio,quoniam
1637 4412 1759 4494 angelis
1775 4431 1839 4476 non
1854 4411 1990 4495 competit

455 4504 650 4587 operatione.
1257 4510 1400 4574 hahitare
1415 4511 1448 4574 in
1463 4512 1620 4589 terra,sed
1636 4510 1667 4573 in
1683 4510 1816 4590 coelo,et
1830 4511 1988 4593 presertim

495 4602 667 4683 Postremo,
684 4603 717 4666 in
733 4612 882 4684 praetacta
902 4603 1004 4666 fertur
1024 4606 1203 4685 responsio·
1258 4610 1282 4673 si
1300 4610 1345 4673 sic
1361 4608 1432 4691 luit,
1450 4611 1510 4673 hoc
1532 4618 1590 4688 est,
1607 4609 1714 4671 sitam
1735 4609 1791 4671 diu
1813 4618 1887 4673 ante
1905 4611 1988 4673 Adam

455 4722 507 4780 ne,
524 4702 609 4783 qnod
625 4721 721 4764 unam
744 4703 848 4785 rapuit
869 4702 1001 4785 spicam,
1018 4712 1050 4766 et
1064 4705 1203 4767 comedit
1257 4708 1354 4771 creati
1371 4708 1510 4770 luerunt.
1527 4707 1615 4782 Quod
1636 4707 1721 4769 enim
1736 4728 1823 4771 nunc
1845 4708 1989 4772 interdum

454 4821 493 4865 ex
520 4821 558 4864 ea
582 4799 645 4864 duo
673 4820 783 4882 grana,
805 4802 931 4883 duoque
957 4803 1093 4865 contulit
1116 4804 1198 4867 Evae.
1257 4808 1291 4870 in
1317 4807 1408 4869 terris
1432 4815 1516 4884 sunt,
1543 4815 1672 4888 propter
1699 4806 1848 4870 homines
1875 4806 1988 4871 accidit.

453 4900 538 4963 Istud
554 4900 685 4963 omnino
701 4909 856 4982 repugnat
871 4901 1040 4982 Scripturas
1050 4924 1057 4961 :
1068 4902 1143 4983 quia
1154 4905 1202 4983 (m
1257 4906 1421 4987 Similiter,
1436 4923 1536 4986 quum
1550 4904 1655 4986 angeli
1678 4905 1775 4986 aliqui
1791 4912 1990 4987 peccaverunt

307 5016 440 5069 reseas-s.
454 4999 488 5063 in
502 4998 617 5063 Genesi
632 4999 795 5079 scribitur)
809 4998 885 5078 Eva,
894 5000 1045 5062 suadente
1059 5000 1198 5079 diabolo,
1256 5014 1287 5067 et
1311 5005 1471 5067 demones
1492 5001 1567 5065 iacti
1587 5012 1672 5082 sunt,
1688 5021 1753 5065 non
1774 5002 1836 5066 luit
1854 5004 1902 5067 eis
1921 5013 1990 5067 terra

454 5098 558 5182 prima
576 5098 700 5180 accepit
717 5098 858 5160 lructum
877 5096 999 5161 arboris
1019 5098 1198 5179 prohibite,
1255 5123 1314 5186 pro
1342 5102 1546 5166 habitationis
1575 5100 1645 5165 loco
1670 5102 1841 5183 assignata,
1868 5104 1923 5167 sed
1946 5120 1990 5164 uer

455 5198 653 5279 comeditque
668 5196 875 5277 inde,deinde
890 5196 959 5260 vim
973 5216 1030 5260 suo
1043 5198 1118 5261 inde
1132 5218 1201 5280 por·
1256 5200 1451 5283 caliginosus
1466 5209 1521 5264 aut
1535 5208 1682 5278 tartarus,
1699 5208 1734 5263 ut
1752 5200 1929 5266 beatissimi
1945 5202 1990 5265 do

455 5299 546 5380 rexit,
556 5296 613 5381 qui
630 5297 769 5361 comedit
783 5315 821 5360 ex
836 5313 885 5360 eo.
897 5296 993 5360 hlulta
1007 5316 1084 5380 ergo
1100 5298 1200 5362 conti-
1256 5308 1390 5364 cuerunt
1411 5298 1565 5383 Apostoli.
