4309 6250
466 475 526 540 ott
558 493 598 540 nn
618 491 825 540 incrusurum
847 489 940 536 suurn
961 487 1129 536 ruurnrors
1149 487 1187 533 ar
1207 487 1376 534 ememus
1397 487 1535 545 concino,
1558 490 1647 538 uram
1667 491 1712 538 nr.
1736 511 1775 522 -
1795 494 1865 539 mr.
1884 495 1955 540 mv

717 589 745 642 ,a

467 663 547 726 tavit
566 662 708 726 Ecclesia
726 662 862 736 Petrum,
885 668 1034 739 tanquam
1055 675 1216 720 summum
1231 658 1256 719 A
1273 676 1367 738 qoam
1387 658 1420 720 in
1439 659 1582 723 Ecclesia
1606 661 1657 722 vel
1683 661 1830 742 concilio,
1845 664 1887 726 sic
1907 643 1986 746 inagis
2083 650 2084 725 i

468 769 500 824 et
521 759 734 823 universalem
758 765 927 840 pastorem.
1272 755 1458 820 denominat
1481 757 1573 820 illum
1596 778 1691 840 quam
1717 759 1805 823 illam
1829 761 1876 824 vel
1899 762 1985 825 illud:

328 872 381 916 Aet.
396 875 453 922 zur
510 859 631 938 Postea,
647 875 745 938 quum
767 855 800 918 in
822 854 960 918 concilio
981 872 1094 934 magna
1113 852 1218 934 inqui·
1273 853 1382 934 sicque
1402 855 1491 917 nulla
1509 856 1710 937 particularis
1728 857 1932 922 ecclesiastice
1947 880 1986 942 pc

319 939 342 978 ἰ
353 947 399 990 '⁰4'
470 957 544 1021 sitio
565 956 659 1019 fieret
681 955 720 1018 de
741 953 963 1018 observatione
985 951 1147 1033 legalium,
1163 951 1217 1013 Pe
1273 959 1370 1015 testas
1383 953 1515 1034 aqualis
1529 962 1579 1016 est
1593 955 1741 1036 potestati
1756 956 1854 1037 Papae,
1869 957 1927 1020 imo
1943 979 1985 1021 nec

471 1063 536 1118 trus
558 1055 669 1118 volens
688 1051 835 1115 tractatui
851 1050 951 1114 linem
972 1050 1148 1131 imponere,
1169 1068 1218 1112 re·
1273 1057 1339 1112 tcta
1367 1051 1494 1113 residue
1521 1060 1659 1133 potestas
1683 1054 1895 1118 ecclesiastica
1914 1057 1985 1119 simul
2084 1106 2085 1115 ,

470 1153 579 1217 citavit
606 1152 764 1234 quomodo
793 1151 874 1213 Deus
904 1168 961 1233 per
983 1148 1089 1231 ipsum
1113 1146 1217 1229 primo
1273 1157 1405 1230 accepta
1423 1149 1555 1230 aequalis
1574 1159 1622 1213 est
1639 1152 1788 1232 potestati
1807 1153 1905 1235 papali
1919 1156 1987 1218 absc

469 1249 566 1312 fidem
595 1247 709 1311 Christi
737 1246 911 1327 gentilibus
943 1243 1111 1323 nuntiavit,
1141 1251 1217 1326 puta
1273 1246 1340 1308 lute
1354 1247 1524 1328 loquendo,
1540 1248 1714 1329 praesertim
1730 1269 1827 1330 quum
1842 1251 1872 1312 in
1891 1271 1985 1317 summu

468 1347 614 1412 Cornelio
629 1345 807 1409 centurioni
823 1351 855 1406 et
870 1343 947 1422 suis,
960 1342 1075 1423 quibus
1090 1349 1122 1402 et
1135 1342 1217 1403 Deus
1272 1344 1426 1408 Pontifice
1441 1345 1484 1408 sit
1497 1347 1662 1428 utriusque
1680 1349 1842 1429 potestatis
1860 1359 1950 1414 vertex
1963 1361 1986 1414 et

469 1446 622 1528 Spiritum
643 1444 793 1507 Sanctum
815 1441 984 1508 visibiliter
1008 1439 1106 1502 dedit.
1126 1439 1218 1501 Dein-
1273 1442 1608 1524 plenitudoPraeterea
1621 1453 1670 1508 est
1684 1455 1845 1510 ostensum
1857 1451 1993 1529 quomode⁸
2085 1500 2086 1511 ,

310 1569 316 1580 ·
347 1559 407 1603 rua.
421 1562 453 1603 ru.
469 1547 508 1608 de
523 1543 631 1607 intulit
644 1542 752 1605 Petrus
766 1564 773 1603 :
786 1541 866 1616 Ouid
887 1539 1014 1602 tentatis
1031 1539 1142 1616 Deum,
1158 1537 1218 1600 im·
1272 1540 1373 1604 nihilo
1388 1543 1494 1605 minus
1508 1544 1656 1624 generale
1671 1544 1843 1607 concilium
1862 1557 1985 1627 quantun

469 1661 587 1726 ponere
610 1661 687 1704 onus
708 1638 845 1702 hruneris
870 1637 1111 1719 discipulorum,
1133 1636 1217 1715 quod
1272 1640 1311 1702 ad
1336 1639 1443 1722 alique
1467 1641 1509 1704 sit
1530 1661 1627 1723 super
1649 1642 1778 1724 Papam,
1803 1646 1944 1727 possitque
1962 1646 1984 1709 ci

435 1753 445 1778 ·
468 1739 572 1822 neqire
587 1749 692 1824 putres
707 1739 806 1802 nostri
821 1755 925 1818 neque
941 1753 999 1798 nos
1016 1742 1142 1816 portare
1162 1753 1217 1815 po
1274 1737 1438 1820 praeligerc
1459 1740 1562 1822 legem
1586 1748 1618 1802 et
1641 1740 1786 1821 judicare
1809 1743 1947 1820 eumdem,
1960 1753 1985 1805 ut

329 1857 420 1901 rumis
432 1864 454 1903 eu
468 1840 609 1902 tuimusl
625 1841 691 1914 Quo
705 1837 838 1920 prolato,
855 1835 989 1898 lacobus
1003 1833 1166 1916 apostolus
1185 1841 1216 1896 et
1234 1835 1257 1898 B
1274 1836 1396 1900 dicunt.

320 1933 366 1976 ἠ’
468 1938 587 2001 ibidem
608 1937 746 2018 (scilicet
765 1935 798 1997 in
822 1934 1011 2013 lerusnlem)
1032 1933 1214 2014 episcopus,
1313 1933 1489 2016 Reprobata
1516 1945 1566 2000 est
1598 1936 1696 2017 igitur
1730 1938 1837 2020 opinio
1862 1939 1986 2001 arbitran-
2086 1930 2087 1943 ¹

469 2037 565 2100 verba
579 2036 659 2100 Petri
675 2054 747 2098 mox
761 2032 977 2110 confirmavit,
986 2032 1096 2114 sicque
1110 2050 1217 2094 omnes
1272 2034 1458 2122 tiumquod
1477 2035 1560 2118 Papa
1578 2053 1643 2099 non
1663 2037 1772 2118 praesit
1790 2037 1844 2100 toti
1866 2037 1986 2101 Ecclesia

469 2134 670 2200 concorditer
690 2140 906 2197 assenserunt.
1272 2131 1335 2193 nisi
1356 2131 1497 2210 divisim,
1513 2141 1546 2196 et
1566 2134 1650 2214 quod
1674 2134 1824 2216 generale
1845 2135 1984 2199 consilinm
2087 2210 2088 2213 Ἴ

1273 2229 1314 2292 sit
1336 2230 1480 2294 absolute
1504 2240 1536 2294 et
1560 2231 1749 2314 simpliciter
1773 2252 1865 2316 snper
1883 2233 1985 2316 Papam,

1272 2327 1368 2391 etiarn
1388 2348 1531 2393 seorsum
1550 2331 1784 2394 considerando
1803 2333 1986 2413 sumendcquc

637 2405 881 2471 ARTICULUS
904 2402 1045 2468 XXXV·
1272 2426 1388 2509 Papam
1401 2436 1434 2490 et
1448 2427 1554 2509 ipsum
1573 2429 1748 2492 concilium
1767 2449 1823 2493 seu
1841 2429 1911 2492 illud
1928 2430 1987 2493 resi-

468 2548 626 2623 Epiloqus
633 2547 918 2622 praedictorum
927 2551 1042 2602 contra
1052 2542 1215 2620 quoddam
1271 2527 1381 2589 duum·
1398 2526 1450 2589 Sic
1464 2526 1549 2590 enim
1563 2527 1597 2590 in
1617 2527 1755 2592 concilio
1774 2530 1855 2592 etin
1873 2529 1986 2592 Ecclesia

655 2636 781 2694 dictam
796 2634 1024 2712 quorumdam.
1271 2633 1355 2687 esset
1375 2624 1519 2688 absolute
1540 2625 1699 2707 loquendo
1718 2627 1811 2691 altior
1830 2627 1986 2710 pleniorque
2088 2694 2089 2701 χ

1270 2731 1410 2804 potestus
1424 2742 1498 2786 vere
1512 2743 1550 2786 ac
1566 2724 1704 2806 proprie,
1713 2724 1884 2788 formaliter
1895 2736 1922 2788 et
1933 2725 1987 2787 sub
2088 2742 2089 2807 j

539 2822 639 2886 Dhoc
655 2821 760 2901 itaque
777 2819 870 2882 trium
892 2817 1119 2900 opusculorum
1141 2816 1217 2878 isto
1269 2821 1397 2902 jectiva,
1417 2839 1513 2904 quam
1535 2821 1569 2883 in
1590 2841 1716 2886 summo
1737 2823 1884 2888 Pontihce
1899 2847 1906 2886 ι
1919 2823 1985 2905 quud
2088 2810 2089 2849 l

554 2940 623 2983 rum
646 2918 800 3001 quaejam
825 2918 864 2980 de
889 2915 1074 2979 auctoritate
1098 2913 1216 2978 summi
1271 2928 1319 2982 est
1343 2927 1452 2983 contra
1471 2919 1684 3002 praeinductos
1705 2922 1858 2986 doctores.
1878 2922 1984 3002 llempe,

467 3019 631 3084 Pontificis
647 3037 684 3081 ac
703 3015 861 3098 generalis
881 3013 1011 3078 concilii
1031 3012 1213 3094 compilavi,
1231 3020 1254 3084 G
1271 3036 1369 3098 quum
1393 3017 1483 3100 llugo
1506 3017 1546 3080 de
1571 3018 1602 3080 S.
1624 3017 1763 3097 Victore,
1784 3019 1941 3084 Alexander
1956 3019 1986 3080 dc

465 3117 638 3203 disputatio
670 3113 951 3180 conclusionaliter
973 3120 1024 3175 est
1050 3112 1214 3195 perducta,
1270 3115 1363 3180 Hales
1381 3124 1415 3180 et
1431 3115 1485 3178 alii
1505 3117 1634 3197 quidam
1653 3118 1760 3181 testati
1780 3119 1842 3182 sint
1860 3118 1986 3200 Papuma

471 3219 555 3299 quod
571 3216 720 3281 dominus
737 3214 819 3295 Papa
833 3212 873 3275 sit
887 3211 1164 3292 summus,plenus
1179 3229 1215 3273 ac
1271 3215 1339 3278 solo
1363 3215 1426 3277 lieo
1456 3215 1583 3296 proprie
1606 3214 1766 3296 judicari3
1791 3216 1844 3279 alii
1866 3235 1940 3291 vero,
1961 3222 1987 3275 nt
2089 3221 2090 3300 l

466 3315 626 3398 generalis
647 3314 787 3377 vicarius
811 3310 926 3375 Christi
947 3328 1044 3391 super
1063 3317 1160 3373 totam
1185 3316 1217 3371 et
1270 3314 1477 3389 lleimundns,
1499 3312 1665 3394 Ostiensis,
1690 3314 1896 3394 Innocentius,
1916 3312 1988 3376 Udd-
2089 3317 2090 3342 ³

467 3412 680 3476 universalem
708 3409 896 3487 Ecclesiam,
924 3416 987 3470 tom
1017 3407 1215 3488 conjunctim
1271 3412 1368 3492 ricus,
1384 3418 1458 3489 etc„
1475 3419 1619 3475 asserant
1639 3432 1714 3475 eum
1728 3432 1793 3477 non
1807 3414 1866 3475 nisi
1882 3422 1988 3494 propter

467 3530 562 3594 qnam
577 3510 704 3573 divisim
720 3509 953 3573 consideratam
968 3515 1022 3569 ant
1037 3513 1213 3587 sumptam;
1272 3510 1416 3573 heresim
1440 3508 1567 3591 proprie
1592 3509 1707 3573 dictam
1732 3531 1752 3573 a
1774 3511 1902 3575 concilio
1920 3508 1988 3589 jndi-

466 3609 551 3691 quod
575 3610 652 3671 item
681 3626 738 3689 per
763 3608 851 3689 prius
877 3612 1079 3687 comparetur
1104 3604 1144 3666 ad
1170 3612 1217 3667 tc
1273 3608 1409 3671 candum
1425 3631 1432 3669 :
1450 3616 1571 3670 certum
1587 3609 1734 3689 estquod
1749 3609 1987 3673 secundnmistos

466 3716 530 3771 tem
543 3706 756 3771 universalem
766 3704 942 3768 Ecclesiam
954 3702 1141 3765 militantem
1157 3720 1215 3765 sno
1272 3704 1397 3770 nonsit
1417 3714 1647 3787 superterram
1672 3716 1810 3789 potestas
1833 3707 1926 3787 maior
1944 3722 1988 3787 pc

466 3814 610 3888 tempore
624 3804 840 3881 exsistentem,
857 3821 953 3883 quem
972 3802 1010 3863 ad
1030 3819 1216 3882 quamcum-
1272 3812 1382 3867 testate
1407 3804 1525 3886 papeli,
1541 3803 1605 3867 imo
1630 3824 1690 3868 nec
1714 3806 1854 3887 equalis,
1868 3805 1987 3868 absolute
2064 3881 2068 3888 ι

466 3923 528 3986 que
542 3902 718 3966 Ecclesiam
734 3900 979 3984 particularem3
996 3918 1117 3976 rursus,
1130 3899 1216 3979 qnod
1271 3902 1440 3983 loquendo.

465 4003 569 4085 ipsum
590 4020 717 4083 quoqne
736 3999 883 4081 generale
903 3998 1086 4079 concilium,
1102 4017 1216 4061 secun·
1310 4000 1455 4082 Amplius
1478 4007 1595 4078 antem,
1619 4001 1794 4082 praesertim
1816 4001 1848 4063 in
1871 3998 1987 4063 secundo

465 4104 541 4165 dum
556 4102 681 4164 Petrum
695 4100 735 4162 de
749 4097 870 4161 Alliaco
887 4107 918 4159 et
932 4098 1011 4160 elios
1026 4096 1146 4179 plnres,
1159 4116 1217 4178 per
1270 4097 1437 4181 opusculo,
1458 4098 1555 4161 variis
1576 4099 1877 4164 considerationibus
1893 4106 1935 4162 ast
1949 4116 1989 4161 os

465 4198 734 4281 comparationem
750 4198 790 4259 ad
803 4196 918 4279 Papam
933 4196 975 4257 sit
988 4196 1133 4275 quedam
1148 4214 1216 4276 par·
1231 4197 1256 4260 D
1271 4206 1408 4277 tensum,
1432 4198 1518 4278 qnod
1543 4196 1626 4280 Pepa
1649 4198 1758 4280 presit
1779 4198 1835 4262 toti
1861 4195 1988 4261 Ecclesia

465 4298 607 4362 ticularis
621 4294 763 4359 Ecclesia
777 4294 870 4376 cujus
884 4293 967 4376 Papa
982 4302 1030 4356 est
1044 4301 1155 4376 caput;
1166 4295 1215 4357 in·
1270 4295 1367 4361 simul
1382 4304 1531 4377 acceptae,
1542 4302 1692 4377 tanquam
1707 4305 1811 4378 capnt,
1820 4304 1919 4379 pastor
1929 4310 1990 4376 pon·

466 4416 572 4479 super,
598 4395 683 4476 quod
707 4393 883 4476 plenitudo,
909 4400 1016 4454 vertex
1041 4411 1079 4454 ac
1105 4411 1215 4474 supra·
1270 4393 1538 4478 tilexqueipsins,
1555 4402 1752 4476 ettanquam
1770 4414 1906 4457 summus
1921 4392 1989 4454 hier

467 4496 559 4557 mitas
587 4492 810 4557 ecclesiastice
836 4490 998 4573 potestatis
1023 4490 1056 4552 in
1081 4490 1149 4553 solo
1173 4491 1214 4554 sit
1270 4494 1365 4558 arche
1380 4483 1558 4577 unicusque
1572 4494 1754 4557 monarche.
1769 4494 1804 4556 ln
1819 4492 1988 4576 primoque

466 4612 591 4656 summo
616 4592 769 4655 Pontifice
795 4610 880 4671 vere,
900 4590 1039 4672 proprie,
1061 4589 1214 4653 exsisten-
1270 4613 1331 4675 que
1352 4592 1460 4656 libello
1485 4592 1651 4655 inductum
1675 4600 1724 4653 est
1748 4590 1988 4673 quemadmodum

359 4680 364 4687 ’
467 4692 592 4769 tialiter,
615 4691 675 4754 hoc
695 4699 743 4753 est
764 4688 940 4769 subjective
960 4696 1053 4769 atque
1072 4686 1214 4751 formali-
1268 4691 1367 4773 aliqui
1387 4690 1496 4753 dicant
1514 4689 1725 4778 universalem
1746 4689 1913 4753 Ecclesiam
1930 4705 1989 4749 con

466 4801 533 4871 ter;
550 4790 582 4853 in
606 4789 779 4853 universali
802 4807 877 4851 vero
896 4786 1038 4850 Ecclesia
1057 4788 1142 4851 etin
1161 4807 1214 4870 ge-
1269 4788 1399 4852 siderari
1415 4807 1508 4871 posse
1522 4788 1713 4872 dupliciter:
1733 4806 1796 4859 nno
1811 4788 1899 4851 modo
1912 4790 1989 4847 otest

466 4890 567 4954 nerali
587 4888 725 4953 concilio
743 4887 785 4949 sit
802 4887 923 4969 tropice
942 4896 974 4949 et
993 4886 1099 4967 uliquo
1118 4888 1213 4950 modo
1269 4906 1383 4968 corpus
1412 4886 1594 4967 mysticum,
1620 4888 1704 4968 qnod
1732 4884 1826 4953 donis
1853 4892 1882 4947 et
1906 4879 1990 4945 chari·

465 4989 628 5070 aequivoce
645 5011 652 5049 :
670 4988 713 5050 ite
728 4987 812 5068 quod
829 4984 863 5047 in
878 4984 1021 5048 Ecclesia
1040 4984 1213 5048 universali
1269 4985 1423 5047 smatibus
1445 4984 1564 5066 regitur
1583 4985 1768 5067 gratiarum,
1784 4999 1818 5052 et
1836 4984 1880 5047 sic
1898 4980 1990 5042 dicunt

465 5088 582 5151 dicitur
610 5106 680 5150 esse
709 5084 859 5162 finaliter,
887 5084 920 5146 in
947 5084 1083 5147 concilio
1107 5092 1212 5148 autern
1267 5085 1382 5165 Papam
1398 5102 1462 5145 non
1477 5103 1546 5146 esse
1561 5092 1657 5166 capot
1675 5084 1832 5153 Ecclesiae
1845 5080 1919 5169 3alic
1936 5095 1990 5140 mu

466 5184 732 5269 representative.
760 5184 857 5261 Unde,
884 5183 967 5245 sicut
995 5184 1097 5264 magis
1125 5202 1209 5261 vere,
1267 5184 1308 5247 do
1326 5190 1361 5244 nt
1380 5190 1430 5245 est
1453 5200 1569 5264 corpus
1592 5182 1773 5266 politicum,
1790 5192 1882 5270 quod
1891 5177 1989 5257 absque

466 5284 593 5371 proprie
607 5292 639 5348 et
654 5282 779 5347 realiter
798 5290 847 5345 est
866 5283 899 5345 in
919 5300 1043 5345 sommo
1058 5280 1212 5345 Pontifice
1267 5281 1393 5344 influxu
1422 5280 1604 5344 divinorum
1634 5282 1873 5354 charismatum
1899 5274 1989 5342 tsine
