4309 6250
432 493 472 541 ort
492 493 656 541 oronrrarrr
677 492 715 539 ιιι
736 492 883 541 eruemus
904 493 931 539 a.
955 492 985 537 v.
1008 492 1126 555 ιιιιιιιι,
1148 492 1237 540 rum
1257 494 1290 540 ιι.
1313 512 1354 525 -
1373 494 1446 541 aar.
1467 495 1545 543 ιιιιι
1732 474 1773 539 11

207 660 354 744 ideoque
375 670 408 725 et
426 664 509 745 quod
531 670 680 726 nascetur
699 681 737 726 er
756 671 787 727 te
806 669 963 741 sanctum,
980 662 1006 725 A
1021 661 1160 726 donosor
1182 670 1269 746 patet
1286 662 1321 725 in
1339 662 1480 743 Daniele,
1501 672 1534 727 et
1551 665 1592 727 de
1609 662 1771 727 Pharaone

209 761 386 824 vocabitur
399 761 500 824 Filius
514 760 623 823 lleiln
639 780 702 843 qua
717 760 825 842 utique
841 779 966 843 respon·
1002 798 1008 807 ·
1023 760 1055 821 in
1070 758 1195 823 Genesi.
1208 761 1311 836 Quum
1326 760 1424 843 igitur
1438 762 1651 825 sacratissima
1665 760 1771 824 Domi-

209 858 308 922 sione
328 858 592 939 superbenedicta
612 858 749 921 Trinitas
770 858 963 939 designatur.
1022 876 1062 919 na
1082 856 1179 920 fuerit
1198 877 1216 920 a
1237 858 1394 922 filiosuo
1415 860 1575 923 adorando
1599 859 1770 923 constituta

210 954 249 1017 Si
278 956 376 1039 igitur
398 955 592 1019 electissima
617 956 670 1019 Dei
696 974 812 1037 sponsa
836 974 872 1019 ac
898 954 968 1018 filia
1022 956 1346 1035 materetadvocata,
1363 956 1517 1038 reginaet
1531 967 1650 1037 custos,
1666 964 1772 1039 prote-

210 1054 285 1135 jam
313 1062 385 1117 ante
413 1055 550 1117 nescivit
577 1054 762 1136 mysterium
790 1054 964 1131 Trinitatis,
1021 1052 1101 1115 ctrix
1116 1062 1148 1115 et
1161 1052 1300 1135 adjutrix
1314 1054 1411 1117 totius
1425 1054 1594 1118 militantis
1607 1054 1769 1133 Ecclesie,

210 1171 282 1215 non
294 1151 499 1215 intellexisset
510 1152 746 1235 responsionem
758 1152 840 1214 hanc
852 1150 965 1234 ipsam,
1021 1150 1129 1213 decuit
1152 1152 1181 1213 ei
1204 1151 1341 1233 plurima
1367 1152 1500 1215 revelari
1524 1154 1563 1215 de
1588 1160 1682 1233 statu,
1700 1170 1771 1233 pro·

211 1250 463 1333 videlicet,quid
479 1270 535 1332 per
550 1250 703 1333 Spiritum
719 1250 966 1331 Sanctum,quid
1022 1266 1126 1327 cessu,
1151 1257 1268 1311 eventu
1291 1249 1442 1313 Ecclesiae
1470 1248 1648 1328 militantis,
1674 1258 1710 1312 ut
1732 1269 1770 1313 ex

211 1368 276 1430 per
291 1349 411 1411 Patrem
427 1348 497 1411 Filii
511 1348 566 1411 Dei
583 1348 783 1424 innueretur3
796 1368 856 1410 nec
871 1366 967 1429 agno-
1023 1344 1149 1409 iflomm
1182 1348 1430 1429 precognitione
1457 1347 1558 1429 magis
1587 1357 1771 1429 procuraret

210 1445 318 1508 visset
330 1465 371 1508 an
386 1445 484 1508 Pilius
498 1445 554 1507 Dei
569 1464 664 1526 quem
680 1454 746 1508 erat
761 1452 964 1529 conceptura,
1022 1462 1057 1507 ac
1074 1452 1216 1507 tueretur
1228 1444 1349 1509 bonum
1364 1446 1525 1509 Ecclesiae.
1542 1446 1691 1520 Quamvis
1712 1446 1770 1509 ita-

211 1552 303 1605 esset
322 1542 411 1605 filius
435 1542 588 1606 naturalis
613 1542 758 1625 Patrique
782 1542 964 1625 coequalis,
1021 1560 1084 1623 que
1104 1542 1145 1605 de
1169 1550 1279 1607 sancto
1304 1551 1448 1607 cantetur
1470 1543 1589 1607 loanue
1613 1544 1767 1626 apostolo,

212 1659 258 1702 arr
274 1640 379 1723 potius
394 1641 561 1724 adoptivus
579 1663 586 1701 :
601 1641 734 1722 ideoque
745 1641 785 1704 de
799 1640 849 1703 his
864 1642 967 1705 omui·
1021 1640 1105 1721 quod
1121 1659 1283 1721 nunquam
1300 1640 1380 1703 vidit
1393 1649 1440 1703 tot
1454 1650 1574 1704 secreta
1595 1661 1693 1723 purus
1713 1642 1770 1705 bo-

211 1736 278 1799 bus
294 1736 408 1801 fuisset
422 1738 510 1820 prius
532 1739 716 1801 erudienda.
732 1738 810 1817 furo,
828 1739 912 1801 sicut
932 1738 966 1801 in
1022 1755 1073 1800 mo
1094 1738 1226 1818 purius;
1242 1739 1301 1801 boc
1321 1746 1428 1801 tamen
1449 1738 1586 1820 intelligi
1609 1740 1767 1821 congruit,

211 1835 349 1899 Actibus
372 1837 594 1919 Apostolorum
618 1836 766 1919 leguntur
788 1836 918 1918 quidam
947 1836 1004 1901 aB
1021 1835 1150 1917 dempta
1179 1834 1437 1899 benedictissima
1472 1836 1526 1899 Ilei
1561 1837 1668 1915 ldatre,
1699 1855 1769 1918 qua

10 1956 77 1997 rer.
91 1959 191 2005 ιω.
209 1934 313 1997 Paulo
347 1934 543 2017 intermgati,
574 1935 605 1996 Si
634 1934 784 2018 Spiritum
814 1936 964 1999 Sanctum
1020 1934 1205 2013 praeeminet
1223 1934 1393 2013 universis,
1410 1944 1441 1997 et
1461 1934 1638 2016 privilegiis
1660 1935 1769 2017 singn-

211 2032 383 2113 recepistis
407 2034 596 2095 credentesl
613 2032 759 2114 pmtinus
785 2034 965 2115 respondis·
1020 2030 1140 2093 laribus
1161 2032 1371 2114 maximisque
1393 2032 1570 2115 prefulget.

208 2149 262 2209 se,
278 2130 384 2213 lleque
406 2131 433 2193 si
452 2132 588 2213 Spiritus
613 2131 747 2195 Sanctus
771 2140 820 2194 est
842 2132 965 2195 audivi·
1059 2128 1215 2212 Amplius,
1244 2130 1295 2191 his
1322 2131 1377 2212 qui
1405 2148 1463 2212 pro
1490 2130 1652 2193 communi
1683 2131 1768 2195 burro

207 2248 286 2291 mus
296 2251 303 2307 ;
313 2228 358 2291 sic
375 2229 469 2311 l'irgo
484 2229 695 2307 sanctissima,
706 2230 765 2292 nisi
780 2230 846 2311 jam
862 2230 964 2293 Trini-
1017 2226 1168 2289 Ecclesia
1182 2227 1339 2290 sincerius
1352 2247 1390 2291 ac
1404 2228 1625 2291 vehementius
1643 2237 1768 2291 exstant

205 2327 289 2389 tatis
303 2326 465 2389 habuisset
479 2327 635 2407 notitiam,
648 2346 787 2409 quaerere
801 2327 963 2391 debuisset
1018 2323 1157 2401 solliciti,
1173 2332 1204 2387 et
1225 2344 1283 2407 pro
1301 2324 1339 2387 ea
1357 2325 1533 2387 ferventius
1557 2346 1594 2389 ac
1619 2326 1768 2409 frequen-

204 2425 253 2487 ab
278 2425 390 2506 angelo
407 2448 414 2485 ε
432 2424 512 2500 Quid
536 2444 593 2507 per
618 2426 771 2507 Spiritum
798 2426 960 2509 Sanctum,
1018 2422 1082 2484 tius
1096 2424 1319 2505 deprecantur,
1335 2422 1518 2486 revelantur
1530 2424 1668 2488 ubertim
1683 2444 1768 2505 qua)-

203 2522 291 2603 quid
315 2540 371 2603 per
390 2522 539 2585 virtutem
557 2523 724 2601 ditissimi,
740 2522 817 2605 quid
838 2543 895 2606 per
914 2524 963 2587 Fi·
1017 2520 1090 2583 dam
1106 2522 1278 2585 secretiom
1292 2540 1329 2584 ac
1343 2520 1451 2583 lutura
1465 2523 1692 2586 concernentia
1705 2532 1768 2586 sta-

203 2620 294 2681 lium
309 2619 363 2682 Dei
380 2619 551 2701 designasl
1018 2626 1085 2681 tum
1109 2618 1271 2697 Ecclesiae,
1288 2638 1345 2701 pro
1370 2620 1586 2685 consolatione
1611 2620 1764 2702 ipsorum,

1018 2717 1067 2779 vel
1094 2725 1129 2779 ut
1152 2717 1322 2781 instantius
1346 2726 1438 2781 orent
1461 2736 1519 2800 pro
1548 2718 1628 2801 ipsa.
1653 2718 1767 2794 Quem·

389 2828 635 2894 ARTIGULUS
657 2829 783 2895 xv111,
1017 2816 1188 2878 admodum
1222 2824 1330 2879 autern
1367 2815 1636 2881 affectuosissima
1670 2826 1766 2900 atque

1017 2913 1219 2977 sanctissima
1240 2914 1330 2996 virgo
1344 2914 1439 2977 llaria
1452 2914 1486 2977 irr
1501 2914 1631 2977 caritate
1649 2915 1765 2979 Christi

979 3012 1046 3077 Get
1078 3012 1293 3092 proximorum
1323 3012 1615 3095 incomparabiliter
1641 3013 1766 3077 fervida

1017 3108 1080 3172 fuit
1090 3108 1274 3192 jugiterque
1287 3110 1441 3194 perfecta,
1456 3111 1503 3174 sic
1524 3129 1582 3194 pro
1603 3112 1765 3176 communi

42 3231 188 3281 omna.
286 3212 439 3280 conss!
449 3212 493 3270 ad
504 3211 753 3286 prophetissam,
761 3221 792 3272 et
805 3215 959 3290 coacepit.
1016 3206 1101 3270 bono
1115 3207 1276 3285 Ecclesiae,
1292 3227 1350 3290 pro
1364 3208 1452 3271 omni
1467 3208 1611 3290 profectu
1625 3227 1662 3272 ae
1682 3209 1766 3272 salu·

297 3308 419 3383 Quanto
435 3307 536 3387 maior
557 3315 605 3369 est
626 3308 746 3390 puritas
768 3309 883 3372 mentis
905 3310 963 3373 hu·
1017 3313 1047 3366 te
1071 3303 1232 3384 fidelium,
1253 3324 1311 3388 pro
1339 3305 1538 3370 incremento
1566 3307 1764 3370 credentium

207 3424 316 3468 marrae
335 3413 367 3467 et
385 3403 584 3467 familiaritas
606 3424 643 3470 ac
662 3405 802 3468 amicitia
828 3407 898 3488 ejus
921 3408 961 3470 ad
1016 3411 1111 3484 atque
1144 3404 1323 3466 constantia
1349 3403 1444 3486 plena
1470 3423 1696 3468 conversorum
1724 3406 1764 3468 ad

205 3503 324 3580 Deum,
342 3511 427 3565 tanto
449 3501 609 3584 copiosius
628 3501 804 3566 illustratur
818 3505 858 3567 ab
877 3504 959 3588 ipso,
1016 3499 1128 3582 fidem,
1143 3501 1424 3565 vehementissime
1438 3501 1499 3565 fuit
1514 3503 1661 3583 sollicita,
1676 3503 1766 3566 inde·

206 3609 246 3664 et
259 3601 351 3683 plura
366 3608 461 3682 atque
477 3600 597 3682 majom
612 3609 732 3666 secreta
746 3601 850 3666 solent
863 3603 893 3666 ei
908 3603 962 3666 de-
1017 3599 1160 3662 sinenter
1183 3619 1221 3662 ac
1244 3600 1481 3663 ferventissime
1504 3619 1599 3664 orans
1620 3625 1627 3662 ι
1644 3601 1765 3666 idcirco

206 3719 311 3782 super
334 3698 479 3762 revelari.
500 3698 600 3776 Unde,
623 3699 706 3763 sicut
724 3699 960 3783 praeallegatum
1016 3697 1275 3760 decentissimum
1296 3697 1358 3761 fuit
1375 3698 1468 3781 plura
1485 3706 1517 3761 et
1535 3699 1657 3780 maiora
1675 3699 1704 3762 ei
1724 3699 1765 3762 de

206 3806 273 3876 est,
291 3796 323 3858 iu
338 3795 420 3861 libro
435 3795 604 3879 Sapientiae
618 3796 658 3860 de
672 3797 812 3861 increata
831 3799 962 3881 Sapien-
1016 3795 1249 3877 pertinentibus
1264 3797 1303 3858 ad
1322 3795 1497 3859 Ecclesiam
1519 3797 1656 3880 desuper
1676 3816 1766 3860 reve·

75 3934 140 3970 sn,
179 3895 257 3961 ,tia
292 3894 417 3976 legitur,
447 3894 531 3975 quod
560 3894 593 3956 in
621 3895 745 3958 animas
773 3904 898 3960 sanctas
926 3917 960 3960 se
1016 3891 1087 3955 lari.

207 3991 374 4070 transfert,
391 3991 562 4075 Prophetas
577 4001 608 4056 et
627 3993 747 4058 amicos
768 3994 822 4056 Dei
846 3995 961 4058 consti·
1056 3991 1217 4070 Preterea,
1230 4010 1326 4073 quam
1342 3992 1436 4074 longe
1451 4012 1488 4056 ac
1503 3993 1565 4056 late
1580 3994 1765 4076 evangelica

207 4099 316 4154 tuens.
332 4090 418 4168 Ideo,
441 4091 523 4152 sicut
547 4089 730 4154 beatissima
751 4091 841 4174 virgo
865 4093 960 4158 ldaria
1015 4089 1066 4152 ferr
1081 4089 1184 4153 fuerat
1197 4089 1438 4172 promulganda,
1454 4099 1487 4155 et
1505 4111 1525 4154 a
1546 4092 1670 4155 cunctis
1689 4112 1766 4174 gen-

206 4189 273 4251 fuit
294 4187 430 4269 puritate
456 4187 698 4270 incomparabili
719 4190 877 4268 decorate,
893 4209 961 4254 om·
975 4188 1000 4251 D
1016 4187 1101 4250 tibus
1128 4188 1334 4270 acceptanda,
1359 4188 1535 4273 clarissime
1559 4190 1706 4272 previdit
1730 4191 1764 4254 in

206 4287 433 4369 nipotentique
447 4285 581 4350 Domino
596 4305 719 4350 summe
739 4295 771 4350 et
792 4288 959 4352 inestima-
1015 4285 1141 4367 spiritu,
1161 4286 1237 4348 dum
1262 4287 1447 4368 prophetice
1471 4288 1589 4351 cecinit
1608 4312 1616 4350 z
1636 4289 1764 4353 Beatam
1778 4309 1832 4352 ce.
1844 4324 1857 4358 ι.
1875 4315 1909 4355 re.

205 4384 320 4448 biliter
338 4383 589 4447 familiarissima
610 4393 704 4467 atque
730 4385 904 4466 carissima,
922 4407 959 4452 ae
1015 4403 1066 4446 me
1085 4384 1193 4446 dicent
1211 4402 1322 4448 omnes
1341 4386 1573 4466 generationes.
1595 4387 1682 4450 Tunc
1697 4407 1765 4451 cer-

206 4501 341 4566 prorsus
367 4482 665 4564 precordialissima
684 4483 754 4565 ejus
776 4485 899 4563 amica3
916 4485 959 4549 ita
1015 4481 1136 4544 tissime
1151 4481 1231 4544 vidit
1244 4500 1340 4562 quam
1354 4482 1528 4564 magnifice
1542 4493 1626 4547 esset
1640 4486 1764 4549 laudan·

205 4584 258 4662 (ut
281 4581 392 4661 eredo)
417 4581 598 4663 cognitione
624 4581 857 4663 mysteriorum,
878 4585 960 4648 noti·
1014 4580 1064 4658 da,
1077 4598 1173 4661 quam
1187 4580 1301 4642 devote
1316 4580 1461 4659 colenda,
1471 4600 1566 4663 quam
1582 4592 1764 4647 reverenter

205 4679 253 4742 tia
275 4679 469 4758 futurorum,
487 4679 656 4744 intuitione
682 4689 874 4744 secretorum
898 4681 960 4746 fuit
1014 4697 1050 4741 ac
1075 4678 1186 4740 intime
1210 4677 1374 4760 diligenda
1397 4699 1416 4742 a
1440 4680 1565 4742 cunctis
1592 4689 1659 4746 tuto
1686 4683 1762 4746 orbe

205 4795 274 4860 prae
301 4777 478 4842 viatoribus
506 4777 664 4840 universis
692 4778 957 4843 excellentissime
1014 4784 1169 4839 terrarum
1189 4776 1352 4840 fidelibus.
1369 4776 1555 4856 Noveras,o
1575 4778 1672 4842 ldater
1692 4781 1763 4842 dul-

205 4873 394 4956 adimpleta.
1014 4875 1197 4954 cissima,o
1226 4877 1499 4939 venerandissima
1521 4877 1665 4957 Domina,
1690 4897 1763 4960 pro-

247 4971 404 5055 Denique,
442 4972 586 5054 personis
624 4972 813 5037 sublimibus
849 4993 957 5038 curam
1014 4973 1178 5054 phetatum
1192 4992 1262 5036 esse
1276 4975 1316 5036 de
1331 4983 1386 5037 te.
1403 4975 1532 5037 Vultum
1546 4983 1636 5038 tuum
1651 4977 1762 5059 depre-
1784 5001 1825 5047 ra„
1850 5015 1907 5057 mv,

204 5070 447 5134 communitatis
477 5070 678 5149 habentibus,
704 5072 806 5136 solent
833 5073 957 5136 ostendi
1014 5071 1296 5135 cabunturomnes
1310 5072 1426 5136 divites
1447 5073 1572 5156 plebis;
1588 5074 1757 5156 itemque.
1776 5067 1809 5108 ¹³·

19 5234 100 5278 Μ
109 5229 175 5279 a„
203 5167 499 5232 futuraetsecreta
514 5169 552 5231 ad
568 5170 871 5234 commonebonum
888 5190 959 5253 spe·
1013 5170 1094 5233 Ecce
1129 5171 1220 5252 virgo
1255 5171 1414 5254 concipiet
1446 5180 1479 5235 et
1512 5172 1615 5254 pariet
1641 5153 1806 5236 filium.'⁸·
1775 5216 1885 5262 Mu,

14 5297 91 5342 aen,
93 5294 185 5346 maa
178 5259 351 5332 etantia:
367 5268 636 5349 quemadmodum
650 5269 690 5332 de
705 5287 779 5350 rege
793 5268 958 5333 Nabucho-
1013 5269 1152 5332 Noveras
1167 5270 1206 5332 de
1220 5268 1300 5333 Pilio
1313 5278 1368 5334 tuo
1381 5270 1589 5354 pradictum:
1602 5270 1759 5336 Afinibus
1775 5282 1809 5325 ¹⁶

276 2960 368 3026 Quod
387 2960 554 3018 benedicta
573 2961 666 3036 virgo
684 2962 798 3021 Maria
818 2962 902 3021 dono

373 3048 553 3123 propterte
574 3050 644 3126 suit
670 3060 799 3111 ornata.

1813 5159 1893 5206 vu.f.l
