4309 6250
422 482 462 546 l8
680 499 720 546 nr
741 499 905 548 oronnam
926 499 963 546 nr
984 499 1131 548 caminus
1152 499 1180 545 a.
1204 500 1233 544 v.
1255 498 1372 560 marn,
1395 498 1483 545 cmm
1503 499 1525 546 ι.
1548 517 1589 528 -
1608 499 1677 545 aar.
1701 499 1713 545 ι

423 690 460 734 ac
476 670 586 733 salutis
601 679 736 750 aterna,
752 678 824 752 post
838 668 1038 752 unigenitum
1052 668 1169 732 Filium
1183 669 1209 732 Α
1224 669 1359 732 infantia
1398 670 1438 731 ad
1478 667 1724 733 adolescentiam
1766 667 1974 749 nubilemque

424 788 516 832 suum
540 769 677 851 gloriose
699 767 968 850 ineffabiliterque
989 767 1166 848 praefulget.
1223 765 1974 848 atatem‚celerrimeincomparabiliterquepro

422 867 692 939 Quemadmodum
712 867 797 928 enim
818 866 1079 929 decentissimum
1095 865 1167 944 fuit,
1224 863 1339 926 ficiens
1368 865 1399 926 in
1429 864 1516 926 omni
1541 864 1695 946 sapientia
1724 871 1756 926 et
1784 864 1912 942 virtute,
1940 863 1973 923 in
2139 934 2140 949 χ

422 971 458 1026 ut
478 963 566 1026 illam
588 971 732 1026 naturam
756 983 852 1046 quam
873 963 1000 1026 Creator
1021 962 1168 1024 sublimis
1224 963 1311 1025 omni
1328 962 1561 1044 supernaturali
1583 962 1714 1024 caritate
1729 981 1767 1023 ae
1788 961 1974 1023 illustratio·
2139 1006 2141 1059 γ

420 1081 458 1125 ac
474 1061 618 1124 infinitus
641 1062 742 1126 voluit
756 1081 821 1125 suae
836 1080 979 1144 personae
1000 1081 1037 1124 ae
1058 1059 1167 1124 deitati
1223 1079 1264 1122 ne
1295 1060 1419 1122 interna
1448 1067 1542 1140 atque
1570 1059 1823 1122 inflammatione
1851 1059 1971 1122 divina.
2139 1084 2140 1121 r

419 1160 579 1242 personali
604 1159 831 1241 conjunctione
856 1160 1037 1223 immediate
1062 1159 1166 1238 unire,
1223 1157 1384 1220 «Pulchra
1399 1166 1433 1219 ut
1447 1157 1565 1234 luna»;
1578 1165 1609 1220 et
1624 1165 1709 1220 certe
1724 1157 1882 1238 corporali
1898 1155 1974 1219 luna

418 1258 502 1321 hane
526 1259 613 1322 omni
638 1259 827 1321 charismate
850 1259 957 1340 gratiae
980 1277 1017 1320 ac
1046 1257 1166 1340 gloriae,
1222 1255 1256 1317 in
1280 1275 1336 1317 sua
1358 1256 1480 1337 sphaera
1502 1255 1656 1336 fulgente,
1680 1254 1974 1336 incomparabiliter

418 1355 507 1419 omni
536 1357 651 1419 virtute
683 1356 825 1438 perlecta
853 1376 889 1418 ac
919 1357 1002 1419 dono
1031 1355 1167 1438 Spiritus
1222 1353 1386 1434 pulchrior
1400 1349 1526 1416 mente:
1544 1353 1645 1416 nihilo
1661 1353 1766 1415 minus
1781 1353 1887 1433 aliquo
1906 1372 1973 1416 mo-

419 1453 525 1516 Saneti
551 1473 674 1516 summe
699 1462 731 1517 et
754 1453 1046 1535 incomparabiliter
1075 1453 1168 1516 deco
1221 1451 1262 1513 do
1287 1451 1419 1532 pulchra
1449 1460 1483 1514 ut
1509 1451 1585 1513 luna
1609 1450 1674 1513 illa.
1701 1450 1971 1524 Quemadmodum

419 1559 503 1614 raret
517 1553 628 1615 eodem
650 1551 780 1614 instanti
802 1569 865 1633 quo
879 1571 949 1614 earn
971 1551 1165 1631 assumpsit;
1221 1568 1358 1629 namque
1382 1549 1458 1610 luna
1487 1558 1600 1631 praeest
1627 1568 1664 1610 ae
1691 1548 1792 1610 radiat
1816 1548 1913 1627 nocti,
1940 1557 1972 1610 et
1987 1574 2102 1625 omps,

419 1649 463 1711 ita
487 1649 618 1712 omnino
643 1649 822 1712 condecens
845 1649 917 1728 fuit,
944 1658 979 1711 ut
1002 1648 1165 1729 Virginem
1222 1654 1294 1727 post
1314 1647 1415 1709 solem
1437 1647 1555 1709 clarius
1581 1646 1728 1728 splendet
1749 1646 1782 1707 in
1805 1645 1907 1724 coelo;
1924 1646 1969 1708 sic

418 1746 506 1809 illam
534 1765 629 1828 quam
658 1746 718 1808 sibi
747 1747 787 1809 ab
815 1755 931 1808 caterno
965 1746 997 1807 in
1031 1753 1164 1808 matrem
1222 1742 1435 1806 illustrissima
1465 1744 1559 1826 Virgo
1588 1752 1659 1825 post
1693 1744 1793 1806 solem
1827 1743 1968 1824 justitiae,

417 1842 522 1926 elegit,
544 1864 582 1906 ex
603 1844 696 1925 eujus
721 1845 898 1906 substantia
919 1844 1165 1927 purissimisque
1183 1841 1206 1903 B
1223 1842 1390 1903 Dominum
1402 1842 1509 1904 Jesurn
1525 1841 1694 1920 Christum,
1703 1842 1897 1904 eminentius
1912 1841 1970 1903 mi-

417 1941 626 2023 sanguinibus
648 1949 793 2003 naturam
808 1959 970 2002 assumere
991 1941 1164 2002 humanam
1221 1949 1272 2001 eat
1291 1940 1323 2001 in
1345 1941 1433 2004 omni
1457 1939 1606 2002 militanti
1632 1959 1668 2002 ac
1691 1938 1897 2020 triumphanti
1912 1940 1970 2002 Ee-

417 2039 569 2119 decrevit,
599 2048 670 2121 post
698 2039 800 2120 ipsam
830 2045 1025 2119 assumptam
1054 2039 1166 2100 huma·
1220 2038 1327 2117 clesia,
1362 2037 1513 2100 militanti
1548 2055 1674 2118 quoque
1709 2038 1869 2116 Ecclesia,
1898 2057 1968 2119 qua

416 2137 548 2200 nitatem
576 2137 733 2200 universis
760 2136 870 2218 gratim
894 2156 930 2198 ac
959 2136 1066 2217 gloria
1092 2136 1166 2200 cha·
1220 2137 1458 2217 comparatione
1472 2136 1624 2198 Ecclesiae
1638 2136 1859 2216 triumphantis
1882 2136 1967 2199 noeti

417 2234 599 2296 rismatibus
615 2233 1089 2297 inenarrabiliterexcellentius
1101 2252 1165 2295 mu·
1218 2234 1411 2297 assimilatur
1431 2242 1462 2297 et
1482 2235 1571 2297 sedet
1596 2235 1629 2296 in
1652 2234 1805 2312 tenebris,
1822 2233 1968 2315 speciali-

415 2331 665 2412 nificentiusque
676 2340 811 2412 ornaret,
819 2338 974 2411 quantum
986 2330 1056 2393 sine
1067 2331 1164 2394 dubio
1220 2339 1267 2394 ter
1287 2332 1445 2413 praesidet.
1462 2332 1605 2414 lnsuper,
1619 2333 1752 2415 pulchra
1767 2340 1815 2395 est
1831 2341 1864 2394 ut
1877 2332 1964 2410 luna,

415 2429 522 2492 decuit
545 2430 674 2491 llatrem
701 2429 755 2491 [lei
780 2448 843 2511 prae
865 2429 1022 2491 ministris
1044 2430 1162 2508 ornari,
1220 2430 1251 2492 id
1275 2439 1324 2492 est
1347 2430 1489 2493 Ecclesia
1507 2454 1513 2492 :
1531 2431 1683 2511 quoniam
1703 2430 1838 2493 diversae
1857 2431 1966 2512 gratim

413 2527 543 2590 exaltari
560 2534 653 2606 atque
668 2526 826 2589 deificari.
844 2526 982 2606 Etenim,
1000 2527 1084 2589 sicut
1098 2546 1162 2589 non
1218 2546 1255 2589 ae
1276 2526 1409 2590 virtutes
1429 2547 1499 2609 quae
1525 2528 1557 2589 in
1582 2528 1679 2590 variis
1698 2528 1848 2590 Ecclesia
1867 2547 1966 2590 mem-

414 2625 523 2687 deeuit
548 2633 695 2686 naturam
724 2625 897 2686 humanam
926 2624 988 2686 nisi
1013 2632 1163 2706 praetacto
1218 2625 1284 2687 bris
1300 2624 1430 2688 fuerunt
1448 2626 1522 2688 hinc
1543 2626 1618 2688 inde
1633 2627 1784 2708 dispersae
1799 2634 1831 2689 et
1850 2625 1965 2707 imper-

413 2723 508 2787 modo
523 2721 737 2806 pulcherrime
752 2741 789 2784 ae
804 2721 1095 2804 incomparabiliter
1109 2723 1163 2785 de-
1217 2721 1319 2802 feetae,
1341 2723 1471 2786 luerunt
1494 2731 1526 2785 et
1548 2732 1622 2785 sunt
1646 2723 1679 2785 in
1704 2743 1742 2786 ea
1764 2724 1905 2787 collectae
1927 2743 1964 2786 ac

413 2829 553 2885 coratam
576 2822 695 2885 assumi
721 2841 739 2884 a
768 2822 871 2885 Verbo
896 2829 1024 2900 aeterno,
1047 2830 1079 2884 et
1103 2823 1162 2884 im·
1216 2821 1311 2883 nimis
1326 2821 1485 2902 perfectae.
1496 2820 1630 2884 «Electa
1644 2830 1679 2883 ut
1693 2822 1770 2884 sol»
1785 2822 1879 2903 :quia
1893 2829 1966 2903 post

413 2919 550 2982 mediate
565 2919 649 2982 uniri
664 2919 781 2982 divinae
796 2928 828 2982 et
849 2918 996 2982 increatae
1018 2927 1159 2998 naturae3
1215 2917 1386 2995 Christum,
1403 2918 1621 3001 intelligentiae
1642 2920 1753 3000 solem,
1769 2919 1966 3000 elegantissi-

411 3017 456 3080 ita
480 3017 661 3080 nullatenus
685 3018 802 3081 decens
826 3017 888 3079 luit
911 3034 1080 3098 personam
1103 3016 1161 3079 hu·
1177 3020 1199 3084 C
1216 3035 1268 3078 ma
1282 3018 1517 3098 comprobatur,
1534 3036 1571 3079 ae
1592 3016 1784 3080 electissima
1804 3037 1874 3080 esse
1892 3036 1966 3080 een-

412 3135 541 3179 manam
563 3114 652 3179 effiei
667 3115 723 3179 Dei
738 3115 878 3193 lintrem,
896 3115 1160 3197 incarnatumque
1216 3122 1323 3193 setur;
1349 3114 1456 3196 sicque
1481 3115 1839 3199 supersplendidissimo
1861 3116 1966 3180 Salva·

411 3213 510 3277 Deum
527 3213 609 3275 intra
623 3234 657 3277 se
671 3232 782 3295 gerere
795 3232 832 3277 ac
847 3214 980 3291 nutrire,
997 3213 1060 3275 nisi
1082 3233 1161 3294 prat-
1214 3213 1275 3277 tori
1295 3213 1458 3276 simillima
1480 3215 1677 3296 perhibetur.
1694 3215 1964 3290 Quemadmodum

411 3311 477 3375 fato
492 3312 586 3375 modo
608 3312 855 3393 speciosissime,
871 3312 1102 3394 gratiosissime
1123 3332 1159 3375 ae
1214 3314 1310 3375 etiam
1326 3322 1442 3376 cuncta
1457 3313 1561 3376 sidera
1581 3334 1618 3377 ac
1641 3314 1785 3395 planetas
1804 3315 1851 3377 sol
1866 3334 1966 3397 quan·
2136 3338 2140 3466 q

410 3407 641 3490 gloriosissime
663 3416 877 3491 perornatam.
1216 3412 1314 3492 titate,
1331 3412 1546 3475 luminositate
1566 3421 1598 3474 et
1619 3412 1804 3474 causalitate
1818 3413 1963 3491 excedit3

451 3506 531 3569 lline
559 3506 694 3588 Spiritus
720 3506 853 3569 Sanetus
880 3506 919 3568 de
946 3506 1159 3569 inestimabili
1215 3509 1260 3571 sie
1289 3510 1488 3573 divinissima
1517 3509 1624 3591 Virgo,
1654 3518 1726 3591 post
1754 3510 1886 3572 unicum
1914 3511 1964 3573 sui

409 3603 507 3684 hujus
532 3603 723 3665 beatissimae
744 3603 884 3685 Virginis
909 3603 1108 3682 excellentia,
1124 3604 1157 3666 in
1215 3607 1372 3671 benedieti
1389 3607 1469 3668 uteri
1485 3606 1635 3686 fructum,
1650 3606 1817 3669 universos
1832 3608 1964 3671 Sanctos

410 3701 528 3764 divinis
554 3700 726 3784 Scripturis
751 3701 851 3763 multa
876 3710 907 3763 et
930 3720 1055 3783 magna,
1079 3703 1160 3765 mira
1215 3704 1249 3766 in
1277 3705 1364 3768 omni
1394 3704 1600 3786 perfectione,
1627 3705 1792 3785 sapientia,
1823 3705 1964 3787 pulchri-

409 3807 503 3880 atque
519 3798 680 3879 sublimia,
688 3798 752 3862 imo
769 3798 924 3861 altissima
938 3808 969 3862 et
985 3798 1161 3882 incompre-
1214 3803 1323 3866 tudine
1348 3812 1380 3865 et
1400 3802 1596 3865 fecunditate
1622 3804 1829 3882 transcendit,
1856 3812 1964 3885 utpote

409 3896 581 3959 hensibilia
595 3905 643 3959 est
658 3897 829 3976 locutus,et
840 3898 894 3960 diu
908 3906 1075 3979 antequam
1090 3899 1160 3980 ipsa
1213 3899 1355 3962 Cenitrix
1370 3900 1436 3963 veri
1452 3900 1517 3980 Dei,
1526 3899 1676 3962 salvatrix
1689 3902 1962 3982 mundi,innume

410 4002 484 4057 nata
502 4002 551 4057 est
570 3994 760 4075 praelocutus
782 3995 814 4057 in
835 3996 1010 4076 Prophetis,
1026 3997 1159 4059 Psalmis
1213 3999 1362 4061 rabilium
1383 4018 1510 4080 quoque
1531 4000 1818 4081 perditissimorum
1838 4020 1965 4082 repara-

399 4099 442 4171 et
456 4092 604 4170 Canticis,
621 4094 796 4174 praesertim
818 4093 850 4155 in
866 4093 1003 4155 Cantieis
1019 4094 1158 4158 cantico-
1212 4096 1274 4158 trix
1297 4116 1334 4159 ac
1356 4096 1517 4159 reduetrix
1537 4097 1577 4159 ad
1603 4098 1737 4178 gratiam
1758 4106 1790 4161 et
1814 4099 1960 4161 salutem.

410 4208 491 4251 rum.
514 4188 597 4252 lnter
615 4209 685 4271 quae
704 4209 804 4253 unum
824 4199 872 4254 est
890 4192 974 4272 quod
993 4212 1080 4255 nunc
1099 4212 1157 4275 pro
1174 4193 1291 4257 llHinc
1306 4194 1364 4257 rite
1378 4194 1555 4256 asseritur«
1568 4194 1721 4257 terribilis
1738 4203 1772 4256 ut
1786 4203 1961 4259 castrorum

263 4298 395 4352 tantam.
410 4286 548 4349 themate
563 4294 612 4349 est
626 4286 792 4350 inductum
810 4311 816 4349 :
832 4288 905 4363 Quae
919 4297 967 4350 est
981 4289 1157 4372 (inquiens)
1212 4293 1297 4355 acies
1322 4294 1496 4357 ordinata»
1520 4315 1526 4354 :
1548 4292 1711 4371 terribilis,
1739 4293 1881 4373 inquam,
1907 4296 1962 4358 ad·

408 4382 470 4445 ista
485 4403 555 4465 quae
574 4386 775 4465 progreditur
789 4386 880 4467 quasi
899 4405 1012 4449 aurora
1028 4406 1159 4451 consur·
1211 4391 1361 4454 versariis
1376 4390 1596 4473 potestatibus,
1613 4391 1762 4473 malignis
1782 4392 1959 4473 spiritibus,

408 4498 497 4563 gens,
520 4481 653 4563 pulchra
673 4491 708 4545 ut
725 4483 812 4564 luna,
829 4484 931 4547 electa
949 4492 983 4546 ut
1003 4484 1074 4548 soll
1093 4494 1154 4550 ete.
1210 4496 1304 4570 prout
1325 4488 1385 4551 hoe
1410 4488 1493 4551 infra
1514 4488 1631 4550 elarius
1652 4489 1847 4552 ostendetur.

447 4579 566 4662 Nempe
580 4582 794 4644 sacratissima
813 4581 880 4645 haec
901 4582 1019 4662 Puella,
1034 4603 1073 4647 ex
1093 4594 1157 4648 ute·

407 4696 442 4741 m
458 4697 522 4740 suae
537 4679 724 4742 venerande
739 4699 775 4743 ac
791 4689 907 4743 sanetae
926 4680 1036 4743 matris
1051 4701 1156 4764 egres·
1357 4698 1602 4762 ARTICULUS
1633 4698 1808 4762 pfflpffls,

406 4794 451 4856 sa,
481 4794 555 4839 mox
590 4784 626 4838 ut
660 4776 781 4840 ratione
815 4778 860 4840 uti
894 4778 1024 4861 incepit,
1054 4780 1156 4844 instar

405 4892 526 4937 aurora
549 4874 771 4956 pulcherrima
795 4876 993 4940 consurrexit
1017 4878 1057 4939 ab
1080 4878 1154 4941 imis

404 4972 443 5033 ad
468 4990 603 5051 summa,
629 4979 662 5034 et
689 4972 857 5051 Christum,
884 4974 939 5055 qui
964 4974 1155 5055 splendidis-

1273 4830 1321 4889 De
1346 4829 1539 4897 intentione,
1557 4846 1710 4903 processu
1734 4848 1771 4886 oc
1796 4830 1893 4889 titulo

1443 4918 1544 4993 hujus
1564 4919 1723 4992 opusculi.

403 5066 503 5129 simus
530 5068 599 5131 dies
628 5075 676 5130 est
702 5068 882 5132 animarum
911 5068 1069 5151 fidelium,
1100 5091 1154 5153 pa·
1211 5072 1333 5272 QUI
1343 5077 1510 5135 elucidant
1531 5096 1593 5146 me,
1609 5078 1711 5137 vitam
1724 5085 1881 5137 eternam
1902 5078 1956 5137 Ita-
1971 5109 2097 5160 Qum„

403 5184 532 5247 rumper
552 5164 739 5248 praecessit:
761 5166 871 5246 sicque
893 5168 1154 5249 progrediebatur
1295 5175 1421 5233 debunt.
1439 5172 1472 5233 Si
1494 5173 1592 5235 lleum
1614 5172 1774 5236 excelsum
1789 5181 1820 5236 et
1840 5174 1956 5256 glorio-
1970 5178 2004 5218 ³¹·

403 5262 496 5326 avia
517 5264 554 5325 ad
580 5262 727 5344 patriam,
750 5282 768 5325 a
789 5262 854 5327 fide
876 5266 915 5327 ad
937 5266 1089 5347 speciem,
1112 5269 1153 5331 ab
1208 5289 1279 5333 sum
1315 5269 1348 5331 in
1376 5269 1499 5332 Sanctis
1527 5272 1598 5352 ejus
1629 5271 1758 5335 laudare
1791 5271 1953 5353 jubemur,
