4309 6250
791 516 885 563 musx
905 514 1095 563 777777777000
1658 496 1718 563 747

204 688 288 741 mant
302 685 361 751 alii,
376 687 474 752 64844,
490 690 518 743 04
532 703 630 759 reapse
650 688 747 759 plures
764 688 851 761 Papae
869 687 920 745 illu

206 774 347 848 dignitate
362 777 505 835 cedentes.
522 777 632 833 laudati
648 781 725 843 sunt,
741 778 828 833 6480.

242 866 284 920 44
299 865 436 922 omnibus
451 865 614 923 audiendus
629 871 672 922 est
686 867 761 924 sicut
780 867 918 931 Christus,

206 956 919 1028 nunquamspernendus,609l).sedrerboetope-

205 1062 236 1099 re
249 1044 540 1105 honorandusdtlllb'
551 1048 578 1101 et
589 1062 610 1100 s.
618 1077 654 1089 —
664 1046 865 1103 Obediendum
877 1049 920 1102 est

1007 686 1082 743 listis
1100 691 1227 760 quatuor
1249 688 1433 745 concorditer
1454 686 1606 760 descripta,
1621 684 1717 743 3420.

1006 809 1041 819 -
1059 779 1099 832 lix
1120 782 1200 850 parte
1217 777 1413 835 occidentium
1437 776 1492 834 init
1513 776 1719 849 gravissimum

1007 868 1109 931 scelus,
1129 884 1164 923 07
1188 871 1269 940 parte
1292 867 1437 941 patientis,
1452 867 1532 923 salus
1553 865 1719 930 hominum,

1007 958 1059 1012 343
1068 957 1107 1020 0,
1123 957 1202 1012 4234
1218 961 1247 1013 04
1261 976 1296 1021 0.,
1311 957 1411 1021 4900,
1426 958 1516 1013 iola.
1533 986 1567 997 -
1583 955 1629 1025 Cs.
1641 954 1720 1011 Chri-

1008 1050 1079 1110 stus,
1095 1046 1234 1103 Salvator.

205 1134 241 1195 ci,
257 1136 336 1189 5728
351 1137 379 1189 04
394 1152 426 1197 0.,
443 1134 472 1189 70
493 1135 539 1190 470
559 1151 624 1207 7700
643 1136 813 1193 cathedram
834 1152 917 1192 suam
972 1136 1188 1191 passionali:
1208 1138 1381 1193 Sanctorum
1403 1136 1510 1192 citatur
1526 1137 1561 1191 de
1576 1138 1606 1190 B.
1621 1134 1719 1199 bieria,

206 1228 396 1286 concernunt,
412 1224 490 1279 6090
500 1242 507 1290 ;
518 1227 549 1280 at
563 1224 586 1281 si
602 1241 658 1279 noa
677 1228 793 1281 maneat
807 1225 918 1281 Christo

205 1312 361 1385 subjectus,
369 1312 524 1367 Christiani
540 1312 581 1367 illi
597 1312 713 1369 obedire
729 1330 787 1369 non
803 1315 917 1377 debent,

1007 1225 1112 1285 leoa’,
1136 1228 1165 1282 04
1193 1226 1229 1281 de
1256 1227 1305 1281 SS.
1330 1227 1414 1281 Petro
1441 1229 1470 1281 et
1496 1224 1595 1281 Paulo.
1624 1223 1678 1278 608
1688 1224 1719 1288 B,

1007 1313 1096 1377 6570,
1112 1314 1143 1367 ll.

205 1402 302 1465 6430,
324 1401 393 1473 quia
412 1400 555 1457 minimus
569 1402 662 1458 0740170
677 1403 772 1474 major
786 1406 829 1459 est
843 1404 920 1474 Papa
973 1402 1107 1457 PASTOR
1122 1403 1215 1459 bonus
1230 1404 1325 1475 gregis
1335 1404 1379 1459 sai
1391 1403 1617 1459 tundamentum
1632 1404 1722 1475 quod-

208 1490 328 1553 intideli,
344 1492 426 1546 57444
450 1494 478 1546 04
501 1508 524 1545 s.
539 1522 573 1532 —
589 1492 624 1547 Ut
645 1491 804 1563 adimpleat
825 1490 919 1547 cilicia

165 1610 171 1617 ·
205 1597 258 1636 sua
271 1580 380 1635 omnia.
397 1580 602 1635 admonendus
614 1584 658 1637 est
671 1597 738 1637 cum
755 1580 919 1637 humilitate

205 1674 233 1726 04
257 1669 427 1733 reverentia,
448 1670 544 1732 4790,
565 1674 651 1741 atque
670 1670 918 1735 affectuosissime,

205 1760 304 1823 5800,
317 1761 365 1816 sed
382 1758 495 1829 publice
510 1762 537 1814 cl
553 1759 702 1823 instanter,
714 1760 737 1815 si
753 1762 828 1815 bono
844 1776 921 1817 corn-

206 1848 289 1905 707707
306 1852 354 1905 aut
371 1849 436 1905 lidei
452 1848 619 1905 immineret
634 1849 806 1921 periculum,
822 1851 918 1907 5700.

207 1970 240 1979 -
261 1937 304 1993 4447
325 1938 470 1994 solvendae
490 1942 559 1994 sant
582 1938 703 1995 decimae
727 1940 918 2001 decimarum,

205 2028 306 2083 6484’.
322 2057 358 2068 -
381 2027 486 2083 Forma
510 2028 654 2085 scribendi
678 2028 763 2099 Papae
787 2028 920 2083 humilli-

206 2134 256 2173 ma
278 2120 305 2173 el
328 2114 559 2173 reverentissima
575 2118 753 2189 designatur,
773 2113 864 2174 4744644.
887 2150 920 2159 -

206 2210 252 2279 Cf.
279 2207 416 2279 Apostoli.
443 2206 619 2265 cardinales.
649 2208 799 2269 Cathcdra,
824 2208 922 2264 Conci-

205 2297 290 2359 lium,
311 2296 406 2358 Curia,
423 2295 558 2358 Ecclesia,
575 2296 773 2369 Episcopatus,
791 2298 900 2353 Petrus.

167 2386 366 2442 Panaulsus
389 2385 534 2441 terrestris
561 2384 616 2441 iuit
642 2385 841 2442 habitaculum
867 2387 921 2457 pri·

206 2490 323 2530 morum
346 2475 617 2545 parentum,28513,
633 2478 661 2531 04
681 2491 759 2531 nunc
778 2479 821 2531 est
841 2475 921 2531 habi-

203 2564 335 2619 taculum
361 2563 429 2618 ulie
450 2565 479 2619 el
500 2564 606 2627 Enoch,
624 2565 715 2619 40244.
738 2597 769 2606 -
794 2565 922 2621 Coelestis

1009 1492 1078 1547 dam
1102 1494 1130 1547 et
1152 1493 1242 1548 robur
1264 1493 1405 1558 consistit,
1429 1494 1527 1557 674ος
1547 1493 1632 1549 debet
1654 1508 1723 1547 suos

1009 1580 1141 1636 subditos
1154 1582 1306 1645 instruere,
1321 1582 1421 1646 229h',
1433 1582 1577 1654 corripere
1592 1585 1621 1637 et
1634 1579 1722 1637 corri-

1010 1686 1086 1742 gere,
1107 1672 1170 1725 243.
1186 1704 1222 1713 -
1242 1672 1333 1727 Malus
1359 1674 1466 1743 pastor,
1486 1672 1516 1727 in
1536 1671 1638 1743 lupum
1660 1687 1722 1726 ver·

1010 1776 1068 1822 sus,
1088 1759 1201 1816 amicus
1216 1760 1413 1835 ¹inimicorum
1437 1760 1543 1816 Christi
1569 1764 1596 1817 et
1620 1775 1722 1831 coope-

1010 1852 1089 1905 rator
1107 1848 1260 1913 dremonis,
1276 1866 1365 1920 airam
1385 1850 1423 1905 sit
1441 1849 1626 1905 damnabilis.
1639 1849 1721 1904 5454

1010 1942 1038 1993 04
1057 1956 1080 1992 0.
1103 1969 1134 1979 -
1155 1939 1233 2010 Papa
1255 1942 1298 1994 est
1317 1942 1416 2010 pastor
1434 1940 1594 2010 pastorum,
1619 1938 1721 2002 47840,

1010 2031 1038 2083 04
1052 2030 1150 2098 pastor
1165 2028 1288 2082 humani
1305 2027 1408 2099 gregis,
1419 2028 1510 2082 6530.
1520 2058 1551 2067 -
1563 2027 1608 2097 Cf.
1616 2027 1721 2090 44400,

1009 2116 1206 2188 Episcopatus,
1240 2116 1382 2174 Praelatio.
1421 2116 1632 2179 Sacerdotium,
1667 2117 1723 2171 Su·

1010 2221 1116 2277 perior.

975 2295 1118 2359 PASTOR,
1134 2295 1320 2358 anachoreta,
1336 2295 1421 2367 cujus
1433 2294 1494 2351 rita
1506 2294 1561 2350 4074
1575 2294 1722 2351 abstinen-

1009 2384 1133 2447 tissima,
1157 2385 1246 2447 4320,
1271 2386 1308 2441 ab
1330 2384 1469 2440 omnibus
1492 2384 1626 2441 sensibus
1648 2400 1723 2455 saepe

1011 2473 1132 2528 omnino
1148 2472 1202 2529 luit
1219 2474 1391 2538 abstractus,
1407 2474 1460 2530 432
1468 2473 1509 2529 4’.
1525 2474 1570 2545 (in
1586 2473 1724 2528 44747οΡ0·

1010 2567 1099 2625 trum,
1115 2561 1165 2618 lib.
1182 2580 1208 2625 x,
1224 2578 1286 2633 cap.
1305 2564 1377 2631 467.)

205 2652 368 2723 paradisus,
382 2651 462 2707 locus
476 2651 642 2708 animarum
656 2654 692 2709 ab
708 2653 788 2708 omni
804 2657 921 2725 peccato
974 2652 1259 2707 Paralancaatus
1274 2651 1401 2723 dignitas
1413 2653 1451 2707 ad
1467 2652 1575 2723 Papam
1591 2651 1724 2723 pertinet,

205 2742 408 2813 purgatarum,
431 2740 526 2803 3940,
547 2744 590 2796 004
610 2741 715 2799 coelum
738 2758 918 2814 empyreum,

204 2829 310 2889 2840,
338 2832 366 2884 04
392 2828 581 2900 capacitatem
615 2831 826 2903 cujuscumque
857 2832 920 2887 07717

204 2916 323 2974 70047170
338 2934 371 2973 uc
386 2922 470 2973 terre
489 2918 576 2974 simul
592 2923 776 2990 sumptorum
796 2922 919 2984 excedit,

204 3009 296 3063 3064.
313 3005 430 3079 Fignrat
441 3006 608 3073 Ecclesiam,
627 3011 709 3063 07470
724 3025 811 3080 quam
834 3026 920 3065 nemo

203 3098 330 3154 salutem
354 3095 484 3168 percipit,
503 3096 595 3152 6674.
615 3129 652 3139 -
670 3097 848 3154 Describitur
869 3116 920 3170 pu-

205 3187 342 3243 rissimus
369 3185 601 3242 Christianorum
634 3188 795 3258 paradisus,
820 3189 918 3252 2840,

203 3277 259 3332 408
267 3276 308 3338 0,
325 3275 451 3330 carnalis
465 3292 531 3331 vero
552 3279 580 3332 et
599 3275 806 3347 spurcissimus
825 3278 920 3333 Maho-

205 3365 277 3421 meti
303 3365 466 3436 paradisus,
482 3365 581 3429 2430,
596 3366 697 3427 2780,
722 3368 804 3421 2844
829 3370 857 3422 04
885 3385 918 3432 0.,

204 3455 306 3520 2820,
330 3455 421 3517 2844,
446 3455 474 3516 0,
500 3455 582 3510 3894
608 3459 636 3510 04
660 3473 694 3520 0.,
718 3456 804 3511 4670
833 3461 861 3514 04
884 3475 917 3522 0.,

204 3544 306 3602 4940.
322 3574 358 3584 -
371 3543 415 3615 Cfi
433 3542 593 3599 Beatitado.

168 3634 307 3692 Paneas
323 3632 494 3689 naturaliter
508 3633 617 3704 appetit
637 3633 726 3704 prolis
747 3650 807 3689 saa
825 3635 920 3706 proie-

203 3727 286 3780 ctum
310 3725 338 3778 et
365 3721 595 3794 prosperitatem,
621 3723 720 3785 4420,
745 3726 831 3795 atque
861 3725 918 3780 0470

202 3811 390 3874 thesaurizat,
425 3811 494 3882 quia
526 3810 577 3866 0477
610 3814 763 3882 parentum
798 3814 919 3870 heredes

205 3904 285 3963 sunt,
300 3899 390 3956 3008.
401 3931 436 3940 -
451 3901 513 3964 Orio
528 3915 632 3970 parens
646 3903 673 3955 et
688 3901 783 3970 proles
798 3901 826 3956 in
842 3919 920 3957 com·

205 3989 340 4062 plexione
362 3993 430 4045 strat
453 3987 617 4050 similiores,
636 4005 669 4044 eo
688 3992 732 4045 est
752 3988 827 4046 inter
842 3990 918 4062 ipsos

206 4079 324 4137 dilectio
343 4078 485 4134 naturalis
504 4077 668 4136 ferventior.
686 4080 781 4144 44274;
798 4083 848 4136 sed
869 4099 918 4153 pa-

205 4167 280 4227 renti
297 4168 378 4224 reddi
394 4167 494 4240 nequit
513 4185 529 4224 a
549 4167 609 4222 0170
631 4167 814 4239 aequivalens,
833 4172 915 4226 4540.

204 4257 350 4314 -Primi
372 4261 503 4329 parentes
524 4257 552 4312 in
568 4257 683 4329 justitia
699 4258 834 4329 originali
850 4277 917 4316 con·

205 4348 294 4406 creati
309 4352 386 4412 sunt,
403 4347 499 4410 4470,
516 4348 552 4402 ad
568 4346 756 4402 obtinendem
778 4352 917 4406 aeternam

205 4437 383 4498 felicitatem,
399 4437 452 4490 489
462 4437 491 4500 0,
508 4435 537 4490 70
555 4435 647 4508 gratia
667 4453 781 4508 quoque
802 4441 917 4509 gratum

205 4528 337 4588 iaciente,
348 4527 434 4598 juxta
454 4524 570 4588 multos,
589 4525 694 4587 4470;
710 4527 760 4580 0074
785 4525 813 4580 70
839 4545 920 4598 para·

204 4617 268 4673 diso
283 4613 455 4686 transgressi
478 4615 524 4670 007
546 4617 733 4686 preceptum,
750 4613 817 4670 inde
836 4616 918 4686 ejecti

204 4709 283 4768 suut,
298 4705 386 4760 4890.
403 4704 555 4768 Quomodo
575 4704 721 4774 peccando
745 4703 916 4774 originalem

1010 2740 1059 2813 qui
1075 2744 1118 2796 004
1131 2739 1242 2812 primas
1256 2744 1343 2812 atque
1355 2740 1383 2795 in
1394 2740 1532 2796 omnibus
1545 2740 1724 2812 principalis,

1010 2829 1110 2885 5690.
1126 2860 1163 2869 -
1186 2827 1360 2884 patriarchae
1382 2829 1411 2883 in
1431 2829 1649 2885 consecratione
1673 2846 1727 2885 sua

1011 2934 1067 2973 non
1084 2917 1229 2989 recipiunt
1245 2934 1352 2973 novum
1373 2918 1581 2981 characterem,
1597 2918 1648 2973 sed
1663 2934 1725 2972 am·

1010 3006 1118 3079 pilatur
1136 3006 1165 3061 in
1187 3006 1229 3062 eis
1249 3007 1402 3063 character
1419 3005 1616 3068 sacerdotatis,
1631 3005 1725 3061 6460

1009 3100 1038 3154 04
1060 3114 1082 3150 s.
1098 3129 1130 3139 -
1146 3096 1199 3153 Per
1222 3095 1406 3168 privilegium
1428 3097 1548 3168 possunt
1567 3096 1725 3152 concedere

1011 3183 1142 3256 pellium,
1166 3184 1268 3239 539b‘.
1293 3216 1329 3225 -
1352 3183 1522 3239 Paucissimi
1550 3186 1627 3247 sunt,
1652 3183 1723 3238 dum

1011 3275 1108 3347 plures
1121 3277 1188 3329 sunt
1203 3274 1340 3345 episcopi,
1356 3274 1459 3330 4400.

1046 3359 1229 3421 7047070470,
1254 3359 1305 3415 0477
1331 3360 1379 3416 007
1403 3364 1431 3417 04
1454 3360 1552 3423 amici,
1577 3360 1668 3420 3064),
1689 3362 1724 3416 ab

1009 3449 1129 3507 07077470
1152 3450 1257 3506 mundi
1269 3450 1530 3521 supernaturaliter
1545 3449 1678 3505 instructi
1694 3453 1726 3507 ut

954 3597 955 3600 ,
1010 3539 1202 3596 infallibiliter
1230 3540 1368 3594 docerent
1397 3539 1532 3596 homines
1565 3541 1600 3596 de
1629 3555 1725 3596 neces-

1009 3628 1094 3686 sariis
1117 3630 1152 3684 ad
1178 3628 1312 3691 salutem,
1328 3629 1419 3692 64444,
1441 3629 1527 3685 fidem
1553 3630 1589 3685 de
1612 3628 1727 3684 Christo

1009 3722 1130 3775 venturo
1143 3718 1247 3773 saltem
1263 3717 1724 3789 770017074070404007004,2660.

1011 3839 1043 3849 -
1073 3808 1242 3863 Habuerunt
1265 3806 1454 3871 concubinas,
1479 3824 1530 3862 seu
1554 3824 1660 3863 uxores
1688 3808 1727 3862 le·

1009 3897 1127 3969 gitimas
1141 3895 1339 3959 secundariae,
1351 3897 1440 3960 46440,
1453 3896 1560 3968 plures,
1572 3896 1672 3961 3070,
1689 3914 1722 3953 07

1009 3985 1107 4041 divina
1130 3984 1356 4056 dispensatione,
1382 3985 1477 4049 3084,
1505 3986 1596 4050 4070,
1622 3988 1652 4041 04
1676 4003 1726 4042 au·

1009 4079 1126 4149 geretur
1150 4074 1206 4129 Dei
1231 4074 1327 4130 cultus
1354 4073 1382 4129 ln
1408 4074 1476 4129 liliis
1500 4074 1632 4130 virorum
1656 4075 1725 4132 tide·

1008 4167 1091 4228 lium,
1108 4165 1197 4228 3088,
1213 4165 1304 4219 leon.

970 4254 1180 4316 Pbl'llOCLUS,
1205 4253 1327 4308 Neronis
1351 4253 1499 4325 pincerna,
1524 4254 1724 4318 defunctusa

1007 4347 1033 4400 S.
1051 4344 1140 4401 Paulo
1159 4345 1196 4398 ad
1221 4342 1309 4398 vitam
1334 4345 1471 4400 reductus
1494 4347 1547 4408 004,
1563 4344 1662 4399 4260.
1678 4347 1722 4416 lin

1008 4435 1141 4506 Legenda
1156 4449 1254 4495 aurea,
1270 4450 1332 4504 cap.
1348 4435 1408 4503 83.)

972 4524 1145 4580 PAULlNUS
1164 4523 1226 4593 (S.),
1242 4522 1371 4577 Nolanus
1385 4523 1546 4594 episcopus,
1563 4523 1670 4580 citatur
1689 4527 1723 4581 de

1008 4615 1039 4668 B.
1056 4612 1154 4670 illaria,
1172 4612 1256 4668 4420.
1273 4611 1378 4683 (hiigne
1392 4613 1507 4668 Putrot.
1524 4614 1578 4669 tat.
1595 4617 1666 4669 tom.
1677 4615 1722 4678 64,

1009 4701 1062 4757 col.
1079 4704 1156 4772 445.)

973 4791 1107 4846 PAULUS
1138 4791 1194 4862 (S.)
1225 4789 1382 4861 apostolus,
1417 4790 1513 4861 primo
1546 4792 1722 4849 durissimus

1009 4879 1112 4934 Christi
1134 4879 1262 4935 0740470777
1285 4883 1459 4949 persecutor,
1475 4881 1563 4944 4260,
1581 4881 1722 4937 mirabili·

1007 4971 1051 5022 ter
1065 4984 1220 5023 conversus
1234 4970 1277 5022 004
1291 4970 1319 5022 04
1333 4968 1370 5021 ad
1385 4968 1460 5022 riam
1472 4968 1575 5023 salutis
1585 4969 1721 5034 directus,

1007 5058 1107 5113 3460.
1122 5087 1158 5096 -
1174 5058 1280 5127 Raptus
1296 5055 1349 5111 iuil
1365 5060 1508 5128 usquead
1528 5059 1646 5114 tertium
1668 5077 1724 5117 007·

1009 5147 1081 5210 lum,
1094 5146 1168 5208 840,
1182 5146 1233 5200 432
1241 5147 1269 5206 0,
1282 5147 1310 5199 04
1325 5145 1397 5200 777474
1413 5147 1502 5201 Deum
1520 5164 1570 5218 per
1584 5148 1722 5220 speciem,

1008 5237 1061 5290 366
1072 5234 1112 5297 4’,
1129 5235 1157 5288 70
1176 5235 1229 5289 400
1242 5233 1308 5294 vita,
1324 5234 1426 5290 sallem
1442 5236 1531 5291 semel
1547 5238 1574 5292 et
1592 5238 1629 5291 ad
1650 5240 1723 5293 tem·

1008 5342 1064 5397 pus
1088 5323 1325 5392 determinatum,
1349 5325 1432 5390 86A',
1456 5325 1493 5392 0,
1517 5326 1596 5393 870,
1623 5327 1721 5384 4064’.

198 4792 346 4868 justitiam
362 4790 550 4864 perdiderint,
570 4793 598 4845 04
610 4790 751 4862 originale
766 4795 916 4862 peccatum

203 4881 423 4941 transfuderim,
447 4882 526 4936 2644
557 4884 585 4936 04
610 4899 644 4945 s.,
669 4883 763 4937 isan·
787 4884 814 4938 et
838 4899 860 4938 0.
885 4915 919 4924 -

204 4976 251 5046 Cf.
268 4971 355 5035 Fitise,
372 4971 446 5034 Filii,
462 4971 560 5026 illator.

167 5064 291 5120 Passto
304 5061 456 5122 Christiin
472 5077 531 5132 qua
546 5059 676 5116 relucent
693 5058 738 5114 007
757 5059 918 5116 7770077007-

203 5154 253 5209 dia
267 5157 295 5208 et
305 5150 428 5224 justitia,
441 5151 531 5208 34314,
546 5149 682 5219 praedicta
695 5147 775 5204 inita
789 5151 916 5206 Daniele.

202 5241 294 5302 3424,
310 5239 347 5294 ab
362 5237 499 5292 omnibus
519 5237 678 5308 Prophetis,
694 5239 774 5292 3420
795 5242 823 5294 04
842 5255 874 5303 s.,
891 5241 919 5294 04

202 5346 221 5385 7
235 5327 350 5384 Christo
364 5326 393 5382 in
410 5327 504 5392 07000,
520 5325 621 5394 lala,
637 5330 723 5399 atque
741 5327 777 5381 ab
792 5327 918 5400 Evange-
