4309 6250
445 511 507 576 Μ
540 527 660 576 CONTRA
681 525 767 572 vtrla
788 520 1051 570 surcnsrrrtouttlt
1072 519 1180 576 QUIBUS
1202 517 1291 564 crach
1313 517 1428 564 CULTU!
1450 517 1521 564 vttttl
1543 518 1594 564 Dlll
1616 519 1768 565 sanarum
1790 535 1830 547 -·
1849 519 1915 565 altr.
1937 521 1985 567 1111
2094 535 2095 562 l

444 703 516 780 cita,
532 699 608 783 quia
628 695 813 780 hujusmodi
837 692 991 756 divinatio
1013 689 1195 752 extenditur
1212 689 1236 750 Α
1254 697 1323 752 ctus
1348 709 1386 751 ex
1410 689 1531 772 duplici
1561 698 1665 771 potest
1692 709 1789 754 causa
1817 693 1984 773 procedere,

444 800 484 862 ad
513 798 599 881 quod
624 817 659 859 se
684 793 839 858 veraciter
865 791 1034 854 extendere
1062 787 1193 869 nequit3
1252 786 1402 850 videlicet
1436 787 1591 871 corporali
1627 808 1664 850 nc
1698 789 1865 871 spirituali.
1895 791 1985 864 Ouum

445 906 523 960 tunc
551 896 612 959 erit
638 892 796 956 divinatio
824 888 1045 972 superstitiosa
1073 894 1105 949 et
1134 884 1196 947 illi·
1252 885 1336 948 enim
1352 885 1443 948 bruta
1459 904 1522 949 nou
1538 886 1676 950 habeant
1690 888 1752 949 nisi
1772 887 1906 951 animam
1925 907 1987 950 seu·

446 995 521 1059 cita.
1252 984 1379 1046 sitivam
1399 993 1431 1046 et
1451 984 1534 1046 vires
1553 984 1732 1065 organicae,
1749 985 1911 1066 subjacent
1932 987 1987 1047 dis-

484 1094 646 1158 Postremo
661 1110 726 1153 non
740 1088 868 1170 expedit
890 1085 1028 1150 feciliter
1041 1091 1072 1146 et
1088 1083 1197 1144 iucau·
1252 1082 1402 1164 positioni
1439 1082 1580 1164 corporis
1616 1084 1820 1162 continentis,
1853 1084 1987 1148 videlicet

445 1201 477 1254 te
492 1190 625 1254 somniis
641 1189 781 1265 credere,
794 1185 869 1267 quia
883 1203 922 1246 ex
937 1181 1063 1265 praeviis
1080 1180 1196 1261 cogita-
1252 1181 1345 1258 aeris,
1362 1189 1393 1243 et
1418 1181 1593 1262 praesertim
1619 1180 1799 1244 influentiis
1824 1183 1987 1246 coelestium

446 1288 586 1353 tionibus
607 1295 703 1368 atque
722 1281 999 1364 occupationibus
1015 1279 1195 1358 itemquea
1253 1296 1431 1360 corporum.
1467 1279 1589 1342 ldcireo
1622 1280 1767 1362 quaedam
1802 1281 1987 1362 operationes

445 1387 604 1452 diabolica
622 1383 784 1460 illusione,
802 1379 978 1464 sepissime
997 1377 1091 1439 liunt.
1108 1375 1196 1438 Unde
1252 1378 1416 1440 brutorum
1446 1387 1581 1460 possunt
1608 1397 1677 1441 esse
1703 1379 1795 1462 signa
1822 1379 1987 1443 lutummm

446 1484 501 1567 qui
535 1483 668 1548 somniis
701 1480 769 1544 suis
801 1476 1048 1542 immoderanter
1083 1473 1196 1536 intenti
1252 1485 1435 1557 eventuum,
1452 1476 1485 1538 in
1500 1486 1656 1557 quantum
1678 1477 1916 1542 conformantur
1933 1478 1988 1541 dis·

446 1593 532 1662 sunt,
548 1591 583 1645 ut
604 1581 733 1663 quidam
753 1575 945 1661 phantastici
967 1583 999 1637 et
1019 1572 1195 1652 indiscreti,
1253 1574 1403 1656 positioni
1438 1576 1617 1640 coelcstium
1653 1595 1823 1659 corporum
1854 1597 1890 1641 ac
1916 1577 1988 1640 aeris

446 1682 544 1746 variis
560 1688 669 1764 patent
683 1677 925 1761 deceptionibus
940 1672 1041 1737 hostis
1059 1671 1194 1754 antiqui.
1225 1678 1237 1698 '
1253 1674 1456 1752 continentis,
1473 1695 1511 1738 ex
1526 1694 1588 1756 qua
1604 1668 1814 1759 dispositione
1832 1685 1989 1740 causantur

447 1782 617 1863 Propterea
636 1778 791 1860 scriptum
814 1783 863 1839 est
886 1774 920 1836 in
944 1771 1194 1835 Ecclesiastico:
1253 1772 1348 1854 aliqui
1378 1772 1478 1836 futuri
1508 1783 1651 1837 eventus
1678 1775 1858 1838 Cavendum
1882 1785 1928 1838 est
1950 1785 1988 1838 ta·

345 1894 420 1940 uec.
447 1878 578 1942 Somnia
598 1877 754 1940 extollunt
772 1873 1010 1957 imprudentes3
1026 1870 1116 1953 quasi
1141 1870 1196 1951 qui
1213 1872 1235 1933 Β
1253 1891 1337 1952 men,
1355 1893 1395 1935 ue
1416 1893 1454 1936 ex
1478 1873 1732 1938 consideratione
1758 1875 1867 1937 talium
1891 1894 1989 1957 opera-

299 1971 371 2065 {¹¹¹⁸
390 1961 433 2012 ¹¹³·
447 1975 658 2060 apprehendit
679 1974 824 2037 umbram
845 1982 876 2035 et
896 1969 1098 2054 persequitur
1121 1988 1198 2032 veu-
1253 1971 1376 2035 tionum
1405 1973 1569 2035 brutorum
1599 1973 1677 2035 velit
1704 1973 1776 2054 quis
1805 1991 1988 2055 prenoscere

448 2086 528 2158 tum,
557 2075 735 2139 secundum
768 2074 829 2135 hoc
864 2070 946 2134 visio
975 2069 1195 2144 somniorum;
1254 2079 1342 2133 actus
1358 2070 1482 2134 luturos
1503 2071 1684 2134 intellectus
1699 2080 1731 2134 et
1745 2071 1926 2152 voluntatis,
1942 2073 1989 2153 qui

447 2175 565 2239 multos
580 2193 686 2238 errare
702 2172 849 2236 lecerunt
869 2167 1004 2233 somnia.
1021 2168 1120 2230 Debet
1139 2165 1197 2247 igi·
1253 2169 1431 2232 coelestium
1446 2188 1616 2252 corporum
1631 2168 1803 2233 influxioni
1818 2189 1880 2234 non
1896 2171 1991 2251 subja-

447 2283 500 2336 tur
513 2274 609 2337 homo
623 2273 724 2335 Deum
734 2271 889 2332 instanter
903 2285 1015 2349 rogare
1029 2285 1070 2328 ne
1085 2265 1197 2327 immo-
1254 2277 1337 2348 cent,
1355 2269 1409 2330 sed
1429 2287 1466 2331 ea
1485 2269 1648 2332 dumtaxat
1666 2287 1736 2350 qum
1757 2270 1796 2331 ad
1819 2269 1989 2351 hujusmodi

447 2374 596 2436 deranter
613 2371 745 2435 somniis
763 2369 941 2446 infestetur,
957 2374 990 2429 et
1013 2384 1053 2427 ne
1079 2383 1136 2446 per
1160 2383 1197 2426 ea
1254 2366 1344 2429 bruta
1359 2366 1540 2449 aliqualiter
1559 2367 1730 2449 pertinent.
1748 2367 1908 2450 Siquidem
1928 2368 1991 2431 bru-

447 2470 587 2534 lallatur.
618 2469 779 2551 Scriptum
807 2475 856 2530 est
879 2466 967 2530 enim
995 2462 1197 2547 praeallegato
1254 2473 1295 2546 ta,
1331 2485 1368 2528 ex
1399 2465 1600 2530 ordinatione
1631 2466 1753 2547 divine,
1783 2487 1841 2549 per
1870 2467 1992 2550 impres·
2097 2543 2098 2546 Ἴ

338 2591 432 2637 roras.
447 2564 663 2630 Ecclesiastiei
685 2565 756 2628 loco
773 2587 780 2624 ε
798 2561 886 2625 Sicut
907 2559 1123 2643 parturientis,
1143 2577 1198 2622 cor
1253 2562 1374 2626 sionem
1409 2563 1587 2627 coelestium
1624 2583 1794 2647 corporum
1830 2565 1992 2628 sortiuntur
2097 2581 2098 2586 ¹

446 2675 537 2729 tuum
551 2665 735 2748 phantasias
749 2662 879 2745 patitur,
895 2661 958 2724 nisi
974 2659 1071 2723 luerit
1084 2660 1125 2723 sb
1146 2658 1198 2721 Al·
1252 2662 1422 2743 quamdam
1450 2663 1628 2725 naturalem
1662 2662 1879 2745 coguitionem
1906 2673 1991 2745 atque

447 2765 570 2827 tissimo
584 2764 702 2826 emissa
717 2761 869 2825 visitatio.
885 2760 951 2823 lmo
973 2757 1081 2822 conari
1103 2757 1198 2820 debet
1253 2759 1438 2823 instinctum
1453 2779 1563 2824 eorum
1577 2780 1648 2842 quae
1668 2761 1707 2824 ad
1727 2761 1991 2826 conservationem

446 2865 543 2927 homo
571 2870 607 2925 ut
630 2861 663 2924 in
688 2858 936 2942 cogitationibus
964 2857 1057 2922 bonis
1084 2856 1197 2920 obdor-
1254 2878 1317 2922 suae
1336 2859 1409 2922 vitea
1429 2867 1502 2922 sunt
1526 2859 1706 2923 necessaria
1722 2883 1729 2922 ε
1746 2859 1830 2922 sicut
1851 2869 1923 2923 sunt
1942 2859 1992 2922 im·

447 2961 536 3040 miat,
554 2980 595 3024 ne
616 2960 751 3024 somniis
772 2958 983 3043 perturbetur.
1253 2958 1443 3021 mutationes
1465 2977 1534 3039 quta
1553 2957 1639 3020 liunt
1661 2977 1719 3040 per
1741 2967 1854 3022 ventos
1878 2967 1909 3022 et
1931 2957 1992 3042 plu-

1217 3056 1330 3124 Gvias.
1352 3056 1438 3120 Unde
1459 3075 1516 3139 per
1536 3056 1704 3120 Jeremiam
1726 3057 1879 3120 Dominus
1901 3055 1993 3140 loqui·

1252 3164 1304 3218 tur
1333 3180 1340 3218 :
1371 3156 1482 3219 hlilvus
1516 3156 1550 3218 in
1585 3156 1667 3221 coelo
1701 3174 1739 3221 co
1784 3157 1851 3221 ovit
1878 3166 1939 3221 tem
1960 3178 2085 3226 ustemt.

639 3214 884 3280 ARTICULUS
907 3214 1002 3277 xm·
1253 3274 1367 3334 suum,
1384 3263 1488 3317 turtur
1501 3262 1534 3317 et
1547 3254 1684 3319 hirundo
1703 3176 1879 3319 etgrllconia
1900 3177 1993 3320 culle-
2098 3310 2099 3339 ,

476 3369 594 3429 Utrum
609 3366 774 3427 divinatio
785 3380 847 3441 per
860 3364 1043 3442 augurium
1057 3364 1164 3423 liccat.
1252 3354 1378 3416 dierunt
1404 3362 1528 3435 tempus
1553 3352 1710 3417 adventus
1735 3354 1795 3417 sui.
1819 3354 1936 3437 ltaque,
1952 3353 1991 3416 sic

1252 3452 1454 3518 considerare
1481 3453 1619 3536 garritus
1643 3461 1675 3517 et
1699 3462 1804 3517 motus
1829 3456 1935 3519 avium
1958 3454 1991 3517 ad

513 3554 683 3619 lVlNh'lIO
698 3572 757 3637 per
770 3552 938 3634 augurium
952 3550 1080 3630 dicitur,
1097 3568 1196 3632 quan·
1253 3552 1328 3615 talia
1343 3552 1580 3634 praenoscende,
1597 3559 1646 3615 cst
1660 3551 1785 3616 licitum
1803 3576 1810 3615 :
1828 3562 1864 3617 ut
1882 3553 1909 3617 si
1927 3552 1991 3634 quis

528 3656 568 3719 do
580 3674 618 3717 ex
631 3651 885 3717 consideratione
901 3668 1097 3730 eorumquae
1112 3649 1197 3710 liunt
1252 3650 1338 3714 dicet
1352 3650 1494 3733 pluviam
1509 3650 1572 3714 cito
1588 3670 1657 3714 esse
1672 3659 1852 3733 venturam,
1865 3671 1903 3717 eo
1917 3650 1991 3735 quod

445 3755 478 3817 in
493 3751 678 3818 volatilibus
693 3750 948 3834 praenuutiantur
966 3749 1085 3812 future.
1101 3748 1196 3811 Porro
1251 3750 1359 3812 audiat
1370 3749 1565 3813 corniculam
1577 3750 1694 3831 sepius
1706 3751 1993 3815 crocitantemlre

444 3853 581 3934 garritus
596 3858 765 3931 motusque
778 3848 900 3927 avium,
917 3847 967 3910 vel
987 3863 1196 3929 quascumque
1252 3856 1337 3911 terea
1356 3848 1419 3911 alia
1437 3868 1532 3912 causa
1555 3848 1676 3931 praelati
1701 3850 1872 3915 instinctus
1895 3851 1992 3914 brute

444 3949 672 4032 dispositiones
697 3946 882 4029 hujusmodi
900 3946 933 4008 in
955 3946 1050 4009 rebus
1075 3944 1197 4007 irratio·
1252 3968 1322 4010 rum
1337 3955 1386 4010 est
1399 3947 1584 4029 spiritualis,
1601 3947 1750 4012 videlicet
1764 3950 1858 4031 Ueus,
1876 3970 1930 4014 scu
1944 3968 1992 4012 an·

445 4047 573 4112 nalibus
588 4046 808 4125 considerate,
826 4054 949 4107 certum
970 4044 1116 4124 estquod
1132 4060 1197 4106 non
1251 4046 1353 4126 gelus,
1371 4044 1425 4107 Dei
1444 4044 1613 4108 minister:
1631 4054 1667 4109 ut
1686 4054 1773 4128 patet
1796 4047 1828 4109 in
1854 4046 1991 4112 columba
2012 4066 2091 4114 uuae

446 4155 521 4209 sunt
535 4165 639 4210 causae
659 4144 841 4207 luturomm
862 4151 1035 4205 eventuum
1052 4164 1060 4202 ι
1076 4140 1196 4204 idcirco
1252 4163 1322 4226 quae
1336 4144 1483 4226 apparuit
1497 4162 1594 4225 super
1607 4143 1780 4224 Christum,
1796 4154 1828 4209 et
1850 4147 1884 4210 in
1906 4164 1991 4211 corvo
2003 4132 2092 4239 2¹¹¹,ng

445 4245 554 4309 lutura
572 4264 610 4308 ex
629 4244 676 4307 eis
698 4241 850 4324 cognosci
873 4260 938 4305 nou
960 4248 1094 4324 possunt
1114 4240 1197 4302 sicut
1212 4249 1238 4310 l)
1252 4242 1306 4324 qui
1321 4243 1409 4325 pavit
1423 4242 1535 4321 Ellam,
1558 4251 1653 4325 atque
1669 4242 1702 4305 in
1717 4244 1806 4326 pisce
1820 4246 1876 4326 qui
1895 4228 2069 4309 absor-ult-

445 4364 484 4409 ex
498 4344 615 4409 causis.
631 4342 719 4406 Unde
734 4341 762 4404 si
777 4340 885 4403 lutura
898 4346 1139 4423 ,cognoscantur
1159 4357 1197 4400 cx
1252 4341 1321 4404 buit
1335 4341 1456 4405 Jonam.
1472 4341 1635 4405 Interdum
1650 4360 1777 4424 quoque
1792 4351 1840 4407 est
1854 4364 1872 4407 a
1888 4344 1993 4407 demo-

446 4444 505 4523 eis,
520 4442 582 4507 hoc
603 4441 663 4505 erit
681 4440 716 4502 in
736 4446 890 4523 quantum
909 4438 988 4501 tales
1009 4436 1147 4519 garritus
1166 4444 1197 4499 et
1252 4440 1358 4521 nibus,
1379 4440 1434 4522 qui
1458 4439 1544 4521 justo
1568 4439 1624 4503 Uei
1644 4440 1848 4522 permittente
1867 4441 1990 4525 iudicio,

446 4550 548 4606 motus
580 4548 655 4603 sunt
682 4539 819 4602 ellectus
847 4537 1058 4619 quarumdam
1087 4555 1198 4598 causa·
1251 4539 1423 4621 aliquando
1445 4546 1575 4603 movent
1596 4539 1689 4601 bruta
1713 4539 1752 4602 ad
1777 4540 1992 4625 decipiendum

446 4662 527 4704 rum.
545 4640 645 4703 Causa
659 4646 765 4702 autem
780 4637 955 4699 intrinseca
975 4635 1196 4717 operationum
1251 4638 1372 4701 animas
1388 4638 1566 4701 homiuum.
1583 4672 1624 4683 -
1639 4636 1813 4702 Dicendum
1829 4658 1905 4722 ergo
1917 4638 1992 4723 quod

445 4742 612 4804 brutorum
625 4746 674 4802 est
689 4736 843 4801 naturalis
857 4735 1037 4813 instinctus,
1051 4753 1115 4816 quo
1130 4754 1198 4798 mo-
1251 4737 1357 4800 omnis
1377 4734 1534 4799 divinatio
1559 4734 1642 4815 talis,
1659 4736 1686 4798 si
1710 4738 1899 4801 extendatur
1919 4739 1993 4801 ultra

446 4847 562 4903 ventur
575 4856 634 4920 per
647 4838 778 4901 modum
793 4844 927 4915 naturae,
942 4842 1076 4917 quaeest
1095 4834 1199 4896 deter·
1253 4836 1285 4898 id
1308 4836 1347 4899 ad
1375 4835 1458 4918 quod
1485 4842 1589 4917 potest
1616 4834 1797 4918 pertingere
1826 4838 1993 4901 secuudum

445 4940 565 5003 minata
590 4938 629 5000 ad
654 4955 754 4999 unum
772 4934 1065 5017 :quemadmodum
1090 4932 1198 5014 gravia
1252 4935 1396 4998 ordinem
1418 4942 1539 4997 nature
1563 4942 1618 4996 aut
1641 4933 1755 4998 divinas
1778 4934 1989 5017 providentia,

446 5044 616 5101 moventur
649 5035 812 5115 deorsum,
843 5033 927 5096 levia
961 5051 1099 5094 sursum.
1129 5031 1198 5094 Non
1254 5031 1475 5116 superstitiosa
1496 5040 1544 5095 est
1566 5040 1660 5113 atque
1681 5032 1805 5097 illicita.

448 5137 535 5201 enim
557 5134 676 5198 habent
694 5134 787 5195 bruta
804 5131 982 5196 dominium
1007 5129 1057 5192 sui
1082 5138 1195 5193 actus:
1294 5131 1518 5195 Verumtamen
1537 5131 1742 5213 praeinductis
1762 5132 1859 5215 objici
1885 5138 1990 5217 potest,

449 5238 526 5315 imo,
538 5235 714 5297 secundum
728 5234 969 5309 Damascenum,
982 5238 1120 5312 aguntur
1134 5250 1200 5292 ma·
1254 5230 1338 5312 quod
1353 5228 1552 5310 dispensator
1565 5230 1679 5292 domus
1692 5230 1808 5312 loseph
1828 5250 1867 5295 ex
1885 5248 1992 5315 prece

448 5336 499 5421 gis
523 5352 619 5416 quam
644 5339 753 5417 agunt.
769 5330 958 5412 hujusmodi
983 5348 1059 5393 vero
1085 5328 1199 5392 instin-
1254 5337 1309 5412 pto
1332 5328 1446 5409 loseph
1472 5327 1552 5391 dixit
1572 5327 1722 5391 iratribus
1744 5328 1814 5411 ejus
1832 5353 1839 5393 :
1857 5329 1990 5413 Scyphos
2002 5338 2093 5395 ceant
