<?xml version="1.0" encoding="UTF-8"?>
<!DOCTYPE html PUBLIC "-//W3C//DTD XHTML 1.0 Transitional//EN"
    "http://www.w3.org/TR/xhtml1/DTD/xhtml1-transitional.dtd">
<html xmlns="http://www.w3.org/1999/xhtml" xml:lang="en" lang="en">
 <head>
  <title>
</title>
<meta http-equiv="Content-Type" content="text/html;charset=utf-8" />
  <meta name='ocr-system' content='tesseract 3.04.00' />
  <meta name='ocr-capabilities' content='ocr_page ocr_carea ocr_par ocr_line ocrx_word'/>
</head>
<body>
  <div class='ocr_page' id='page_1' title='image "./doctorisecstati03unkngoog_0373.png"; bbox 0 0 4309 6250; ppageno 0'>
   <div class='ocr_carea' id='block_1_1' title="bbox 505 507 1737 601">
    <p class='ocr_par' dir='ltr' id='par_1_1' title="bbox 505 507 1737 601">
     <span class='ocr_line' id='line_1_1' title="bbox 505 507 1737 601; baseline 0.002 -31"><span class='ocrx_word' id='word_1_1' title='bbox 505 521 625 570; x_wconf 80' lang='lat' dir='ltr'><strong>rorem</strong></span> <span class='ocrx_word' id='word_1_2' title='bbox 645 521 814 570; x_wconf 83' lang='lat' dir='ltr'><strong>rxarrorarx</strong></span> <span class='ocrx_word' id='word_1_3' title='bbox 833 520 1006 578; x_wconf 72' lang='lat' dir='ltr'><strong>annonari,</strong></span> <span class='ocrx_word' id='word_1_4' title='bbox 1026 520 1116 567; x_wconf 81' lang='lat' dir='ltr'><strong>amna</strong></span> <span class='ocrx_word' id='word_1_5' title='bbox 1137 520 1170 568; x_wconf 87' lang='lat' dir='ltr'><strong>u.</strong></span> <span class='ocrx_word' id='word_1_6' title='bbox 1192 537 1233 552; x_wconf 91' lang='lat'><strong>-·</strong></span> <span class='ocrx_word' id='word_1_7' title='bbox 1252 522 1323 601; x_wconf 74' lang='lat' dir='ltr'><strong>aar.</strong></span> <span class='ocrx_word' id='word_1_8' title='bbox 1346 523 1416 570; x_wconf 85' lang='lat' dir='ltr'><strong>xnvr</strong></span> <span class='ocrx_word' id='word_1_9' title='bbox 1676 507 1737 572; x_wconf 78' lang='lat' dir='ltr'><strong>stt</strong></span> 
     </span>
    </p>
   </div>
   <div class='ocr_carea' id='block_1_2' title="bbox 62 691 1889 5391">
    <p class='ocr_par' dir='ltr' id='par_1_2' title="bbox 62 691 1889 5391">
     <span class='ocr_line' id='line_1_2' title="bbox 181 691 1734 782; baseline 0.002 -26"><span class='ocrx_word' id='word_1_10' title='bbox 181 703 215 756; x_wconf 83' lang='lat' dir='ltr'><strong>ta</strong></span> <span class='ocrx_word' id='word_1_11' title='bbox 228 694 349 756; x_wconf 88' lang='lat' dir='ltr'><strong>missus</strong></span> <span class='ocrx_word' id='word_1_12' title='bbox 361 713 381 756; x_wconf 86' lang='lat' dir='ltr'><strong>a</strong></span> <span class='ocrx_word' id='word_1_13' title='bbox 395 693 567 773; x_wconf 85' lang='lat' dir='ltr'><strong>Deo,solus</strong></span> <span class='ocrx_word' id='word_1_14' title='bbox 581 692 715 756; x_wconf 83' lang='lat' dir='ltr'><strong>accessit</strong></span> <span class='ocrx_word' id='word_1_15' title='bbox 729 692 770 755; x_wconf 91' lang='lat' dir='ltr'><strong>ad</strong></span> <span class='ocrx_word' id='word_1_16' title='bbox 783 691 973 768; x_wconf 79' lang='lat' dir='ltr'><strong>llavid,etA</strong></span> <span class='ocrx_word' id='word_1_17' title='bbox 989 691 1023 752; x_wconf 92' lang='lat' dir='ltr'><strong>in</strong></span> <span class='ocrx_word' id='word_1_18' title='bbox 1046 691 1203 755; x_wconf 79' lang='lat' dir='ltr'><strong>Aloorano</strong></span> <span class='ocrx_word' id='word_1_19' title='bbox 1221 693 1261 756; x_wconf 89' lang='lat' dir='ltr'><strong>de</strong></span> <span class='ocrx_word' id='word_1_20' title='bbox 1281 701 1402 776; x_wconf 86' lang='lat' dir='ltr'><strong>septem</strong></span> <span class='ocrx_word' id='word_1_21' title='bbox 1427 693 1518 757; x_wconf 88' lang='lat' dir='ltr'><strong>ooelis</strong></span> <span class='ocrx_word' id='word_1_22' title='bbox 1542 695 1581 756; x_wconf 88' lang='lat' dir='ltr'><strong>lit</strong></span> <span class='ocrx_word' id='word_1_23' title='bbox 1605 697 1734 782; x_wconf 77' lang='lat' dir='ltr'><strong>mentio,</strong></span> 
     </span>
     <span class='ocr_line' id='line_1_3' title="bbox 180 789 1738 873; baseline 0.001 -18"><span class='ocrx_word' id='word_1_24' title='bbox 180 793 225 855; x_wconf 91' lang='lat' dir='ltr'><strong>ait</strong></span> <span class='ocrx_word' id='word_1_25' title='bbox 242 815 250 854; x_wconf 73' lang='grc' dir='ltr'>ι</span> <span class='ocrx_word' id='word_1_26' title='bbox 267 793 312 855; x_wconf 85' lang='lat' dir='ltr'><strong>Da</strong></span> <span class='ocrx_word' id='word_1_27' title='bbox 334 791 502 873; x_wconf 83' lang='lat' dir='ltr'><strong>judicium.</strong></span> <span class='ocrx_word' id='word_1_28' title='bbox 524 792 591 855; x_wconf 84' lang='lat' dir='ltr'><strong>Duo</strong></span> <span class='ocrx_word' id='word_1_29' title='bbox 613 789 761 854; x_wconf 84' lang='lat' dir='ltr'><strong>homines</strong></span> <span class='ocrx_word' id='word_1_30' title='bbox 784 797 876 852; x_wconf 89' lang='lat' dir='ltr'><strong>erant</strong></span> <span class='ocrx_word' id='word_1_31' title='bbox 899 789 933 850; x_wconf 90' lang='lat' dir='ltr'><strong>in</strong></span> <span class='ocrx_word' id='word_1_32' title='bbox 987 789 1049 852; x_wconf 88' lang='lat' dir='ltr'><strong>Sed</strong></span> <span class='ocrx_word' id='word_1_33' title='bbox 1070 791 1148 870; x_wconf 90' lang='lat' dir='ltr'><strong>quid</strong></span> <span class='ocrx_word' id='word_1_34' title='bbox 1173 791 1234 854; x_wconf 93' lang='lat' dir='ltr'><strong>sibi</strong></span> <span class='ocrx_word' id='word_1_35' title='bbox 1260 791 1328 854; x_wconf 90' lang='lat' dir='ltr'><strong>vult</strong></span> <span class='ocrx_word' id='word_1_36' title='bbox 1351 793 1434 856; x_wconf 87' lang='lat' dir='ltr'><strong>hoel</strong></span> <span class='ocrx_word' id='word_1_37' title='bbox 1449 793 1495 856; x_wconf 82' lang='lat' dir='ltr'><strong>Ad</strong></span> <span class='ocrx_word' id='word_1_38' title='bbox 1521 793 1627 856; x_wconf 91' lang='lat' dir='ltr'><strong>minus</strong></span> <span class='ocrx_word' id='word_1_39' title='bbox 1652 795 1738 857; x_wconf 90' lang='lat' dir='ltr'><strong>enim</strong></span> 
     </span>
     <span class='ocr_line' id='line_1_4' title="bbox 180 888 1736 973; baseline 0.001 -21"><span class='ocrx_word' id='word_1_40' title='bbox 180 891 314 954; x_wconf 85' lang='lat' dir='ltr'><strong>eivitate</strong></span> <span class='ocrx_word' id='word_1_41' title='bbox 342 909 418 966; x_wconf 92' lang='lat' dir='ltr'><strong>una,</strong></span> <span class='ocrx_word' id='word_1_42' title='bbox 447 907 531 951; x_wconf 89' lang='lat' dir='ltr'><strong>unus</strong></span> <span class='ocrx_word' id='word_1_43' title='bbox 557 889 659 965; x_wconf 85' lang='lat' dir='ltr'><strong>dives,</strong></span> <span class='ocrx_word' id='word_1_44' title='bbox 689 889 771 951; x_wconf 89' lang='lat' dir='ltr'><strong>alius</strong></span> <span class='ocrx_word' id='word_1_45' title='bbox 800 905 931 970; x_wconf 79' lang='lat' dir='ltr'><strong>pauper.</strong></span> <span class='ocrx_word' id='word_1_46' title='bbox 988 895 1063 948; x_wconf 85' lang='lat' dir='ltr'><strong>sunt</strong></span> <span class='ocrx_word' id='word_1_47' title='bbox 1083 906 1198 950; x_wconf 90' lang='lat' dir='ltr'><strong>novem</strong></span> <span class='ocrx_word' id='word_1_48' title='bbox 1221 888 1294 952; x_wconf 82' lang='lat' dir='ltr'><strong>coeli</strong></span> <span class='ocrx_word' id='word_1_49' title='bbox 1314 891 1460 968; x_wconf 82' lang='lat' dir='ltr'><strong>mobiles,</strong></span> <span class='ocrx_word' id='word_1_50' title='bbox 1481 898 1590 972; x_wconf 84' lang='lat' dir='ltr'><strong>utpote</strong></span> <span class='ocrx_word' id='word_1_51' title='bbox 1615 899 1736 973; x_wconf 85' lang='lat' dir='ltr'><strong>septem</strong></span> 
     </span>
     <span class='ocr_line' id='line_1_5' title="bbox 180 983 1739 1066; baseline 0.001 -16"><span class='ocrx_word' id='word_1_52' title='bbox 180 988 277 1050; x_wconf 84' lang='lat' dir='ltr'><strong>Dives</strong></span> <span class='ocrx_word' id='word_1_53' title='bbox 308 986 447 1050; x_wconf 87' lang='lat' dir='ltr'><strong>habebat</strong></span> <span class='ocrx_word' id='word_1_54' title='bbox 476 1003 553 1049; x_wconf 85' lang='lat' dir='ltr'><strong>oves</strong></span> <span class='ocrx_word' id='word_1_55' title='bbox 580 993 614 1048; x_wconf 93' lang='lat' dir='ltr'><strong>et</strong></span> <span class='ocrx_word' id='word_1_56' title='bbox 640 985 740 1048; x_wconf 85' lang='lat' dir='ltr'><strong>boves</strong></span> <span class='ocrx_word' id='word_1_57' title='bbox 767 984 932 1066; x_wconf 87' lang='lat' dir='ltr'><strong>plurimas,</strong></span> <span class='ocrx_word' id='word_1_58' title='bbox 987 983 1082 1046; x_wconf 88' lang='lat' dir='ltr'><strong>orbes</strong></span> <span class='ocrx_word' id='word_1_59' title='bbox 1097 985 1308 1066; x_wconf 86' lang='lat' dir='ltr'><strong>planetarum,</strong></span> <span class='ocrx_word' id='word_1_60' title='bbox 1324 994 1355 1048; x_wconf 93' lang='lat' dir='ltr'><strong>et</strong></span> <span class='ocrx_word' id='word_1_61' title='bbox 1369 986 1620 1066; x_wconf 77' lang='lat' dir='ltr'><strong>firmamentum,</strong></span> <span class='ocrx_word' id='word_1_62' title='bbox 1634 1007 1670 1052; x_wconf 84' lang='lat' dir='ltr'><strong>ae</strong></span> <span class='ocrx_word' id='word_1_63' title='bbox 1685 1006 1739 1052; x_wconf 85' lang='lat' dir='ltr'><strong>no</strong></span> 
     </span>
     <span class='ocr_line' id='line_1_6' title="bbox 182 1081 1738 1168; baseline 0 -20"><span class='ocrx_word' id='word_1_64' title='bbox 182 1103 307 1166; x_wconf 87' lang='lat' dir='ltr'><strong>pauper</strong></span> <span class='ocrx_word' id='word_1_65' title='bbox 328 1103 426 1146; x_wconf 86' lang='lat' dir='ltr'><strong>unam</strong></span> <span class='ocrx_word' id='word_1_66' title='bbox 449 1101 543 1147; x_wconf 86' lang='lat' dir='ltr'><strong>ovem</strong></span> <span class='ocrx_word' id='word_1_67' title='bbox 571 1083 744 1146; x_wconf 86' lang='lat' dir='ltr'><strong>dumtaxat.</strong></span> <span class='ocrx_word' id='word_1_68' title='bbox 768 1082 935 1163; x_wconf 79' lang='lat' dir='ltr'><strong>Quumque</strong></span> <span class='ocrx_word' id='word_1_69' title='bbox 988 1099 1032 1143; x_wconf 90' lang='lat' dir='ltr'><strong>na</strong></span> <span class='ocrx_word' id='word_1_70' title='bbox 1051 1081 1175 1164; x_wconf 80' lang='lat' dir='ltr'><strong>splrmra</strong></span> <span class='ocrx_word' id='word_1_71' title='bbox 1191 1106 1198 1144; x_wconf 74' lang='grc' dir='ltr'><strong>ε</strong></span> <span class='ocrx_word' id='word_1_72' title='bbox 1215 1083 1331 1165; x_wconf 91' lang='lat' dir='ltr'><strong>quibus</strong></span> <span class='ocrx_word' id='word_1_73' title='bbox 1354 1083 1484 1165; x_wconf 90' lang='lat' dir='ltr'><strong>quidam</strong></span> <span class='ocrx_word' id='word_1_74' title='bbox 1508 1085 1659 1168; x_wconf 79' lang='lat' dir='ltr'><strong>astrologi</strong></span> <span class='ocrx_word' id='word_1_75' title='bbox 1684 1086 1738 1149; x_wconf 87' lang='lat' dir='ltr'><strong>ad-</strong></span> 
     </span>
     <span class='ocr_line' id='line_1_7' title="bbox 181 1180 1738 1267; baseline 0.001 -21"><span class='ocrx_word' id='word_1_76' title='bbox 181 1183 373 1266; x_wconf 79' lang='lat' dir='ltr'><strong>peregrinus</strong></span> <span class='ocrx_word' id='word_1_77' title='bbox 401 1181 542 1246; x_wconf 73' lang='lat' dir='ltr'><strong>vomisset</strong></span> <span class='ocrx_word' id='word_1_78' title='bbox 563 1180 605 1244; x_wconf 90' lang='lat' dir='ltr'><strong>ad</strong></span> <span class='ocrx_word' id='word_1_79' title='bbox 628 1180 774 1261; x_wconf 89' lang='lat' dir='ltr'><strong>divitem,</strong></span> <span class='ocrx_word' id='word_1_80' title='bbox 800 1199 936 1264; x_wconf 84' lang='lat' dir='ltr'><strong>pereens</strong></span> <span class='ocrx_word' id='word_1_81' title='bbox 989 1180 1069 1242; x_wconf 91' lang='lat' dir='ltr'><strong>dunt</strong></span> <span class='ocrx_word' id='word_1_82' title='bbox 1089 1180 1251 1244; x_wconf 84' lang='lat' dir='ltr'><strong>decimum</strong></span> <span class='ocrx_word' id='word_1_83' title='bbox 1272 1181 1381 1244; x_wconf 86' lang='lat' dir='ltr'><strong>orbem</strong></span> <span class='ocrx_word' id='word_1_84' title='bbox 1402 1182 1588 1247; x_wconf 91' lang='lat' dir='ltr'><strong>volubilem.</strong></span> <span class='ocrx_word' id='word_1_85' title='bbox 1605 1183 1643 1246; x_wconf 86' lang='lat' dir='ltr'><strong>Et</strong></span> <span class='ocrx_word' id='word_1_86' title='bbox 1661 1202 1738 1267; x_wconf 76' lang='lat' dir='ltr'><strong>quo</strong></span> 
     </span>
     <span class='ocr_line' id='line_1_8' title="bbox 181 1277 1737 1364; baseline -0.001 -18"><span class='ocrx_word' id='word_1_87' title='bbox 181 1281 240 1346; x_wconf 91' lang='lat' dir='ltr'><strong>ille</strong></span> <span class='ocrx_word' id='word_1_88' title='bbox 263 1281 378 1345; x_wconf 86' lang='lat' dir='ltr'><strong>ovibus</strong></span> <span class='ocrx_word' id='word_1_89' title='bbox 401 1279 480 1361; x_wconf 88' lang='lat' dir='ltr'><strong>suis,</strong></span> <span class='ocrx_word' id='word_1_90' title='bbox 500 1279 574 1342; x_wconf 92' lang='lat' dir='ltr'><strong>tulit</strong></span> <span class='ocrx_word' id='word_1_91' title='bbox 598 1277 747 1361; x_wconf 85' lang='lat' dir='ltr'><strong>pauperis</strong></span> <span class='ocrx_word' id='word_1_92' title='bbox 769 1297 874 1355; x_wconf 86' lang='lat' dir='ltr'><strong>ovem,</strong></span> <span class='ocrx_word' id='word_1_93' title='bbox 901 1286 935 1340; x_wconf 93' lang='lat' dir='ltr'><strong>ut</strong></span> <span class='ocrx_word' id='word_1_94' title='bbox 989 1277 1085 1342; x_wconf 92' lang='lat' dir='ltr'><strong>modo</strong></span> <span class='ocrx_word' id='word_1_95' title='bbox 1099 1278 1181 1341; x_wconf 84' lang='lat' dir='ltr'><strong>Deus</strong></span> <span class='ocrx_word' id='word_1_96' title='bbox 1195 1279 1294 1343; x_wconf 85' lang='lat' dir='ltr'><strong>eoelos</strong></span> <span class='ocrx_word' id='word_1_97' title='bbox 1308 1279 1403 1344; x_wconf 90' lang='lat' dir='ltr'><strong>biduo</strong></span> <span class='ocrx_word' id='word_1_98' title='bbox 1418 1280 1574 1362; x_wconf 76' lang='lat' dir='ltr'><strong>distinxit,</strong></span> <span class='ocrx_word' id='word_1_99' title='bbox 1590 1301 1690 1364; x_wconf 89' lang='lat' dir='ltr'><strong>quum</strong></span> <span class='ocrx_word' id='word_1_100' title='bbox 1704 1281 1737 1346; x_wconf 91' lang='lat' dir='ltr'><strong>in</strong></span> 
     </span>
     <span class='ocr_line' id='line_1_9' title="bbox 181 1375 1885 1462; baseline 0.002 -18"><span class='ocrx_word' id='word_1_101' title='bbox 181 1379 350 1461; x_wconf 84' lang='lat' dir='ltr'><strong>exhiberet</strong></span> <span class='ocrx_word' id='word_1_102' title='bbox 369 1378 539 1462; x_wconf 88' lang='lat' dir='ltr'><strong>peregrino</strong></span> <span class='ocrx_word' id='word_1_103' title='bbox 559 1377 756 1456; x_wconf 77' lang='lat' dir='ltr'><strong>convivium,</strong></span> <span class='ocrx_word' id='word_1_104' title='bbox 771 1385 833 1440; x_wconf 87' lang='lat' dir='ltr'><strong>ete.</strong></span> <span class='ocrx_word' id='word_1_105' title='bbox 989 1375 1103 1439; x_wconf 83' lang='lat' dir='ltr'><strong>Genesi</strong></span> <span class='ocrx_word' id='word_1_106' title='bbox 1128 1393 1209 1459; x_wconf 89' lang='lat' dir='ltr'><strong>opus</strong></span> <span class='ocrx_word' id='word_1_107' title='bbox 1233 1377 1450 1442; x_wconf 87' lang='lat' dir='ltr'><strong>distinotionis</strong></span> <span class='ocrx_word' id='word_1_108' title='bbox 1468 1378 1654 1461; x_wconf 81' lang='lat' dir='ltr'><strong>hujusmodi</strong></span> <span class='ocrx_word' id='word_1_109' title='bbox 1674 1398 1739 1444; x_wconf 90' lang='lat' dir='ltr'><strong>uno</strong></span> <span class='ocrx_word' id='word_1_110' title='bbox 1755 1403 1885 1456; x_wconf 61' lang='lat' dir='ltr'><strong>ossam,</strong></span> 
     </span>
     <span class='ocr_line' id='line_1_10' title="bbox 224 1471 1740 1559; baseline 0 -17"><span class='ocrx_word' id='word_1_111' title='bbox 224 1478 304 1542; x_wconf 78' lang='lat' dir='ltr'><strong>alio</strong></span> <span class='ocrx_word' id='word_1_112' title='bbox 330 1495 458 1559; x_wconf 84' lang='lat' dir='ltr'><strong>quoque</strong></span> <span class='ocrx_word' id='word_1_113' title='bbox 485 1475 619 1539; x_wconf 80' lang='lat' dir='ltr'><strong>diverse</strong></span> <span class='ocrx_word' id='word_1_114' title='bbox 642 1481 675 1538; x_wconf 93' lang='lat' dir='ltr'><strong>et</strong></span> <span class='ocrx_word' id='word_1_115' title='bbox 698 1474 793 1538; x_wconf 79' lang='lat' dir='ltr'><strong>lature</strong></span> <span class='ocrx_word' id='word_1_116' title='bbox 820 1471 936 1538; x_wconf 75' lang='lat' dir='ltr'><strong>labala</strong></span> <span class='ocrx_word' id='word_1_117' title='bbox 989 1472 1042 1537; x_wconf 91' lang='lat' dir='ltr'><strong>die</strong></span> <span class='ocrx_word' id='word_1_118' title='bbox 1060 1474 1212 1538; x_wconf 88' lang='lat' dir='ltr'><strong>dooeatur</strong></span> <span class='ocrx_word' id='word_1_119' title='bbox 1230 1479 1415 1558; x_wconf 85' lang='lat' dir='ltr'><strong>peraetuml</strong></span> <span class='ocrx_word' id='word_1_120' title='bbox 1431 1477 1491 1540; x_wconf 87' lang='lat' dir='ltr'><strong>Sed</strong></span> <span class='ocrx_word' id='word_1_121' title='bbox 1510 1477 1550 1542; x_wconf 91' lang='lat' dir='ltr'><strong>de</strong></span> <span class='ocrx_word' id='word_1_122' title='bbox 1569 1477 1630 1543; x_wconf 90' lang='lat' dir='ltr'><strong>isto</strong></span> <span class='ocrx_word' id='word_1_123' title='bbox 1653 1498 1740 1542; x_wconf 89' lang='lat' dir='ltr'><strong>nuno</strong></span> 
     </span>
     <span class='ocr_line' id='line_1_11' title="bbox 183 1573 1739 1658; baseline 0 -18"><span class='ocrx_word' id='word_1_124' title='bbox 183 1577 240 1640; x_wconf 87' lang='lat' dir='ltr'><strong>irie</strong></span> <span class='ocrx_word' id='word_1_125' title='bbox 259 1584 440 1656; x_wconf 86' lang='lat' dir='ltr'><strong>narrantur,</strong></span> <span class='ocrx_word' id='word_1_126' title='bbox 455 1594 526 1658; x_wconf 78' lang='lat' dir='ltr'><strong>qum</strong></span> <span class='ocrx_word' id='word_1_127' title='bbox 550 1574 666 1658; x_wconf 84' lang='lat' dir='ltr'><strong>partim</strong></span> <span class='ocrx_word' id='word_1_128' title='bbox 684 1573 751 1654; x_wconf 82' lang='lat' dir='ltr'><strong>jam</strong></span> <span class='ocrx_word' id='word_1_129' title='bbox 770 1581 843 1635; x_wconf 89' lang='lat' dir='ltr'><strong>ante</strong></span> <span class='ocrx_word' id='word_1_130' title='bbox 862 1581 937 1635; x_wconf 85' lang='lat' dir='ltr'><strong>sunt</strong></span> <span class='ocrx_word' id='word_1_131' title='bbox 990 1580 1128 1654; x_wconf 86' lang='lat' dir='ltr'><strong>transeo,</strong></span> <span class='ocrx_word' id='word_1_132' title='bbox 1162 1573 1313 1654; x_wconf 91' lang='lat' dir='ltr'><strong>quoniam</strong></span> <span class='ocrx_word' id='word_1_133' title='bbox 1352 1575 1385 1636; x_wconf 93' lang='lat' dir='ltr'><strong>in</strong></span> <span class='ocrx_word' id='word_1_134' title='bbox 1425 1577 1569 1657; x_wconf 84' lang='lat' dir='ltr'><strong>sequenti</strong></span> <span class='ocrx_word' id='word_1_135' title='bbox 1604 1585 1739 1641; x_wconf 82' lang='lat' dir='ltr'><strong>tractatu</strong></span> 
     </span>
     <span class='ocr_line' id='line_1_12' title="bbox 185 1670 1741 1758; baseline -0.001 -18"><span class='ocrx_word' id='word_1_136' title='bbox 185 1675 374 1758; x_wconf 74' lang='lat' dir='ltr'><strong>reprobatae,</strong></span> <span class='ocrx_word' id='word_1_137' title='bbox 389 1681 422 1736; x_wconf 90' lang='lat' dir='ltr'><strong>et</strong></span> <span class='ocrx_word' id='word_1_138' title='bbox 439 1673 626 1737; x_wconf 70' lang='lat' dir='ltr'><strong>recitatione</strong></span> <span class='ocrx_word' id='word_1_139' title='bbox 646 1690 777 1754; x_wconf 88' lang='lat' dir='ltr'><strong>prorsus</strong></span> <span class='ocrx_word' id='word_1_140' title='bbox 797 1671 937 1754; x_wconf 76' lang='lat' dir='ltr'><strong>indignas</strong></span> <span class='ocrx_word' id='word_1_141' title='bbox 989 1671 1052 1734; x_wconf 90' lang='lat' dir='ltr'><strong>erit</strong></span> <span class='ocrx_word' id='word_1_142' title='bbox 1080 1670 1155 1734; x_wconf 85' lang='lat' dir='ltr'><strong>hine</strong></span> <span class='ocrx_word' id='word_1_143' title='bbox 1179 1675 1229 1750; x_wconf 89' lang='lat' dir='ltr'><strong>(ut</strong></span> <span class='ocrx_word' id='word_1_144' title='bbox 1253 1675 1337 1752; x_wconf 90' lang='lat' dir='ltr'><strong>reor)</strong></span> <span class='ocrx_word' id='word_1_145' title='bbox 1361 1673 1425 1737; x_wconf 79' lang='lat' dir='ltr'><strong>lleo</strong></span> <span class='ocrx_word' id='word_1_146' title='bbox 1449 1681 1563 1755; x_wconf 90' lang='lat' dir='ltr'><strong>agente</strong></span> <span class='ocrx_word' id='word_1_147' title='bbox 1590 1675 1741 1739; x_wconf 87' lang='lat' dir='ltr'><strong>dillusior</strong></span> 
     </span>
     <span class='ocr_line' id='line_1_13' title="bbox 184 1769 1107 1854; baseline -0.007 -17"><span class='ocrx_word' id='word_1_148' title='bbox 184 1781 370 1838; x_wconf 76' lang='lat' dir='ltr'><strong>censentur.</strong></span> <span class='ocrx_word' id='word_1_149' title='bbox 385 1772 471 1836; x_wconf 92' lang='lat' dir='ltr'><strong>lnter</strong></span> <span class='ocrx_word' id='word_1_150' title='bbox 482 1790 563 1854; x_wconf 83' lang='lat' dir='ltr'><strong>quas</strong></span> <span class='ocrx_word' id='word_1_151' title='bbox 577 1770 679 1834; x_wconf 85' lang='lat' dir='ltr'><strong>lertur</strong></span> <span class='ocrx_word' id='word_1_152' title='bbox 691 1777 725 1834; x_wconf 93' lang='lat' dir='ltr'><strong>et</strong></span> <span class='ocrx_word' id='word_1_153' title='bbox 739 1769 836 1849; x_wconf 89' lang='lat' dir='ltr'><strong>istud,</strong></span> <span class='ocrx_word' id='word_1_154' title='bbox 851 1769 936 1852; x_wconf 93' lang='lat' dir='ltr'><strong>quod</strong></span> <span class='ocrx_word' id='word_1_155' title='bbox 991 1787 1107 1832; x_wconf 91' lang='lat' dir='ltr'><strong>sermo.</strong></span> 
     </span>
     <span class='ocr_line' id='line_1_14' title="bbox 181 1867 1740 1938; baseline -0.001 -5"><span class='ocrx_word' id='word_1_156' title='bbox 181 1873 245 1934; x_wconf 80' lang='lat' dir='ltr'><strong>lod</strong></span> <span class='ocrx_word' id='word_1_157' title='bbox 258 1891 280 1930; x_wconf 87' lang='lat' dir='ltr'><strong><em>a</em></strong></span> <span class='ocrx_word' id='word_1_158' title='bbox 293 1871 422 1930; x_wconf 82' lang='lat' dir='ltr'><strong>diabolo</strong></span> <span class='ocrx_word' id='word_1_159' title='bbox 440 1888 553 1938; x_wconf 70' lang='lat' dir='ltr'><strong>meus,</strong></span> <span class='ocrx_word' id='word_1_160' title='bbox 567 1869 657 1928; x_wconf 62' lang='lat' dir='ltr'><strong>droit</strong></span> <span class='ocrx_word' id='word_1_161' title='bbox 672 1887 684 1927; x_wconf 92' lang='lat'><strong>.·</strong></span> <span class='ocrx_word' id='word_1_162' title='bbox 698 1870 725 1930; x_wconf 91' lang='grc'><em>0</em></span> <span class='ocrx_word' id='word_1_163' title='bbox 737 1869 837 1936; x_wconf 74' lang='lat' dir='ltr'><strong>oeus,</strong></span> <span class='ocrx_word' id='word_1_164' title='bbox 852 1867 935 1926; x_wconf 83' lang='lat' dir='ltr'><strong>labo-</strong></span> <span class='ocrx_word' id='word_1_165' title='bbox 954 1867 977 1930; x_wconf 90' lang='lat' dir='ltr'>B</span> <span class='ocrx_word' id='word_1_166' title='bbox 1030 1867 1109 1930; x_wconf 87' lang='lat' dir='ltr'><strong>ltem</strong></span> <span class='ocrx_word' id='word_1_167' title='bbox 1124 1867 1177 1930; x_wconf 88' lang='lat' dir='ltr'><strong>hie</strong></span> <span class='ocrx_word' id='word_1_168' title='bbox 1192 1867 1309 1932; x_wconf 86' lang='lat' dir='ltr'><strong>dieitur</strong></span> <span class='ocrx_word' id='word_1_169' title='bbox 1325 1893 1332 1930; x_wconf 92' lang='lat'><strong>:</strong></span> <span class='ocrx_word' id='word_1_170' title='bbox 1350 1873 1415 1933; x_wconf 81' lang='lat' dir='ltr'><strong>Hie</strong></span> <span class='ocrx_word' id='word_1_171' title='bbox 1433 1874 1517 1932; x_wconf 83' lang='lat' dir='ltr'><strong>liber</strong></span> <span class='ocrx_word' id='word_1_172' title='bbox 1532 1891 1589 1932; x_wconf 84' lang='lat' dir='ltr'><strong>nee</strong></span> <span class='ocrx_word' id='word_1_173' title='bbox 1608 1877 1740 1934; x_wconf 84' lang='lat' dir='ltr'><strong>mendo·</strong></span> 
     </span>
     <span class='ocr_line' id='line_1_15' title="bbox 184 1965 1741 2049; baseline 0.001 -20"><span class='ocrx_word' id='word_1_174' title='bbox 184 1988 258 2029; x_wconf 84' lang='lat' dir='ltr'><strong>rem</strong></span> <span class='ocrx_word' id='word_1_175' title='bbox 270 1977 303 2028; x_wconf 88' lang='lat' dir='ltr'><strong>et</strong></span> <span class='ocrx_word' id='word_1_176' title='bbox 316 1970 441 2026; x_wconf 82' lang='lat' dir='ltr'><strong>molum</strong></span> <span class='ocrx_word' id='word_1_177' title='bbox 461 1965 547 2025; x_wconf 79' lang='lat' dir='ltr'><strong>milri</strong></span> <span class='ocrx_word' id='word_1_178' title='bbox 565 1965 716 2024; x_wconf 80' lang='lat' dir='ltr'><strong>diodolus</strong></span> <span class='ocrx_word' id='word_1_179' title='bbox 736 1965 862 2024; x_wconf 78' lang='lat' dir='ltr'><strong>intulit.</strong></span> <span class='ocrx_word' id='word_1_180' title='bbox 879 1965 936 2026; x_wconf 80' lang='lat' dir='ltr'><strong>Di·</strong></span> <span class='ocrx_word' id='word_1_181' title='bbox 989 1967 1079 2026; x_wconf 83' lang='lat' dir='ltr'><strong>cium</strong></span> <span class='ocrx_word' id='word_1_182' title='bbox 1092 1968 1228 2046; x_wconf 79' lang='lat' dir='ltr'><strong>aliquod</strong></span> <span class='ocrx_word' id='word_1_183' title='bbox 1247 1987 1304 2028; x_wconf 84' lang='lat' dir='ltr'><strong>nee</strong></span> <span class='ocrx_word' id='word_1_184' title='bbox 1323 1970 1455 2049; x_wconf 79' lang='lat' dir='ltr'><strong>aliquid</strong></span> <span class='ocrx_word' id='word_1_185' title='bbox 1472 1971 1640 2047; x_wconf 69' lang='lat' dir='ltr'><strong>prophetis</strong></span> <span class='ocrx_word' id='word_1_186' title='bbox 1655 1988 1741 2047; x_wconf 84' lang='lat' dir='ltr'><strong>prce·</strong></span> 
     </span>
     <span class='ocr_line' id='line_1_16' title="bbox 183 2059 1741 2144; baseline 0.004 -18"><span class='ocrx_word' id='word_1_187' title='bbox 183 2067 304 2144; x_wconf 64' lang='lat' dir='ltr'><strong>wilpere</strong></span> <span class='ocrx_word' id='word_1_188' title='bbox 317 2064 514 2126; x_wconf 74' lang='lat' dir='ltr'><strong>Demslcum</strong></span> <span class='ocrx_word' id='word_1_189' title='bbox 528 2081 550 2121; x_wconf 86' lang='lat' dir='ltr'><strong><em>a</em></strong></span> <span class='ocrx_word' id='word_1_190' title='bbox 565 2070 596 2122; x_wconf 87' lang='lat' dir='ltr'><strong>te</strong></span> <span class='ocrx_word' id='word_1_191' title='bbox 606 2064 689 2138; x_wconf 80' lang='lat' dir='ltr'><strong>pede</strong></span> <span class='ocrx_word' id='word_1_192' title='bbox 703 2059 936 2138; x_wconf 79' lang='lat' dir='ltr'><strong>repelle.0uam</strong></span> <span class='ocrx_word' id='word_1_193' title='bbox 991 2065 1101 2124; x_wconf 82' lang='lat' dir='ltr'><strong>teritis</strong></span> <span class='ocrx_word' id='word_1_194' title='bbox 1118 2069 1325 2127; x_wconf 81' lang='lat' dir='ltr'><strong>contrarium</strong></span> <span class='ocrx_word' id='word_1_195' title='bbox 1344 2069 1490 2128; x_wconf 82' lang='lat' dir='ltr'><strong>nuntiat.</strong></span> <span class='ocrx_word' id='word_1_196' title='bbox 1506 2067 1605 2142; x_wconf 83' lang='lat' dir='ltr'><strong>Quam</strong></span> <span class='ocrx_word' id='word_1_197' title='bbox 1630 2087 1741 2132; x_wconf 85' lang='lat' dir='ltr'><strong>verum</strong></span> 
     </span>
     <span class='ocr_line' id='line_1_17' title="bbox 184 2157 1741 2245; baseline 0.003 -20"><span class='ocrx_word' id='word_1_198' title='bbox 184 2163 351 2245; x_wconf 81' lang='lat' dir='ltr'><strong>sapienter</strong></span> <span class='ocrx_word' id='word_1_199' title='bbox 371 2160 433 2224; x_wconf 86' lang='lat' dir='ltr'><strong>lroe</strong></span> <span class='ocrx_word' id='word_1_200' title='bbox 457 2165 569 2223; x_wconf 87' lang='lat' dir='ltr'><strong>sonatt</strong></span> <span class='ocrx_word' id='word_1_201' title='bbox 590 2157 701 2222; x_wconf 87' lang='lat' dir='ltr'><strong>Nonne</strong></span> <span class='ocrx_word' id='word_1_202' title='bbox 725 2166 855 2220; x_wconf 86' lang='lat' dir='ltr'><strong>sanetus</strong></span> <span class='ocrx_word' id='word_1_203' title='bbox 878 2157 937 2221; x_wconf 89' lang='lat' dir='ltr'><strong>lob</strong></span> <span class='ocrx_word' id='word_1_204' title='bbox 991 2159 1118 2239; x_wconf 84' lang='lat' dir='ltr'><strong>sithoc,</strong></span> <span class='ocrx_word' id='word_1_205' title='bbox 1135 2162 1330 2244; x_wconf 80' lang='lat' dir='ltr'><strong>praeiudueta</strong></span> <span class='ocrx_word' id='word_1_206' title='bbox 1344 2163 1506 2227; x_wconf 84' lang='lat' dir='ltr'><strong>declarant</strong></span> <span class='ocrx_word' id='word_1_207' title='bbox 1522 2188 1529 2226; x_wconf 92' lang='lat'><strong>:</strong></span> <span class='ocrx_word' id='word_1_208' title='bbox 1547 2165 1612 2229; x_wconf 90' lang='lat' dir='ltr'><strong>imo</strong></span> <span class='ocrx_word' id='word_1_209' title='bbox 1626 2166 1658 2228; x_wconf 94' lang='lat' dir='ltr'><strong>in</strong></span> <span class='ocrx_word' id='word_1_210' title='bbox 1680 2167 1741 2230; x_wconf 87' lang='lat' dir='ltr'><strong>hoe</strong></span> 
     </span>
     <span class='ocr_line' id='line_1_18' title="bbox 183 2255 1741 2345; baseline 0.004 -23"><span class='ocrx_word' id='word_1_211' title='bbox 183 2259 415 2345; x_wconf 88' lang='lat' dir='ltr'><strong>perplurimos</strong></span> <span class='ocrx_word' id='word_1_212' title='bbox 432 2258 504 2321; x_wconf 84' lang='lat' dir='ltr'><strong>dies</strong></span> <span class='ocrx_word' id='word_1_213' title='bbox 523 2257 557 2321; x_wconf 86' lang='lat' dir='ltr'><strong>in</strong></span> <span class='ocrx_word' id='word_1_214' title='bbox 576 2257 723 2320; x_wconf 87' lang='lat' dir='ltr'><strong>maximis</strong></span> <span class='ocrx_word' id='word_1_215' title='bbox 742 2255 803 2318; x_wconf 90' lang='lat' dir='ltr'><strong>luit</strong></span> <span class='ocrx_word' id='word_1_216' title='bbox 820 2255 938 2320; x_wconf 91' lang='lat' dir='ltr'><strong>dolori·</strong></span> <span class='ocrx_word' id='word_1_217' title='bbox 991 2259 1061 2340; x_wconf 87' lang='lat' dir='ltr'><strong>ipso</strong></span> <span class='ocrx_word' id='word_1_218' title='bbox 1089 2260 1231 2342; x_wconf 86' lang='lat' dir='ltr'><strong>eapitulo</strong></span> <span class='ocrx_word' id='word_1_219' title='bbox 1260 2261 1359 2324; x_wconf 90' lang='lat' dir='ltr'><strong>multa</strong></span> <span class='ocrx_word' id='word_1_220' title='bbox 1383 2263 1588 2327; x_wconf 87' lang='lat' dir='ltr'><strong>eontinentur</strong></span> <span class='ocrx_word' id='word_1_221' title='bbox 1612 2265 1741 2328; x_wconf 90' lang='lat' dir='ltr'><strong>menda·</strong></span> 
     </span>
     <span class='ocr_line' id='line_1_19' title="bbox 183 2355 1741 2442; baseline 0.003 -20"><span class='ocrx_word' id='word_1_222' title='bbox 183 2359 259 2438; x_wconf 85' lang='lat' dir='ltr'><strong>bus,</strong></span> <span class='ocrx_word' id='word_1_223' title='bbox 275 2377 336 2422; x_wconf 87' lang='lat' dir='ltr'><strong>nee</strong></span> <span class='ocrx_word' id='word_1_224' title='bbox 354 2357 532 2420; x_wconf 75' lang='lat' dir='ltr'><strong>demonem</strong></span> <span class='ocrx_word' id='word_1_225' title='bbox 551 2355 669 2437; x_wconf 89' lang='lat' dir='ltr'><strong>repulit</strong></span> <span class='ocrx_word' id='word_1_226' title='bbox 688 2355 779 2437; x_wconf 86' lang='lat' dir='ltr'><strong>pede,</strong></span> <span class='ocrx_word' id='word_1_227' title='bbox 796 2355 851 2417; x_wconf 92' lang='lat' dir='ltr'><strong>sed</strong></span> <span class='ocrx_word' id='word_1_228' title='bbox 869 2373 937 2418; x_wconf 89' lang='lat' dir='ltr'><strong>om-</strong></span> <span class='ocrx_word' id='word_1_229' title='bbox 990 2357 1050 2420; x_wconf 87' lang='lat' dir='ltr'><strong>eia.</strong></span> <span class='ocrx_word' id='word_1_230' title='bbox 1066 2357 1106 2421; x_wconf 86' lang='lat' dir='ltr'><strong>Et</strong></span> <span class='ocrx_word' id='word_1_231' title='bbox 1119 2358 1238 2421; x_wconf 88' lang='lat' dir='ltr'><strong>sanetis</strong></span> <span class='ocrx_word' id='word_1_232' title='bbox 1252 2359 1417 2442; x_wconf 87' lang='lat' dir='ltr'><strong>Prophetis</strong></span> <span class='ocrx_word' id='word_1_233' title='bbox 1431 2359 1485 2424; x_wconf 89' lang='lat' dir='ltr'><strong>hio</strong></span> <span class='ocrx_word' id='word_1_234' title='bbox 1501 2361 1741 2426; x_wconf 74' lang='lat' dir='ltr'><strong>tediosissimus</strong></span> 
     </span>
     <span class='ocr_line' id='line_1_20' title="bbox 183 2452 1742 2538; baseline 0.001 -16"><span class='ocrx_word' id='word_1_235' title='bbox 183 2459 239 2522; x_wconf 86' lang='lat' dir='ltr'><strong>nia</strong></span> <span class='ocrx_word' id='word_1_236' title='bbox 275 2455 423 2521; x_wconf 87' lang='lat' dir='ltr'><strong>toleravit</strong></span> <span class='ocrx_word' id='word_1_237' title='bbox 456 2453 701 2537; x_wconf 74' lang='lat' dir='ltr'><strong>patientissime,</strong></span> <span class='ocrx_word' id='word_1_238' title='bbox 736 2453 838 2516; x_wconf 89' lang='lat' dir='ltr'><strong>donee</strong></span> <span class='ocrx_word' id='word_1_239' title='bbox 873 2452 937 2516; x_wconf 84' lang='lat' dir='ltr'><strong>Deo</strong></span> <span class='ocrx_word' id='word_1_240' title='bbox 990 2455 1214 2538; x_wconf 88' lang='lat' dir='ltr'><strong>walgorismus</strong></span> <span class='ocrx_word' id='word_1_241' title='bbox 1238 2459 1349 2520; x_wconf 85' lang='lat' dir='ltr'><strong>eodem</strong></span> <span class='ocrx_word' id='word_1_242' title='bbox 1375 2457 1674 2524; x_wconf 89' lang='lat' dir='ltr'><strong>immoderatissime</strong></span> <span class='ocrx_word' id='word_1_243' title='bbox 1693 2480 1742 2524; x_wconf 90' lang='lat' dir='ltr'><strong>re-</strong></span> 
     </span>
     <span class='ocr_line' id='line_1_21' title="bbox 184 2550 1743 2640; baseline 0.001 -20"><span class='ocrx_word' id='word_1_244' title='bbox 184 2553 383 2638; x_wconf 85' lang='lat' dir='ltr'><strong>eomplaeuit</strong></span> <span class='ocrx_word' id='word_1_245' title='bbox 396 2572 470 2616; x_wconf 92' lang='lat' dir='ltr'><strong>eum</strong></span> <span class='ocrx_word' id='word_1_246' title='bbox 484 2571 597 2616; x_wconf 88' lang='lat' dir='ltr'><strong>sanare</strong></span> <span class='ocrx_word' id='word_1_247' title='bbox 611 2561 706 2634; x_wconf 85' lang='lat' dir='ltr'><strong>atque</strong></span> <span class='ocrx_word' id='word_1_248' title='bbox 720 2550 882 2614; x_wconf 83' lang='lat' dir='ltr'><strong>diabolum</strong></span> <span class='ocrx_word' id='word_1_249' title='bbox 896 2551 937 2614; x_wconf 79' lang='lat' dir='ltr'><strong>ab</strong></span> <span class='ocrx_word' id='word_1_250' title='bbox 991 2562 1115 2636; x_wconf 88' lang='lat' dir='ltr'><strong>petens,</strong></span> <span class='ocrx_word' id='word_1_251' title='bbox 1132 2554 1165 2617; x_wconf 94' lang='lat' dir='ltr'><strong>in</strong></span> <span class='ocrx_word' id='word_1_252' title='bbox 1190 2555 1335 2636; x_wconf 90' lang='lat' dir='ltr'><strong>pluribus</strong></span> <span class='ocrx_word' id='word_1_253' title='bbox 1361 2555 1439 2620; x_wconf 85' lang='lat' dir='ltr'><strong>loeis</strong></span> <span class='ocrx_word' id='word_1_254' title='bbox 1463 2575 1592 2640; x_wconf 89' lang='lat' dir='ltr'><strong>prorsus</strong></span> <span class='ocrx_word' id='word_1_255' title='bbox 1622 2567 1743 2622; x_wconf 85' lang='lat' dir='ltr'><strong>eontra-</strong></span> 
     </span>
     <span class='ocr_line' id='line_1_22' title="bbox 184 2652 1887 2739; baseline -0.001 -20"><span class='ocrx_word' id='word_1_256' title='bbox 184 2673 224 2719; x_wconf 87' lang='lat' dir='ltr'><strong>eo</strong></span> <span class='ocrx_word' id='word_1_257' title='bbox 245 2653 474 2734; x_wconf 77' lang='lat' dir='ltr'><strong>compescerel</strong></span> <span class='ocrx_word' id='word_1_258' title='bbox 991 2652 1058 2715; x_wconf 88' lang='lat' dir='ltr'><strong>rius</strong></span> <span class='ocrx_word' id='word_1_259' title='bbox 1072 2671 1143 2715; x_wconf 89' lang='lat' dir='ltr'><strong>esse</strong></span> <span class='ocrx_word' id='word_1_260' title='bbox 1165 2671 1261 2734; x_wconf 89' lang='lat' dir='ltr'><strong>supra</strong></span> <span class='ocrx_word' id='word_1_261' title='bbox 1281 2661 1476 2718; x_wconf 88' lang='lat' dir='ltr'><strong>monstratus</strong></span> <span class='ocrx_word' id='word_1_262' title='bbox 1497 2663 1555 2718; x_wconf 88' lang='lat' dir='ltr'><strong>est.</strong></span> <span class='ocrx_word' id='word_1_263' title='bbox 1755 2708 1826 2739; x_wconf 70' lang='lat' dir='ltr'><strong>m</strong></span> <span class='ocrx_word' id='word_1_264' title='bbox 1869 2707 1887 2738; x_wconf 50' lang='lat'><strong>,‚</strong></span> 
     </span>
     <span class='ocr_line' id='line_1_23' title="bbox 224 2746 1743 2838; baseline 0 -22"><span class='ocrx_word' id='word_1_265' title='bbox 224 2750 373 2834; x_wconf 82' lang='lat' dir='ltr'><strong>Capitulo</strong></span> <span class='ocrx_word' id='word_1_266' title='bbox 392 2747 635 2832; x_wconf 83' lang='lat' dir='ltr'><strong>quadragesimo</strong></span> <span class='ocrx_word' id='word_1_267' title='bbox 657 2755 772 2810; x_wconf 79' lang='lat' dir='ltr'><strong>octavo</strong></span> <span class='ocrx_word' id='word_1_268' title='bbox 795 2746 934 2810; x_wconf 90' lang='lat' dir='ltr'><strong>dieitur:</strong></span> <span class='ocrx_word' id='word_1_269' title='bbox 1031 2749 1176 2834; x_wconf 81' lang='lat' dir='ltr'><strong>capitulo</strong></span> <span class='ocrx_word' id='word_1_270' title='bbox 1190 2751 1454 2834; x_wconf 89' lang='lat' dir='ltr'><strong>quinquagesimo</strong></span> <span class='ocrx_word' id='word_1_271' title='bbox 1474 2753 1576 2835; x_wconf 92' lang='lat' dir='ltr'><strong>primo</strong></span> <span class='ocrx_word' id='word_1_272' title='bbox 1594 2753 1685 2838; x_wconf 89' lang='lat' dir='ltr'><strong>quasi</strong></span> <span class='ocrx_word' id='word_1_273' title='bbox 1704 2773 1743 2816; x_wconf 92' lang='lat' dir='ltr'><strong>ex</strong></span> 
     </span>
     <span class='ocr_line' id='line_1_24' title="bbox 184 2849 1742 2931; baseline 0.003 -24"><span class='ocrx_word' id='word_1_274' title='bbox 184 2855 273 2915; x_wconf 65' lang='lat' dir='ltr'><strong>Goon</strong></span> <span class='ocrx_word' id='word_1_275' title='bbox 296 2869 371 2930; x_wconf 79' lang='lat' dir='ltr'><strong>quae</strong></span> <span class='ocrx_word' id='word_1_276' title='bbox 392 2849 539 2926; x_wconf 73' lang='lat' dir='ltr'><strong>nefanda</strong></span> <span class='ocrx_word' id='word_1_277' title='bbox 562 2857 695 2924; x_wconf 81' lang='lat' dir='ltr'><strong>peceato</strong></span> <span class='ocrx_word' id='word_1_278' title='bbox 719 2849 937 2924; x_wconf 71' lang='lat' dir='ltr'><strong>perpetravit,</strong></span> <span class='ocrx_word' id='word_1_279' title='bbox 991 2849 1047 2912; x_wconf 82' lang='lat' dir='ltr'><strong>Dei</strong></span> <span class='ocrx_word' id='word_1_280' title='bbox 1068 2867 1206 2931; x_wconf 91' lang='lat' dir='ltr'><strong>persona</strong></span> <span class='ocrx_word' id='word_1_281' title='bbox 1228 2849 1345 2913; x_wconf 90' lang='lat' dir='ltr'><strong>dieitur</strong></span> <span class='ocrx_word' id='word_1_282' title='bbox 1367 2850 1544 2916; x_wconf 85' lang='lat' dir='ltr'><strong>llahometo</strong></span> <span class='ocrx_word' id='word_1_283' title='bbox 1561 2874 1568 2914; x_wconf 76' lang='grc' dir='ltr'><strong><em>ε</em></strong></span> <span class='ocrx_word' id='word_1_284' title='bbox 1586 2855 1654 2916; x_wconf 85' lang='lat' dir='ltr'><strong>Nes</strong></span> <span class='ocrx_word' id='word_1_285' title='bbox 1677 2871 1742 2912; x_wconf 81' lang='lat' dir='ltr'><strong>noo</strong></span> 
     </span>
     <span class='ocr_line' id='line_1_25' title="bbox 183 2945 1743 3026; baseline -0.003 -14"><span class='ocrx_word' id='word_1_286' title='bbox 183 2969 253 3012; x_wconf 81' lang='lat' dir='ltr'><strong>non</strong></span> <span class='ocrx_word' id='word_1_287' title='bbox 266 2952 425 3026; x_wconf 75' lang='lat' dir='ltr'><strong>desperet.</strong></span> <span class='ocrx_word' id='word_1_288' title='bbox 441 2945 503 3008; x_wconf 85' lang='lat' dir='ltr'><strong>Sed</strong></span> <span class='ocrx_word' id='word_1_289' title='bbox 522 2945 607 3009; x_wconf 89' lang='lat' dir='ltr'><strong>istud</strong></span> <span class='ocrx_word' id='word_1_290' title='bbox 625 2945 791 3008; x_wconf 84' lang='lat' dir='ltr'><strong>dissonare</strong></span> <span class='ocrx_word' id='word_1_291' title='bbox 812 2945 938 3008; x_wconf 86' lang='lat' dir='ltr'><strong>videtur</strong></span> <span class='ocrx_word' id='word_1_292' title='bbox 988 2950 1159 3024; x_wconf 81' lang='lat' dir='ltr'><strong>posuimus</strong></span> <span class='ocrx_word' id='word_1_293' title='bbox 1178 2955 1208 3006; x_wconf 87' lang='lat' dir='ltr'><strong>te</strong></span> <span class='ocrx_word' id='word_1_294' title='bbox 1228 2950 1389 3008; x_wconf 72' lang='lat' dir='ltr'><strong>caulodem</strong></span> <span class='ocrx_word' id='word_1_295' title='bbox 1414 2951 1464 3008; x_wconf 87' lang='lat' dir='ltr'><strong>vel</strong></span> <span class='ocrx_word' id='word_1_296' title='bbox 1483 2959 1658 3010; x_wconf 77' lang='lat' dir='ltr'><strong>cunctorem</strong></span> <span class='ocrx_word' id='word_1_297' title='bbox 1680 2951 1743 3009; x_wconf 80' lang='lat' dir='ltr'><strong>dia-</strong></span> 
     </span>
     <span class='ocr_line' id='line_1_26' title="bbox 133 3041 1743 3129; baseline -0.002 -18"><span class='ocrx_word' id='word_1_298' title='bbox 133 3086 169 3116; x_wconf 80' lang='lat' dir='ltr'><strong>u.</strong></span> <span class='ocrx_word' id='word_1_299' title='bbox 184 3048 227 3111; x_wconf 86' lang='lat' dir='ltr'><strong>ab</strong></span> <span class='ocrx_word' id='word_1_300' title='bbox 240 3066 281 3110; x_wconf 92' lang='lat' dir='ltr'><strong>eo</strong></span> <span class='ocrx_word' id='word_1_301' title='bbox 294 3046 380 3129; x_wconf 86' lang='lat' dir='ltr'><strong>quod</strong></span> <span class='ocrx_word' id='word_1_302' title='bbox 394 3043 540 3129; x_wconf 83' lang='lat' dir='ltr'><strong>superius</strong></span> <span class='ocrx_word' id='word_1_303' title='bbox 554 3061 638 3126; x_wconf 85' lang='lat' dir='ltr'><strong>saepe</strong></span> <span class='ocrx_word' id='word_1_304' title='bbox 651 3041 743 3121; x_wconf 87' lang='lat' dir='ltr'><strong>dixit,</strong></span> <span class='ocrx_word' id='word_1_305' title='bbox 755 3042 936 3126; x_wconf 88' lang='lat' dir='ltr'><strong>puta,quod</strong></span> <span class='ocrx_word' id='word_1_306' title='bbox 953 3047 1213 3123; x_wconf 73' lang='lat' dir='ltr'><strong>Gya-odientium</strong></span> <span class='ocrx_word' id='word_1_307' title='bbox 1234 3065 1254 3104; x_wconf 87' lang='lat' dir='ltr'><strong>a</strong></span> <span class='ocrx_word' id='word_1_308' title='bbox 1273 3048 1365 3123; x_wconf 71' lang='lat' dir='ltr'><strong>lege:</strong></span> <span class='ocrx_word' id='word_1_309' title='bbox 1386 3055 1479 3107; x_wconf 81' lang='lat' dir='ltr'><strong>tuum</strong></span> <span class='ocrx_word' id='word_1_310' title='bbox 1501 3051 1588 3108; x_wconf 84' lang='lat' dir='ltr'><strong>enim</strong></span> <span class='ocrx_word' id='word_1_311' title='bbox 1611 3067 1676 3108; x_wconf 82' lang='lat' dir='ltr'><strong>ooo</strong></span> <span class='ocrx_word' id='word_1_312' title='bbox 1697 3055 1743 3107; x_wconf 81' lang='lat' dir='ltr'><strong>est</strong></span> 
     </span>
     <span class='ocr_line' id='line_1_27' title="bbox 183 3141 1740 3229; baseline -0.002 -19"><span class='ocrx_word' id='word_1_313' title='bbox 183 3148 270 3211; x_wconf 82' lang='lat' dir='ltr'><strong>Deus</strong></span> <span class='ocrx_word' id='word_1_314' title='bbox 284 3154 415 3229; x_wconf 62' lang='lat' dir='ltr'><strong>mesala</strong></span> <span class='ocrx_word' id='word_1_315' title='bbox 427 3142 575 3225; x_wconf 84' lang='lat' dir='ltr'><strong>graviora</strong></span> <span class='ocrx_word' id='word_1_316' title='bbox 593 3161 657 3207; x_wconf 86' lang='lat' dir='ltr'><strong>nou</strong></span> <span class='ocrx_word' id='word_1_317' title='bbox 676 3142 834 3206; x_wconf 84' lang='lat' dir='ltr'><strong>dimittit:</strong></span> <span class='ocrx_word' id='word_1_318' title='bbox 851 3141 936 3223; x_wconf 87' lang='lat' dir='ltr'><strong>quod</strong></span> <span class='ocrx_word' id='word_1_319' title='bbox 992 3145 1060 3205; x_wconf 82' lang='lat' dir='ltr'><strong>nisi</strong></span> <span class='ocrx_word' id='word_1_320' title='bbox 1074 3153 1204 3205; x_wconf 80' lang='lat' dir='ltr'><strong>tontum</strong></span> <span class='ocrx_word' id='word_1_321' title='bbox 1220 3164 1288 3205; x_wconf 87' lang='lat' dir='ltr'><strong>rem</strong></span> <span class='ocrx_word' id='word_1_322' title='bbox 1303 3146 1472 3208; x_wconf 79' lang='lat' dir='ltr'><strong>nuntiare.</strong></span> <span class='ocrx_word' id='word_1_323' title='bbox 1489 3144 1521 3209; x_wconf 88' lang='lat' dir='ltr'><strong>Si</strong></span> <span class='ocrx_word' id='word_1_324' title='bbox 1544 3144 1604 3217; x_wconf 81' lang='lat' dir='ltr'><strong>hoe</strong></span> <span class='ocrx_word' id='word_1_325' title='bbox 1620 3146 1663 3208; x_wconf 85' lang='lat' dir='ltr'><strong>ita</strong></span> <span class='ocrx_word' id='word_1_326' title='bbox 1682 3152 1740 3223; x_wconf 87' lang='lat' dir='ltr'><strong>est,</strong></span> 
     </span>
     <span class='ocr_line' id='line_1_28' title="bbox 185 3240 1744 3328; baseline -0.002 -20"><span class='ocrx_word' id='word_1_327' title='bbox 185 3244 395 3328; x_wconf 85' lang='lat' dir='ltr'><strong>reprobatum</strong></span> <span class='ocrx_word' id='word_1_328' title='bbox 415 3250 464 3306; x_wconf 91' lang='lat' dir='ltr'><strong>est</strong></span> <span class='ocrx_word' id='word_1_329' title='bbox 484 3241 565 3305; x_wconf 87' lang='lat' dir='ltr'><strong>illie.</strong></span> <span class='ocrx_word' id='word_1_330' title='bbox 992 3258 1050 3303; x_wconf 86' lang='lat' dir='ltr'><strong>eur</strong></span> <span class='ocrx_word' id='word_1_331' title='bbox 1070 3258 1158 3322; x_wconf 90' lang='lat' dir='ltr'><strong>ergo,</strong></span> <span class='ocrx_word' id='word_1_332' title='bbox 1184 3259 1204 3304; x_wconf 95' lang='lat' dir='ltr'><strong>o</strong></span> <span class='ocrx_word' id='word_1_333' title='bbox 1227 3240 1351 3321; x_wconf 86' lang='lat' dir='ltr'><strong>llahon,</strong></span> <span class='ocrx_word' id='word_1_334' title='bbox 1376 3241 1468 3305; x_wconf 89' lang='lat' dir='ltr'><strong>toties</strong></span> <span class='ocrx_word' id='word_1_335' title='bbox 1486 3242 1580 3324; x_wconf 87' lang='lat' dir='ltr'><strong>jubes</strong></span> <span class='ocrx_word' id='word_1_336' title='bbox 1600 3242 1633 3304; x_wconf 94' lang='lat' dir='ltr'><strong>in</strong></span> <span class='ocrx_word' id='word_1_337' title='bbox 1652 3242 1744 3305; x_wconf 77' lang='lat' dir='ltr'><strong>Aleo-</strong></span> 
     </span>
     <span class='ocr_line' id='line_1_29' title="bbox 224 3336 1742 3424; baseline -0.002 -17"><span class='ocrx_word' id='word_1_338' title='bbox 224 3341 372 3424; x_wconf 81' lang='lat' dir='ltr'><strong>Capitulo</strong></span> <span class='ocrx_word' id='word_1_339' title='bbox 385 3359 513 3424; x_wconf 84' lang='lat' dir='ltr'><strong>quoque</strong></span> <span class='ocrx_word' id='word_1_340' title='bbox 527 3338 772 3423; x_wconf 85' lang='lat' dir='ltr'><strong>quadragesimo</strong></span> <span class='ocrx_word' id='word_1_341' title='bbox 791 3357 878 3403; x_wconf 91' lang='lat' dir='ltr'><strong>nono</strong></span> <span class='ocrx_word' id='word_1_342' title='bbox 891 3336 939 3401; x_wconf 87' lang='lat' dir='ltr'><strong>la·</strong></span> <span class='ocrx_word' id='word_1_343' title='bbox 992 3358 1050 3402; x_wconf 86' lang='lat' dir='ltr'><strong>ran</strong></span> <span class='ocrx_word' id='word_1_344' title='bbox 1064 3339 1112 3401; x_wconf 91' lang='lat' dir='ltr'><strong>ire</strong></span> <span class='ocrx_word' id='word_1_345' title='bbox 1126 3340 1311 3423; x_wconf 78' lang='lat' dir='ltr'><strong>praedatum,</strong></span> <span class='ocrx_word' id='word_1_346' title='bbox 1322 3349 1510 3423; x_wconf 87' lang='lat' dir='ltr'><strong>pugnatum,</strong></span> <span class='ocrx_word' id='word_1_347' title='bbox 1519 3341 1583 3405; x_wconf 90' lang='lat' dir='ltr'><strong>imo</strong></span> <span class='ocrx_word' id='word_1_348' title='bbox 1597 3348 1630 3404; x_wconf 89' lang='lat' dir='ltr'><strong>et</strong></span> <span class='ocrx_word' id='word_1_349' title='bbox 1644 3340 1742 3404; x_wconf 86' lang='lat' dir='ltr'><strong>inter-</strong></span> 
     </span>
     <span class='ocr_line' id='line_1_30' title="bbox 183 3436 1742 3523; baseline -0.006 -15"><span class='ocrx_word' id='word_1_350' title='bbox 183 3444 300 3508; x_wconf 82' lang='lat' dir='ltr'><strong>bulosa</strong></span> <span class='ocrx_word' id='word_1_351' title='bbox 323 3448 419 3523; x_wconf 81' lang='lat' dir='ltr'><strong>atque</strong></span> <span class='ocrx_word' id='word_1_352' title='bbox 443 3438 633 3504; x_wconf 88' lang='lat' dir='ltr'><strong>stultissima</strong></span> <span class='ocrx_word' id='word_1_353' title='bbox 657 3440 860 3502; x_wconf 79' lang='lat' dir='ltr'><strong>renitantur:</strong></span> <span class='ocrx_word' id='word_1_354' title='bbox 881 3438 937 3502; x_wconf 88' lang='lat' dir='ltr'><strong>ubi</strong></span> <span class='ocrx_word' id='word_1_355' title='bbox 992 3436 1113 3501; x_wconf 85' lang='lat' dir='ltr'><strong>loetum</strong></span> <span class='ocrx_word' id='word_1_356' title='bbox 1127 3436 1321 3519; x_wconf 81' lang='lat' dir='ltr'><strong>incredulos,</strong></span> <span class='ocrx_word' id='word_1_357' title='bbox 1337 3439 1439 3503; x_wconf 91' lang='lat' dir='ltr'><strong>donee</strong></span> <span class='ocrx_word' id='word_1_358' title='bbox 1461 3438 1681 3521; x_wconf 79' lang='lat' dir='ltr'><strong>ingrediantur</strong></span> <span class='ocrx_word' id='word_1_359' title='bbox 1702 3438 1742 3501; x_wconf 85' lang='lat' dir='ltr'><strong>ad</strong></span> 
     </span>
     <span class='ocr_line' id='line_1_31' title="bbox 183 3535 1742 3619; baseline -0.004 -14"><span class='ocrx_word' id='word_1_360' title='bbox 183 3541 270 3605; x_wconf 86' lang='lat' dir='ltr'><strong>inter</strong></span> <span class='ocrx_word' id='word_1_361' title='bbox 292 3548 399 3604; x_wconf 83' lang='lat' dir='ltr'><strong>uetera</strong></span> <span class='ocrx_word' id='word_1_362' title='bbox 422 3538 553 3616; x_wconf 88' lang='lat' dir='ltr'><strong>dieitur,</strong></span> <span class='ocrx_word' id='word_1_363' title='bbox 573 3538 658 3619; x_wconf 89' lang='lat' dir='ltr'><strong>quod</strong></span> <span class='ocrx_word' id='word_1_364' title='bbox 682 3540 817 3601; x_wconf 73' lang='lat' dir='ltr'><strong>Pharao</strong></span> <span class='ocrx_word' id='word_1_365' title='bbox 832 3540 938 3615; x_wconf 79' lang='lat' dir='ltr'><strong>jussit</strong></span> <span class='ocrx_word' id='word_1_366' title='bbox 992 3535 1091 3599; x_wconf 85' lang='lat' dir='ltr'><strong>iidem</strong></span> <span class='ocrx_word' id='word_1_367' title='bbox 1106 3544 1161 3599; x_wconf 86' lang='lat' dir='ltr'><strong>aut</strong></span> <span class='ocrx_word' id='word_1_368' title='bbox 1180 3536 1313 3599; x_wconf 86' lang='lat' dir='ltr'><strong>reddant</strong></span> <span class='ocrx_word' id='word_1_369' title='bbox 1331 3536 1506 3601; x_wconf 88' lang='lat' dir='ltr'><strong>tributuml</strong></span> <span class='ocrx_word' id='word_1_370' title='bbox 1522 3536 1582 3599; x_wconf 86' lang='lat' dir='ltr'><strong>Sed</strong></span> <span class='ocrx_word' id='word_1_371' title='bbox 1604 3537 1688 3600; x_wconf 87' lang='lat' dir='ltr'><strong>siout</strong></span> <span class='ocrx_word' id='word_1_372' title='bbox 1709 3536 1742 3598; x_wconf 93' lang='lat' dir='ltr'><strong>in</strong></span> 
     </span>
     <span class='ocr_line' id='line_1_32' title="bbox 184 3633 1742 3717; baseline -0.003 -16"><span class='ocrx_word' id='word_1_373' title='bbox 184 3642 252 3701; x_wconf 74' lang='lat' dir='ltr'><strong>sibi</strong></span> <span class='ocrx_word' id='word_1_374' title='bbox 264 3640 443 3717; x_wconf 69' lang='lat' dir='ltr'><strong>&lt;edificium</strong></span> <span class='ocrx_word' id='word_1_375' title='bbox 460 3656 562 3717; x_wconf 77' lang='lat' dir='ltr'><strong>oeque</strong></span> <span class='ocrx_word' id='word_1_376' title='bbox 580 3637 758 3697; x_wconf 81' lang='lat' dir='ltr'><strong>ooelestium</strong></span> <span class='ocrx_word' id='word_1_377' title='bbox 778 3644 937 3697; x_wconf 81' lang='lat' dir='ltr'><strong>attactum</strong></span> <span class='ocrx_word' id='word_1_378' title='bbox 991 3633 1107 3697; x_wconf 88' lang='lat' dir='ltr'><strong>eeteris</strong></span> <span class='ocrx_word' id='word_1_379' title='bbox 1135 3633 1226 3715; x_wconf 90' lang='lat' dir='ltr'><strong>quasi</strong></span> <span class='ocrx_word' id='word_1_380' title='bbox 1252 3633 1380 3716; x_wconf 85' lang='lat' dir='ltr'><strong>ubique,</strong></span> <span class='ocrx_word' id='word_1_381' title='bbox 1407 3634 1451 3698; x_wconf 89' lang='lat' dir='ltr'><strong>ita</strong></span> <span class='ocrx_word' id='word_1_382' title='bbox 1473 3635 1506 3697; x_wconf 89' lang='lat' dir='ltr'><strong>iu</strong></span> <span class='ocrx_word' id='word_1_383' title='bbox 1529 3634 1591 3699; x_wconf 86' lang='lat' dir='ltr'><strong>hoo</strong></span> <span class='ocrx_word' id='word_1_384' title='bbox 1616 3652 1742 3715; x_wconf 88' lang='lat' dir='ltr'><strong>quoque</strong></span> 
     </span>
     <span class='ocr_line' id='line_1_33' title="bbox 180 3732 1574 3818; baseline -0.001 -20"><span class='ocrx_word' id='word_1_385' title='bbox 180 3748 361 3816; x_wconf 83' lang='lat' dir='ltr'><strong>portorum</strong></span> <span class='ocrx_word' id='word_1_386' title='bbox 370 3736 548 3813; x_wconf 59' lang='lat' dir='ltr'><strong>perardua</strong></span> <span class='ocrx_word' id='word_1_387' title='bbox 562 3734 743 3811; x_wconf 74' lang='lat' dir='ltr'><strong>rioMopsis</strong></span> <span class='ocrx_word' id='word_1_388' title='bbox 752 3736 938 3795; x_wconf 78' lang='lat' dir='ltr'><strong>Beomcon·</strong></span> <span class='ocrx_word' id='word_1_389' title='bbox 992 3733 1051 3797; x_wconf 89' lang='lat' dir='ltr'><strong>tibi</strong></span> <span class='ocrx_word' id='word_1_390' title='bbox 1072 3732 1135 3816; x_wconf 84' lang='lat' dir='ltr'><strong>ipsi</strong></span> <span class='ocrx_word' id='word_1_391' title='bbox 1156 3732 1334 3797; x_wconf 83' lang='lat' dir='ltr'><strong>eontrarius</strong></span> <span class='ocrx_word' id='word_1_392' title='bbox 1355 3752 1390 3797; x_wconf 88' lang='lat' dir='ltr'><strong>es</strong></span> <span class='ocrx_word' id='word_1_393' title='bbox 1411 3732 1574 3818; x_wconf 85' lang='lat' dir='ltr'><strong>probatus.</strong></span> 
     </span>
     <span class='ocr_line' id='line_1_34' title="bbox 184 3830 1743 3915; baseline 0 -20"><span class='ocrx_word' id='word_1_394' title='bbox 184 3838 338 3913; x_wconf 54' lang='lat' dir='ltr'><strong>meret.</strong></span> <span class='ocrx_word' id='word_1_395' title='bbox 1031 3831 1067 3895; x_wconf 91' lang='lat' dir='ltr'><strong>ln</strong></span> <span class='ocrx_word' id='word_1_396' title='bbox 1081 3830 1239 3915; x_wconf 82' lang='lat' dir='ltr'><strong>principio</strong></span> <span class='ocrx_word' id='word_1_397' title='bbox 1260 3830 1391 3913; x_wconf 81' lang='lat' dir='ltr'><strong>capituli</strong></span> <span class='ocrx_word' id='word_1_398' title='bbox 1413 3832 1613 3915; x_wconf 79' lang='lat' dir='ltr'><strong>sexagesimi,</strong></span> <span class='ocrx_word' id='word_1_399' title='bbox 1630 3830 1743 3895; x_wconf 90' lang='lat' dir='ltr'><strong>simili·</strong></span> 
     </span>
     <span class='ocr_line' id='line_1_35' title="bbox 227 3928 1742 4015; baseline -0.001 -18"><span class='ocrx_word' id='word_1_400' title='bbox 227 3932 373 4015; x_wconf 85' lang='lat' dir='ltr'><strong>Capitulo</strong></span> <span class='ocrx_word' id='word_1_401' title='bbox 396 3928 662 4013; x_wconf 85' lang='lat' dir='ltr'><strong>quinquagesimo</strong></span> <span class='ocrx_word' id='word_1_402' title='bbox 683 3928 801 3992; x_wconf 86' lang='lat' dir='ltr'><strong>dieitur</strong></span> <span class='ocrx_word' id='word_1_403' title='bbox 822 3951 830 3991; x_wconf 91' lang='lat'><strong>:</strong></span> <span class='ocrx_word' id='word_1_404' title='bbox 851 3933 939 3991; x_wconf 80' lang='lat' dir='ltr'><strong>Deus</strong></span> <span class='ocrx_word' id='word_1_405' title='bbox 994 3938 1042 3993; x_wconf 89' lang='lat' dir='ltr'><strong>ter</strong></span> <span class='ocrx_word' id='word_1_406' title='bbox 1054 3937 1088 3995; x_wconf 88' lang='lat' dir='ltr'><strong>et</strong></span> <span class='ocrx_word' id='word_1_407' title='bbox 1102 3930 1135 3993; x_wconf 92' lang='lat' dir='ltr'><strong>in</strong></span> <span class='ocrx_word' id='word_1_408' title='bbox 1149 3929 1310 4013; x_wconf 82' lang='lat' dir='ltr'><strong>principio</strong></span> <span class='ocrx_word' id='word_1_409' title='bbox 1324 3930 1513 4012; x_wconf 86' lang='lat' dir='ltr'><strong>sexagesimi</strong></span> <span class='ocrx_word' id='word_1_410' title='bbox 1532 3930 1640 4013; x_wconf 92' lang='lat' dir='ltr'><strong>primi,</strong></span> <span class='ocrx_word' id='word_1_411' title='bbox 1654 3930 1742 4011; x_wconf 80' lang='lat' dir='ltr'><strong>jura·</strong></span> 
     </span>
     <span class='ocr_line' id='line_1_36' title="bbox 187 4026 1743 4112; baseline -0.001 -18"><span class='ocrx_word' id='word_1_412' title='bbox 187 4044 313 4095; x_wconf 82' lang='lat' dir='ltr'><strong>terrem</strong></span> <span class='ocrx_word' id='word_1_413' title='bbox 335 4033 434 4091; x_wconf 80' lang='lat' dir='ltr'><strong>biduo</strong></span> <span class='ocrx_word' id='word_1_414' title='bbox 452 4031 587 4091; x_wconf 80' lang='lat' dir='ltr'><strong>creavit.</strong></span> <span class='ocrx_word' id='word_1_415' title='bbox 603 4027 636 4091; x_wconf 89' lang='lat' dir='ltr'><strong>Si</strong></span> <span class='ocrx_word' id='word_1_416' title='bbox 654 4046 712 4109; x_wconf 93' lang='lat' dir='ltr'><strong>per</strong></span> <span class='ocrx_word' id='word_1_417' title='bbox 733 4026 869 4090; x_wconf 86' lang='lat' dir='ltr'><strong>biduum</strong></span> <span class='ocrx_word' id='word_1_418' title='bbox 890 4026 939 4089; x_wconf 90' lang='lat' dir='ltr'><strong>in·</strong></span> <span class='ocrx_word' id='word_1_419' title='bbox 994 4037 1045 4092; x_wconf 93' lang='lat' dir='ltr'><strong>tur</strong></span> <span class='ocrx_word' id='word_1_420' title='bbox 1058 4047 1116 4112; x_wconf 88' lang='lat' dir='ltr'><strong>per</strong></span> <span class='ocrx_word' id='word_1_421' title='bbox 1130 4036 1302 4109; x_wconf 86' lang='lat' dir='ltr'><strong>creaturas,</strong></span> <span class='ocrx_word' id='word_1_422' title='bbox 1315 4036 1390 4111; x_wconf 90' lang='lat' dir='ltr'><strong>puta</strong></span> <span class='ocrx_word' id='word_1_423' title='bbox 1404 4048 1462 4110; x_wconf 92' lang='lat' dir='ltr'><strong>per</strong></span> <span class='ocrx_word' id='word_1_424' title='bbox 1476 4036 1588 4093; x_wconf 87' lang='lat' dir='ltr'><strong>ventos</strong></span> <span class='ocrx_word' id='word_1_425' title='bbox 1602 4036 1634 4092; x_wconf 90' lang='lat' dir='ltr'><strong>et</strong></span> <span class='ocrx_word' id='word_1_426' title='bbox 1648 4047 1743 4109; x_wconf 89' lang='lat' dir='ltr'><strong>ange·</strong></span> 
     </span>
     <span class='ocr_line' id='line_1_37' title="bbox 187 4124 1741 4211; baseline -0.002 -17"><span class='ocrx_word' id='word_1_427' title='bbox 187 4128 304 4211; x_wconf 86' lang='lat' dir='ltr'><strong>telligit</strong></span> <span class='ocrx_word' id='word_1_428' title='bbox 327 4129 413 4191; x_wconf 89' lang='lat' dir='ltr'><strong>diem</strong></span> <span class='ocrx_word' id='word_1_429' title='bbox 438 4126 626 4204; x_wconf 80' lang='lat' dir='ltr'><strong>secundom,</strong></span> <span class='ocrx_word' id='word_1_430' title='bbox 642 4124 759 4189; x_wconf 85' lang='lat' dir='ltr'><strong>lalsum</strong></span> <span class='ocrx_word' id='word_1_431' title='bbox 782 4133 842 4203; x_wconf 88' lang='lat' dir='ltr'><strong>eat,</strong></span> <span class='ocrx_word' id='word_1_432' title='bbox 864 4143 940 4189; x_wconf 88' lang='lat' dir='ltr'><strong>oon·</strong></span> <span class='ocrx_word' id='word_1_433' title='bbox 992 4126 1041 4191; x_wconf 89' lang='lat' dir='ltr'><strong>los</strong></span> <span class='ocrx_word' id='word_1_434' title='bbox 1068 4134 1101 4189; x_wconf 92' lang='lat' dir='ltr'><strong>et</strong></span> <span class='ocrx_word' id='word_1_435' title='bbox 1125 4144 1183 4209; x_wconf 89' lang='lat' dir='ltr'><strong>per</strong></span> <span class='ocrx_word' id='word_1_436' title='bbox 1206 4134 1347 4190; x_wconf 86' lang='lat' dir='ltr'><strong>montem</strong></span> <span class='ocrx_word' id='word_1_437' title='bbox 1371 4126 1471 4207; x_wconf 90' lang='lat' dir='ltr'><strong>Sinai,</strong></span> <span class='ocrx_word' id='word_1_438' title='bbox 1498 4126 1576 4191; x_wconf 91' lang='lat' dir='ltr'><strong>item</strong></span> <span class='ocrx_word' id='word_1_439' title='bbox 1600 4126 1741 4209; x_wconf 88' lang='lat' dir='ltr'><strong>capitulo</strong></span> 
     </span>
     <span class='ocr_line' id='line_1_38' title="bbox 187 4221 1742 4309; baseline -0.003 -17"><span class='ocrx_word' id='word_1_440' title='bbox 187 4228 386 4309; x_wconf 83' lang='lat' dir='ltr'><strong>trariumque</strong></span> <span class='ocrx_word' id='word_1_441' title='bbox 401 4224 662 4307; x_wconf 58' lang='lat' dir='ltr'><strong>scriptumque</strong></span> <span class='ocrx_word' id='word_1_442' title='bbox 675 4223 709 4286; x_wconf 91' lang='lat' dir='ltr'><strong>in</strong></span> <span class='ocrx_word' id='word_1_443' title='bbox 723 4222 839 4287; x_wconf 84' lang='lat' dir='ltr'><strong>Genesi</strong></span> <span class='ocrx_word' id='word_1_444' title='bbox 853 4221 940 4287; x_wconf 74' lang='lat' dir='ltr'><strong>allio</strong></span> <span class='ocrx_word' id='word_1_445' title='bbox 953 4226 979 4290; x_wconf 85' lang='lat' dir='ltr'><strong>o</strong></span> <span class='ocrx_word' id='word_1_446' title='bbox 993 4224 1191 4307; x_wconf 85' lang='lat' dir='ltr'><strong>sexagesimo</strong></span> <span class='ocrx_word' id='word_1_447' title='bbox 1210 4224 1350 4289; x_wconf 86' lang='lat' dir='ltr'><strong>seeundo</strong></span> <span class='ocrx_word' id='word_1_448' title='bbox 1371 4242 1429 4307; x_wconf 87' lang='lat' dir='ltr'><strong>per</strong></span> <span class='ocrx_word' id='word_1_449' title='bbox 1447 4224 1572 4289; x_wconf 84' lang='lat' dir='ltr'><strong>stellam</strong></span> <span class='ocrx_word' id='word_1_450' title='bbox 1588 4224 1742 4308; x_wconf 85' lang='lat' dir='ltr'><strong>vesperti-</strong></span> 
     </span>
     <span class='ocr_line' id='line_1_39' title="bbox 62 4322 1741 4408; baseline 0.001 -22"><span class='ocrx_word' id='word_1_451' title='bbox 62 4340 112 4386; x_wconf 65' lang='lat' dir='ltr'><strong>na.</strong></span> <span class='ocrx_word' id='word_1_452' title='bbox 126 4356 141 4393; x_wconf 83' lang='lat' dir='ltr'><strong>t,</strong></span> <span class='ocrx_word' id='word_1_453' title='bbox 153 4345 173 4386; x_wconf 81' lang='lat' dir='ltr'><strong>r.</strong></span> <span class='ocrx_word' id='word_1_454' title='bbox 188 4336 257 4391; x_wconf 86' lang='lat' dir='ltr'><strong>mat</strong></span> <span class='ocrx_word' id='word_1_455' title='bbox 272 4350 280 4388; x_wconf 74' lang='grc' dir='ltr'>ε</span> <span class='ocrx_word' id='word_1_456' title='bbox 296 4324 332 4389; x_wconf 89' lang='lat' dir='ltr'><strong>ln</strong></span> <span class='ocrx_word' id='word_1_457' title='bbox 350 4322 509 4408; x_wconf 81' lang='lat' dir='ltr'><strong>principio</strong></span> <span class='ocrx_word' id='word_1_458' title='bbox 526 4322 646 4387; x_wconf 83' lang='lat' dir='ltr'><strong>creavit</strong></span> <span class='ocrx_word' id='word_1_459' title='bbox 665 4322 749 4385; x_wconf 84' lang='lat' dir='ltr'><strong>Deus</strong></span> <span class='ocrx_word' id='word_1_460' title='bbox 770 4322 887 4387; x_wconf 84' lang='lat' dir='ltr'><strong>ooelum</strong></span> <span class='ocrx_word' id='word_1_461' title='bbox 907 4330 940 4385; x_wconf 91' lang='lat' dir='ltr'><strong>et</strong></span> <span class='ocrx_word' id='word_1_462' title='bbox 992 4342 1079 4403; x_wconf 90' lang='lat' dir='ltr'><strong>nam,</strong></span> <span class='ocrx_word' id='word_1_463' title='bbox 1109 4323 1194 4405; x_wconf 91' lang='lat' dir='ltr'><strong>quod</strong></span> <span class='ocrx_word' id='word_1_464' title='bbox 1220 4342 1296 4387; x_wconf 88' lang='lat' dir='ltr'><strong>vera</strong></span> <span class='ocrx_word' id='word_1_465' title='bbox 1323 4330 1355 4386; x_wconf 93' lang='lat' dir='ltr'><strong>et</strong></span> <span class='ocrx_word' id='word_1_466' title='bbox 1386 4322 1471 4405; x_wconf 84' lang='lat' dir='ltr'><strong>justa</strong></span> <span class='ocrx_word' id='word_1_467' title='bbox 1504 4322 1569 4386; x_wconf 90' lang='lat' dir='ltr'><strong>sint</strong></span> <span class='ocrx_word' id='word_1_468' title='bbox 1594 4322 1741 4387; x_wconf 80' lang='lat' dir='ltr'><strong>Aleorani</strong></span> 
     </span>
     <span class='ocr_line' id='line_1_40' title="bbox 188 4420 1741 4507; baseline -0.005 -17"><span class='ocrx_word' id='word_1_469' title='bbox 188 4434 319 4490; x_wconf 83' lang='lat' dir='ltr'><strong>terram</strong></span> <span class='ocrx_word' id='word_1_470' title='bbox 335 4422 423 4487; x_wconf 88' lang='lat' dir='ltr'><strong>Unde</strong></span> <span class='ocrx_word' id='word_1_471' title='bbox 436 4430 469 4486; x_wconf 91' lang='lat' dir='ltr'><strong>et</strong></span> <span class='ocrx_word' id='word_1_472' title='bbox 483 4420 583 4484; x_wconf 82' lang='lat' dir='ltr'><strong>David</strong></span> <span class='ocrx_word' id='word_1_473' title='bbox 603 4421 637 4483; x_wconf 91' lang='lat' dir='ltr'><strong>in</strong></span> <span class='ocrx_word' id='word_1_474' title='bbox 656 4420 780 4485; x_wconf 82' lang='lat' dir='ltr'><strong>Psalmo</strong></span> <span class='ocrx_word' id='word_1_475' title='bbox 798 4420 940 4503; x_wconf 89' lang='lat' dir='ltr'><strong>loquitur</strong></span> <span class='ocrx_word' id='word_1_476' title='bbox 992 4431 1152 4507; x_wconf 77' lang='lat' dir='ltr'><strong>precepta</strong></span> <span class='ocrx_word' id='word_1_477' title='bbox 1165 4430 1197 4484; x_wconf 90' lang='lat' dir='ltr'><strong>et</strong></span> <span class='ocrx_word' id='word_1_478' title='bbox 1210 4420 1305 4485; x_wconf 88' lang='lat' dir='ltr'><strong>diota.</strong></span> <span class='ocrx_word' id='word_1_479' title='bbox 1321 4421 1381 4484; x_wconf 91' lang='lat' dir='ltr'><strong>Sed</strong></span> <span class='ocrx_word' id='word_1_480' title='bbox 1398 4420 1458 4483; x_wconf 78' lang='lat' dir='ltr'><strong>iste</strong></span> <span class='ocrx_word' id='word_1_481' title='bbox 1477 4422 1591 4485; x_wconf 90' lang='lat' dir='ltr'><strong>modus</strong></span> <span class='ocrx_word' id='word_1_482' title='bbox 1611 4420 1741 4503; x_wconf 85' lang='lat' dir='ltr'><strong>jurandi</strong></span> 
     </span>
     <span class='ocr_line' id='line_1_41' title="bbox 62 4518 1742 4603; baseline -0.001 -20"><span class='ocrx_word' id='word_1_483' title='bbox 62 4524 255 4593; x_wconf 73' lang='lat' dir='ltr'><strong>n.a,ae.Deo</strong></span> <span class='ocrx_word' id='word_1_484' title='bbox 271 4520 389 4585; x_wconf 86' lang='lat' dir='ltr'><strong>:Initio</strong></span> <span class='ocrx_word' id='word_1_485' title='bbox 412 4528 459 4600; x_wconf 91' lang='lat' dir='ltr'><strong>tu,</strong></span> <span class='ocrx_word' id='word_1_486' title='bbox 479 4518 623 4599; x_wconf 83' lang='lat' dir='ltr'><strong>Domine,</strong></span> <span class='ocrx_word' id='word_1_487' title='bbox 645 4527 762 4583; x_wconf 91' lang='lat' dir='ltr'><strong>terram</strong></span> <span class='ocrx_word' id='word_1_488' title='bbox 785 4518 937 4598; x_wconf 87' lang='lat' dir='ltr'><strong>fundasti,</strong></span> <span class='ocrx_word' id='word_1_489' title='bbox 994 4521 1119 4585; x_wconf 87' lang='lat' dir='ltr'><strong>videtur</strong></span> <span class='ocrx_word' id='word_1_490' title='bbox 1141 4519 1308 4603; x_wconf 90' lang='lat' dir='ltr'><strong>seripturis</strong></span> <span class='ocrx_word' id='word_1_491' title='bbox 1332 4519 1408 4583; x_wconf 89' lang='lat' dir='ltr'><strong>novi</strong></span> <span class='ocrx_word' id='word_1_492' title='bbox 1433 4538 1470 4583; x_wconf 86' lang='lat' dir='ltr'><strong>ao</strong></span> <span class='ocrx_word' id='word_1_493' title='bbox 1495 4519 1612 4583; x_wconf 87' lang='lat' dir='ltr'><strong>veteris</strong></span> <span class='ocrx_word' id='word_1_494' title='bbox 1635 4520 1742 4582; x_wconf 87' lang='lat' dir='ltr'><strong>&#39;lesta-</strong></span> 
     </span>
     <span class='ocr_line' id='line_1_42' title="bbox 188 4617 1742 4703; baseline -0.004 -18"><span class='ocrx_word' id='word_1_495' title='bbox 188 4629 223 4686; x_wconf 90' lang='lat' dir='ltr'><strong>et</strong></span> <span class='ocrx_word' id='word_1_496' title='bbox 239 4640 338 4703; x_wconf 91' lang='lat' dir='ltr'><strong>opera</strong></span> <span class='ocrx_word' id='word_1_497' title='bbox 356 4638 510 4683; x_wconf 90' lang='lat' dir='ltr'><strong>manuum</strong></span> <span class='ocrx_word' id='word_1_498' title='bbox 530 4626 656 4681; x_wconf 85' lang='lat' dir='ltr'><strong>tuarum</strong></span> <span class='ocrx_word' id='word_1_499' title='bbox 675 4626 750 4681; x_wconf 90' lang='lat' dir='ltr'><strong>sunt</strong></span> <span class='ocrx_word' id='word_1_500' title='bbox 774 4618 857 4682; x_wconf 88' lang='lat' dir='ltr'><strong>ooeli.</strong></span> <span class='ocrx_word' id='word_1_501' title='bbox 872 4618 939 4693; x_wconf 86' lang='lat' dir='ltr'><strong>Quo</strong></span> <span class='ocrx_word' id='word_1_502' title='bbox 993 4619 1093 4683; x_wconf 87' lang='lat' dir='ltr'><strong>menti</strong></span> <span class='ocrx_word' id='word_1_503' title='bbox 1114 4618 1302 4683; x_wconf 82' lang='lat' dir='ltr'><strong>contrarius.</strong></span> <span class='ocrx_word' id='word_1_504' title='bbox 1318 4618 1460 4682; x_wconf 86' lang='lat' dir='ltr'><strong>Christus</strong></span> <span class='ocrx_word' id='word_1_505' title='bbox 1479 4618 1567 4681; x_wconf 92' lang='lat' dir='ltr'><strong>enim</strong></span> <span class='ocrx_word' id='word_1_506' title='bbox 1587 4617 1621 4681; x_wconf 87' lang='lat' dir='ltr'><strong>in</strong></span> <span class='ocrx_word' id='word_1_507' title='bbox 1640 4617 1742 4681; x_wconf 84' lang='lat' dir='ltr'><strong>Evan-</strong></span> 
     </span>
     <span class='ocr_line' id='line_1_43' title="bbox 188 4715 1886 4805; baseline 0 -24"><span class='ocrx_word' id='word_1_508' title='bbox 188 4728 278 4805; x_wconf 87' lang='lat' dir='ltr'><strong>patet</strong></span> <span class='ocrx_word' id='word_1_509' title='bbox 297 4718 383 4800; x_wconf 88' lang='lat' dir='ltr'><strong>quod</strong></span> <span class='ocrx_word' id='word_1_510' title='bbox 407 4716 511 4801; x_wconf 89' lang='lat' dir='ltr'><strong>primo</strong></span> <span class='ocrx_word' id='word_1_511' title='bbox 528 4717 582 4779; x_wconf 91' lang='lat' dir='ltr'><strong>die</strong></span> <span class='ocrx_word' id='word_1_512' title='bbox 601 4724 706 4780; x_wconf 88' lang='lat' dir='ltr'><strong>ereata</strong></span> <span class='ocrx_word' id='word_1_513' title='bbox 730 4718 773 4780; x_wconf 91' lang='lat' dir='ltr'><strong>sit</strong></span> <span class='ocrx_word' id='word_1_514' title='bbox 795 4725 889 4780; x_wconf 88' lang='lat' dir='ltr'><strong>terra.</strong></span> <span class='ocrx_word' id='word_1_515' title='bbox 905 4717 939 4780; x_wconf 90' lang='lat' dir='ltr'><strong>Si</strong></span> <span class='ocrx_word' id='word_1_516' title='bbox 992 4718 1078 4801; x_wconf 89' lang='lat' dir='ltr'><strong>gelio</strong></span> <span class='ocrx_word' id='word_1_517' title='bbox 1099 4716 1240 4799; x_wconf 86' lang='lat' dir='ltr'><strong>loquitur</strong></span> <span class='ocrx_word' id='word_1_518' title='bbox 1256 4740 1263 4780; x_wconf 90' lang='lat'>:</span> <span class='ocrx_word' id='word_1_519' title='bbox 1280 4715 1383 4781; x_wconf 85' lang='lat' dir='ltr'><strong>Nolite</strong></span> <span class='ocrx_word' id='word_1_520' title='bbox 1401 4716 1510 4798; x_wconf 86' lang='lat' dir='ltr'><strong>jurare</strong></span> <span class='ocrx_word' id='word_1_521' title='bbox 1529 4716 1671 4796; x_wconf 90' lang='lat' dir='ltr'><strong>omnino,</strong></span> <span class='ocrx_word' id='word_1_522' title='bbox 1688 4735 1743 4780; x_wconf 86' lang='lat' dir='ltr'><strong>ne-</strong></span> <span class='ocrx_word' id='word_1_523' title='bbox 1766 4736 1853 4783; x_wconf 82' lang='lat' dir='ltr'><strong>rnot.</strong></span> <span class='ocrx_word' id='word_1_524' title='bbox 1866 4749 1886 4791; x_wconf 71' lang='lat' dir='ltr'><strong>v,</strong></span> 
     </span>
     <span class='ocr_line' id='line_1_44' title="bbox 188 4804 1839 4900; baseline -0.002 -17"><span class='ocrx_word' id='word_1_525' title='bbox 188 4838 268 4883; x_wconf 88' lang='lat' dir='ltr'><strong>vero</strong></span> <span class='ocrx_word' id='word_1_526' title='bbox 281 4837 340 4900; x_wconf 92' lang='lat' dir='ltr'><strong>per</strong></span> <span class='ocrx_word' id='word_1_527' title='bbox 352 4816 485 4881; x_wconf 84' lang='lat' dir='ltr'><strong>biduum</strong></span> <span class='ocrx_word' id='word_1_528' title='bbox 500 4813 649 4897; x_wconf 89' lang='lat' dir='ltr'><strong>intelligit</strong></span> <span class='ocrx_word' id='word_1_529' title='bbox 663 4814 801 4898; x_wconf 87' lang='lat' dir='ltr'><strong>spatium</strong></span> <span class='ocrx_word' id='word_1_530' title='bbox 813 4816 939 4879; x_wconf 91' lang='lat' dir='ltr'><strong>dierum</strong></span> <span class='ocrx_word' id='word_1_531' title='bbox 993 4835 1056 4900; x_wconf 92' lang='lat' dir='ltr'><strong>que</strong></span> <span class='ocrx_word' id='word_1_532' title='bbox 1082 4836 1138 4899; x_wconf 91' lang='lat' dir='ltr'><strong>per</strong></span> <span class='ocrx_word' id='word_1_533' title='bbox 1161 4816 1290 4897; x_wconf 83' lang='lat' dir='ltr'><strong>eoelum,</strong></span> <span class='ocrx_word' id='word_1_534' title='bbox 1315 4835 1418 4898; x_wconf 90' lang='lat' dir='ltr'><strong>neque</strong></span> <span class='ocrx_word' id='word_1_535' title='bbox 1442 4836 1500 4899; x_wconf 91' lang='lat' dir='ltr'><strong>per</strong></span> <span class='ocrx_word' id='word_1_536' title='bbox 1524 4823 1652 4894; x_wconf 84' lang='lat' dir='ltr'><strong>terram,</strong></span> <span class='ocrx_word' id='word_1_537' title='bbox 1678 4826 1740 4879; x_wconf 88' lang='lat' dir='ltr'><strong>ete.</strong></span> <span class='ocrx_word' id='word_1_538' title='bbox 1757 4806 1791 4853; x_wconf 77' lang='lat'><strong>³⁸&#39;</strong></span> <span class='ocrx_word' id='word_1_539' title='bbox 1805 4804 1839 4844; x_wconf 58' lang='lat'><strong>³²</strong></span> 
     </span>
     <span class='ocr_line' id='line_1_45' title="bbox 188 4912 1739 4998; baseline -0.004 -16"><span class='ocrx_word' id='word_1_540' title='bbox 188 4918 340 4995; x_wconf 91' lang='lat' dir='ltr'><strong>duorum,</strong></span> <span class='ocrx_word' id='word_1_541' title='bbox 355 4914 400 4977; x_wconf 91' lang='lat' dir='ltr'><strong>nil</strong></span> <span class='ocrx_word' id='word_1_542' title='bbox 425 4914 555 4997; x_wconf 88' lang='lat' dir='ltr'><strong>penitus</strong></span> <span class='ocrx_word' id='word_1_543' title='bbox 578 4912 662 4977; x_wconf 88' lang='lat' dir='ltr'><strong>valet</strong></span> <span class='ocrx_word' id='word_1_544' title='bbox 682 4936 690 4975; x_wconf 74' lang='grc' dir='ltr'><strong><em>ε</em></strong></span> <span class='ocrx_word' id='word_1_545' title='bbox 710 4914 786 4995; x_wconf 87' lang='lat' dir='ltr'><strong>quia</strong></span> <span class='ocrx_word' id='word_1_546' title='bbox 809 4915 937 4993; x_wconf 80' lang='lat' dir='ltr'><strong>creatio,</strong></span> <span class='ocrx_word' id='word_1_547' title='bbox 992 4916 1115 4997; x_wconf 75' lang='lat' dir='ltr'><strong>Moyses</strong></span> <span class='ocrx_word' id='word_1_548' title='bbox 1149 4932 1274 4998; x_wconf 85' lang='lat' dir='ltr'><strong>quoque</strong></span> <span class='ocrx_word' id='word_1_549' title='bbox 1309 4914 1342 4978; x_wconf 94' lang='lat' dir='ltr'><strong>in</strong></span> <span class='ocrx_word' id='word_1_550' title='bbox 1378 4915 1623 4979; x_wconf 87' lang='lat' dir='ltr'><strong>Deuteronomio</strong></span> <span class='ocrx_word' id='word_1_551' title='bbox 1656 4914 1703 4977; x_wconf 90' lang='lat' dir='ltr'><strong>ait</strong></span> <span class='ocrx_word' id='word_1_552' title='bbox 1731 4936 1739 4976; x_wconf 76' lang='grc' dir='ltr'>ι</span> 
     </span>
     <span class='ocr_line' id='line_1_46' title="bbox 188 5010 1889 5099; baseline 0 -22"><span class='ocrx_word' id='word_1_553' title='bbox 188 5036 261 5099; x_wconf 80' lang='lat' dir='ltr'><strong>qum</strong></span> <span class='ocrx_word' id='word_1_554' title='bbox 276 5010 751 5094; x_wconf 74' lang='lat' dir='ltr'><strong>mtaauopotontioinlinita,</strong></span> <span class='ocrx_word' id='word_1_555' title='bbox 766 5021 816 5076; x_wconf 85' lang='lat' dir='ltr'><strong>eet</strong></span> <span class='ocrx_word' id='word_1_556' title='bbox 837 5013 870 5076; x_wconf 92' lang='lat' dir='ltr'><strong>in</strong></span> <span class='ocrx_word' id='word_1_557' title='bbox 892 5014 941 5075; x_wconf 91' lang='lat' dir='ltr'><strong>in·</strong></span> <span class='ocrx_word' id='word_1_558' title='bbox 994 5015 1164 5079; x_wconf 84' lang='lat' dir='ltr'><strong>Dominum</strong></span> <span class='ocrx_word' id='word_1_559' title='bbox 1198 5014 1298 5077; x_wconf 85' lang='lat' dir='ltr'><strong>Deum</strong></span> <span class='ocrx_word' id='word_1_560' title='bbox 1326 5022 1416 5076; x_wconf 91' lang='lat' dir='ltr'><strong>tuum</strong></span> <span class='ocrx_word' id='word_1_561' title='bbox 1451 5013 1591 5093; x_wconf 87' lang='lat' dir='ltr'><strong>timebis,</strong></span> <span class='ocrx_word' id='word_1_562' title='bbox 1620 5020 1652 5077; x_wconf 89' lang='lat' dir='ltr'><strong>et</strong></span> <span class='ocrx_word' id='word_1_563' title='bbox 1685 5030 1742 5095; x_wconf 91' lang='lat' dir='ltr'><strong>per</strong></span> <span class='ocrx_word' id='word_1_564' title='bbox 1757 5033 1889 5085; x_wconf 67' lang='lat' dir='ltr'><strong>omnm.</strong></span> 
     </span>
     <span class='ocr_line' id='line_1_47' title="bbox 189 5111 1743 5194; baseline -0.005 -15"><span class='ocrx_word' id='word_1_565' title='bbox 189 5115 300 5179; x_wconf 77' lang='lat' dir='ltr'><strong>stand.</strong></span> <span class='ocrx_word' id='word_1_566' title='bbox 994 5131 1112 5177; x_wconf 90' lang='lat' dir='ltr'><strong>nomen</strong></span> <span class='ocrx_word' id='word_1_567' title='bbox 1127 5112 1198 5194; x_wconf 86' lang='lat' dir='ltr'><strong>ejus</strong></span> <span class='ocrx_word' id='word_1_568' title='bbox 1211 5111 1346 5193; x_wconf 85' lang='lat' dir='ltr'><strong>jurabis.</strong></span> <span class='ocrx_word' id='word_1_569' title='bbox 1363 5112 1427 5175; x_wconf 84' lang='lat' dir='ltr'><strong>lleo</strong></span> <span class='ocrx_word' id='word_1_570' title='bbox 1441 5129 1568 5193; x_wconf 89' lang='lat' dir='ltr'><strong>quoque</strong></span> <span class='ocrx_word' id='word_1_571' title='bbox 1582 5130 1647 5175; x_wconf 93' lang='lat' dir='ltr'><strong>non</strong></span> <span class='ocrx_word' id='word_1_572' title='bbox 1668 5128 1743 5174; x_wconf 88' lang='lat' dir='ltr'><strong>eon-</strong></span> 
     </span>
     <span class='ocr_line' id='line_1_48' title="bbox 229 5206 1888 5311; baseline -0.005 -34"><span class='ocrx_word' id='word_1_573' title='bbox 229 5214 353 5277; x_wconf 84' lang='lat' dir='ltr'><strong>llnrsns</strong></span> <span class='ocrx_word' id='word_1_574' title='bbox 374 5210 436 5275; x_wconf 83' lang='lat' dir='ltr'><strong>hoo</strong></span> <span class='ocrx_word' id='word_1_575' title='bbox 454 5207 557 5273; x_wconf 80' lang='lat' dir='ltr'><strong>lertm</strong></span> <span class='ocrx_word' id='word_1_576' title='bbox 574 5206 715 5292; x_wconf 76' lang='lat' dir='ltr'><strong>capitulo</strong></span> <span class='ocrx_word' id='word_1_577' title='bbox 731 5232 739 5271; x_wconf 77' lang='lat' dir='ltr'><strong><em>z</em></strong></span> <span class='ocrx_word' id='word_1_578' title='bbox 755 5212 855 5272; x_wconf 80' lang='lat' dir='ltr'><strong>Coetoe</strong></span> <span class='ocrx_word' id='word_1_579' title='bbox 872 5229 940 5287; x_wconf 71' lang='lat' dir='ltr'><strong>sep</strong></span> <span class='ocrx_word' id='word_1_580' title='bbox 994 5210 1084 5275; x_wconf 85' lang='lat' dir='ltr'><strong>venit</strong></span> <span class='ocrx_word' id='word_1_581' title='bbox 1104 5210 1211 5291; x_wconf 83' lang='lat' dir='ltr'><strong>jurare</strong></span> <span class='ocrx_word' id='word_1_582' title='bbox 1230 5208 1292 5271; x_wconf 93' lang='lat' dir='ltr'><strong>nisi</strong></span> <span class='ocrx_word' id='word_1_583' title='bbox 1316 5228 1373 5291; x_wconf 88' lang='lat' dir='ltr'><strong>per</strong></span> <span class='ocrx_word' id='word_1_584' title='bbox 1398 5228 1432 5271; x_wconf 89' lang='lat' dir='ltr'><strong>se</strong></span> <span class='ocrx_word' id='word_1_585' title='bbox 1458 5208 1574 5290; x_wconf 87' lang='lat' dir='ltr'><strong>ipsum.</strong></span> <span class='ocrx_word' id='word_1_586' title='bbox 1596 5207 1684 5270; x_wconf 88' lang='lat' dir='ltr'><strong>Unde</strong></span> <span class='ocrx_word' id='word_1_587' title='bbox 1709 5207 1742 5269; x_wconf 93' lang='lat' dir='ltr'><strong>in</strong></span> <span class='ocrx_word' id='word_1_588' title='bbox 1767 5256 1822 5301; x_wconf 38' lang='lat' dir='ltr'><strong>am·</strong></span> <span class='ocrx_word' id='word_1_589' title='bbox 1836 5268 1888 5311; x_wconf 42' lang='grc' dir='ltr'><strong>ω,</strong></span> 
     </span>
     <span class='ocr_line' id='line_1_49' title="bbox 190 5304 1791 5391; baseline -0.007 -14"><span class='ocrx_word' id='word_1_590' title='bbox 190 5324 255 5377; x_wconf 85' lang='lat' dir='ltr'><strong>tem</strong></span> <span class='ocrx_word' id='word_1_591' title='bbox 284 5314 384 5373; x_wconf 79' lang='lat' dir='ltr'><strong>biduo</strong></span> <span class='ocrx_word' id='word_1_592' title='bbox 411 5311 630 5387; x_wconf 66' lang='lat' dir='ltr'><strong>antinoum,</strong></span> <span class='ocrx_word' id='word_1_593' title='bbox 657 5316 719 5371; x_wconf 87' lang='lat' dir='ltr'><strong>eto.</strong></span> <span class='ocrx_word' id='word_1_594' title='bbox 748 5308 942 5391; x_wconf 78' lang='lat' dir='ltr'><strong>Frequenter</strong></span> <span class='ocrx_word' id='word_1_595' title='bbox 995 5310 1111 5375; x_wconf 83' lang='lat' dir='ltr'><strong>Genesi</strong></span> <span class='ocrx_word' id='word_1_596' title='bbox 1131 5309 1176 5373; x_wconf 85' lang='lat' dir='ltr'><strong>eit</strong></span> <span class='ocrx_word' id='word_1_597' title='bbox 1196 5310 1235 5371; x_wconf 92' lang='lat' dir='ltr'><strong>ad</strong></span> <span class='ocrx_word' id='word_1_598' title='bbox 1249 5308 1408 5372; x_wconf 83' lang='lat' dir='ltr'><strong>Abraham</strong></span> <span class='ocrx_word' id='word_1_599' title='bbox 1426 5329 1432 5369; x_wconf 95' lang='lat'><strong>:</strong></span> <span class='ocrx_word' id='word_1_600' title='bbox 1449 5307 1507 5369; x_wconf 91' lang='lat' dir='ltr'><strong>Per</strong></span> <span class='ocrx_word' id='word_1_601' title='bbox 1520 5304 1743 5387; x_wconf 88' lang='lat' dir='ltr'><strong>memetipsum</strong></span> <span class='ocrx_word' id='word_1_602' title='bbox 1760 5324 1791 5365; x_wconf 78' lang='lat' dir='ltr'><strong>re.</strong></span> 
     </span>
    </p>
   </div>
   <div class='ocr_carea' id='block_1_3' title="bbox 316 5442 1620 5499">
    <p class='ocr_par' dir='ltr' id='par_1_3' title="bbox 316 5442 1620 5499">
     <span class='ocr_line' id='line_1_50' title="bbox 316 5442 1620 5499; baseline -0.005 -1"><span class='ocrx_word' id='word_1_603' title='bbox 316 5446 350 5499; x_wconf 79' lang='lat' dir='ltr'><strong>T.</strong></span> <span class='ocrx_word' id='word_1_604' title='bbox 367 5446 407 5497; x_wconf 74' lang='grc'><strong>36.</strong></span> <span class='ocrx_word' id='word_1_605' title='bbox 1589 5442 1620 5493; x_wconf 82' lang='lat'><strong>2³</strong></span> 
     </span>
    </p>
   </div>
   <div class='ocr_carea' id='block_1_4' title="bbox 0 0 2165 6244">
    <p class='ocr_par' dir='ltr' id='par_1_4' title="bbox 0 0 2165 6244">
     <span class='ocr_line' id='line_1_51' title="bbox 0 0 2165 6244; baseline 0 0"><span class='ocrx_word' id='word_1_606' title='bbox 0 0 2165 6244; x_wconf 95' lang='lat' dir='ltr'><strong> </strong></span> 
     </span>
    </p>
   </div>
  </div>
 </body>
</html>
