4309 6250
522 500 640 549 oourm
662 500 829 549 rnurromrr
848 500 1020 566 rancum,
1042 501 1130 549 nram
1151 504 1195 550 m.
1217 522 1259 535 -
1279 504 1350 551 aar.
1372 507 1427 553 ιιι
1692 489 1752 555 393

201 680 278 736 sunt
307 674 463 752 conditae3
493 693 552 737 uec
577 691 692 756 corpus
716 672 892 735 humanum
919 672 951 735 in
967 670 994 734 d
1008 672 1376 770 venulis,ostendemnt
1390 677 1419 741 ei
1436 677 1600 761 proprium
1613 678 1755 761 gladium

202 758 322 854 eorpus'
349 772 448 834 stellae
476 780 525 835 est
550 770 803 851 transmutabile,
828 778 954 833 natura-
1008 772 1113 835 adhuc
1134 782 1336 838 cruentatum
1353 799 1360 838 ε
1377 794 1440 858 quo
1459 778 1540 855 viso,
1562 778 1700 858 erubuit,
1716 780 1756 842 de

204 869 278 933 liter
292 870 530 951 saltemPorro,
538 870 564 932 si
580 870 695 933 mulier
709 869 765 931 illa
779 868 813 931 iu
828 868 953 931 stellam
1009 878 1115 935 cetero
1137 873 1322 936 renuntians
1336 874 1424 955 vino,
1441 884 1473 939 et
1493 876 1561 940 suis
1582 877 1757 958 prohibens

202 988 361 1033 conversa
382 977 441 1047 est,
458 969 512 1033 ubi
538 968 713 1052 permansit
732 968 839 1031 anima
859 968 952 1050 ejusl
1010 968 1101 1033 illud.
1130 970 1216 1034 Istud
1244 972 1386 1036 breviter
1420 981 1526 1055 ungo,
1556 975 1601 1037 nil
1636 984 1757 1039 temere

202 1069 251 1131 An
264 1068 368 1131 adbuc
383 1068 416 1131 in
431 1086 563 1149 corpore
578 1067 677 1131 stellae
692 1075 810 1147 manet,
818 1067 952 1149 ejusque
1009 1068 1214 1135 affirmanda.

202 1165 422 1230 substantialis
441 1166 544 1229 forma
558 1166 703 1229 exsistill
718 1166 784 1241 Quo
803 1166 887 1243 dato,
905 1185 953 1229 se-

202 1266 312 1347 quitur
335 1266 419 1347 quod
450 1265 542 1328 stella
567 1264 622 1328 illa
647 1266 687 1327 sit
709 1264 853 1346 ejusdem
879 1284 953 1327 eum

202 1364 388 1427 hominibus
412 1363 545 1447 speciei,
571 1363 646 1445 quia
669 1362 774 1426 forma
801 1362 855 1425 dat
883 1382 953 1444 spe
1201 1352 1446 1418 ARTIGULUS
1470 1356 1562 1419 XIV.

202 1464 287 1525 ciem
305 1487 313 1524 :
330 1462 396 1526 imo
422 1462 565 1543 sequitur
589 1462 684 1573 quod·
698 1461 738 1573 sit
761 1468 951 1573 monstrum,
1007 1492 1183 1565 pemmo
1202 1492 1365 1553 Mam„
1379 1496 1420 1553 de
1434 1498 1542 1571 mi,
1562 1499 1712 1574 inferni).
1726 1509 1757 1561 e,

202 1570 313 1643 ilipoie
332 1560 469 1625 effectus
489 1578 555 1623 Stlae
569 1578 687 1642 ΒΡΘΟΙΘΙ
708 1577 950 1637 inconveniens,
1048 1582 1089 1639 de
1112 1583 1252 1658 quodam
1277 1591 1349 1657 post
1371 1588 1473 1660 finale
1488 1586 1661 1663 judicium
1686 1598 1757 1649 tan.

202 1660 356 1741 quoniam
380 1659 482 1723 forma
508 1658 609 1741 ipsius
633 1677 696 1723 nou
720 1658 815 1721 habet
837 1676 952 1739 corpus
1047 1672 1120 1728 dem
1134 1673 1292 1730 salvando
1305 1673 1421 1747 fabula
1437 1674 1583 1752 infidelis
1596 1697 1635 1736 ec
1646 1680 1754 1754 sclua.

202 1758 266 1821 sibi
281 1758 469 1821 naturaliter
483 1765 679 1838 competens.
697 1756 728 1819 Si
749 1774 825 1820 vero
844 1756 952 1819 anima
1432 1828 1448 1847 ,

201 1857 349 1921 molieris
377 1856 465 1920 illius
493 1855 555 1919 fuit
582 1876 601 1918 a
629 1874 686 1919 suo
715 1864 790 1917 tunc
819 1853 993 1937 corporali
1078 1860 1110 1919 fd
1137 1860 1282 1935 inferno,
1310 1862 1360 1921 eit
1388 1861 1516 1941 Abdias,
1546 1866 1688 1928 breviter
1713 1871 1759 1947 (si

201 1963 358 2036 separata,
375 1954 451 2036 quid
467 1953 587 2036 profuit
600 1953 630 2015 ei
645 1954 729 2035 quod
744 1971 859 2034 corpus
880 1954 951 2035 ejus
1088 1960 1209 2036 placet)
1219 1974 1387 2033 percurre.
1403 1964 1583 2039 Respondit
1598 1968 1760 2044 :Inferni

202 2052 237 2115 in
253 2054 376 2117 stellam
398 2061 552 2115 mutatum
569 2055 639 2115 estt
655 2052 786 2129 uanus,
804 2070 861 2134 per
874 2052 950 2133 quid
1007 2058 1110 2114 solem
1130 2057 1330 2132 sulfureum,
1344 2059 1522 2134 fumosum,
1534 2064 1607 2137 pice
1628 2066 1758 2124 interli-

200 2151 320 2215 meruit
347 2150 467 2214 femina
494 2150 548 2213 illa
577 2158 612 2212 ut
638 2149 733 2213 fieret
761 2150 853 2212 stella
882 2150 951 2232 pul·
1007 2147 1090 2213 tum}
1103 2156 1177 2229 Ipse
1192 2154 1347 2231 infernus
1366 2166 1450 2217 totus
1470 2161 1615 2235 fiammis
1631 2165 1759 2224 teterri-

202 2250 384 2313 cherrimat
1006 2253 1069 2310 mis
1096 2260 1249 2312 estuans.
1270 2256 1358 2315 Sunt
1382 2256 1419 2315 in
1443 2276 1479 2316 ec
1499 2261 1590 2318 lacus
1613 2265 1645 2319 et
1664 2264 1759 2336 putei

245 2349 400 2431 Amplius,
417 2348 523 2411 Sancti
546 2347 600 2429 qui
623 2348 687 2411 Deo
712 2346 860 2411 beatifice
881 2367 951 2431 per·
1002 2350 1274 2425 profundissimi,
1285 2354 1381 2427 pleni
1390 2354 1463 2430 pice
1476 2357 1635 2432 fervente,
1646 2376 1759 2435 cappe

202 2448 364 2527 fruuntur,
381 2445 595 2529 impassibiles
609 2454 733 2509 exstent
750 2469 758 2507 t
775 2446 867 2509 aliter
881 2466 951 2528 per·
1006 2449 1080 2507 sitis
1105 2450 1250 2524 flammis
1272 2453 1444 2527 sulfureis,
1470 2456 1589 2533 quibus
1612 2460 1758 2535 quotidie

200 2546 289 2609 fecte
312 2544 395 2607 beati
420 2563 484 2607 non
509 2552 626 2607 essent.
652 2544 777 2607 falsum
803 2552 851 2607 est
875 2562 950 2625 ergo
1007 2546 1252 2623 immerguntur
1269 2550 1432 2611 damnati.
1452 2552 1540 2612 Sunt
1562 2554 1634 2613 illic
1652 2564 1684 2614 et
1702 2575 1758 2616 cr·

200 2643 288 2725 quod
304 2642 342 2705 de
357 2642 469 2707 horum
492 2641 650 2724 supplicio
671 2642 855 2723 angelorum
873 2641 951 2703 rela-
1006 2643 1109 2713 bores,
1128 2662 1269 2721 querum
1290 2647 1457 2721 fructibus
1477 2659 1653 2712 vescuntur
1667 2674 1680 2712 .·
1693 2674 1756 2732 qno

201 2750 274 2803 tum
295 2748 354 2803 est.
1005 2741 1074 2799 cibo
1098 2742 1150 2801 nil
1169 2744 1309 2818 pronius
1333 2746 1369 2803 in
1393 2754 1458 2805 toto
1480 2749 1623 2824 cogitari
1640 2760 1754 2827 potest.

245 2838 415 2917 Postremo,
427 2856 526 2919 quum
540 2836 629 2918 juxta
644 2836 806 2917 eloquium
823 2836 877 2899 uei
894 2856 952 2918 per
1005 2836 1067 2899 Ista
1082 2838 1209 2901 veritati
1232 2838 1308 2902 fidei
1330 2840 1512 2906 christianae
1532 2845 1608 2907 satis
1624 2866 1755 2911 concor-

104 2977 130 3007 „
163 2998 169 3008 ,
199 2935 401 3001 Ezechielem
423 2936 622 3019 prophetam,
639 2934 728 2997 filius
748 2934 949 3016 iniquitatem
1006 2935 1093 3014 daut,
1110 2948 1242 3019 excepto
1265 2939 1351 3002 dicto
1375 2939 1435 3003 isto
1454 2942 1494 3003 de
1514 2944 1680 3007 arboribus
1705 2966 1757 3008 ea-

54 3041 65 3067 ¹
80 3041 108 3077 ³¹·
123 3056 135 3070 ·
151 3059 157 3071 ·
201 3034 303 3117 patris
317 3053 380 3097 nou
404 3041 518 3115 portet,
534 3052 591 3095 cur
610 3040 739 3115 propter
754 3032 880 3097 illorum
896 3053 950 3095 an·
968 3038 990 3101 C
1008 3052 1142 3116 rumque
1157 3034 1327 3114 fructibus,
1343 3038 1405 3100 uisi
1422 3038 1529 3102 forsan
1552 3041 1757 3123 spiritualiter

198 3135 347 3218 gelorum
366 3151 529 3196 excessum
552 3132 647 3194 alicui
668 3133 724 3196 toti
743 3133 862 3215 populo
884 3133 949 3196 viui
1006 3133 1213 3216 intelligatur.
1238 3136 1400 3218 Siquidem
1426 3148 1499 3221 post
1518 3140 1602 3204 diem
1629 3143 1754 3224 judicii,

199 3243 297 3316 potus
319 3233 463 3296 vetaturf
479 3230 539 3294 Sed
562 3238 672 3294 eontra
694 3230 776 3294 banc
790 3231 856 3294 vini
880 3251 951 3314 pro·
1006 3241 1096 3296 motu
1117 3234 1190 3297 coeli
1213 3245 1370 3313 cessante,
1387 3238 1512 3300 nullum
1534 3240 1680 3320 mixtum,
1702 3263 1756 3306 ve·

136 3364 182 3394 xus.
199 3331 389 3394 bibitionem
405 3330 437 3392 iu
453 3328 642 3412 precedenti
659 3337 792 3392 tractatu
805 3331 949 3410 quadam
1006 3331 1181 3412 gelativum
1207 3342 1262 3396 aut
1285 3336 1475 3398 sensitivam
1499 3338 1672 3418 dumtaxat,
1690 3361 1756 3405 ma-

197 3431 266 3494 alia
280 3439 353 3492 sunt
367 3429 496 3492 inducta
513 3451 519 3489 :
539 3427 658 3490 idcirco
678 3436 872 3509 pertranseo.
892 3430 950 3492 Ve-
1006 3430 1105 3492 nebit.
1122 3430 1232 3493 Omnis
1252 3450 1379 3514 quoque
1398 3437 1561 3516 generatio
1581 3441 1756 3521 corruptio

197 3536 380 3592 rumtamen
408 3526 548 3590 recitabo
582 3527 666 3608 quod
702 3527 833 3608 quidam
868 3527 951 3590 inter
1005 3547 1068 3609 que
1097 3529 1245 3592 cessabit.
1270 3529 1389 3595 Idcirco
1413 3553 1473 3596 nee
1497 3535 1626 3600 arbores
1649 3548 1754 3620 eruut,

197 3630 390 3692 Sarracenos
424 3625 480 3688 diu
516 3633 723 3688 conversatus
763 3626 946 3689 conscribit.
1005 3647 1065 3690 nec
1090 3628 1184 3690 etiam
1210 3647 1304 3710 poma
1329 3649 1388 3694 nec
1414 3631 1537 3696 fructus
1561 3647 1753 3715 nascentur,

196 3727 288 3802 Quod
311 3725 338 3788 si
363 3743 474 3788 verum
500 3723 551 3802 sit,
577 3723 685 3786 nescio
709 3746 717 3786 ι
741 3724 949 3788 verisimilius
1005 3735 1038 3790 et
1052 3727 1079 3789 si
1095 3736 1213 3808 essent,
1223 3748 1283 3792 nec
1298 3730 1517 3810 comedentur,
1528 3753 1587 3796 uec
1602 3736 1755 3802 resolutio

196 3835 306 3889 tamen
331 3832 480 3887 censetur
502 3841 598 3904 quam
623 3821 731 3884 fabula
757 3821 946 3898 introducta.
1005 3825 1076 3888 erit.
1107 3824 1280 3907 Postremo,
1311 3828 1394 3890 inter
1428 3833 1608 3911 corporales
1643 3853 1754 3899 omnes

196 3921 465 4005 ltaqueait‚quod
477 3920 588 3983 ldaboo
603 3919 948 4003 eremitamquemdam
1005 3942 1129 4006 poenas,
1159 3942 1253 4004 poeoa
1281 3925 1365 4006 ignis
1394 3924 1495 3989 fertur
1527 3931 1714 4010 gravissima
1744 3959 1751 3997 :

197 4023 329 4086 visitare
359 4020 492 4097 solebat,
519 4018 654 4082 forsitan
682 4018 827 4100 Sergium
852 4020 950 4084 barre-
1005 4021 1090 4104 ignis
1120 4041 1257 4103 namque
1287 4043 1412 4086 summe
1445 4027 1568 4090 activus
1595 4038 1644 4092 est
1672 4031 1756 4096 inter

198 4122 311 4198 ticum,
329 4137 422 4181 suum
438 4117 637 4199 magistrum.
655 4117 794 4180 Tandem
811 4117 948 4181 ministri
1005 4121 1164 4184 elementa
1192 4129 1223 4183 et
1252 4120 1360 4185 mixta.
1387 4123 1471 4204 ideo,
1498 4129 1645 4207 quamvis
1671 4141 1756 4194 esset

196 4222 269 4302 ejus
285 4237 380 4301 super
394 4217 455 4280 boc
470 4216 852 4294 atlediati,decreverunt
865 4219 949 4282 occi·
966 4223 990 4285 l)
1006 4219 1098 4283 cibus
1114 4219 1179 4296 ille,
1195 4239 1261 4282 non
1275 4229 1381 4283 tamen
1400 4222 1472 4304 igne
1487 4226 1646 4306 poeualior
1658 4230 1752 4294 foret.

195 4322 274 4383 dere
303 4316 480 4380 eremitam.
512 4315 678 4396 Quumque
706 4317 842 4397 quadam
878 4317 948 4381 vice
1045 4317 1280 4400 consequenter
1302 4319 1454 4383 intexitur
1475 4323 1528 4386 bic
1551 4323 1659 4388 fabula
1677 4349 1753 4410 una,

195 4430 262 4482 tam
287 4415 399 4479 llahon
423 4433 520 4496 quam
548 4414 679 4478 eremita
707 4415 782 4478 vino
812 4415 949 4480 fuissent
1004 4436 1063 4480 nec
1079 4417 1252 4500 scripturis
1268 4437 1328 4481 nec
1345 4419 1461 4483 rationi
1477 4425 1688 4491 concordans.
1705 4429 1755 4492 Ait

195 4515 348 4581 inebriati
372 4523 405 4577 et
426 4513 515 4595 gravi
543 4531 655 4596 sopore
678 4513 834 4595 oppressi,
855 4515 948 4578 satel-
1000 4517 1123 4599 quippe
1144 4517 1295 4579 ludeus:
1316 4521 1378 4580 Ubi
1396 4530 1442 4580 est
1461 4541 1556 4600 quern
1576 4528 1663 4586 liene
1684 4547 1753 4589 evo-

194 4617 270 4680 lites
286 4613 441 4696 principis
457 4611 506 4674 sui
521 4611 662 4693 gladium
679 4611 761 4674 clam
780 4613 946 4676 extraheu-
1001 4619 1087 4676 cabil
1108 4625 1180 4692 post
1203 4618 1290 4676 diem
1307 4618 1458 4694 judicii?
1481 4623 1660 4698 Respondit
1680 4647 1692 4686 .·
1710 4631 1751 4689 In

192 4723 255 4794 tes,
276 4711 442 4775 eremitam
463 4709 660 4787 occiderunt,
683 4719 945 4793 cruentatumque
1001 4717 1107 4776 medio
1124 4717 1253 4791 inferni
1272 4726 1318 4775 est
1338 4720 1446 4787 callis,
1463 4721 1497 4778 in
1519 4725 1603 4781 valle
1618 4743 1751 4801 perpes,

192 4811 338 4895 gladium
363 4810 396 4872 in
421 4808 492 4871 loeo
520 4815 729 4889 reposuerunt
753 4807 859 4890 priori.
888 4810 946 4874 Ex·
1001 4817 1038 4874 in
1049 4815 1327 4891 purgitepntercs,
1343 4817 1380 4875 in
1394 4825 1493 4891 puteo
1513 4839 1604 4889 arca,
1621 4822 1656 4880 in
1672 4842 1750 4883 arca

192 4909 398 4995 pergefactus
427 4907 593 4986 blabomet,
623 4915 784 4971 mortuum
819 4910 945 4991 conspi·
1001 4913 1129 4972 cinctus
1147 4913 1282 4981 catenis,
1298 4915 1477 4974 adstrictus
1497 4921 1645 4992 compede
1666 4940 1723 4981 suo
1738 4943 1750 4982 .·

192 5008 285 5074 ciens
314 5005 493 5084 eremitam,
519 5003 583 5066 suis
612 5004 768 5068 ministris
792 5006 945 5088 imposuit
999 5011 1059 5089 qni
1086 5020 1189 5080 stans,
1211 5029 1273 5087 per
1301 5012 1393 5071 mille
1419 5033 1522 5073 annos
1551 5017 1750 5078 incessanter

193 5107 315 5171 iactum
339 5103 412 5182 hoe,
428 5101 538 5164 voleus
560 5100 674 5184 punire
695 5122 817 5167 omues.
835 5105 874 5166 At
895 5104 942 5166 illi
998 5111 1060 5170 Dei
1075 5110 1334 5169 misericordiam
1355 5113 1541 5186 appellabit.
1559 5116 1646 5175 Ait:
1662 5117 1750 5184 Quid

194 5203 398 5270 concorditer
413 5199 609 5263 testabantur
622 5219 695 5263 eum
716 5201 748 5264 iu
771 5221 827 5264 sua
841 5203 943 5266 ebrie-
998 5227 1073 5283 erpo
1087 5208 1186 5283 saciet
1201 5209 1234 5266 ei
1246 5209 1538 5284 Deusfliespondit
1547 5215 1645 5274 :Post
1660 5217 1750 5274 mille

194 5313 258 5369 tate
280 5301 388 5386 egisse
411 5299 471 5364 hoe
496 5298 612 5382 ipsum,
639 5307 731 5383 atque
757 5300 789 5364 in
814 5300 940 5386 signum
997 5325 1100 5365 annos
1122 5307 1223 5382 saciet
1247 5326 1321 5366 eum
1349 5308 1414 5367 sibi
1441 5310 1575 5381 adduci,
1600 5311 1749 5392 dicetque
