4309 6250
445 486 504 551 404
768 496 887 547 corma
907 492 1075 543 ramnum
1095 490 1266 550 ιιιιιοιιιιι,
1288 490 1376 538 unm
1396 490 1441 539 ιιι.
1464 506 1504 519 -
1524 489 1596 536 mr.
1618 487 1674 535 m

445 695 520 737 rum
533 694 596 751 per
610 674 800 735 uniuersum
819 672 939 741 orbem,
951 672 1069 745 plenus
1090 668 1196 744 tripu-
1210 666 1236 727 Α
1251 674 1327 725 tuus
1348 671 1394 723 est
1414 664 1569 732 Abdalla,
1584 678 1688 722 unare
1707 660 1859 735 prouida.
1877 660 1985 719 Trans·

445 776 500 834 dio
523 782 554 833 et
577 773 797 833 modulamine
819 771 939 832 coelesti
966 788 1039 828 cum
1068 767 1197 842 inpenti
1249 763 1393 841 actisque
1417 762 1531 821 dubus
1553 759 1735 827 duodecim,
1754 758 1865 833 prodit
1888 757 1923 814 in
1945 759 1986 815 lu·

441 872 697 949 praconio,eam
711 887 775 929 esse
791 872 892 928 lucem
907 867 1071 943 prophetoe
1086 865 1197 925 Malto-
1249 880 1317 921 cem
1341 862 1409 936 ipse
1431 860 1594 921 Maltamet
1616 877 1628 917 .·
1646 877 1712 936 qua
1733 857 1814 916 liora
1837 855 1987 914 inclinata

447 979 520 1032 met.
536 972 679 1045 Stupens
697 968 878 1036 Abrabam,
893 966 982 1025 alato
1004 964 1144 1025 Domino
1164 980 1197 1021 se
1251 967 1327 1019 sunt
1349 959 1418 1017 idol
1442 1005 1449 1017 .

447 1088 618 1147 nunquam
633 1068 790 1127 virtutem
811 1066 888 1125 truie
908 1064 1049 1124 similem
1064 1062 1194 1121 vidisse.
1290 1054 1352 1117 ista
1370 1074 1408 1117 ex
1426 1054 1522 1135 longa
1535 1052 1666 1116 historia
1679 1049 1819 1113 brevitor
1839 1047 1983 1129 excerpsi,

448 1167 511 1227 Cui
531 1168 619 1227 Deus
643 1185 654 1223 .·
679 1167 757 1226 nae
780 1167 841 1224 lun
865 1182 961 1241 quam
986 1161 1110 1221 mirari
1132 1178 1197 1218 non
1252 1152 1351 1216 multa
1383 1152 1474 1234 quasi
1510 1170 1626 1233 magna
1659 1158 1692 1212 et
1725 1148 1874 1231 praeclara
1902 1146 1987 1209 omit·

447 1265 587 1342 sufficis,
611 1284 653 1322 en
676 1264 797 1322 semine
821 1270 877 1321 tuo
906 1259 1070 1319 nascituri
1098 1257 1199 1316 amici
1252 1259 1425 1332 tenszquae
1439 1258 1503 1313 tam
1519 1268 1594 1312 vera
1608 1257 1683 1311 suut
1696 1246 1780 1310 siout
1792 1247 1854 1328 jam
1869 1247 1985 1309 demon·

447 1364 555 1423 meiat
571 1362 685 1422 nuntii
699 1368 745 1421 est
761 1380 772 1419 :
786 1360 883 1436 cujus
897 1360 1010 1417 anima
1031 1357 1068 1415 in
1084 1356 1197 1431 prima
1253 1350 1370 1413 strabo.

447 1462 637 1521 animarum
651 1458 815 1519 creatione
828 1457 948 1517 anima
958 1463 1022 1515 tua
1028 1454 1199 1529 permixta

447 1567 517 1627 est,·
539 1558 634 1635 cujus
662 1557 794 1616 verbum
819 1556 856 1614 in
880 1554 1004 1613 uirtute
1026 1570 1121 1620 mea,·
1143 1551 1200 1610 cui
1392 1580 1399 1603 ·.
1442 1549 1686 1615 ARTIGULUS
1709 1546 1804 1611 XXI.

305 1666 434 1712 *osunen
448 1675 565 1716 nomen
585 1657 622 1715 in
643 1657 720 1715 coelo
734 1654 879 1715 Hameclt
889 1654 913 1722 *,
929 1653 966 1711 in
982 1660 1071 1711 terra
1087 1649 1199 1710 Malio-
1292 1681 1383 1748 Quod
1396 1680 1506 1739 omnia
1513 1679 1589 1754 jam
1607 1677 1762 1753 proesaya,
1777 1684 1851 1735 ,um
1867 1679 1951 1752 ficta,

301 1734 372 1837 2⁸:12„
377 1794 436 1837 A„
447 1763 524 1823 met,
543 1754 579 1813 in
595 1753 753 1828 paradiso
772 1751 1014 1826 Aloulkasynu
1031 1748 1112 1809 Fuit
1136 1747 1199 1805 ita-
1411 1770 1498 1846 salsa
1517 1777 1615 1846 atque
1632 1765 1837 1825 stultissima,

301 1856 410 1900 corrasam
447 1872 509 1932 que
534 1855 594 1911 lue
617 1870 659 1909 eu
682 1850 825 1911 Abrabae
853 1850 949 1907 vultu
977 1842 1235 1921 resplendens,B

446 1958 625 2011 senescente
641 1950 716 2025 jam
740 1950 829 2008 Sara
852 1946 960 2005 sterili
975 1964 986 2004 :
1000 1963 1072 2022 qua
1096 1962 1198 2021 quum
1314 1936 1591 2000 numentanae
1607 1933 1789 1999 consimilia
1808 1952 1877 1997 esse
1894 1933 1987 1997 conii-

446 2049 596 2110 diuinam
615 2046 863 2123 promissionem
886 2062 927 2101 en
950 2042 1067 2102 mariti
1091 2040 1198 2099 uerbis
1328 2031 1987 2115 cta,mendosa,baeretica,patetexomni·

447 2148 544 2227 quasi
555 2146 714 2223 diffidens
728 2144 847 2219 sapius
868 2148 1075 2209 retractaret,
1092 2140 1197 2201 Abra·
1251 2134 1312 2198 bus
1325 2136 1441 2218 quibus
1454 2135 1620 2215 bucusque
1639 2133 1807 2214 probatum
1820 2139 1868 2194 est
1880 2131 1986 2193 multos

446 2248 521 2305 leam
546 2245 691 2321 anpelico
716 2242 888 2301 admonitu
911 2240 1017 2315 Hepir
1041 2239 1197 2298 ancillam
1252 2252 1375 2296 errores
1389 2253 1426 2296 ac
1442 2232 1613 2314 injustitias
1628 2230 1784 2295 contineri
1798 2230 1986 2293 inAlcoranc

446 2346 543 2413 adit,·
565 2343 740 2421 statimque
768 2339 905 2399 luminis
928 2338 1065 2396 claritas
1089 2336 1126 2394 in
1148 2336 1197 2411 sa·
1252 2340 1284 2394 ct
1303 2332 1504 2395 documentis
1524 2329 1703 2393 Mabometi.

446 2444 527 2502 ciem
548 2441 704 2519 provida
722 2440 856 2515 miprat.
882 2437 1042 2499 Nascitur
1065 2436 1196 2506 Ismael,
1292 2430 1424 2512 Insuper
1438 2430 1523 2493 idem
1545 2448 1583 2491 ex
1601 2428 1674 2492 aliis
1689 2426 1987 2491 considerationibus

442 2549 620 2616 paternum
638 2541 748 2597 lumen
759 2536 951 2611 praeferens.
965 2534 1053 2601 Quid
1066 2540 1112 2591 est
1127 2533 1196 2601 loc,
1253 2538 1356 2611 potest
1383 2528 1519 2592 ostendi.
1545 2528 1661 2609 Primo,
1690 2527 1842 2608 quoniam
1870 2534 1987 2588 sanctus

446 2640 557 2717 lnquit
572 2636 765 2714 Sara,quod
779 2653 834 2710 epo
849 2652 951 2693 vacua
968 2639 1198 2709 aeneamque
1251 2629 1372 2710 Moyses
1396 2647 1434 2690 ex
1457 2627 1567 2690 divina
1591 2625 1784 2689 revelatione
1808 2623 1988 2706 conscripsit

446 2737 516 2795 alia
534 2734 668 2794 seminis
692 2733 743 2792 tui
763 2733 913 2808 fractum
933 2730 1086 2805 prefert,
1102 2747 1197 2807 quem
1221 2772 1224 2775 -
1252 2726 1382 2789 humani
1407 2726 1532 2808 generis
1554 2725 1815 2807 propagationem
1839 2743 1878 2786 ex
1899 2722 1987 2785 Adam

446 2853 501 2912 epo
521 2834 613 2894 toties
629 2832 828 2908 promissum
851 2831 911 2889 diu
934 2829 1066 2904 frustra
1089 2844 1197 2902 caspe·
1251 2825 1413 2907 usquead
1435 2832 1579 2905 tempora
1602 2843 1670 2902 sua,
1686 2831 1718 2885 et
1740 2821 1877 2904 qualiter
1899 2820 1987 2885 creati

446 2934 650 3001 oloinuam
674 2949 774 3009 quum
798 2928 967 2990 Aaronem
991 2944 1195 3004 nequaquam
1252 2943 1289 2986 ac
1304 2922 1439 2985 instituti
1453 2923 1518 2984 sint
1530 2922 1630 2984 Adam
1645 2930 1676 2984 et
1689 2922 1765 2984 Eva.
1782 2920 1822 2983 Et
1834 2921 1874 2983 de
1887 2920 1989 3000 aliqui·

446 3030 622 3103 desperans
629 3026 710 3102 jupi
724 3024 949 3101 affirmatione
960 3024 1195 3089 consolaretur,
1212 3028 1234 3091 c
1253 3023 1311 3086 bus
1330 3022 1407 3085 viris
1432 3020 1550 3084 sanctis
1574 3020 1832 3101 notabilibnsque
1855 3019 1988 3102 personis

447 3127 628 3188 adveniunt
642 3124 781 3199 hospites
790 3122 899 3198 anpeli
909 3140 1044 3181 numero
1055 3119 1198 3198 tres,qui
1253 3120 1404 3204 specialia
1422 3121 1565 3203 quaedam
1584 3128 1617 3184 et
1634 3120 1726 3202 plura
1745 3139 1840 3202 quam
1864 3120 1903 3182 do
1925 3116 1987 3180 aliis

448 3227 537 3284 inter
550 3231 657 3283 cetera
670 3225 792 3284 Soram
813 3220 1030 3296 imprapnari
1050 3220 1194 3278 edicunt.
1253 3220 1389 3302 scripsit,
1420 3227 1496 3302 puta
1529 3219 1568 3280 de
1596 3217 1672 3298 Noe,
1701 3219 1870 3298 Abrabam,
1898 3217 1986 3293 baar,

485 3320 841 3390 Postremo,Abraltam
857 3319 1029 3378 imminere
1043 3317 1108 3376 sibi
1121 3318 1197 3375 otta
1253 3319 1360 3397 Jacob,
1377 3317 1503 3399 loseph,
1518 3318 1601 3380 Esau
1616 3325 1649 3379 et
1661 3316 1809 3395 lsmae103
1821 3317 1987 3395 horumque

449 3421 628 3480 terminum
651 3420 765 3490 aciem,
790 3419 955 3478 aduocatis
982 3417 1076 3494 filiis,
1100 3417 1132 3475 ei
1160 3415 1195 3474 in
1254 3418 1349 3496 lacta,
1365 3435 1430 3480 non
1448 3416 1568 3495 emnia,
1584 3417 1640 3479 sed
1663 3415 1851 3479 notabiliora
1874 3423 1905 3477 et
1927 3431 1987 3494 que

447 3519 543 3595 cujus
556 3517 644 3593 socie
656 3519 768 3576 lumen
782 3535 878 3576 suum
891 3515 1051 3592 coynooit,
1060 3513 1197 3573 luminis
1253 3515 1356 3597 magis
1380 3515 1470 3577 utilia
1492 3533 1562 3577 esse
1585 3514 1677 3577 novit
1699 3531 1758 3595 pro
1780 3512 1924 3576 [idolium
1947 3511 1989 3572 in-

448 3623 675 3676 testamentum
703 3616 855 3674 tradidit.
886 3615 1054 3693 Dunitque
1078 3615 1198 3674 Ismael
1254 3614 1429 3677 structione
1443 3634 1479 3676 ac
1494 3612 1718 3692 aedificatione,
1734 3610 1825 3675 fideli
1840 3612 1913 3675 stilo
1926 3629 1989 3672 nar-

447 3715 628 3792 conjupem,
639 3733 680 3773 eoo
694 3733 759 3792 qua
771 3715 887 3790 penult
901 3713 1010 3789 filium
1022 3721 1196 3787 paternam
1254 3713 1345 3776 ravit.
1362 3713 1394 3775 Si
1412 3731 1488 3794 ergo
1510 3719 1659 3793 praetacta
1682 3711 1722 3773 de
1745 3711 1902 3774 Mabomct
1923 3727 1990 3772 vem

448 3816 551 3872 lucem
564 3820 767 3889 pestantem,·
781 3813 889 3890 sicque
899 3829 962 3887 per
976 3812 1126 3870 ordinem
1148 3811 1199 3869 in·
1254 3821 1370 3890 essent,
1397 3819 1507 3892 totque
1533 3809 1691 3873 mirabilia
1717 3809 1955 3891 praeclarissima
1973 3827 1989 3868 a

449 3911 602 3970 termedii
635 3911 709 3970 nati
736 3929 810 3970 cum
839 3911 964 3969 lumine
992 3917 1068 3968 sunt
1097 3928 1199 3987 usque
1254 3920 1397 3994 tempore
1427 3909 1501 3972 Adae
1529 3928 1587 3992 per
1614 3908 1759 3990 singulos
1787 3925 1987 3986 successores,

447 4009 635 4078 abdellam,
647 4017 778 4084 patrem
798 4009 1106 4085 Mutandaeque
1126 4026 1199 4066 ven-
1254 4008 1436 4091 specialiter
1448 4025 1575 4089 qnoque
1594 4025 1652 4088 por
1668 4007 1835 4088 quosdam,
1851 4005 1989 4087 conligis

449 4115 519 4166 tum
534 4115 579 4166 est
595 4110 690 4183 lonpa
710 4109 901 4166 saeculorum
924 4106 1007 4164 serie
1026 4107 1070 4164 ad
1090 4107 1199 4165 termi·
1254 4117 1335 4187 sent,
1352 4125 1422 4188 quae
1446 4106 1473 4168 si
1499 4105 1654 4168 veraciter
1678 4106 1882 4185 accidissent,
1897 4105 1988 4169 multo

448 4224 528 4264 num
553 4224 648 4284 quem
671 4206 758 4265 Deus
778 4205 995 4279 proscripsit,
1021 4213 1058 4262 ut
1087 4207 1198 4263 lumen
1214 4213 1238 4273 Ι)
1253 4204 1478 4288 spectabiliora
1497 4203 1769 4284 eminentioraque
1783 4213 1986 4286 essentquam

443 4304 611 4379 propbeta
624 4303 787 4364 Mabomet
803 4304 909 4378 ipsum
924 4303 1054 4360 taudem
1076 4306 1198 4362 mundo
1253 4325 1290 4369 ea
1310 4325 1381 4386 quas
1406 4303 1515 4366 retulit
1531 4303 1662 4384 Moyses,
1678 4302 1795 4365 mirum
1818 4305 1902 4384 quod
1924 4301 1988 4364 nul·

443 4402 614 4477 predicet.
630 4403 794 4481 Factaque
812 4409 858 4460 est
877 4419 939 4458 von
959 4401 1021 4460 Dei
1041 4402 1085 4458 ad
1099 4402 1197 4461 Arri·
1253 4405 1316 4466 lam
1330 4403 1370 4465 de
1384 4403 1430 4465 cis
1445 4400 1575 4464 iecisset
1587 4401 1707 4482 Moyses
1720 4401 1987 4466 mentionemlmo

447 4501 560 4568 duam,
580 4501 691 4558 dicens
706 4499 837 4574 :Aperi
855 4505 969 4572 portas
988 4499 1144 4573 paradisi
1166 4507 1198 4558 et
1252 4501 1377 4564 nullum
1388 4502 1470 4564 bene
1484 4499 1697 4564 consideranti
1712 4507 1761 4568 est
1774 4500 1907 4564 dubium
1919 4499 1986 4582 quin

446 4598 558 4656 omnio
584 4597 768 4672 penetralia
797 4596 892 4672 eJ'ust
917 4604 1006 4654 nocte
1034 4597 1195 4674 siquidem
1253 4601 1292 4663 de
1317 4599 1364 4662 eis
1388 4598 1583 4661 mentionem
1605 4597 1735 4661 lecisset
1750 4622 1758 4660 :
1775 4607 1811 4662 ut
1831 4601 1915 4681 quod
1937 4598 1988 4661 Ga·

446 4695 512 4754 ista
537 4695 735 4770 complacuit
763 4695 849 4752 milri
877 4701 913 4753 ut
944 4697 1053 4754 lumen
1083 4696 1199 4754 nuntii
1251 4697 1333 4760 briei
1349 4716 1420 4759 oum
1437 4694 1636 4778 septuaginta
1651 4695 1793 4758 millibus
1812 4698 1987 4779 angelorum

445 4793 512 4851 mei
529 4811 570 4851 ea
590 4793 710 4852 lumbis
723 4793 874 4853 Abdallce
893 4793 929 4850 in
950 4801 1083 4852 uterum
1101 4795 1196 4854 Ame-
1252 4794 1358 4857 taliter
1371 4793 1655 4875 apparuissetAdre
1669 4802 1702 4855 ct
1715 4794 1806 4873 Setb3
1822 4795 1906 4875 quod
1920 4795 1988 4855 item

446 4909 498 4952 na
537 4891 749 4966 transferam,
783 4890 860 4949 inde
892 4906 1124 4964 processurum
1160 4892 1197 4950 in
1252 4901 1359 4956 tantus
1373 4891 1524 4972 splendor
1537 4890 1680 4954 fulsisset
1693 4891 1726 4953 iu
1741 4892 1884 4956 vultibus
1898 4891 1989 4955 bomi-

445 4991 617 5050 mundum.
639 4989 697 5050 Sic
719 4988 818 5064 sacta
840 5007 941 5066 quum
966 4989 1030 5048 iret
1053 4990 1197 5051 Abdalla
1252 5011 1329 5055 num
1351 5014 1358 5052 :
1379 4991 1463 5072 quod
1483 4988 1701 5072 apparentiam
1724 5009 1854 5071 prorsus
1878 4990 1987 5053 nullam

437 5087 548 5164 judea
577 5095 607 5146 et
636 5087 789 5147 dominus
815 5089 965 5150 Arabum
993 5090 1037 5147 ad
1064 5090 1197 5149 domum
1253 5090 1394 5169 sortitur,
1420 5089 1594 5171 presertim
1617 5088 1702 5169 quod
1726 5109 1802 5152 aves
1825 5110 1864 5153 ac
1891 5089 1988 5153 bestia

446 5186 617 5254 orationis,
645 5185 730 5243 vidit
755 5187 858 5244 lucem
883 5204 1036 5262 mannam
1061 5207 1081 5246 a
1104 5190 1198 5248 domo
1253 5189 1455 5272 splendorem
1471 5186 1747 5269 stupueriutEvtc,
1762 5206 1864 5270 quum
1878 5208 1934 5252 nec
1947 5205 1990 5251 so·

446 5303 506 5348 suo
521 5284 557 5343 in
572 5286 687 5344 coelum
702 5283 917 5359 efflammare.
934 5286 1013 5346 Post
1028 5287 1096 5348 acc
1113 5306 1199 5348 mor·
1256 5291 1296 5353 lis
1316 5287 1474 5352 mirentur
1494 5285 1663 5369 fulgorem.
