4309 6250
468 491 528 556 tto
822 508 968 557 mrsroaa
988 510 1030 555 an
1050 507 1208 555 narraturus
1229 505 1424 555 samoneos.
1446 525 1487 538 -
1506 508 1577 556 aar.
1599 510 1656 557 mu

466 680 522 743 nia
536 700 606 745 mea
621 699 685 745 non
699 679 876 744 deflentllt
890 679 978 761 quasi
994 697 1057 743 non
1073 677 1215 742 sufficiat
1229 678 1254 741 Α
1270 676 1315 740 En
1341 677 1500 760 proferam
1522 679 1611 742 vobis
1632 678 1781 761 spiritum
1803 699 1917 743 meum.
1931 679 1996 743 Con·

465 777 513 839 eis
526 778 611 859 quod
626 777 666 840 ab
681 776 855 839 incredulis
870 795 940 839 sum
952 784 1016 839 tam
1032 776 1215 838 lamentabi·
1270 776 1387 855 venite,
1403 795 1422 839 o
1445 776 1517 851 filii,
1535 778 1568 840 in
1590 796 1688 840 unum
1704 778 1827 854 locum3
1844 778 1919 841 inite
1936 797 1997 842 con-

465 875 538 939 liter
557 877 785 954 demembrato,
802 884 967 957 angustata
990 883 1022 938 et
1045 874 1212 952 minorata,
1269 874 1388 952 silium,
1418 875 1576 938 celebrate
1612 877 1769 961 synodum
1804 884 1939 939 sanctam
1966 895 1996 938 ac

463 974 525 1056 ipsi
553 994 604 1037 mc
626 974 827 1057 impugnant,
842 973 970 1054 laeduut,
987 973 1212 1055 praescindunt,
1269 973 1461 1053 generalem,
1475 981 1506 1035 et
1519 974 1559 1036 de
1574 974 1737 1037 communi
1753 994 1790 1037 ac
1805 974 1899 1056 plena
1911 994 1997 1037 emen·

463 1072 660 1154 Egosponsa
676 1072 741 1149 Ilei,
760 1080 860 1134 metm
879 1070 1035 1149 fidelium,
1052 1071 1129 1134 olim
1149 1079 1214 1133 toto
1269 1070 1396 1135 dattouc
1424 1070 1457 1133 iu
1485 1071 1572 1135 omni
1597 1080 1691 1152 statu,
1717 1072 1819 1154 gradu
1848 1080 1879 1135 ct
1904 1071 1997 1135 ordine

465 1172 542 1234 orbe
557 1179 712 1233 terrarum
730 1169 861 1247 diffusa,
877 1167 1143 1252 patriarchalibus
1167 1188 1215 1231 se-
1270 1170 1442 1251 providete.
1470 1170 1639 1232 Convertat
1667 1188 1701 1232 se
1730 1170 1942 1251 unusquisque
1965 1170 1997 1231 ab

466 1268 560 1331 dibus
585 1269 744 1348 decorata,
761 1268 879 1349 Asiam,
896 1266 1047 1346 Africam,
1072 1269 1215 1330 Terram·
1269 1268 1356 1332 omui
1372 1268 1502 1347 malitia,
1519 1268 1661 1348 nequitia
1676 1275 1708 1330 et
1725 1266 1923 1331 immunditia
1940 1287 1995 1330 sua.

466 1386 528 1449 qua
562 1375 716 1447 sanctam,
746 1368 925 1449 AEgyptum,
955 1375 986 1429 et
1020 1366 1082 1429 alia
1117 1384 1214 1446 regna
1269 1365 1377 1429 Nolite
1393 1366 1536 1445 differre,
1560 1366 1660 1430 nolite
1685 1365 1888 1429 dissimulare
1907 1390 1914 1427 ι
1936 1366 1997 1447 quia

466 1467 568 1530 multa
595 1474 626 1530 et
654 1485 769 1548 magna
796 1465 893 1527 habui
923 1464 1001 1527 mihi
1030 1464 1175 1545 subjecta
1204 1488 1211 1524 :
1269 1463 1445 1547 periculum
1462 1465 1675 1548 majusquam
1695 1465 1827 1528 creditis
1846 1464 1996 1527 inferibus

465 1564 581 1646 quibus
592 1564 742 1627 omnibus
757 1582 842 1625 nunc
858 1561 1129 1625 miserabilissime
1145 1582 1214 1625 sum
1269 1572 1327 1626 est.
1345 1563 1461 1627 Perfidi
1476 1564 1524 1626 illi
1543 1563 1632 1627 mille
1651 1565 1742 1628 dolos
1762 1572 1872 1627 contra
1887 1582 1938 1626 vos
1955 1582 1996 1626 ce

465 1664 599 1745 privata.
615 1663 682 1745 Ego
699 1662 778 1725 olim
798 1661 885 1725 omni
906 1660 1097 1724 charismate
1119 1660 1215 1743 Spiri-
1269 1662 1380 1744 ghent,
1398 1672 1429 1725 et
1444 1672 1585 1726 vestrum
1600 1663 1824 1726 machinantur
1838 1662 1994 1725 interitum.

466 1769 518 1823 tus
543 1760 650 1824 Sancti
674 1768 786 1823 ornata
808 1779 846 1822 ac
872 1759 1048 1842 splendida,
1064 1757 1214 1821 infideles
1268 1761 1400 1823 Pensate
1425 1760 1561 1842 qualiter
1588 1760 1702 1824 fratres
1730 1760 1829 1824 vestri
1855 1762 1887 1823 iu
1914 1780 1996 1841 regno

465 1858 606 1939 quotidie
626 1878 684 1941 per
703 1858 830 1921 diversa
851 1857 1006 1921 miracula
1024 1856 1153 1938 copiose
1174 1857 1214 1920 ad
1231 1857 1448 1922 BGraecorum
1474 1859 1539 1922 sint
1567 1858 1757 1939 conculcati,
1784 1868 1816 1922 et
1842 1868 1943 1923 cavete
1965 1878 1996 1921 nc

465 1957 566 2020 fidem
598 1966 631 2019 et
662 1956 880 2038 evangelicam
913 1956 1015 2037 legem
1044 1955 1212 2033 converti3
1270 1956 1385 2020 slmilia
1409 1967 1463 2021 aut
1485 1958 1596 2040 pejora
1626 1958 1716 2021 vobis
1741 1958 1932 2040 contingant.
1948 1957 1997 2037 Op

465 2074 551 2118 nunc
571 2073 647 2118 vero
665 2054 705 2117 ab
724 2053 911 2116 infidelibus
929 2053 1072 2134 quotidie
1096 2062 1212 2115 vastor.
1268 2056 1386 2138 pressis
1401 2056 1554 2119 fidelibus
1568 2057 1748 2119 subvenite.
1767 2057 1790 2119 0
1805 2066 1936 2139 quantus
1953 2056 1997 2118 do

464 2152 529 2235 Ego
548 2153 625 2216 olim
644 2152 781 2235 regulari
803 2152 1021 2233 religiosorum
1043 2152 1214 2215 observan·
1270 2153 1317 2217 lor
1341 2173 1391 2217 mc
1415 2162 1569 2236 penetrat,
1592 2155 1667 2217 dum
1695 2154 1784 2218 filios
1806 2173 1893 2217 meos
1915 2171 1997 2216 camo

464 2252 508 2315 tia
532 2252 708 2333 gloriabar3
732 2251 911 2324 reclusione
935 2250 1212 2313 devotissimarum
1269 2248 1535 2315 ab'atrocissimis
1555 2252 1684 2315 Teucris
1702 2260 1735 2315 et
1756 2252 1933 2316 Sarraceuis
1952 2270 1997 2313 se

464 2350 652 2414 monialium
668 2350 929 2432 resplendebam;
945 2349 1118 2431 exemplari
1138 2368 1213 2412 con·
1268 2350 1397 2413 vissime
1411 2349 1562 2433 opprimi,
1578 2350 1721 2432 quotidie
1736 2351 1892 2427 devorari,
1909 2351 1939 2411 in
1956 2368 1997 2411 ca-

463 2446 653 2523 versatione,
661 2444 887 2508 efficacissima
901 2445 1126 2526 predicatione
1141 2465 1213 2527 qua·
1267 2449 1445 2531 ptivitatem
1464 2449 1576 2531 redigi,
1594 2458 1625 2511 et
1644 2468 1754 2512 eorum
1774 2448 1943 2513 infantulos
1964 2449 1996 2510 ad

464 2554 536 2609 tuor
549 2544 700 2607 Ordinum
715 2542 913 2622 adificabam
924 2543 1065 2607 virtuosa
1080 2552 1111 2607 et
1126 2536 1211 2608 casta
1268 2547 1449 2611 infidelium
1465 2556 1563 2611 terras
1579 2548 1762 2627 transmitti,
1779 2558 1814 2612 ut
1826 2548 1893 2630 jam
1907 2549 1943 2612 de
1956 2566 1996 2610 ce

463 2643 528 2706 vita
542 2644 576 2705 in
591 2642 690 2705 saeris
704 2642 870 2705 ordinibus
885 2642 1130 2705 constitutorum
1149 2643 1212 2705 ful·
1266 2652 1333 2707 tero
1362 2665 1425 2710 uon
1456 2646 1701 2709 sacratissimam
1724 2654 1819 2729 atque
1843 2646 1997 2709 mundissi-

463 2738 598 2820 gebam3
627 2739 759 2821 insuper
782 2747 814 2801 et
837 2738 956 2821 optIma
979 2739 1210 2820 gubernatione
1267 2763 1351 2806 mam
1366 2744 1480 2808 Christi
1501 2745 1614 2827 legam,
1632 2746 1687 2808 sed
1707 2746 1906 2828 sacrilegam,
1922 2764 1996 2807 men-

463 2837 634 2919 praesulum
662 2834 873 2919 proficiebam
901 2846 934 2900 et
960 2836 1144 2900 edificabar
1172 2858 1211 2901 er
1265 2843 1517 2907 dosissimamac
1533 2844 1996 2928 spurcissimamilliusporciui

463 2936 560 2998 clero.
572 2934 662 2998 Nune
676 2944 782 2998 autem
796 2937 863 2999 hac
878 2937 986 2999 omnia
999 2955 1057 3018 pro
1072 2937 1209 3000 maxima
1265 2961 1302 3004 ac
1318 2942 1524 3005 sordidissimi
1539 2941 1706 3007 Mahometi
1729 2943 1833 3025 legem
1848 2943 1996 3005 addiscant

463 3042 552 3115 parte
567 3033 704 3115 etquasi
719 3034 856 3097 totaliter
871 3042 945 3129 sunt
960 3054 1092 3113 eversa;
1109 3035 1209 3117 etqui
1225 3044 1247 3107 G
1265 3048 1295 3102 et
1323 3049 1549 3123 assequantur!
1580 3042 1660 3105 Ecce
1688 3042 1754 3124 jam
1791 3043 1831 3105 ad
1860 3043 1995 3124 angulum

461 3133 561 3195 Deum
577 3151 635 3215 pro
649 3133 767 3215 populo
782 3132 948 3196 efficacius
963 3142 1100 3212 orarent,
1110 3134 1209 3198 Deum
1265 3140 1360 3202 istum
1379 3140 1553 3204 occidentis
1576 3159 1627 3203 mo
1650 3141 1853 3223 redegerunt,
1869 3151 1901 3205 et
1920 3142 1949 3202 in
1966 3157 1996 3202 eo
2103 3177 2104 3180 =

461 3232 653 3295 inhonorant
675 3231 846 3295 enormius.
867 3231 902 3292 ln
927 3232 1127 3295 monasteriis
1156 3252 1210 3297 vo-
1264 3257 1391 3320 quoque
1409 3259 1460 3301 mc
1479 3239 1585 3302 dolere
1605 3249 1811 3320 presumunt.
1829 3239 1945 3302 Idcirco
1964 3239 1997 3299 si·

463 3338 494 3392 ta
514 3328 657 3392 solennia
680 3329 806 3391 assidue
829 3348 867 3391 ac
893 3329 1138 3394 sceleratissimo
1165 3331 1210 3394 vi·
1265 3357 1305 3400 ue
1319 3337 1405 3400 omni
1422 3355 1510 3400 mora
1527 3337 1730 3401 reconciliate
1746 3339 1997 3403 vobisDominum

461 3427 606 3507 elector,
632 3428 771 3490 claustra
798 3427 987 3490 monialium
1012 3429 1126 3491 scortis
1154 3449 1208 3512 pa·
1265 3436 1363 3499 Deum
1378 3444 1519 3498 vestrum
1533 3455 1592 3518 per
1606 3437 1797 3518 condignam
1814 3436 1847 3498 in
1862 3437 1996 3501 omnibus
2102 3457 2103 3474 ³

461 3533 539 3588 tent.
562 3527 597 3588 ln
623 3526 766 3607 collegiis
789 3526 991 3589 observantia
1012 3546 1094 3609 pene
1119 3529 1208 3591 nulla
1263 3533 1528 3597 emendationem,
1545 3533 1661 3617 Sicque
1684 3535 1799 3618 adepto
1825 3535 1880 3598 Ilei
1904 3537 1997 3598 favore

462 3622 597 3686 videtur.
620 3623 655 3684 ln
681 3622 778 3685 sacris
802 3622 965 3685 constituti
988 3624 1153 3686 ordinibus
1176 3634 1208 3687 et
1263 3641 1295 3694 et
1321 3632 1489 3713 impetrato
1513 3632 1584 3714 ejus
1608 3632 1737 3712 auxilio,
1763 3653 1837 3697 cum
1862 3634 1945 3698 omni
1966 3633 1997 3694 ΓΡ

461 3721 589 3802 plebani
604 3721 674 3784 sinc
689 3721 901 3784 refrenatione
916 3720 1054 3804 publicis
1072 3723 1207 3786 inconti-
1263 3729 1367 3808 dacia,
1385 3731 1657 3812 magnanimitate,
1670 3732 1812 3812 caritate,
1826 3731 1996 3797 tomtudiue

461 3819 577 3882 nentiis
592 3820 785 3902 polluuntur,
792 3839 830 3883 ax
840 3819 955 3901 quibus
968 3820 1060 3903 plebs
1074 3821 1207 3904 simplex
1263 3835 1357 3908 atque
1372 3828 1542 3910 prudentia
1556 3838 1666 3893 contra
1682 3829 1760 3893 fidei
1777 3831 1925 3894 inimicos
1938 3847 1997 3912 pre

462 3916 673 3982 ineffabiliter
686 3919 926 3982 scandalizatur.
940 3918 1092 3983 Praesules
1112 3941 1209 3984 saecu·
1263 3926 1366 3990 cedite
1394 3933 1426 3988 ct
1450 3935 1600 4008 pugnate,
1626 3935 1659 3990 ct
1681 3928 1824 4011 Sponsus
1849 3928 1995 4007 Ecclesia,

462 4014 583 4078 laribus
597 4017 797 4098 principibus
813 4018 1029 4108 saeculariores
1048 4026 1080 4080 et
1099 4037 1208 4082 carna·
1263 4025 1414 4089 Dominus
1438 4034 1470 4088 et
1492 4025 1630 4089 salvator
1653 4027 1807 4106 Christus,
1825 4027 1996 4111 Unigenitus

460 4113 557 4176 liores
578 4123 653 4176 sunt
666 4113 753 4177 facti.
769 4115 804 4177 ln
825 4114 916 4194 Urbe,
938 4114 993 4177 ubi
1018 4116 1116 4178 totius
1136 4135 1209 4179 san·
1263 4122 1371 4204 Patris,
1388 4123 1448 4186 erit
1473 4123 1650 4188 vobiscum.

460 4211 620 4277 etimoniae
644 4212 808 4294 planitudo
832 4212 962 4294 vigeret,
985 4213 1089 4295 major
1112 4218 1247 4296 quamD

460 4309 537 4372 alibi
559 4309 713 4373 vitiositas
735 4319 857 4392 regnat.

500 4408 580 4482 Quid
602 4427 690 4490 ergo,
707 4427 726 4472 o
744 4408 818 4486 filii,
835 4408 911 4490 quid
934 4416 1031 4471 restat
1049 4418 1081 4472 et
1102 4411 1208 4474 immi·
1452 4405 1697 4472 ARTICULUS
1720 4405 1815 4470 XIII.

461 4514 526 4584 net,
552 4506 616 4568 nisi
639 4506 743 4587 major
766 4515 799 4570 ct
821 4507 948 4588 gravior
971 4509 1151 4590 persecutio
1176 4519 1207 4573 et
1262 4547 1474 4623 Confirmatio
1503 4548 1739 4624 proedictorum
1769 4567 1811 4606 ex
1847 4549 1948 4608 verbs,
1973 4553 1997 4605 Β)

462 4604 662 4668 ⁰0⁰⁰¹¹¹0³ll⁰
689 4604 764 4685 mels
795 4604 858 4668 im⁰
887 4613 919 4667 θῑ
946 4606 1065 4668 vestri?
1096 4608 1204 4689 vestri,
1302 4637 1554 4695 revelationibus
1582 4639 1781 4697 Sanctorum
1810 4648 1842 4698 et
1871 4637 1996 4699 Catholi-

460 4701 602 4783 inquam,
619 4709 748 4785 propter
769 4702 838 4765 haec
861 4711 907 4766 tot
927 4711 959 4766 ct
979 4712 1066 4767 tanta
1087 4705 1207 4768 scelera
1301 4745 1423 4785 corum,

458 4809 563 4865 vestra
580 4823 587 4862 :
604 4800 667 4863 nisi
692 4819 778 4864 nunc
801 4801 881 4863 meis
902 4802 1109 4884 acquiescatis
1131 4823 1206 4868 con·

459 4899 552 4977 siliis,
588 4898 813 4980 obtemperetis
851 4900 1015 4979 doctrinis,
1049 4901 1205 4966 obediatis
1321 4907 1418 4972 UPElt
1442 4910 1570 4974 Cantica
1593 4913 1637 4975 ait
1657 4911 1778 4976 electus
1799 4913 1857 4978 Dei
1878 4914 1995 4978 temu-

457 4998 635 5080 praeceptis.
645 4998 758 5060 Audite
773 5017 858 5060 nunc
874 4998 970 5079 igitur
984 4999 1204 5065 fidelissimam
1334 5006 1392 5069 dus
1420 5031 1426 5069 :
1455 5009 1560 5092 Serpit
1584 5010 1678 5074 hodie
1703 5014 1841 5092 putredo
1866 5022 1897 5076 ct
1919 5012 1995 5074 tabes

457 5107 489 5162 et
502 5097 804 5160 affectuosissimam
819 5105 951 5160 matrem
968 5108 1117 5180 vestram,
1134 5120 1204 5183 quae
1258 5124 1317 5187 pcr
1335 5125 1430 5169 omne
1449 5125 1565 5190 corpus
1583 5109 1745 5190 Ecclesia,
1762 5119 1794 5174 at
1816 5131 1880 5193 quo
1901 5111 1993 5178 latius,

457 5196 607 5260 familiari
631 5205 663 5259 et
685 5194 846 5260 infallibili
869 5198 1042 5261 directione
1068 5199 1204 5280 Spiritus
1258 5223 1296 5266 eo
1323 5205 1533 5287 desperatius,
1563 5225 1664 5288 coque
1697 5209 1912 5290 periculosius
1941 5225 1995 5291 quo

458 5295 564 5358 Sancti
580 5295 707 5376 regitur,
725 5303 879 5374 movetur,
896 5303 927 5358 et
941 5297 1082 5380 loquitur
1100 5299 1200 5364 robis.
1258 5303 1441 5366 interius.Si
1458 5323 1596 5387 namque
1610 5307 1789 5389 insurgeret
1802 5319 1932 5392 apertus
1944 5309 1995 5370 ha
