4309 6250
261 532 301 578 nn
321 531 530 578 nucrcmmm
552 532 645 579 suurn
666 530 834 578 rouruums
855 531 892 577 rr
913 531 1083 578 certemus
1104 529 1245 589 conetur,
1267 532 1357 578 erens
1378 533 1412 578 rr.
1435 551 1476 562 -
1496 533 1565 577 nur.
1589 532 1608 576 v
1651 513 1712 577 595

50 707 256 780 cerusatque
284 701 437 778 munitus,
463 700 615 764 terribilis
643 709 692 763 est
719 700 949 763 adversariisrl
1004 701 1167 780 Praeterea,
1194 701 1278 763 sicut
1302 721 1336 763 se
1364 702 1484 764 habent
1511 702 1654 764 membra
1678 703 1710 764 in

42 783 56 820 ⁹·
162 798 370 878 potestatibus
390 807 425 859 ut
449 807 624 861 castrorum
647 797 731 860 acies
752 797 907 876 ordinate,
965 817 1098 880 corpore
1113 800 1249 862 naturali
1264 801 1302 862 ed
1318 809 1407 862 actus
1426 800 1598 876 naturales,
1615 800 1658 861 ita
1677 820 1711 862 se

162 903 256 978 prout
270 896 370 959 sancti
386 903 492 978 patres
507 896 717 978 Hieronymus
733 895 910 976 etqueGre
964 897 1083 959 habent
1108 895 1251 959 membra
1279 898 1312 959 in
1338 916 1471 978 corpore
1495 896 1649 979 spirituali
1673 915 1711 959 ac

161 994 269 1075 gorius
290 993 367 1056 fassi
391 1002 475 1055 sunt.
491 994 581 1056 Hunc
606 1001 711 1056 autem
737 993 908 1055 exercitum
964 994 1097 1076 mystico
1121 995 1161 1058 ad
1185 1003 1274 1057 actus
1299 995 1440 1058 caritatis
1464 1004 1494 1058 et
1518 995 1638 1077 gratie,
1655 1014 1712 1078 per

160 1091 471 1172 Christus,tanquam
486 1090 740 1172 sapientissimus
756 1108 909 1152 summus
964 1110 1059 1174 quam
1091 1100 1241 1174 tanquam
1271 1093 1415 1155 membra
1442 1093 1476 1154 in
1505 1112 1569 1156 uno
1600 1111 1712 1174 corpo

161 1209 223 1271 quc
237 1189 388 1272 prinecps
403 1189 560 1252 exercitus
580 1189 687 1271 hujus,
705 1188 814 1270 utique
829 1188 909 1270 opti-
964 1209 998 1252 re
1013 1197 1259 1268 connectuntur,
1275 1191 1542 1271 quemadmodum
1561 1189 1712 1254 Romanis

161 1308 212 1351 me
234 1288 394 1352 ordinavit
414 1289 479 1352 sive
505 1288 652 1352 instituit.
670 1289 774 1369 Porro,
790 1295 908 1369 quanto
964 1287 1077 1351 scribit
1100 1287 1270 1369 Apostolus
1294 1288 1407 1350 :Sicut
1431 1288 1465 1350 in
1490 1307 1554 1352 nno
1578 1307 1711 1372 corpore
1732 1309 1857 1361 emuna.

161 1387 320 1451 exercitus
334 1387 432 1450 fucrit
452 1386 679 1469 congruentius
701 1386 856 1449 adunatus
870 1405 907 1449 ac
964 1387 1108 1448 membra
1129 1385 1229 1448 multa
1249 1386 1414 1465 habemus,
1430 1385 1473 1449 ita
1496 1385 1588 1449 multi
1610 1406 1711 1449 unum
1726 1373 1745 1414 ⁵·

160 1486 273 1548 melius
288 1486 463 1564 ordinatus,
476 1494 540 1548 tem
555 1486 594 1547 ad
609 1505 643 1549 se
659 1485 797 1547 invicem
812 1504 908 1566 quem
964 1502 1079 1566 corpus
1108 1503 1217 1546 sumus
1242 1483 1276 1545 in
1300 1484 1434 1563 Christo,
1461 1484 1578 1566 singuli
1605 1493 1710 1548 autem

161 1583 220 1645 sub
245 1583 391 1666 principe
416 1583 548 1661 militie,
566 1591 652 1646 tanto
673 1581 841 1646 efficacior
861 1591 909 1644 est
963 1583 1044 1645 alter
1057 1582 1188 1645 alterius
1203 1583 1357 1645 membra.
1374 1583 1435 1645 Sed
1453 1583 1486 1644 in
1510 1602 1642 1666 corpore
1656 1604 1712 1647 na-

160 1683 196 1743 ad
224 1681 471 1764 prendendum,
493 1689 525 1744 et
548 1689 634 1744 tanto
659 1680 732 1763 plus
757 1681 910 1764 competit
964 1681 1057 1743 turali
1086 1681 1229 1742 membra
1256 1699 1314 1763 pro
1344 1700 1377 1743 se
1406 1681 1545 1745 invicem
1573 1681 1712 1746 sollicita

159 1779 219 1861 ipsi
236 1781 315 1844 ratio
334 1779 433 1861 ipsius
452 1779 620 1842 exercitus.
636 1779 907 1854 Quemadmodum
963 1788 1047 1860 sunt,
1064 1788 1096 1842 et
1117 1799 1216 1842 unum
1237 1779 1327 1861 pellit
1345 1781 1464 1843 malum
1484 1781 1635 1860 alterius,
1652 1801 1711 1845 nec

160 1879 258 1956 enim,
276 1879 451 1941 secundum
474 1879 696 1960 Augustinum,
713 1878 804 1940 turba
828 1878 908 1940 dici·
925 1874 948 1936 B
963 1899 1001 1941 ex
1019 1878 1168 1942 omnibus
1188 1879 1338 1942 membris
1356 1899 1455 1942 unum
1478 1898 1592 1962 corpus
1614 1882 1712 1943 resul-

161 1984 210 2037 tur
231 1976 401 2040 multitudo
425 1977 549 2038 turbata
573 1995 629 2039 seu
653 1975 843 2055 inordinata,
860 1976 907 2038 sic
964 1985 1008 2039 tat
1028 1977 1205 2058 perfeetum
1225 1996 1282 2040 suo
1304 1978 1399 2041 modo
1420 1978 1453 2040 in
1476 1997 1546 2040 esse
1561 1987 1593 2040 et
1606 1997 1710 2060 agere,

159 2075 319 2138 exercitus
340 2074 441 2138 fertur
462 2075 631 2138 multitudo
653 2075 712 2137 sub
733 2094 796 2138 uno
822 2075 909 2155 prin·
963 2075 1023 2137 nisi
1044 2076 1077 2136 in
1098 2084 1252 2157 quantum
1277 2076 1317 2138 ad
1337 2076 1476 2139 invicem
1499 2076 1664 2155 uniuntur,
1680 2084 1714 2140 et

160 2171 231 2254 cipe
259 2172 403 2236 ordinate
432 2172 586 2255 disposite
613 2182 644 2236 et
672 2172 816 2250 collecta,
847 2174 907 2236 hoc
964 2175 1129 2237 collective
1153 2177 1231 2254 (non
1256 2175 1401 2254 divisim)
1421 2184 1590 2237 sumuntur
1612 2195 1712 2258 :ergo

159 2280 207 2334 est
237 2271 395 2334 collectim
421 2273 498 2350 (non
524 2271 666 2350 divisim)
691 2278 831 2352 accepta.
858 2272 909 2333 Di·
964 2272 1010 2334 sic
1025 2280 1074 2334 est
1092 2272 1124 2333 in
1144 2272 1279 2353 mystico
1301 2291 1435 2354 corpore
1456 2281 1549 2354 atque
1572 2272 1713 2335 exercitu

161 2371 244 2434 visio
263 2389 400 2451 namque
418 2369 509 2432 bonae
524 2369 726 2451 dispositioni
741 2388 778 2432 ac
793 2369 907 2433 rationi
963 2369 1060 2432 totius
1088 2369 1249 2450 Ecclesia,
1280 2369 1363 2433 sient
1390 2371 1584 2452 expositores
1618 2390 1714 2452 super

161 2469 320 2531 exercitus
344 2467 453 2531 obviat
475 2475 507 2530 et
531 2475 695 2548 repugnat.
719 2467 788 2530 'loti
813 2467 909 2548 igitur
963 2467 1120 2549 Epistolas
1148 2467 1234 2530 Pauli
1269 2468 1471 2532 concorditer
1498 2468 1653 2547 scribunt,
1682 2477 1715 2532 ct

160 2567 280 2648 populo
304 2565 476 2629 christiano
501 2585 557 2628 seu
586 2566 643 2628 toti
666 2565 827 2644 Ecclesiae,
844 2584 908 2628 non
964 2565 1072 2628 Petrus
1093 2567 1132 2629 de
1152 2567 1335 2629 Tarantasia
1353 2575 1448 2646 etque
1467 2567 1633 2629 Durandus
1653 2565 1715 2630 fre-
1786 2627 1790 2634 ,

161 2664 316 2746 competit
329 2683 398 2726 esse
414 2682 514 2726 unum
529 2663 656 2726 totalem
672 2682 709 2725 ac
727 2664 908 2744 generalem
964 2672 1099 2745 quenter
1112 2664 1287 2729 affirment.
1306 2665 1338 2727 Si
1354 2665 1450 2746 igitur
1464 2664 1546 2746 Papa
1561 2665 1715 2728 concede-

159 2761 335 2825 exercitum
354 2762 407 2824 Dei
430 2761 491 2824 nisi
512 2761 544 2823 in
565 2769 720 2842 quantum
743 2761 908 2824 collective
965 2773 1015 2826 tur
1029 2782 1100 2826 esse
1115 2762 1263 2845 princeps
1280 2763 1402 2825 militiae
1424 2763 1599 2844 spiritualis
1617 2764 1714 2845 hujus
1801 2787 1807 2800 ¹

160 2861 328 2943 accipitur,
347 2861 390 2922 ita
404 2861 488 2941 quod
503 2879 615 2924 omnes
633 2859 728 2922 simul
750 2860 789 2922 ad
810 2878 908 2922 unum
964 2861 1059 2924 totius
1074 2862 1242 2934 exercitus,
1256 2869 1332 2944 puta
1346 2861 1535 2923 universalis
1550 2861 1708 2940 Ecclesiae,

159 2961 274 3022 ducem
291 2979 327 3021 ac
342 2958 519 3040 principem
536 2957 711 3040 spiritualis
727 2957 848 3020 militite
865 2977 909 3020 re
965 2959 1098 3022 habetur
1121 2959 1291 3036 intentum,
1308 2957 1455 3022 videlicet
1480 2960 1564 3040 quod
1590 2960 1715 3024 cunctis

160 3057 319 3136 feruntur,
346 3064 543 3120 concernunt
568 3074 605 3118 ac
629 3055 828 3135 ordinantur,
849 3056 910 3118 illi·
925 3063 947 3127 C
964 3057 1113 3120 fidelibus
1134 3057 1229 3118 simul
1250 3057 1390 3140 acceptis
1411 3057 1518 3140 praesit
1537 3056 1714 3140 jubereque

161 3174 222 3237 que
242 3164 354 3237 parent
375 3162 407 3217 et
427 3154 557 3218 obedire
579 3162 737 3217 tenentur.
964 3156 1089 3219 habeat.
1107 3156 1137 3219 Si
1154 3163 1260 3219 autem
1275 3156 1336 3220 hoc
1355 3164 1500 3237 negetur,
1516 3174 1715 3237 consequens

198 3253 280 3317 Hinc
310 3254 439 3336 quidam
468 3254 613 3316 doctores
643 3272 738 3335 super
761 3262 909 3334 quartum
964 3263 1013 3318 est
1032 3255 1118 3336 quod
1137 3253 1294 3317 exercitus
1314 3254 1374 3316 iste
1394 3254 1573 3317 nonhabet
1596 3255 1716 3336 princi-

52 3366 95 3411 un.
106 3382 145 3411 ιιι.
160 3352 581 3433 Sententiarum,quaestione
592 3352 631 3413 de
645 3352 835 3415 correctione
850 3351 910 3414 fre·
964 3371 1038 3434 pem
1053 3353 1175 3415 militiae
1194 3352 1367 3434 spiritualis
1388 3352 1422 3413 in
1441 3359 1534 3431 terra,
1552 3360 1584 3415 et
1599 3353 1715 3435 imper-

161 3460 262 3529 terne,
281 3450 325 3513 sie
341 3450 484 3513 scribunt
501 3473 508 3511 ε
525 3450 728 3513 Conversatio
744 3451 908 3513 hominum
964 3450 1067 3513 fectus
1096 3458 1128 3513 et
1155 3448 1392 3512 insufficienter
1417 3450 1582 3512 ordinatus
1611 3451 1714 3513 consi·

158 3549 336 3611 secundum
351 3548 455 3629 legem
471 3547 597 3628 Christi,
614 3547 809 3611 assimiletur
822 3568 909 3611 erer—
965 3550 1047 3611 stit:
1069 3548 1163 3629 cujus
1186 3548 1368 3629 oppositum
1392 3547 1521 3610 divinus
1543 3548 1714 3629 Dionysius

159 3646 249 3723 citui,
267 3646 300 3707 in
323 3664 387 3727 quo
410 3645 527 3728 duplex
552 3652 600 3709 est
620 3646 698 3709 ordo
716 3670 723 3708 :
740 3666 822 3708 unus
845 3666 908 3728 quo
964 3646 996 3708 in
1025 3646 1107 3709 libro
1134 3646 1174 3708 de
1195 3645 1419 3708 Ecclesiastica
1439 3646 1619 3709 hierarchia
1639 3648 1714 3709 ede
1727 3687 1773 3728 up,
1784 3690 1799 3726 1,
1811 3689 1831 3719 ,,

157 3764 271 3809 omnes
292 3743 332 3807 de
352 3744 491 3807 exercitu
513 3750 638 3805 etcum
662 3745 802 3807 exercitu
826 3744 909 3807 ordi·
963 3745 1041 3808 cuit.
1057 3746 1124 3808 lmo
1146 3744 1236 3826 sequi
1260 3744 1396 3823 videtur,
1413 3745 1498 3826 quod
1522 3744 1602 3809 ratio
1626 3764 1714 3809 exer

158 3851 277 3906 uantur
291 3843 330 3906 ad
345 3843 471 3921 ducem,
488 3848 523 3903 ut
536 3841 566 3904 ei
581 3841 731 3905 obediant
751 3850 783 3905 et
797 3862 908 3924 regan·
964 3843 1045 3906 citus
1066 3844 1096 3906 ei
1117 3860 1180 3905 non
1203 3849 1372 3923 competat.

159 3950 210 4004 tur
233 3941 276 4004 ab
299 3960 357 4020 eo;
373 3940 454 4003 alius
478 3959 542 4021 quo
566 3940 683 4023 singuli
704 3941 744 4004 de
766 3943 906 4005 exercitu
1002 3941 1166 4018 Praeterea,
1192 3939 1219 4002 si
1247 3939 1428 4020 quisdicat
1452 3940 1602 4003 sufficere
1626 3942 1712 4022 quod

156 4040 201 4103 ita
222 4039 461 4117 coordinantur,
478 4046 513 4101 ut
534 4058 616 4101 unus
638 4039 728 4101 alteri
753 4040 906 4103 auxilium
962 4040 1104 4121 Christus
1128 4058 1184 4102 scu
1209 4038 1340 4101 lfichael
1368 4038 1517 4121 princeps
1542 4047 1591 4101 est
1613 4040 1711 4121 hujus

156 4139 309 4221 prebent.
340 4136 378 4199 Et
406 4145 538 4219 uterque
566 4136 762 4199 necessarius
791 4147 838 4201 est
866 4140 905 4201 ad
962 4138 1130 4217 exercitus,
1161 4144 1283 4200 certum
1312 4144 1361 4199 est
1387 4136 1448 4201 hoc
1477 4136 1711 4202 inconsiderate

155 4236 258 4300 linem
283 4236 555 4317 consequendum,
583 4235 707 4298 scilicet
729 4236 769 4298 ed
797 4238 906 4300 trium·
921 4239 947 4301 l)
962 4236 1214 4319 insipienterque
1232 4234 1296 4298 dici
1312 4259 1320 4297 ι
1337 4235 1487 4317 quoniam
1506 4234 1591 4298 bona
1604 4235 1711 4318 dispo-

154 4334 270 4417 pbum,
285 4335 326 4396 ad
340 4352 434 4416 quem
450 4332 701 4397 exordinatione
717 4334 807 4398 ducis
822 4342 905 4399 totus
960 4335 1034 4399 sitio
1059 4334 1217 4398 exercitus
1242 4333 1339 4416 exigit
1362 4332 1541 4417 principem
1566 4334 1627 4397 sibi
1656 4353 1710 4417 ap-

154 4433 314 4497 erercitus
339 4432 514 4496 ordinatur.
533 4430 634 4494 Simili
654 4433 749 4496 modo
773 4434 806 4495 in
831 4454 906 4499 con·
961 4432 1244 4515 proportionatum,
1270 4438 1303 4494 ct
1327 4430 1473 4513 ejusdem
1501 4437 1600 4493 ststns
1634 4450 1711 4495 con-

152 4533 336 4596 versatione
351 4532 423 4596 vitas
444 4532 592 4595 humanae
611 4541 642 4595 et
662 4552 772 4597 eorum
794 4534 848 4615 qui
871 4535 904 4597 in
960 4531 1213 4612 versationisque
1242 4549 1363 4608 secum,
1389 4550 1408 4591 a
1430 4548 1495 4611 quo
1519 4530 1710 4613 generaliter

153 4631 264 4712 alique
291 4629 406 4693 vivunt
438 4630 676 4708 communitate,
707 4632 825 4714 duplex
857 4642 905 4696 est
959 4630 1054 4711 dirigi
1084 4630 1196 4711 possit.
1217 4629 1304 4691 Unde
1333 4637 1365 4690 ct
1393 4637 1507 4710 praeter
1535 4629 1595 4691 hoc
1623 4629 1709 4711 quod

152 4730 233 4793 ordo
256 4748 363 4791 :unus
388 4728 538 4792 videlicet
564 4730 730 4809 [omnium]
758 4732 796 4793 ad
825 4751 904 4814 prae-
960 4728 1213 4809 uniuscujusque
1227 4727 1427 4809 particularis
1442 4726 1593 4790 Ecclesiae
1608 4728 1710 4790 eccle·

152 4828 267 4906 latum,
283 4830 337 4909 qui
354 4828 449 4891 habet
467 4846 578 4891 omnes
598 4846 717 4909 regere,
735 4837 766 4891 et
788 4830 839 4892 cui
859 4839 904 4894 te·
960 4827 1158 4908 siasticasque
1182 4844 1326 4907 persone
1349 4834 1456 4907 capnt,
1473 4833 1577 4887 rector
1601 4834 1632 4887 et
1655 4844 1709 4907 pa·

151 4935 273 4990 nentur
298 4946 410 4990 omnes
438 4934 470 4989 et
498 4926 615 5007 singuli
643 4926 793 5005 obedire;
823 4929 903 4991 alius
959 4935 1024 4989 stor
1051 4924 1237 5006 principalis
1271 4933 1320 4985 est
1351 4923 1505 5003 Christus,
1535 4923 1710 5004 requiritur

152 5025 355 5108 singulorum
384 5026 424 5088 ed
452 5025 602 5102 invicem,
633 5044 670 5087 ex
698 5043 761 5106 quo
792 5028 903 5091 ordine
958 5026 1043 5107 quod
1077 5022 1285 5105 particulares
1316 5022 1467 5084 Ecclesiae
1500 5030 1532 5083 et
1564 5040 1708 5102 persone

151 5142 238 5184 unus
254 5122 348 5185 habet
363 5120 416 5184 ulii
431 5123 571 5203 praebere
590 5121 741 5184 auxilium
764 5142 820 5205 per
835 5142 904 5187 cor·
958 5124 1103 5207 proprios
1122 5130 1154 5185 et
1169 5120 1334 5183 viceriales
1352 5121 1489 5183 habeant
1508 5128 1651 5201 pastores
1665 5128 1707 5182 at-

152 5220 331 5284 rectionem
347 5218 569 5283 freternamad
584 5222 843 5303 consequendum
859 5243 904 5287 sa·
958 5241 1020 5304 que
1045 5229 1183 5284 rectores
1207 5219 1352 5301 ejusdem
1375 5236 1484 5280 secum
1509 5225 1607 5279 status
1630 5236 1706 5281 con-

152 5319 266 5382 futem.
960 5320 1210 5401 versationisque
1234 5318 1457 5381 consistentes.
1483 5314 1585 5378 Simili
1610 5317 1704 5382 modo
