4309 6250
419 497 459 562 84
666 515 705 562 DE
725 513 889 563 llllllll'l'ffl
909 515 946 561 ΕΤ
966 515 1116 562 LAUDlBUS
1138 514 1164 559 tt.
1187 515 1216 559 V.
1239 514 1356 572 lanta,
1378 515 1467 562 LIBER
1487 516 1519 562 11.
1542 534 1583 546 ·-
1602 516 1672 562 Ant.
1695 516 1716 563 X

421 683 530 765 olusa3
547 686 697 765 secundo,
714 705 772 768 per
789 686 1003 768 negationem,
1019 683 1168 748 universa
1182 685 1208 746 A
1222 684 1350 763 divinae,
1371 693 1506 764 aterna,
1529 686 1704 766 immense,
1724 683 1973 767 incomprehen-

422 792 453 846 et
477 783 602 866 singula
629 784 815 866 abnegando
843 785 881 846 de
910 784 991 866 ipso,
1016 792 1167 865 tanquam
1222 782 1325 845 sibilis
1340 791 1372 846 et
1392 784 1565 847 invisibilis
1585 785 1677 864 lucis,
1693 791 1848 866 quantum
1868 781 1975 864 possi·

421 882 460 945 de
494 883 750 964 superessentiali
785 891 817 946 et
850 881 1167 964 incomprehensibili
1222 879 1286 944 bile
1297 881 1563 962 est,agnitio,qua
1574 900 1664 944 mens
1679 880 1857 944 certissime
1868 879 1976 942 cernit

420 981 563 1042 omnium
588 980 743 1058 Creatore,
761 980 807 1042 nil
831 999 1001 1042 commune
1024 988 1079 1042 aut
1099 977 1169 1040 uni·
1221 977 1320 1039 Deum
1336 996 1464 1059 prorsus
1483 977 1833 1061 supersubstantialem,
1850 977 1976 1040 incom-

420 1096 536 1141 vocum
564 1097 637 1140 cum
662 1078 814 1140 creaturis
838 1077 986 1155 habente,
1012 1077 1066 1139 sed
1093 1094 1167 1138 cum
1222 1077 1470 1159 prehensibilem
1485 1087 1518 1140 et
1528 1078 1768 1160 superignotum
1783 1076 1973 1140 consistere.

421 1174 550 1238 inlinita
570 1175 757 1238 excellentia
780 1174 889 1238 omnia
910 1175 1165 1252 transcendente,
1262 1174 1405 1254 Denique
1424 1176 1462 1237 ad
1485 1175 1568 1238 hanc
1591 1175 1756 1256 mysticam
1778 1173 1975 1255 theologiam

419 1281 548 1352 eterno,
565 1291 630 1336 non
645 1273 760 1350 scibili,
778 1280 886 1355 utpote
901 1272 1023 1334 nullam
1039 1289 1167 1334 causam
1223 1291 1277 1334 sex
1301 1272 1451 1335 dicuntur
1475 1292 1665 1336 concurrere
1688 1292 1725 1335 ac
1748 1271 1878 1354 requiri,
1899 1291 1976 1353 quae

419 1370 567 1448 habente,
583 1388 681 1451 quum
707 1370 788 1433 scire
810 1370 851 1432 sit
874 1389 940 1432 rem
962 1388 1020 1451 per
1038 1388 1166 1431 causam
1223 1379 1297 1432 sunt
1318 1395 1325 1431 :
1347 1390 1407 1452 pax
1429 1390 1514 1451 vera,
1535 1371 1698 1434 internum
1719 1369 1893 1448 silentium,
1916 1371 1977 1432 ad-

419 1485 640 1548 cognoscere:
664 1486 759 1549 quem
781 1476 935 1548 quantum
957 1468 996 1529 ad
1019 1469 1167 1546 quidest
1222 1467 1320 1531 haesio
1343 1486 1499 1548 amorosa,
1525 1468 1615 1549 quies
1636 1468 1739 1550 apicis
1766 1467 1974 1531 intellectivae

419 1564 548 1648 penitus
563 1565 763 1647 ignoramus,
779 1584 875 1646 quem
890 1565 922 1626 in
939 1563 1167 1646 vitapraesenti
1222 1566 1256 1627 in
1283 1566 1347 1629 Deo
1380 1574 1412 1629 et
1439 1566 1630 1630 obdormitio
1658 1566 1692 1628 in
1721 1567 1845 1646 eodem,
1873 1574 1974 1646 atque

419 1663 643 1744 cognoscimus
659 1671 746 1725 tanto
765 1663 951 1746 perfectius,
967 1671 1086 1744 quanto
1105 1662 1169 1724 cla·
1222 1662 1350 1727 intuitio
1372 1663 1440 1744 ipsa
1462 1663 1619 1744 caliginis.
1635 1663 1754 1744 ltaque,
1777 1682 1840 1745 quo
1861 1664 1974 1726 omnia

418 1761 484 1823 rius
503 1761 665 1822 intuemur
685 1779 749 1824 non
774 1778 867 1842 posse
889 1779 947 1824 nos
969 1779 1042 1824 eum
1064 1761 1167 1842 quoad
1223 1761 1283 1823 ista
1302 1761 1510 1823 excellentius
1532 1761 1565 1822 in
1588 1760 1821 1843 gloriosissima
1844 1761 1974 1842 virgine

419 1861 501 1938 quid
529 1869 574 1920 est
603 1877 786 1940 agnoscere,
818 1859 881 1923 imo
910 1859 951 1921 ab
979 1859 1049 1940 ojus
1083 1857 1168 1920 clara
1184 1855 1207 1916 B
1223 1859 1317 1921 illaria
1340 1858 1480 1937 luerunt,
1498 1878 1535 1922 eo
1560 1858 1629 1939 ipsa
1654 1878 1719 1942 prae
1740 1860 1828 1921 omni
1850 1859 1975 1922 viatore

417 1957 602 2038 hujusmodi
627 1958 809 2038 cognitione
835 1958 868 2019 in
898 1957 1062 2019 inlinitum
1088 1955 1169 2018 deli·
1222 1957 1262 2018 ad
1284 1957 1424 2038 mysticae
1446 1957 1678 2037 plenitudinem
1701 1957 1867 2038 theologiae
1892 1977 1976 2039 praa-

419 2073 501 2117 cere.
518 2056 555 2117 Et
578 2055 639 2118 hoc
664 2056 758 2119 modo
783 2075 839 2136 per
862 2055 1029 2136 mysticam
1048 2053 1168 2117 theolo-
1223 2054 1340 2116 clarius
1369 2063 1417 2116 est
1448 2055 1610 2136 perducta.
1640 2054 1714 2116 Fuit
1741 2056 1834 2136 plane
1867 2055 1900 2116 in
1932 2074 2005 2123 ea¹

417 2154 503 2234 giam
524 2154 748 2234 cognoscimus
764 2155 873 2215 Deum.
891 2153 959 2216 Non
978 2154 1063 2235 quod
1085 2171 1169 2234 quaee
1222 2151 1480 2235 incomparabilis
1501 2153 1622 2234 puritas
1648 2154 1752 2216 cordis
1776 2152 1976 2233 tranquillis-

418 2270 553 2331 cumque
565 2250 637 2312 talis
649 2250 787 2331 cognitio
799 2251 853 2312 Dei
866 2251 998 2332 mystica
1012 2249 1168 2330 theologia
1223 2251 1365 2330 simaque
1381 2268 1440 2331 pax
1455 2250 1612 2331 pectoris;
1630 2251 1789 2313 internum
1806 2250 1973 2313 silentium

418 2348 548 2410 exsistat
568 2371 574 2408 :
597 2348 661 2410 imo
687 2348 820 2429 mystica
844 2347 1004 2428 theologia
1027 2356 1074 2410 cst
1098 2366 1168 2429 per·
1223 2347 1262 2409 ab
1277 2345 1364 2408 omni
1380 2346 1513 2426 strepitu
1528 2346 1789 2408 tumultuantium
1805 2346 1975 2428 cogitatio-

417 2445 594 2508 lectissima
614 2446 696 2508 actio
716 2455 748 2508 et
770 2445 996 2527 contemplatio
1018 2445 1094 2509 doni
1120 2465 1168 2508 sa·
1223 2463 1300 2506 num
1324 2463 1361 2506 ac
1385 2443 1611 2505 fluctuantium
1634 2443 1876 2525 desideriomm,
1902 2444 1973 2508 imo

418 2543 546 2624 pientiae
574 2544 749 2605 secundum
778 2544 912 2624 gradum
941 2563 1032 2605 suum
1059 2563 1168 2626 supre-
1222 2541 1261 2604 ab
1276 2543 1363 2604 omni
1376 2541 1581 2605 distractione
1593 2542 1890 2623 inordinationeque
1904 2543 1973 2605 ani-

417 2659 518 2719 mum,
534 2642 611 2704 dum
633 2660 723 2703 mens
746 2641 810 2704 Deo
831 2661 888 2724 per
911 2641 1166 2704 ardentissimam
1221 2640 1288 2716 mi,
1309 2639 1447 2702 adhaesio
1467 2639 1716 2719 amorosissima,
1733 2640 1969 2722 inseparabilis,

418 2738 558 2801 caritatis
586 2738 793 2802 allectionem
819 2737 964 2821 infigitur
990 2747 1022 2802 et
1047 2739 1164 2816 unitur,
1221 2739 1316 2821 plena
1345 2747 1377 2800 et
1400 2737 1544 2819 integra;
1569 2738 1661 2820 quies
1688 2757 1814 2820 quoque
1843 2739 1876 2801 in
1905 2738 1972 2802 Deo

418 2838 686 2919 supergrediendo
701 2858 738 2900 ae
753 2837 963 2917 relinquendo
977 2838 1086 2900 omnia
1101 2857 1167 2899 sen·
1221 2836 1418 2912 dulcissima,
1445 2837 1477 2898 in
1505 2856 1568 2918 quo
1596 2836 1701 2900 omnis
1726 2836 1797 2917 ejus
1821 2836 1972 2915 intentio,

418 2933 524 2997 sibilia
539 2943 570 2996 et
584 2932 806 3016 intelligibilia,
825 2941 939 2995 cuncta
955 2942 1071 3013 creata,
1087 2941 1119 2995 et
1133 2952 1166 2994 se
1222 2932 1363 3014 allectio,
1379 2933 1548 3014 occupatio
1561 2933 1625 2996 luit
1639 2933 1846 2997 immobiliter
1864 2952 1901 2996 ac
1922 2935 1974 2997 in-

418 3031 520 3113 ipsam
534 3051 572 3094 ac
587 3031 747 3113 propriam
762 3031 933 3110 actionem,
945 3031 988 3093 ita
1002 3031 1087 3110 quod
1102 3037 1167 3093 tota
1181 3033 1202 3095 C
1222 3032 1423 3096 deviabiliter
1437 3032 1521 3111 lixa,
1537 3041 1569 3095 et
1582 3033 1774 3096 obdormitio
1790 3033 1823 3095 in
1842 3033 1970 3111 eodem,

418 3130 452 3191 in
466 3131 565 3193 Deum
580 3129 815 3209 transformata,
832 3138 931 3212 rapta,
944 3130 1103 3210 absorpta,
1120 3129 1168 3190 ni·
1223 3151 1279 3215 per
1306 3151 1401 3214 quam
1425 3131 1572 3194 delluens
1595 3151 1614 3193 a
1639 3151 1673 3193 se
1697 3132 1776 3213 ipsa,
1804 3132 1838 3193 in
1863 3132 1971 3214 ipsum

418 3228 463 3291 hil
491 3230 606 3291 horum
634 3228 781 3307 advertit,
812 3228 866 3290 sed
896 3226 956 3290 soli
989 3228 1168 3309 incompre·
1223 3239 1287 3295 tota
1308 3229 1454 3309 delluxit,
1475 3248 1540 3292 non
1561 3237 1681 3291 mutata
1701 3229 1890 3309 substantia,
1912 3231 1971 3293 sed

418 3328 569 3390 hensibili
584 3327 647 3391 Dec
662 3335 811 3409 tanquam
827 3327 931 3408 quoad
941 3329 1024 3407 quid
1038 3345 1167 3409 prorsus
1221 3328 1344 3392 actione
1360 3329 1394 3390 in
1408 3329 1472 3390 Deo
1488 3347 1615 3409 prorsus
1630 3327 1858 3409 simplificata,
1873 3337 1970 3409 atque

418 3425 538 3507 ignoto,
569 3444 647 3509 pure
676 3444 712 3487 ac
749 3425 870 3507 integre
902 3432 951 3488 est
982 3424 1165 3506 conjuncta,
1222 3426 1369 3507 caliginis
1385 3424 1598 3506 intuitio,quae
1612 3425 1823 3488 essentialiter
1836 3434 1885 3488 est
1900 3426 1972 3509 ipsa

418 3532 450 3587 et
472 3524 505 3584 in
529 3523 635 3606 ipsum
660 3541 789 3605 prorsus
809 3524 964 3587 demersa.
988 3523 1037 3585 Fit
1060 3530 1167 3585 autem
1222 3523 1355 3605 mystica
1375 3522 1545 3605 theologia.

419 3621 495 3685 unio
511 3622 571 3684 ista
586 3621 620 3682 in
635 3620 725 3702 apice
741 3622 856 3684 mentis
871 3629 903 3683 et
917 3620 1036 3683 vertice
1055 3621 1168 3684 volun·
1261 3621 1471 3702 ltaque,sicut
1485 3621 1618 3683 virtutes
1633 3621 1768 3685 morales
1783 3622 1969 3704 passionum

419 3720 504 3800 tatis,
526 3738 583 3801 per
606 3719 860 3781 ardentissimam
884 3719 1047 3782 caritatem
1072 3728 1168 3800 atque
1222 3720 1458 3798 moderatrices,
1476 3720 1671 3800 virtutesque
1680 3718 1919 3783 intellectuales
1932 3740 1971 3784 ac

420 3839 477 3902 per
495 3818 739 3881 abstractionem
754 3818 794 3880 ab
809 3818 895 3882 omni
911 3825 983 3880 ente
998 3817 1167 3880 creatozad
1222 3818 1420 3899 theologicae,
1436 3818 1567 3899 ipsaque
1588 3817 1671 3880 dona
1692 3817 1827 3899 Spiritus
1850 3817 1971 3898 Sancti,

419 3936 514 4000 quam
536 3915 741 3998 requiruntur
764 3916 946 3980 reformatio
968 3916 1165 3998 passionum,
1221 3916 1351 3978 luerunt
1365 3915 1399 3977 in
1413 3913 1581 3976 benedicta
1596 3913 1902 3997 incomparabilique
1913 3916 1973 3979 lla-

420 4015 587 4079 cxstinctio
617 4014 779 4094 vitiomm,
813 4014 994 4078 recollectio
1024 4023 1056 4077 et
1083 4023 1168 4076 tran·
1222 4013 1270 4075 ria
1289 4013 1321 4075 in
1341 4012 1478 4074 maxima
1503 4011 1699 4092 perlectione
1723 4019 1755 4075 et
1777 4012 1809 4073 in
1833 4014 1972 4078 termino

420 4112 867 4195 quillatiooordis.1ntcrdum
883 4130 958 4175 vero
974 4120 1105 4193 repente
1121 4130 1169 4173 ra·
1223 4109 1427 4186 excellentia,
1454 4108 1663 4172 inellabiliter
1691 4128 1756 4191 praa
1779 4110 1867 4172 omni
1890 4130 1972 4194 pura

420 4214 507 4297 pitur
517 4232 608 4275 mens
622 4212 655 4273 in
670 4211 768 4273 [teum
784 4218 945 4291 praeventa
959 4210 1076 4291 Spiritu
1092 4210 1168 4271 San·
1183 4207 1208 4270 D
1223 4218 1367 4271 creatura
1382 4207 1533 4286 viatrice3
1550 4207 1597 4269 sic
1613 4216 1644 4269 et
1658 4208 1791 4289 mystica
1810 4207 1972 4291 theologia

420 4320 482 4392 cto,
490 4318 519 4373 et
535 4309 625 4392 quasi
636 4308 738 4389 sopita
749 4306 875 4388 propria
887 4306 1042 4383 libertate,
1050 4308 1168 4388 absque
1223 4307 1256 4368 in
1271 4306 1408 4368 termino
1426 4304 1620 4367 excellentiae
1639 4304 1701 4367 luit
1719 4306 1753 4368 in
1772 4325 1820 4385 ea,
1842 4314 1874 4369 et
1893 4325 1972 4387 prae-

420 4430 478 4472 sua
496 4406 717 4490 dispositione,
739 4412 856 4467 conatu
875 4412 906 4466 et
924 4403 1164 4482 deliberatione,
1223 4404 1331 4466 sertim
1358 4412 1453 4486 prout
1480 4402 1620 4484 mysticae
1642 4401 1808 4484 theologia
1829 4412 1972 4467 contem-

420 4527 459 4571 ex
487 4506 702 4583 irradiatione,
732 4500 986 4565 inllammatione
1015 4511 1046 4564 et
1072 4510 1168 4565 attra-
1222 4501 1321 4586 platio
1356 4509 1504 4564 causatur
1534 4520 1572 4563 ex
1601 4501 1817 4582 praeventione
1847 4502 1970 4581 divina,

420 4606 526 4668 ctione
549 4601 793 4683 omnipotentis,
814 4600 860 4662 sic
885 4601 971 4681 quod
995 4620 1085 4664 mens
1105 4602 1167 4665 Deo
1223 4600 1413 4682 procedente
1427 4618 1465 4660 er
1479 4597 1650 4661 dilectione
1664 4598 1720 4660 Dei
1735 4599 1774 4660 ad
1789 4599 1970 4664 hominem:

421 4711 485 4765 tam
500 4701 706 4763 vehementer
722 4699 843 4761 intenta
863 4706 922 4778 est,
939 4706 1033 4779 atque
1048 4699 1082 4761 in
1096 4699 1167 4780 ejus
1223 4698 1299 4779 quia
1323 4716 1418 4778 quem
1447 4695 1585 4777 amplius
1613 4694 1729 4777 diligit,
1754 4697 1857 4779 magis
1880 4698 1913 4761 in
1936 4719 1972 4763 se

420 4798 629 4862 admiratione
649 4805 681 4858 et
701 4795 872 4859 dilectione
894 4815 1059 4877 suspensa,
1081 4798 1167 4878 quod
1222 4796 1345 4859 trahere
1366 4794 1457 4859 solet.
1480 4794 1565 4872 Ideo,
1581 4793 1664 4856 sicut
1677 4795 1831 4875 optimam
1852 4798 1974 4860 amabi-

419 4895 564 4961 omnium
585 4892 788 4958 obliviscitur
809 4901 998 4957 ceterorum.
1221 4893 1441 4973 lissimamque
1460 4890 1589 4954 ldariam
1609 4910 1673 4972 pra
1695 4892 1782 4955 omni
1805 4912 1884 4975 pura
1904 4913 1973 4958 cre-

460 4994 531 5057 llatc
546 5000 594 5055 est
607 4990 740 5073 mystica
754 4990 924 5071 theologia,
941 4992 1164 5071 secretissima,
1221 5000 1310 5054 atura
1325 4990 1358 5051 in
1373 5009 1443 5053 esse
1463 4998 1569 5053 creato
1589 4989 1781 5052 subsistente
1801 4990 1972 5056 inaestima-

420 5090 691 5157 allectuosissima
704 5106 741 5150 ac
755 5088 938 5150 immediata
957 5090 1073 5151 mentis
1094 5109 1165 5151 cum
1221 5088 1328 5151 biliter
1357 5087 1543 5168 praedilexit,
1573 5087 1620 5150 sic
1652 5106 1722 5150 cam
1754 5088 1793 5150 ad
1828 5090 1970 5171 mystica

419 5194 483 5255 Deo
503 5188 632 5265 locutio,
651 5187 783 5267 ejusque
805 5185 931 5250 intuitio
956 5204 1025 5267 quae
1047 5195 1096 5249 est
1117 5207 1167 5250 ca·
1222 5185 1388 5266 theologiae
1403 5184 1687 5265 contemplationes
1698 5182 1867 5247 altissimas
1878 5187 1970 5250 uber-

419 5290 528 5373 liginis
550 5284 707 5373 ingressio
729 5292 823 5365 atque
846 5282 1013 5365 inspectio,
1034 5286 1095 5349 hoc
1119 5295 1167 5348 est
1221 5285 1279 5347 tim
1294 5292 1326 5346 et
1346 5281 1572 5365 gratiosissime
1594 5281 1741 5358 elevavit,
1757 5301 1845 5345 mera
1864 5285 1968 5364 gratia
