4309 6250
320 492 470 541 nlatouus
493 494 721 543 niseurarlortts
743 494 834 543 triten
854 494 1060 542 GlllilS'flAllUld
1082 497 1120 543 ΕΤ
1140 497 1355 545 emulemur.
1377 517 1419 529 -
1439 500 1510 545 Ant.
1532 502 1585 547 xlv
1669 483 1726 547 481

177 662 286 743 lectio,
311 664 376 727 imo
398 664 553 746 perfectio
578 665 715 729 infinita.
737 666 769 729 Si
794 684 869 749 ergo
894 666 927 729 in
944 667 968 729 A
984 674 1125 747 guuntur
1139 668 1349 749 personaliter
1362 689 1420 751 per
1439 669 1560 752 aliquid
1574 670 1729 733 exsistens

178 762 241 824 Deo
255 770 306 823 est
325 762 450 825 trinitas
472 782 692 844 personarum,
709 772 763 827 aut
785 782 927 845 persone
983 765 1023 826 de
1037 783 1153 846 genere
1168 766 1460 846 substernentis
1475 777 1569 831 erunt
1584 775 1648 830 tres
1663 766 1729 845 llii3

178 858 241 923 illae
269 860 304 921 in
333 860 456 922 cunctis
489 860 697 940 conveniunt,
726 868 757 924 et
791 862 836 925 ita
863 881 927 926 non
983 862 1033 925 vel
1049 881 1106 944 per
1119 862 1239 947 aliquid
1254 864 1295 925 de
1308 882 1425 945 genere
1439 863 1731 945 accidentis:quod

177 965 271 1021 erunt
286 957 444 1021 distincte
458 958 498 1021 ab
512 958 673 1038 invicem,
690 968 744 1023 aut
765 960 800 1022 in
820 960 927 1042 aliquo
984 978 1047 1021 non
1069 961 1221 1023 convenit
1240 962 1315 1025 Deo.

177 1055 417 1137 distinguuntur
429 1075 466 1119 ae
481 1055 648 1136 differunt,
664 1066 696 1121 et
711 1058 757 1120 sic
773 1056 928 1141 perfectio
1023 1059 1059 1140 (5)
1082 1059 1192 1121 Adhuc
1220 1068 1339 1140 autem,
1361 1079 1400 1123 ea
1427 1078 1497 1141 quae
1522 1067 1597 1123 sunt
1620 1061 1731 1125 eadem

177 1153 274 1217 unius
298 1154 399 1217 deerit
422 1154 524 1233 alteri,
551 1174 610 1219 nee
640 1155 704 1219 ulla
731 1175 841 1219 earum
869 1156 927 1218 erit
983 1155 1037 1218 uni
1055 1156 1147 1219 tertio
1162 1156 1328 1239 singulari,
1344 1166 1418 1221 sunt
1436 1160 1548 1222 eadem
1569 1158 1652 1223 inter
1671 1178 1730 1222 se:

177 1251 324 1315 absolute
338 1250 590 1334 simpliciterque
606 1253 758 1335 perfecta,
775 1254 839 1317 imo
860 1254 928 1317 uni·
982 1254 1100 1336 alioqui
1115 1275 1215 1318 unum
1234 1265 1265 1320 et
1284 1256 1369 1319 idem
1383 1266 1468 1320 esset
1482 1257 1585 1340 plura.
1603 1256 1636 1320 Si
1656 1276 1732 1340 ergo

177 1350 293 1433 cuique
322 1350 422 1413 deerit
444 1350 573 1415 infinita
601 1351 765 1434 perfectio.
792 1352 835 1415 Ex
865 1353 926 1417 isto
983 1360 1046 1415 tres
1073 1372 1218 1435 personas
1242 1362 1317 1417 sunt
1341 1374 1405 1417 una
1427 1356 1567 1419 essentia
1592 1354 1733 1439 singula-

175 1450 392 1532 probnverunt
413 1448 606 1532 philosophi,
622 1452 707 1532 quod
730 1451 926 1534 impossibile
984 1450 1038 1530 ris,
1060 1470 1124 1514 non
1144 1452 1383 1534 distinguuntur
1402 1454 1443 1516 ab
1462 1453 1601 1519 invicem
1625 1472 1732 1536 perso-

175 1548 219 1610 sit
236 1566 307 1611 esse
327 1546 418 1629 plura
443 1548 586 1611 absolute
609 1548 761 1631 perfecta,
779 1548 927 1633 pluresve
983 1549 1110 1612 naliter.

177 1665 270 1709 veros
285 1646 376 1709 Deos.
392 1646 438 1709 Ex
452 1648 564 1710 eodem
580 1647 699 1711 motivo
714 1667 841 1729 possem
856 1648 925 1732 plu·
1023 1648 1058 1728 (A)
1080 1648 1209 1728 lterum,
1230 1648 1353 1711 nullum
1373 1650 1551 1714 subsistens
1572 1658 1605 1714 θῖ
1625 1650 1734 1733 singu·

71 1742 76 1749 ’
177 1764 211 1808 ra
235 1755 424 1827 argumenta
447 1744 596 1809 formare.
622 1745 701 1809 Nam
726 1755 857 1828 paterna
882 1746 928 1810 fe·
983 1745 1048 1809 lare
1063 1766 1120 1809 seu
1139 1766 1286 1829 persona,
1302 1756 1406 1829 potest
1425 1748 1571 1831 pluribus
1591 1768 1733 1812 commu·

177 1844 324 1907 cunditas
348 1852 380 1906 et
402 1844 521 1908 habere
543 1844 658 1908 filium
679 1866 790 1909 verum
815 1846 925 1927 Deum,
943 1852 966 1914 B
982 1844 1083 1908 niceri
1106 1845 1249 1926 personis
1266 1869 1273 1907 :
1290 1865 1366 1927 ergo
1387 1847 1498 1910 divina
1515 1848 1655 1911 essentia
1676 1866 1734 1929 per

177 1950 231 2006 aut
245 1951 295 2005 est
309 1943 473 2025 perlectio,
490 1952 623 2007 autnon
641 1968 648 2005 ε
666 1945 692 2007 si
709 1964 771 2007 non
791 1952 840 2007 est
858 1964 928 2027 per·
983 1964 1017 2007 se
1032 1943 1221 2026 subsistens,
1238 1945 1468 2009 communicari
1483 1965 1548 2010 uon
1569 1954 1672 2027 potest
1687 1946 1734 2007 ui-

177 2041 358 2120 feetio,non
374 2042 526 2105 convenit
540 2042 672 2123 De0,cui
688 2042 765 2105 nihil
781 2044 929 2107 convenit
984 2042 1026 2107 lio
1048 2052 1142 2124 atque
1163 2044 1295 2126 Spiritui
1317 2045 1443 2109 Sancto.

177 2140 240 2203 nisi
256 2140 387 2203 infinita
402 2140 567 2223 perfectio.
585 2141 616 2204 Si
633 2150 682 2205 est
697 2141 861 2224 perfectio,
874 2150 929 2205 aut
1024 2144 1059 2224 (f)
1082 2143 1245 2221 Praeterea,
1262 2144 1416 2225 quidquid
1435 2145 1532 2207 habet
1549 2164 1620 2207 esse
1639 2164 1734 2207 suum

177 2238 330 2303 convenit
353 2238 433 2301 Filio
456 2246 551 2320 atque
576 2238 707 2321 Spiritui
730 2240 858 2321 Sancto,
874 2250 928 2303 aut
984 2241 1024 2304 ab
1044 2240 1118 2319 alie,
1135 2240 1161 2302 si
1186 2240 1245 2303 sibi
1269 2242 1331 2323 ipsi
1357 2242 1563 2323 relinquatur,
1580 2250 1629 2305 est
1651 2242 1733 2305 nihil

178 2357 243 2401 non
254 2360 262 2399 ε
273 2336 301 2399 εἰ
316 2338 467 2400 convenit
480 2337 537 2415 eis,
549 2355 624 2419 ergo
640 2346 703 2401 tarn
718 2337 816 2401 filius
831 2358 927 2420 quam
984 2348 1016 2402 et
1030 2338 1150 2418 delicit,
1159 2348 1270 2420 estque
1284 2340 1468 2422 dependens
1482 2349 1515 2403 et
1528 2340 1687 2421 indigens.
1700 2339 1733 2404 Si

179 2435 318 2518 Spiritus
350 2435 483 2499 Sanctus
517 2436 635 2499 habent
668 2435 783 2500 filium
817 2456 927 2500 verum
984 2456 1060 2519 ergo
1083 2436 1182 2500 lilius
1202 2447 1373 2519 generatur
1393 2458 1412 2501 a
1429 2439 1531 2518 Patre,
1548 2447 1580 2501 et
1598 2439 1734 2520 Spiritus

179 2535 303 2613 Deum3
332 2535 359 2597 si
388 2552 451 2597 non
481 2534 630 2599 convenit
657 2534 717 2616 eis,
742 2554 818 2617 ergo
848 2534 928 2597 nulli
984 2538 1118 2600 Sanctus
1144 2536 1275 2618 profluit
1302 2538 1344 2599 ab
1371 2546 1517 2618 utroque,
1543 2546 1607 2601 tam
1635 2537 1735 2601 lilius

179 2651 291 2697 eorum
317 2633 467 2697 convenit
493 2633 599 2696 omnis
627 2631 793 2715 perfectio,
820 2633 929 2715 sicque
984 2653 1080 2716 quam
1097 2633 1230 2716 Spiritus
1249 2635 1383 2697 Sanctus
1403 2643 1478 2698 sunt
1496 2635 1676 2718 indigentes
1697 2652 1736 2698 ex

179 2739 293 2795 neuter
312 2730 452 2814 ipsorum
472 2739 518 2795 est
539 2750 633 2797 verus
655 2733 748 2795 Deus.
764 2732 927 2811 Praeterea,
986 2752 1019 2795 se
1033 2751 1070 2795 ac
1085 2733 1301 2816 dependentes
1320 2754 1339 2795 a
1357 2733 1459 2811 Patre,
1475 2742 1507 2796 et
1527 2734 1553 2797 si
1573 2734 1635 2797 sibi
1656 2733 1736 2815 ipsis

178 2851 250 2895 esse
266 2830 442 2894 naturalem
463 2838 496 2893 et
516 2829 716 2912 unigenitum
732 2832 846 2894 tilium
861 2832 928 2911 Dei,
986 2831 1252 2912 relinquerentur,
1273 2850 1343 2893 esse
1367 2832 1560 2894 desinerent.
1584 2833 1656 2895 llaec
1680 2850 1736 2893 au-

178 2938 234 2993 aut
257 2939 307 2993 est
329 2928 495 3011 perfectio,
520 2938 661 2993 autnon
686 2952 692 2991 :
718 2931 744 2993 si
770 2930 827 3009 sic,
854 2949 930 3013 ergo
985 2938 1049 2993 tem
1070 2930 1135 2992 lleo
1157 2948 1232 2992 vero
1253 2948 1318 2993 non
1339 2938 1531 3011 congruunt.

180 3029 272 3092 Pater
292 3047 357 3091 non
373 3036 421 3090 est
434 3046 528 3091 verus
548 3027 641 3107 Deus,
659 3027 710 3091 cui
731 3046 795 3091 non
815 3025 971 3091 conve-G
1026 3030 1062 3110 (8)
1084 3028 1195 3091 Adhuc
1214 3035 1331 3106 autem,
1348 3030 1433 3111 quod
1452 3048 1523 3093 esse
1542 3030 1674 3092 sortitur
1694 3028 1735 3091 ab

180 3127 228 3190 nit
251 3146 323 3190 esse
342 3126 542 3207 unigenitum
562 3145 598 3189 ae
619 3126 796 3190 naturalem
818 3126 930 3190 Filium
985 3129 1059 3206 alio,
1083 3127 1123 3190 de
1148 3146 1182 3190 se
1207 3127 1287 3190 nihil
1312 3135 1372 3207 est,
1398 3137 1430 3190 et
1454 3128 1488 3190 in
1513 3147 1552 3192 eo
1576 3146 1641 3191 nou
1664 3145 1735 3190 esse

180 3226 235 3289 Dei
249 3249 257 3306 ;
274 3225 301 3288 si
316 3243 392 3304 non,
405 3243 480 3306 ergo
495 3242 560 3288 non
575 3224 724 3288 convenit
737 3225 834 3288 alieni
850 3225 931 3289 divi·
985 3225 1134 3310 precedit
1147 3245 1219 3289 esse
1233 3227 1409 3289 secundum
1423 3226 1569 3290 ordinem
1583 3225 1732 3308 originis:

179 3344 230 3387 ne
252 3342 395 3406 persone
415 3321 500 3404 quod
522 3323 564 3386 sit
584 3342 679 3386 verus
700 3323 792 3386 Deus.
985 3334 1015 3388 at
1040 3325 1124 3407 quod
1149 3323 1212 3386 tale
1235 3333 1294 3403 θεῖ,
1316 3342 1380 3388 non
1406 3332 1511 3406 potest
1533 3342 1628 3387 verns
1652 3323 1735 3386 Deus

221 3424 257 3504 (f)
279 3422 425 3504 Insuper,
442 3421 467 3483 si
483 3420 573 3484 Pater
587 3430 618 3484 et
632 3420 729 3484 filius
748 3429 780 3484 et
794 3421 929 3503 Spiritus
986 3423 1120 3500 censeri,
1137 3424 1193 3486 sed
1214 3430 1371 3486 creatura.

179 3521 315 3584 Sanctus
340 3527 416 3582 sunt
438 3538 521 3582 unus
549 3519 643 3598 Deus,
669 3527 724 3582 aut
748 3527 822 3582 sunt
847 3539 929 3582 unus
1026 3523 1061 3604 (t)
1084 3521 1240 3603 Amplius,
1260 3521 1400 3584 nobilius
1428 3530 1461 3584 et
1486 3520 1660 3604 perfectius
1688 3527 1737 3583 est

179 3620 263 3682 Deus
286 3637 414 3700 genere,
430 3624 484 3680 aut
508 3617 626 3698 speeie,
648 3626 703 3680 aut
727 3635 860 3682 numero
877 3641 884 3679 ε
901 3618 928 3680 si
985 3619 1102 3683 habere
1117 3627 1149 3681 et
1167 3637 1237 3682 esse
1256 3618 1378 3699 aliquid
1396 3638 1415 3681 a
1434 3637 1468 3682 se
1487 3619 1558 3701 ipso
1578 3637 1673 3698 quam
1695 3617 1736 3679 ab

177 3735 298 3798 genere
314 3724 368 3778 ent
382 3715 499 3798 specie,
515 3733 591 3796 ergo
606 3724 679 3778 sunt
693 3723 757 3778 tres
771 3716 830 3794 Dii,
848 3717 933 3779 sicut
985 3717 1059 3781 alio.
1076 3717 1109 3779 Si
1123 3735 1200 3798 ergo
1213 3735 1284 3780 esse
1298 3715 1443 3779 divinum
1463 3725 1519 3779 aut
1539 3716 1638 3779 deitas
1660 3733 1736 3780 con-

178 3815 241 3879 tria
266 3814 432 3897 supposita
457 3813 575 3896 speciei
600 3813 746 3878 numana
771 3823 844 3878 sunt
867 3822 930 3878 tres
986 3815 1073 3878 venit
1096 3814 1178 3878 Patri
1198 3814 1420 3896 aseipso,id
1440 3821 1575 3877 estnon
1595 3814 1636 3877 ab
1658 3813 1733 3892 alio,

178 3913 348 3990 homines3
365 3912 391 3974 si
407 3931 490 3975 unus
505 3912 587 3975 Deus
602 3931 746 3991 numero,
763 3931 839 3995 ergo
857 3920 931 3977 sunt
986 3914 1064 3977 Filio
1085 3921 1191 3976 autem
1206 3932 1225 3976 a
1239 3913 1340 3992 Patre,
1355 3920 1388 3976 et
1402 3911 1534 3994 Spiritui
1556 3912 1672 3975 Sancto
1693 3911 1733 3975 ab

179 4031 245 4078 nnn
261 4029 398 4096 persona
415 4034 422 4074 :
439 4029 514 4072 narn
528 4030 611 4074 unns
626 4030 682 4074 seu
701 4030 801 4074 unum
821 4031 932 4076 nume·
986 4017 1131 4089 utroque,
1147 4007 1208 4070 erit
1221 4007 1311 4070 Pater
1326 4006 1499 4089 perfectior
1511 4006 1589 4069 lilio
1609 4014 1642 4069 et
1662 4005 1734 4088 Spi-

179 4130 228 4193 ro,
258 4111 294 4172 in
323 4108 531 4173 intellectuali
559 4117 671 4172 natura
703 4117 833 4172 vocatur
860 4131 932 4193 per·
986 4107 1047 4170 ritu
1062 4107 1178 4170 Sancte
1194 4129 1201 4168 :
1218 4124 1294 4188 ergo
1312 4123 1373 4169 nec
1391 4105 1501 4183 Filius,
1519 4123 1578 4168 nec
1598 4103 1734 4188 Spiritus

180 4228 272 4275 sona.
947 4206 1120 4275 DSanctus
1134 4213 1183 4267 est
1203 4203 1347 4268 absolute
1365 4212 1398 4267 et
1416 4221 1540 4266 summe
1560 4201 1732 4285 perfectus.

222 4309 259 4392 (ὅ)
282 4306 438 4388 Amplius,
465 4305 575 4370 divina
602 4305 742 4370 essentia
765 4314 813 4370 est
842 4315 930 4372 actus
986 4305 1103 4368 Neuter
1116 4322 1192 4387 ergo
1207 4322 1319 4367 eorum
1334 4310 1382 4366 est
1397 4321 1491 4366 verus
1506 4302 1600 4366 Deus.

180 4425 294 4492 purus,
312 4413 344 4469 et
357 4425 427 4469 esse
441 4411 633 4488 separatum,
644 4403 929 4488 simplicissimum,
1027 4405 1079 4487 (lt)
1094 4404 1238 4486 Insuper,
1250 4402 1347 4465 Filius
1362 4409 1411 4465 est
1425 4421 1475 4464 res
1495 4400 1603 4484 genita
1616 4407 1649 4464 et
1662 4416 1735 4483 pro-

179 4507 215 4570 in
231 4525 266 4569 se
282 4505 353 4588 ipso
368 4503 556 4586 subsistens,
574 4505 692 4569 idcirco
711 4525 750 4569 ex
769 4526 803 4569 se
822 4515 853 4569 et
874 4527 932 4589 per
985 4505 1096 4580 ducta3
1112 4502 1220 4565 divina
1235 4510 1339 4564 autem
1355 4501 1493 4566 essentia
1507 4518 1572 4563 non
1586 4508 1635 4563 est
1648 4498 1734 4582 geni·

179 4623 213 4670 se
230 4604 367 4668 maxime
390 4603 588 4667 individuum
606 4627 613 4666 :
630 4623 706 4686 ergo
720 4613 768 4668 est
783 4625 927 4688 persona,
985 4611 1016 4666 ta
1031 4621 1135 4684 neque
1149 4602 1302 4683 producta
1319 4623 1326 4662 ι
1343 4619 1409 4664 non
1423 4608 1497 4662 sunt
1512 4617 1588 4681 ergo
1603 4599 1700 4662 idem.

177 4723 280 4787 quum
296 4721 433 4785 persona
447 4702 490 4764 sit
504 4702 666 4766 rationalis
681 4722 737 4767 seu
753 4704 932 4769 intellectu·
1025 4704 1078 4785 (ΙΙ)
1101 4700 1263 4780 Praeterea,
1290 4700 1323 4762 in
1352 4699 1440 4764 omni
1469 4697 1678 4782 productione
1702 4702 1734 4761 et

177 4803 240 4868 alis
254 4810 376 4864 nature
390 4799 552 4864 individua
571 4801 787 4865 subsistentia.
805 4801 836 4865 Si
855 4823 931 4887 ergo
984 4799 1201 4886 generatione,
1223 4807 1335 4862 natura
1358 4797 1573 4880 producentis,
1593 4815 1664 4878 que
1685 4801 1734 4859 est

177 4899 454 4983 quaelibetdivina
473 4917 610 4981 persona
629 4907 678 4962 est
696 4899 805 4962 divina
825 4921 932 4965 essen·
986 4899 1179 4983 principium
1202 4897 1406 4981 operationis,
1424 4897 1463 4960 ad
1487 4895 1595 4958 minus
1620 4913 1733 4958 secun·

176 5001 235 5078 tia,
264 4998 417 5080 quelibet
451 5017 561 5061 earum
589 5005 638 5061 est
665 5018 729 5061 una
756 5000 931 5085 eademque
985 5001 1061 5062 dum
1076 4996 1271 5080 prioritatem
1291 4996 1426 5079 originis
1448 4994 1534 5076 prior
1547 5001 1597 5056 est
1611 5012 1645 5056 re
1660 5011 1733 5075 pro·

178 5116 330 5183 persona,
344 5104 376 5160 et
390 5115 502 5160 omnes
517 5104 581 5159 tres
595 5104 748 5160 suntuna
762 5117 908 5179 persona.
985 5099 1080 5161 ducta
1105 5105 1160 5160 aut
1182 5096 1299 5178 genita.
1326 5095 1442 5175 Sicque
1466 5093 1501 5154 in
1528 5092 1733 5173 generatione

221 5198 257 5280 (l)
281 5195 321 5258 At
335 5213 423 5276 vero,
435 5213 530 5259 omne
549 5213 606 5258 ens
622 5203 670 5258 est
689 5196 865 5261 substantia
879 5200 931 5262 vel
986 5197 1182 5279 divina‚ipsa
1196 5194 1307 5256 divina
1320 5192 1460 5256 essentia
1475 5190 1563 5273 prior
1575 5198 1625 5253 est
1638 5188 1731 5268 Filio,

179 5295 344 5364 accidens.
370 5294 445 5357 Tres
469 5312 545 5376 ergo
570 5313 713 5377 persone
741 5296 791 5359 vel
819 5296 931 5362 distin·
987 5296 1053 5362 ime
1067 5304 1100 5360 et
1113 5292 1330 5378 generatione,
1341 5299 1451 5374 estque
1466 5287 1609 5372 ingenita
1622 5297 1654 5351 et
1668 5305 1733 5351 non

305 5429 339 5484 Τ.
358 5429 398 5482 36.
1578 5423 1609 5477 sl
