4309 6250
497 517 644 565 arrsrom
664 517 707 565 ao
727 518 885 567 ruiucrrrs
906 518 1100 569 carnencas.
1123 538 1164 552 -
1184 522 1253 569 aar.
1278 523 1405 571 narnus
1664 505 1724 571 bl'l

175 688 308 768 relicus,
325 688 504 752 mitteretur
521 690 617 767 foras,
633 698 729 773 atque
747 699 920 771 aresceret,
937 692 963 753 ll
979 692 1059 755 citer
1080 713 1117 755 aa
1139 693 1272 777 probare
1294 715 1363 777 quaa
1385 704 1495 779 patent
1514 697 1554 759 ad
1575 696 1725 760 oculuml

174 786 202 849 si
220 787 380 851 violentus
395 787 775 867 inimicus,absconderet
790 789 923 853 forsitan
978 791 1047 853 lam
1071 791 1158 853 enim
1180 793 1218 855 ad
1242 801 1305 855 tam
1327 802 1500 857 extremam
1522 804 1553 857 et
1575 795 1727 858 lamenta·

173 884 320 948 Ecclesia
343 905 376 948 se
398 886 508 949 abeo.
531 886 621 949 Nunc
648 905 841 968 veroquam
865 887 925 967 eji-
979 888 1170 952 bilissimam
1198 890 1476 969 deformationem,
1507 892 1644 970 ruinam,
1675 912 1726 955 ex·

175 983 253 1061 ciet,
269 993 324 1046 aut
337 1004 356 1046 a
369 1002 433 1066 quo
452 1004 487 1047 se
505 986 701 1048 abscondetl
716 985 831 1048 Omnes
845 985 924 1049 ami·
979 988 1183 1051 caecationem
1199 998 1230 1051 et
1244 990 1458 1071 corruptionis
1478 991 1725 1053 consuetudines

174 1082 218 1159 ci,
241 1091 273 1145 et
294 1102 406 1145 omnes
429 1082 576 1157 inimici,
600 1101 713 1147 omnes
736 1084 921 1161 necessarii,
979 1085 1109 1149 devenit
1121 1086 1274 1167 Ecclesia,
1287 1088 1371 1169 quod
1387 1088 1626 1169 fornicationes,
1638 1089 1726 1152 adul·

175 1190 210 1243 at
223 1200 335 1243 omnes
354 1181 527 1244 adversarii
542 1205 550 1259 3
566 1200 679 1244 omncs
697 1183 875 1259 domestici,
892 1192 925 1245 et
979 1184 1069 1264 teria,
1086 1185 1265 1267 sacrilegia,
1282 1194 1402 1268 stupra,
1419 1194 1451 1249 et
1465 1186 1645 1249 consimilia
1667 1188 1726 1250 cri·

176 1279 259 1341 nulli
284 1279 425 1367 pacifici.
442 1279 558 1343 Omnes
577 1299 648 1361 quaa
666 1299 724 1343 sua
744 1288 818 1343 sunt
839 1300 924 1362 quae-
979 1282 1067 1345 mina
1090 1302 1199 1346 eorum
1225 1284 1279 1365 qui
1304 1284 1416 1347 ceteris
1444 1284 1672 1365 spiritualiores
1695 1293 1727 1347 et

175 1385 262 1440 runt.
279 1377 413 1440 llinistri
438 1377 553 1441 Christi
579 1386 744 1458 vocantur,
767 1380 925 1442 serviunt·
979 1380 1188 1463 perfectiores
1214 1402 1283 1446 esse
1306 1388 1465 1461 tenentur,
1483 1382 1534 1447 vix
1559 1383 1727 1447 attendun-

174 1494 240 1556 que
253 1476 462 1539 Antichristo.
480 1476 631 1539 Honorati
650 1478 804 1540 incedunt
816 1478 855 1541 de
872 1478 925 1541 bo
980 1487 1042 1542 tor.
1059 1480 1102 1542 Oe
1117 1480 1499 1545 excommunicationibus
1513 1490 1545 1544 et
1560 1482 1727 1563 preceptis

174 1574 228 1635 uis
257 1573 396 1653 Domini,
426 1574 480 1656 qui
509 1574 643 1639 1)οωίηο
671 1575 825 1638 bonorem
859 1595 924 1639 non
981 1576 1097 1638 summi
1113 1576 1275 1640 Pontificis
1291 1594 1402 1658 parum
1417 1586 1472 1640 aut
1490 1577 1569 1639 nibil
1585 1598 1603 1641 a
1619 1578 1726 1641 multis

174 1670 335 1734 deferunt.
365 1671 447 1734 Olim
475 1673 661 1755 praedictum
689 1682 749 1751 est,
779 1683 811 1737 et
838 1693 923 1737 nunc
981 1682 1120 1752 curatur,
1137 1681 1169 1737 et
1182 1673 1363 1737 obedientia
1382 1676 1473 1755 quasi
1494 1675 1631 1739 totaliter
1645 1676 1727 1758 perit

33 1795 107 1824 cxxx
142 1797 160 1832 ι,
175 1778 304 1850 tempus
319 1770 515 1851 impletionis
529 1770 659 1833 advenit
677 1794 684 1833 ε
701 1771 783 1835 Ecce
797 1773 831 1833 in
846 1792 925 1854 pace
981 1772 1013 1833 in
1038 1772 1181 1835 Ecclesia
1204 1772 1270 1835 Dei.
1287 1773 1424 1848 Quorum
1450 1774 1593 1837 omnium
1618 1774 1728 1857 praeci-

174 1868 355 1930 amaritudo
370 1886 441 1930 mea
454 1868 786 1932 amarissima.rlmara
801 1870 834 1932 in
846 1888 926 1933 mor·
941 1874 964 1936 B
982 1889 1044 1951 pua
1058 1889 1154 1932 causa
1168 1879 1226 1951 est,
1237 1871 1321 1952 quod
1337 1871 1473 1935 concilia
1487 1872 1649 1953 generalia
1662 1890 1727 1936 non

175 1966 261 2030 tibus
277 1974 461 2047 martyrum,
477 1967 613 2029 amarior
637 1968 669 2030 iu
690 1967 844 2031 conflictu
864 1968 927 2031 ba«
981 1968 1184 2031 celebrantur
1208 1969 1346 2051 legitime
1375 1977 1520 2053 tempore
1550 1989 1619 2047 suo,
1645 1970 1729 2033 sicut

172 2064 365 2141 reticorum;
385 2084 471 2127 nunc
501 2065 701 2128 amarissima
725 2067 759 2159 ip
784 2066 926 2130 moribus
980 2068 1020 2130 ab
1036 2066 1114 2149 ipsis
1130 2068 1323 2131 conciliariis
1337 2075 1386 2131 est
1401 2068 1569 2132 sancitum.
1588 2068 1728 2130 Certum·

173 2162 436 2242 domesticorum,
464 2162 495 2225 id
523 2171 573 2225 est
600 2163 633 2225 in
662 2164 871 2228 abusionibus
895 2172 927 2227 et
980 2174 1125 2247 quaest,
1152 2167 1236 2247 quod
1261 2175 1379 2247 quanto
1403 2186 1488 2229 nunc
1517 2164 1609 2248 plura
1633 2175 1727 2247 atque

174 2261 265 2322 vitiis
289 2260 461 2342 impiorum
485 2260 736 2325 Christianorum
758 2263 926 2325 :invalue-
981 2264 1103 2345 majora
1125 2265 1207 2325 mala
1227 2284 1263 2327 ao
1284 2264 1424 2347 pericula
1444 2264 1477 2325 in
1496 2263 1639 2327 Ecclesia
1659 2264 1730 2325 uni·

174 2368 250 2421 runt
265 2367 298 2421 et
311 2358 513 2441 multiplicati
535 2369 609 2422 sunt
627 2381 724 2443 super
743 2381 923 2425 numerum.
981 2363 1096 2425 versali
1123 2372 1299 2439 versantur,
1317 2371 1404 2425 tanto
1428 2363 1531 2444 major
1551 2371 1600 2425 est
1620 2382 1726 2441 causa,

173 2459 243 2521 Vox
271 2458 452 2540 plangentis
480 2458 630 2521 Ecclesia
659 2468 801 2542 tempore
830 2462 922 2524 isto:
982 2462 1047 2523 imo
1068 2460 1253 2540 necessitas,
1271 2460 1454 2523 celebrandi
1479 2461 1551 2523 sine
1576 2460 1729 2523 dilatione

86 2591 119 2621 ...
131 2579 154 2617 a.
173 2557 274 2619 Filios
288 2556 425 2620 enutrivi
439 2564 472 2619 et
485 2557 701 2639 exaltavi,ipsi
716 2566 823 2622 autem
840 2579 927 2642 spre-
981 2559 1136 2640 synodum
1151 2558 1333 2640 generalem
1351 2582 1358 2620 :
1376 2578 1541 2641 perquam
1556 2566 1602 2622 tot
1616 2566 1648 2621 et
1662 2566 1730 2621 tan·

173 2663 293 2718 verunt
318 2674 379 2717 me.
406 2655 601 2737 spreverunt
625 2664 657 2717 et
685 2657 926 2719 maculaverunt
981 2666 1012 2719 ta
1027 2657 1142 2719 fierent
1157 2656 1345 2738 bona,quod
1360 2656 1511 2720 Dominus
1526 2657 1607 2720 licus
1623 2664 1730 2719 noster

173 2774 228 2816 me
252 2773 271 2815 a
292 2752 376 2835 turpi
397 2753 510 2829 vita,a
532 2752 617 2835 turpi
642 2765 777 2833 quaestu,
798 2775 817 2816 a
841 2756 924 2837 turpi
982 2755 1253 2833 reconciliaretur,
1280 2755 1483 2818 misereretur
1510 2764 1541 2817 et
1569 2774 1730 2818 succurre-

172 2852 382 2915 commercio.
399 2852 490 2929 llinc,
507 2858 542 2911 ut
563 2850 639 2913 alibi
662 2852 774 2914 scribit
794 2852 926 2915 Barnar-
981 2863 1028 2916 ret
1048 2854 1151 2933 nobis,
1169 2854 1280 2916 saltem
1300 2853 1333 2915 in
1355 2853 1475 2934 multis,
1493 2862 1525 2917 et
1546 2853 1647 2916 multo
1669 2852 1730 2915 uti·

171 2951 248 3027 dus,
264 2950 335 3031 ipsa
355 2949 498 3012 Ecclesia
518 2949 728 3031 spiritualiter
749 2971 870 3033 pauper
894 2960 927 3015 et
980 2970 1043 3034 que
1064 2952 1166 3034 magis
1189 2970 1284 3033 quam
1307 2951 1395 3015 alias.

173 3049 272 3132 inops
286 3067 324 3111 ae
343 3048 428 3109 nuda
449 3046 648 3130 relinquitur,
666 3048 749 3111 facie
773 3047 964 3112 miseran-C

174 3151 230 3223 da,
246 3148 378 3228 inculta,
393 3146 533 3228 hispida,
550 3148 729 3229 exsanguis.
746 3148 784 3211 Et
799 3167 863 3211 non
878 3157 927 3211 est

174 3257 323 3328 tempore
347 3245 407 3308 isto
431 3262 592 3327 sponsam,
609 3246 641 3308 id
667 3255 716 3308 est
736 3247 923 3327 Ecclesiam,
1116 3215 1360 3280 ARTICULUS
1392 3214 1593 3279 ULTIMUS·
1658 3225 1667 3240 ¹

173 3365 305 3422 ornare,
326 3344 380 3405 sed
406 3343 563 3425 spoliare3
583 3362 648 3406 non
677 3345 848 3424 custodiro,
869 3347 924 3408 sed
980 3360 1176 3434 Sequuntur
1201 3363 1266 3412 tres
1293 3353 1505 3412 revelationes
1528 3354 1559 3411 ei
1582 3355 1642 3432 qni
1663 3355 1730 3414 ltoec

173 3443 312 3524 perdere
326 3465 334 3519 3
360 3459 423 3503 non
450 3440 619 3519 instruere,
642 3443 697 3504 sed
722 3444 923 3524 prostituere.
1021 3445 1135 3504 scribit
1150 3444 1315 3502 dicinitas
1328 3445 1436 3518 snctce,
1449 3460 1511 3518 per
1525 3463 1606 3520 quas
1619 3443 1730 3502 omnia

173 3540 247 3604 Noa
271 3548 321 3601 est
345 3557 475 3620 pascere
495 3557 636 3620 gregem,
653 3541 708 3602 sed
733 3549 871 3603 mactare
894 3549 926 3603 et

172 3640 344 3701 devorare.

218 3737 264 3799 lle
278 3735 340 3798 ista
354 3734 486 3797 materia
501 3734 534 3797 in
549 3735 806 3799 Revelationibus
821 3738 851 3800 S.
864 3737 927 3799 Bri-

171 3834 266 3917 gittae
280 3833 381 3894 multa
396 3832 556 3914 leguntur,
572 3833 709 3914 qualiter
731 3833 855 3897 scilicet
868 3834 927 3898 Do

172 3934 288 3997 minus
315 3932 405 3994 lesus
433 3931 573 3993 Christus
609 3931 642 3993 in
675 3933 844 4014 prasentia
870 3934 925 3996 Dei

171 4031 291 4108 Patris,
314 4030 539 4093 circumstante
564 4029 703 4092 exercitu
727 4032 925 4112 angelorum,

171 4149 287 4194 coram
303 4129 391 4191 Patre
411 4137 601 4209 conquestus
616 4129 657 4189 sit
678 4149 761 4211 saepe
782 4131 822 4192 de
838 4130 928 4194 vitio-

1022 3553 1125 3609 supra
1140 3534 1228 3592 dicta
1247 3534 1426 3591 etiamnum
1440 3533 1571 3608 planiam
1588 3550 1730 3608 compro-

1022 3625 1153 3682 bantur.

1193 3781 1386 3836 {inventute
1406 3781 1526 3837 l'lllllll.

987 3929 1173 4129 OUlOilll
1197 3930 1375 4012 religiosus,
1398 3931 1431 3994 in
1461 3932 1650 3996 solennitate
1674 3934 1732 3996 Pu-

1071 4029 1259 4092 rificationis
1296 4029 1485 4092 beatissima
1517 4031 1668 4114 VirginiS,
1698 4033 1730 4094 in

985 4147 1110 4192 summa
1134 4129 1237 4207 llissa,
1260 4137 1323 4191 toto
1346 4136 1505 4191 conventu
1526 4139 1680 4211 praesente
1702 4139 1733 4192 et

173 4249 212 4292 sa
235 4237 269 4290 et
290 4226 477 4289 scandalosa
497 4227 739 4289 conversatione
765 4237 828 4290 tam
851 4229 967 4310 preli
986 4227 1188 4308 inspiciente,
1205 4227 1245 4288 ab
1267 4227 1477 4290 exterioribus
1497 4228 1643 4290 sensibus
1658 4229 1734 4291 alia-

173 4329 317 4392 latorum
331 4345 426 4406 quam
442 4325 620 4407 principum
635 4334 666 4387 et
681 4324 929 4390 ministrantium

173 4426 238 4501 eis,
267 4431 299 4486 et
321 4422 458 4503 qualiter
482 4422 623 4484 Christus
647 4423 845 4486 maledixerit
869 4425 928 4500 eis,

172 4543 214 4587 ac
244 4522 341 4584 variis
363 4519 465 4582 modis
487 4520 631 4582 districte
651 4520 807 4602 juraverit
827 4523 931 4585 vindi-

172 4628 328 4684 caturum
350 4637 384 4680 se
405 4617 589 4679 terribiliter
609 4618 649 4680 de
671 4619 803 4682 eisdem.

219 4718 270 4780 Ad
285 4717 369 4780 idem
384 4716 484 4778 multa
506 4734 633 4797 possem
654 4716 807 4780 inducere
825 4739 863 4780 ex
884 4720 931 4781 ‹li-

171 4816 242 4881 ctis
272 4813 430 4877 Guillelmi
459 4812 646 4877 Parisiensis
672 4815 705 4876 in
734 4835 792 4879 suo
822 4817 931 4880 Sacra-

171 4913 325 4990 mentali‚
355 4932 394 4975 ex
420 4912 556 4975 diversis
584 4931 710 4994 quoque
744 4915 930 4978 tractatibus

170 5011 305 5078 domini
329 5011 409 5074 Petri
431 5013 471 5074 de
491 5011 611 5074 tilliaco
633 5012 814 5090 cardinalis,
831 5021 863 5075 et
882 5014 932 5076 Jo-

172 5113 278 5179 annis
302 5111 342 5173 de
370 5109 501 5187 Gerson,
521 5109 703 5172 cancellarii
733 5111 929 5190 Parisiensis,

172 5213 321 5290 aliisque
334 5209 470 5271 diversis
486 5208 672 5270 Sanctorum
687 5229 724 5272 ac
744 5210 931 5273 devotorum

172 5307 360 5394 opusculis.
375 5307 436 5371 Sed
463 5306 540 5388 quid
562 5326 692 5370 neeesse
713 5318 762 5371 est
780 5310 933 5391 multipli-

985 4335 1078 4388 natus
1107 4335 1200 4406 atque
1232 4326 1263 4386 in
1296 4325 1408 4406 spiritu
1438 4324 1541 4387 factus
1569 4335 1600 4389 et
1628 4335 1733 4388 mente

985 4426 1024 4487 ad
1054 4424 1221 4486 bominum
1251 4432 1369 4504 raptus,
1399 4433 1470 4506 post
1505 4424 1732 4505 aliquantulam

986 4524 1134 4584 increatae
1159 4523 1240 4584 lucis
1265 4541 1300 4584 ac
1326 4521 1610 4604 superbeatissimaa
1633 4525 1734 4586 Trini-

985 4622 1058 4683 tatis
1088 4620 1403 4702 contemplationem,
1433 4639 1520 4683 moro
1550 4620 1610 4683 sibl
1639 4622 1733 4686 solito

986 4720 1084 4802 cmpit
1109 4739 1180 4781 mox
1206 4719 1280 4781 totis
1304 4719 1487 4801 pracordiis
1514 4719 1654 4782 divinam
1681 4740 1733 4782 ex·

986 4838 1076 4881 orare
1102 4818 1303 4880 clementiam
1334 4835 1390 4898 pro
1414 4825 1478 4878 tota
1502 4817 1649 4879 militanti
1676 4818 1733 4882 Ec-

986 4916 1095 4994 clesia,
1112 4924 1144 4978 et
1169 4916 1239 4996 ojtrs
1265 4913 1488 4977 reformatione
1513 4915 1546 4976 in
1569 4916 1729 4980 omnibus

986 5015 1042 5077 Cui
1066 5014 1219 5076 [lominus
1246 5013 1420 5094 majestatis
1443 5012 1474 5075 iu
1498 5013 1619 5076 visione
1641 5015 1733 5078 intel-

987 5113 1115 5175 lectuali
1141 5121 1172 5174 et
1202 5111 1373 5194 anagogica
1404 5111 1508 5173 statim
1535 5113 1698 5195 respondit
1724 5137 1731 5176 a

988 5235 1004 5271 u
1017 5212 1096 5286 Quid
1112 5211 1177 5273 visl
1194 5219 1224 5272 et
1239 5210 1315 5292 quid
1330 5229 1401 5271 oras
1421 5229 1477 5291 pro
1492 5210 1633 5273 Ecclesia
1652 5215 1685 5273 al
1697 5213 1736 5275 Et

990 5310 1044 5374 ille
1062 5334 1069 5372 2
1087 5333 1104 5370 u
1124 5310 1148 5373 O
1173 5307 1402 5393 benignissime
1427 5308 1520 5387 Deus,
1537 5317 1572 5372 ut
1593 5310 1735 5392 digneris
