4309 6250
243 507 284 554 DE
304 509 514 560 Aucrostraru
529 511 624 558 8111111
646 510 813 557 rourtrrcts
834 510 872 556 ET
893 509 1062 558 casanaula
1084 511 1225 574 conetur,
1249 513 1337 560 LIBEII
1357 513 1401 561 III.
1425 533 1465 542 -
1484 514 1555 560 Aur.
1578 513 1635 560 x111
1654 493 1714 559 11115

157 679 259 742 611616
289 680 333 742 611
361 678 580 762 Philosophus,
609 683 693 762 quod
727 681 911 762 ignorantes
926 681 951 742 A
966 701 1007 744 66
1032 701 1088 744 666
1113 666 1327 747 contractione
1352 685 1518 766 accipitur,
1543 701 1601 766 pro
1626 689 1714 763 parte

158 777 373 842 terminorum
397 779 628 860 acceptionem,
644 780 683 842 de
708 777 795 842 facili
822 798 912 860 para·
967 781 1075 864 populi
1105 782 1268 845 christiani
1293 785 1333 845 ad
1357 783 1503 846 divinum
1527 781 1715 863 obsequium

157 877 350 958 logizautur.
374 878 491 958 ltaque,
515 879 554 940 ad
579 877 823 959 intelligendum
849 896 912 958 quo
966 881 1104 962 quodam
1124 881 1254 962 speciali
1276 881 1442 963 signaculo
1456 880 1610 962 deputati.
1627 880 1715 944 Unde

158 995 260 1037 seusu
280 975 341 1038 viri
357 976 456 1038 sancti
479 983 510 1038 et
531 976 647 1038 summi
669 975 840 1038 Pontifices
862 995 913 1038 ca·
967 978 1000 1039 in
1021 977 1103 1041 libro
1122 981 1161 1042 de
1176 979 1400 1042 Ecclesiastico
1419 987 1572 1061 potestate
1587 979 1715 1042 Cancel-

158 1074 334 1155 tholicique
349 1076 491 1138 doctores
506 1075 610 1138 testati
626 1084 698 1138 sunt
709 1075 821 1156 Papam
839 1095 914 1157 pra·
968 1076 1065 1138 larius
1081 1076 1126 1139 ait
1142 1101 1148 1138 :
1166 1077 1307 1141 Ecclesia
1322 1077 1375 1141 hic
1390 1087 1553 1142 contracte
1568 1078 1712 1156 sumitur,

158 1193 234 1236 esse
260 1173 316 1236 toti
341 1181 375 1236 61
399 1173 571 1236 6611616611
600 1172 761 1252 Ecclesia,
787 1181 912 1254 6661161
967 1175 1042 1236 dum
1058 1174 1221 1256 loquimur
1238 1178 1279 1239 de
1300 1176 1518 1239 ecclesiastica
1534 1184 1712 1257 potestate:

158 1273 329 1335 advertere
352 1274 437 1354 quod
456 1291 572 1335 nomen
588 1272 739 1335 Ecclesia
761 1271 913 1354 multipli-
968 1291 1025 1354 pro
1049 1273 1113 1334 illis
1138 1274 1286 1337 videlicet
1309 1275 1365 1356 qui
1391 1260 1520 1357 speciali
1550 1274 1715 1356 signaculo

160 1371 245 1433 citer
268 1371 414 1432 sumitur.
438 1371 553 1449 Primo,
575 1389 631 1452 pro
656 1370 792 1434 ecclesia
816 1377 913 1432 mate-
967 1371 1104 1434 dedicati
1138 1381 1213 1436 sunt
1240 1374 1279 1435 ad
1307 1373 1454 1436 divinum
1488 1372 1666 1450 servitium,
1696 1392 1715 1433 a

160 1469 261 1532 riali:
283 1469 366 1532 sicut
389 1489 488 1550 quum
512 1469 659 1550 dicimus,
681 1471 765 1550 quod
791 1469 913 1550 episco-
967 1469 1168 1550 clericatura,
1190 1490 1262 1552 qua
1285 1472 1435 1533 infimum
1459 1479 1546 1534 tenet
1568 1473 1714 1552 gradum,

159 1587 278 1649 porum
293 1576 341 1630 est
356 1587 543 1632 consecrare
563 1567 723 1630 ecclesias.
741 1567 854 1648 Sicque
874 1568 912 1629 ad
968 1587 1069 1650 usque
1097 1570 1137 1631 ad
1165 1588 1361 1650 supremum,
1384 1589 1448 1650 quo
1476 1571 1559 1652 Papa
1587 1570 1716 1632 decora-

36 1681 43 1694 *
70 1712 74 1721 .
107 1683 133 1708 ·²
158 1666 343 1729 Corinthios
357 1665 402 1728 ait
416 1667 585 1748 Apostolus
602 1690 609 1728 :
627 1666 787 1747 Numquid
802 1666 913 1728 domos
968 1675 1028 1729 tur.
1046 1666 1097 1729 Sic
1115 1667 1180 1730 dici
1199 1668 1291 1745 solet,
1306 1668 1391 1749 quod
1411 1668 1554 1730 Ecclesia
1573 1687 1636 1731 non
1658 1667 1717 1729 uti-

159 1784 229 1826 666
249 1763 373 1826 hahetis
393 1765 431 1826 ad
452 1765 720 1843 manducandum,
737 1771 790 1826 eut
812 1764 913 1827 eccle·
968 1770 1020 1823 tur
1034 1762 1140 1844 gladio
1160 1763 1313 1826 materiali
1330 1788 1338 1842 3
1355 1765 1402 1826 sic
1421 1783 1547 1846 quoque
1566 1765 1606 1826 de
1622 1763 1717 1826 liher-

159 1863 244 1924 siam
269 1862 322 1924 Dei
352 1862 577 1925 contemnitisl
601 1899 639 1908 -
661 1863 805 1926 86666116
830 1862 913 1925 acci·
931 1863 954 1925 B
969 1869 1031 1923 1616
1052 1861 1201 1925 Ecclesia
1222 1862 1328 1944 agitur
1348 1881 1463 1926 sermo.

159 1960 915 2043 6111116166166611686666666611161166111-
1009 1960 1102 2022 Sexto
1130 1960 1274 2023 Ecclesia
1308 1963 1444 2024 sumitur
1473 1980 1530 2043 pro
1558 1962 1717 2024 universis

160 2068 215 2120 tur
233 2083 240 2120 ι
257 2059 341 2122 616111
364 2060 438 2121 dum
463 2058 676 2138 affirmamus,
693 2059 726 2121 16
755 2059 913 2140 principio
968 2057 1117 2120 fidelihus
1131 2058 1243 2120 eodem
1257 2067 1397 2141 tempore
1411 2059 1718 2122 exsistentibussm·

160 2158 326 2218 nascentis
341 2156 502 2236 Ecclesia,
510 2177 566 2220 seu
582 2158 614 2219 in
632 2157 792 2240 primitiva
808 2157 915 2219 Eccle·
968 2157 1223 2236 que,secundum
1236 2157 1388 2220 thomam
1404 2158 1436 2219 in
1453 2158 1543 2220 tertia
1558 2157 1717 2238 parte,l'a-
1743 2179 1853 2234 sappam.

70 2331 80 2354 δ
162 2256 223 2334 616,
251 2255 358 2318 616616
383 2255 413 2316 16
439 2255 613 2318 Jerusalem
638 2255 789 2318 fidelihus
813 2254 913 2318 fuisse
968 2254 1137 2337 pudicitur
1151 2255 1206 2319 1611
1223 2275 1357 2337 praesse
1369 2256 1569 2336 Ecclesia,id
1584 2265 1717 2319 esteun·
1729 2247 1863 2349 22¹¹''·‘¹·

36 2341 47 2372 ''
70 2355 88 2368 “’
160 2353 360 2417 communia.
377 2352 490 2434 Sicque
505 2352 618 2416 fideles
634 2353 708 2416 novi
723 2353 914 2418 Testamenti
968 2352 1095 2434 ctisqui
1111 2353 1717 2434 suotemporesuntChristiauis.Quod

162 2453 203 2514 ad
230 2451 404 2514 Ecclesiam
427 2452 597 2534 pertinent.
968 2458 1074 2514 161666
1091 2451 1336 2534 intelligendum
1351 2461 1400 2515 est
1415 2472 1472 2534 per
1486 2453 1535 2515 sui
1550 2452 1651 2535 ipsius
1666 2472 1719 2515 ex-

204 2549 311 2612 'fertio
336 2549 471 2612 sumitur
495 2569 551 2631 pro
577 2549 735 2612 universis
764 2549 914 2612 fidelihus
969 2550 1144 2613 elusionem
1161 2575 1168 2612 :
1185 2570 1250 2614 666
1264 2552 1351 2614 66116
1367 2552 1415 2614 661
1436 2551 1539 2634 ipsius
1561 2560 1610 2614 est
1624 2559 1719 2633 caput

162 2647 220 2728 qui
248 2668 267 2709 a
295 2647 453 2734 principio
479 2647 589 2709 muudi
617 2647 746 2710 fuerunt
771 2655 803 2709 et
829 2667 914 2710 nuuc
968 2648 1719 2732 6166611161.1166661661666111611616116

162 2754 241 2808 sunt
262 2755 294 2808 et
314 2765 414 2827 usque
435 2746 468 2808 16
490 2745 589 2808 116616
612 2745 720 2809 saculi
746 2753 916 2808 61161166-
969 2747 1073 2809 sidere
1096 2748 1153 2809 toti
1175 2756 1206 2809 et
1231 2748 1404 2810 universali
1426 2748 1586 2825 Ecclesia,
1603 2767 1717 2810 sensus

163 2845 226 2907 turi
247 2853 302 2906 :et
323 2844 418 2907 11616
439 2844 628 2906 homiliade
650 2844 799 2927 parabola
821 2864 916 2907 evau—
969 2853 1017 2906 est
1043 2846 1128 2925 quod
1154 2845 1259 2926 prasit
1289 2846 1344 2908 toti
1375 2845 1420 2907 illi
1446 2845 1573 2908 residuo
1599 2846 1716 2927 populo

162 2943 277 3025 gelica
293 2944 394 3006 vinea
415 2943 492 3006 dicit
511 2943 691 3024 Gregorius,
709 2945 793 3024 quod
808 2943 916 3006 116616-
970 2944 1141 3006 christiano
1165 2944 1219 3024 qui
1245 2953 1294 3006 est
1322 2945 1401 3006 61116
1431 2945 1547 3026 ipsum.
1575 2944 1663 3006 Unde
1688 2952 1719 3005 et

163 3043 212 3105 sia
242 3041 282 3104 ah
312 3041 389 3104 Abel
419 3061 519 3123 usque
548 3043 587 3103 ad
616 3041 764 3104 ultimum
790 3041 822 3103 16
849 3041 914 3104 1166
933 3039 1000 3103 Cin
1027 3041 1081 3103 tali
1108 3041 1266 3104 locutione
1287 3041 1475 3104 universalis
1498 3061 1554 3104 sen
1577 3049 1641 3104 tota
1661 3043 1720 3105 Ec-

163 3142 277 3203 muudi
301 3142 497 3204 nasciturum
517 3140 666 3221 electum,
687 3150 765 3221 quot
789 3150 915 3204 sanctos
970 3140 1068 3203 616616
1087 3159 1159 3201 6616
1179 3139 1341 3221 aliquanta
1362 3140 1580 3203 contractione
1601 3140 1720 3222 accipi-

164 3239 310 3322 protulit,
327 3239 416 3320 quasi
442 3247 487 3301 tot
513 3238 658 3321 palmites
684 3239 782 3301 misit.
800 3239 913 3321 Sicque
969 3248 1031 3316 tur,
1049 3247 1124 3319 puta
1148 3257 1206 3319 pro
1230 3246 1295 3301 toto
1319 3239 1394 3301 ovili
1422 3238 1580 3301 vicarialis
1602 3239 1718 3301 summi

164 3338 270 3419 611166
291 3338 370 3400 libro
389 3346 499 3400 contra
521 3338 697 3399 Donatistas
718 3337 913 3418 Augustinus
970 3335 1145 3399 Pontificis.
1163 3372 1203 3381 -
1222 3336 1326 3399 Potest
1346 3345 1377 3398 et
1397 3336 1534 3418 septimo
1560 3337 1720 3399 incontra-

160 3435 475 3516 -dicitzdprincipio
491 3436 601 3498 mundi
616 3455 686 3516 qua
702 3436 823 3517 peperit
838 3435 914 3498 Abel
970 3444 1020 3498 cte
1048 3434 1163 3518 accipi,
1191 3454 1248 3517 pro
1272 3436 1350 3498 ovili
1375 3435 1469 3497 simul
1495 3455 1569 3498 cum
1595 3454 1720 3499 summo

165 3542 197 3597 61
213 3532 322 3597 Enoch
338 3541 369 3595 et
389 3532 454 3596 Noe
473 3542 504 3596 et
518 3534 686 3611 Abraham,
703 3534 771 3615 ipsa
793 3534 916 3615 peperit
970 3534 1040 3614 ejus
1057 3532 1178 3595 vicario
1198 3533 1313 3614 capite.
1331 3533 1447 3614 Sisque
1466 3534 1564 3596 totius
1583 3533 1721 3596 militan-

163 3632 293 3713 lloysen
318 3640 349 3695 et
373 3632 554 3714 Pmphetas‚
581 3640 613 3694 et
635 3650 706 3713 qua
736 3633 823 3712 istos,
848 3632 917 3713 ipsa
970 3631 1716 3713 11611661661166666161166166166616166166,

165 3730 264 3793 etiam
294 3728 418 3811 peperit
444 3730 611 3811 Apostolos
645 3738 677 3791 et
704 3738 857 3811 martyres
885 3739 917 3792 et
970 3729 1024 3810 qui
1049 3730 1144 3792 etiam
1173 3729 1413 3810 particularium
1438 3730 1652 3793 Ecclesiarum
1680 3750 1718 3793 66

164 3847 279 3891 616666
294 3827 489 3890 Christianos
506 3852 513 3888 ε
530 3846 641 3891 616666
661 3828 745 3889 66116
766 3828 800 3889 hi
816 3828 917 3891 socie·
970 3827 1114 3891 fidelium
1130 3846 1337 3909 personarum
1353 3828 1528 3910 principale
1541 3836 1636 3911 caput
1649 3847 1720 3891 ceu·

165 3934 230 3988 tate
245 3925 341 3987 unios
361 3925 469 4007 populi
490 3926 705 4005 eontinentur,
722 3933 754 3987 et
768 3925 914 4007 ejusdem
971 3934 1068 3989 setur.

165 4023 307 4087 civitatis
329 4033 403 4085 suut
423 4022 521 4086 cives.
1009 4024 1170 4087 Interdum
1200 4043 1327 4106 quoque
1360 4025 1496 4087 sumitur
1527 4024 1718 4089 universalis

205 4122 322 4197 Quarto
350 4122 505 4203 accipitur
533 4141 590 4204 616
618 4122 825 4185 universitate
854 4123 915 4185 ele-
970 4122 1114 4185 Ecclesia
1138 4142 1195 4203 pro
1220 4131 1285 4186 toto
1314 4123 1481 4186 christiani
1507 4124 1615 4206 populi
1642 4124 1719 4186 resi-

166 4231 292 4284 ctorum
317 4240 373 4282 seu
397 4220 494 4283 lleum
523 4221 708 4298 amantium,
737 4222 770 4282 iu
799 4220 915 4302 quihus
932 4220 955 4281 1)
970 4222 1044 4302 duo,
1062 4230 1177 4302 praeter
1195 4223 1368 4284 Romanam
1390 4222 1477 4285 illam
1494 4223 1718 4304 particularem

165 4318 316 4383 omuibus
335 4336 424 4381 emor
438 4318 493 4381 Dei
514 4337 611 4380 uuam
631 4317 734 4381 efficit
757 4319 915 4382 civitatem
971 4319 1144 4382 Ecclesiam
1158 4343 1167 4397 3
1180 4320 1291 4400 sicque
1315 4320 1348 4381 16
1373 4320 1463 4382 libris
1487 4328 1598 4383 contra
1619 4322 1719 4388 Dona-

166 4418 235 4479 sive
254 4415 439 4495 Ecclesiam,
456 4424 488 4478 et
507 4416 566 4478 ista
585 4424 649 4478 1616
671 4418 916 4498 666161616666-
972 4419 1060 4480 116166
1080 4418 1275 4500 Augustinus
1295 4417 1454 4481 interdum
1474 4420 1572 4482 sumit
1592 4420 1721 4481 uuiver-

167 4514 706 4595 1666611611616166,11666611661
724 4515 917 4595 triumphan·
972 4516 1069 4578 salem
1094 4516 1336 4579 Ecclesiam-
1356 4516 1487 4598 lusuper
1505 4518 1648 4581 Ecclesia
1672 4519 1719 4581 iu-

166 4622 231 4677 tem
265 4632 360 4695 quam
390 4613 578 4676 militantem
611 4613 799 4693 Ecclesiam,
829 4634 915 4677 com·
971 4616 1095 4677 terdum
1116 4634 1173 4697 pro
1192 4614 1377 4695 particulari
1393 4616 1537 4678 Ecclesia
1555 4617 1715 4680 sumitur:

168 4712 346 4795 prehendit.
364 4711 478 4793 Sicque
504 4714 537 4774 in
562 4714 698 4793 quadam
724 4714 856 4775 homilia
877 4715 916 4777 de
971 4722 1006 4775 ut
1024 4733 1123 4796 quum
1142 4713 1280 4776 dicimus
1299 4713 1468 4795 episcopos
1489 4734 1559 4779 esse
1585 4736 1718 4798 sponsos

167 4813 353 4874 Pentecoste
378 4809 654 4872 excellentissimis
679 4810 825 4873 laudibus
850 4811 916 4873 lau·
971 4812 1133 4890 Ecclesia,
1162 4812 1314 4894 qnoniam
1343 4815 1562 4895 unusquisque
1590 4814 1718 4877 illorum

168 4911 222 4973 dat
255 4907 429 4970 Ecclesiam
459 4908 490 4971 S.
522 4908 773 4989 chrysostomus,
804 4910 914 4972 dicens
971 4930 1108 4992 sponsus
1127 4919 1175 4973 est
1194 4910 1344 4972 Ecclesia
1365 4910 1424 4972 sibi
1440 4912 1627 4989 commissa,
1644 4933 1718 4976 cum

168 5008 252 5087 quod
277 5005 381 5068 carior
405 5004 446 5067 sit
469 5005 532 5068 Deo
554 5005 636 5069 coelo
660 5016 690 5069 et
711 5014 805 5084 terra,
822 5027 917 5090 ange·
971 5029 1034 5091 qua
1060 5008 1298 5071 matrimonium
1319 5008 1485 5090 spirituale
1510 5012 1675 5073 contraxit.

168 5104 219 5184 lis,
244 5103 403 5185 Apostolis
431 5112 461 5165 et
490 5104 665 5185 Prophetis,
691 5113 723 5166 et
750 5106 834 5185 quod
863 5106 914 5167 isti
1011 5106 1132 5167 Rursus
1155 5103 1297 5165 Ecclesia
1320 5104 1510 5184 quandoque
1536 5105 1719 5185 61666616

167 5202 350 5265 1116166161
372 5200 458 5262 missi
482 5210 557 5263 sunt
578 5220 635 5283 per
656 5202 842 5265 Ecclesiam.
971 5201 1718 5282 6166116616111666666161616666161161.116116
1744 5253 1834 5297 M„

207 5300 321 5376 Quinto
335 5298 476 5362 Ecclesia
495 5318 568 5363 curn
588 5300 723 5380 quadam
745 5302 914 5365 restrictio
972 5310 1003 5363 et
1022 5299 1100 5361 illud
1121 5298 1153 5360 in
1169 5298 1354 5379 Evangelio,
1369 5298 1424 5361 Dic
1445 5299 1606 5378 Ecclesia,
1623 5300 1719 5384 Chry·
1733 5320 1835 5368 nme.
