4309 6250
304 490 454 538 binmaus
475 489 708 537 ntsrurattottls
728 490 820 537 rma
840 488 1048 537 auersatam
1068 489 1106 536 BT
1127 489 1342 538 SARRAOENUH.
1364 510 1405 521 ·-·
1425 492 1495 540 thr.
1517 491 1572 539 ΠΧ
1655 474 1716 539 495

161 656 336 740 Evangelio
350 658 491 732 Christus
504 658 660 723 docuitet
680 658 863 741 spopondit,
881 658 952 721 eth
1006 658 1114 740 ltaque
1140 658 1221 722 srdes
1249 658 1310 722 ista
1339 668 1469 724 vocatur
1497 663 1654 727 catholica
1684 670 1716 727 et

161 758 234 839 ejas
254 758 464 841 Evangelista
482 768 577 841 atque
595 758 737 841 Apostoli
763 758 912 841 predica-
967 758 1158 835 commuuis,
1184 758 1259 840 quia
1287 759 1478 841 generaliter
1506 762 1658 826 convenit
1685 768 1716 825 ct

161 864 290 920 verunt.
305 857 577 933 Quemadmodum
601 865 709 919 autem
733 865 834 919 totum
859 874 913 937 ge·
966 854 1092 917 inhesit
1106 856 1230 919 cunctis
1245 855 1356 920 electis
1370 877 1390 920 a
1404 858 1564 943 principio
1579 860 1717 937 orbis,et

160 975 223 1017 nus
248 955 424 1018 humanum
451 956 491 1019 ad
516 956 598 1017 hanc
623 954 853 1018 beatitudiuem
881 962 914 1017 et
967 961 1109 1035 tempore
1133 954 1326 1037 evangelica
1348 956 1427 1039 legis
1446 956 1508 1021 fuit
1534 978 1590 1041 per
1614 966 1715 1023 totum

160 1054 201 1115 ad
226 1055 376 1117 eumdem
400 1054 500 1117 linem
525 1053 706 1115 ultimatum
731 1052 911 1116 salvificum
967 1052 1121 1115 mundum
1147 1053 1328 1134 praedicata,
1349 1053 1481 1133 diflusa,
1502 1066 1639 1139 recepta.
1657 1057 1717 1120 Ha-

160 1161 210 1213 est
225 1160 380 1229 creatum,
397 1152 444 1215 sic
462 1152 608 1215 omnium
629 1149 775 1213 fidelium
796 1150 914 1213 eleeto·
969 1149 1037 1212 buit
1064 1168 1190 1231 quoque
1215 1170 1233 1212 a
1256 1152 1413 1236 principio
1442 1155 1552 1217 mundi
1578 1174 1635 1238 pro
1660 1174 1716 1219 sua

162 1272 235 1315 rum
263 1271 344 1335 opus
373 1261 422 1315 est
449 1271 519 1315 esse
543 1253 687 1315 eamdem
713 1251 824 1331 iidem,
848 1270 913 1334 qua
967 1246 1211 1312 confirmatione
1232 1250 1395 1314 miracula.

162 1351 409 1413 credantlleum
423 1350 652 1414 esseomnium
667 1350 913 1430 creatorem‚ju-
1006 1346 1127 1429 Nempe
1156 1346 1189 1410 in
1212 1348 1288 1409 Abel
1313 1348 1398 1429 justo
1424 1349 1627 1415 sacrificante
1652 1352 1715 1417 llco

161 1449 269 1511 dicem
288 1468 325 1512 ac
345 1456 627 1512 remuneratorem.
643 1448 682 1511 Et
702 1446 764 1511 luit
784 1448 851 1511 baec
872 1448 913 1511 ti·
967 1444 1116 1527 apparuit
1130 1444 1268 1527 signum,
1284 1446 1434 1526 quoniam
1449 1449 1537 1511 venit
1557 1450 1641 1533 ignis
1662 1452 1716 1514 de·

161 1548 220 1611 des
239 1547 281 1610 ab
299 1546 426 1611 exordio
444 1547 555 1609 muudi
576 1547 610 1609 in
629 1546 754 1610 cunctis
774 1546 910 1610 electis:
967 1562 1106 1621 sursum,
1133 1542 1293 1607 sacrificia
1316 1544 1386 1627 ejus
1411 1565 1612 1612 consumens.
1637 1548 1714 1612 Nam

161 1665 235 1728 quae
264 1655 369 1709 manen
398 1665 455 1729 per
483 1653 661 1728 temporum
689 1664 858 1727 processus
881 1654 913 1708 et
966 1641 1021 1705 uhi
1044 1642 1209 1705 translatio
1234 1650 1341 1705 nostra
1364 1643 1471 1724 habet,
1487 1646 1633 1729 Respexit
1657 1647 1716 1711 Do·
1731 1672 1857 1725 affinga

162 1744 386 1808 successiones
400 1744 510 1823 crevit,
527 1752 560 1806 et
573 1743 726 1826 paulatim
742 1744 845 1825 magis
860 1764 912 1807 ex·
967 1740 1074 1802 minus
1097 1740 1137 1802 ad
1160 1740 1238 1802 Abel
1264 1742 1356 1803 etad
1386 1761 1518 1807 munera
1546 1744 1627 1826 ejus,
1652 1746 1715 1810 alla

160 1842 276 1927 plicita
303 1842 366 1906 tuit
389 1866 396 1903 :
419 1843 485 1906 imo
512 1842 667 1905 emundi
691 1842 852 1924 principio
877 1841 910 1903 in
928 1840 951 1903 B
967 1838 1064 1901 babet
1091 1838 1253 1901 translatio
1283 1862 1290 1900 ι
1321 1839 1536 1905 lnssammavit
1563 1843 1715 1907 Dominus

160 1942 351 2023 maioribus,
368 1940 612 2024 sapientioribus
639 1960 697 2003 seu
725 1940 911 2003 illuminati·
967 1956 1065 2019 super
1077 1936 1155 1999 abel
1171 1945 1203 1999 et
1217 1957 1350 2001 munera
1370 1938 1452 2021 ejus.
1469 1940 1599 2021 Deinde,
1616 1961 1714 2025 quum

160 2041 273 2104 oribus
294 2049 327 2103 et
345 2039 556 2103 sanctioribus
576 2039 639 2101 luit
657 2039 760 2121 magis
781 2039 912 2123 explici·
967 2034 1086 2117 impius
1106 2035 1181 2098 (lain
1207 2036 1377 2101 occidisset
1400 2040 1602 2113 innocentem
1623 2042 1713 2123 Abel,
1730 2073 1860 2119 mm,

160 2149 205 2218 ta,
222 2138 380 2202 illustrata
403 2146 436 2201 et
459 2137 564 2219 plena.
966 2132 1114 2216 apparuit
1127 2132 1210 2195 Deus
1224 2134 1312 2212 Cain,
1330 2134 1566 2220 increpavitque
1582 2160 1666 2220 eum,
1683 2149 1715 2205 et

200 2238 346 2319 lusuper,
371 2236 447 2318 quia
471 2236 667 2299 beatitudine
695 2244 781 2298 tanta
806 2236 912 2319 priva·
966 2232 1074 2314 posuit
1088 2232 1215 2314 signum
1232 2233 1264 2295 in
1279 2252 1329 2298 eo.
1347 2234 1454 2299 Postea
1469 2240 1630 2303 transtulit
1644 2262 1716 2305 san·
1740 2275 1860 2319 1pp‚,24.

160 2346 231 2398 turn
251 2333 315 2398 luit
332 2353 433 2415 genus
452 2333 627 2397 humanum
646 2342 776 2417 propter
795 2334 911 2417 primo-
967 2340 1053 2395 ctum
1068 2331 1179 2394 Enoch
1195 2332 1227 2393 in
1243 2334 1424 2415 paradisum
1440 2308 1861 2444 terrestremqua-fiet-¹1¹¹:

160 2454 233 2497 rum
250 2432 535 2515 transgressionem
549 2440 774 2514 pareutum‚ut
788 2432 909 2497 dictum
967 2437 1060 2493 tenus
1080 2430 1166 2493 circa
1185 2429 1285 2493 linem
1306 2432 1417 2495 mundi
1438 2434 1512 2499 inde
1535 2439 1712 2519 egrediens,
1756 2433 1761 2445 '

70 2542 333 2613 .1vu.est,atque
351 2550 409 2614 ρον
427 2530 585 2594 Christum
604 2532 644 2593 ad
668 2530 812 2593 eamdem
838 2532 911 2594 bea-
967 2528 1162 2592 Antichristo
1183 2529 1319 2594 resistat.
1334 2530 1499 2614 Quumque
1519 2537 1715 2619 temporibus

160 2631 333 2695 titudinem
349 2629 454 2693 luerat
474 2629 686 2711 reparandum
705 2648 742 2692 ac
757 2630 911 2693 reducen·
966 2625 1032 2690 Noe
1050 2627 1258 2690 recessissent
1278 2631 1491 2695 communiter
1510 2632 1654 2697 homiues
1676 2636 1715 2700 ab
1732 2660 1778 2705 cei
1781 2675 1861 2711 ........

158 2730 255 2807 dum3
272 2730 345 2793 ideo
358 2749 378 2791 a
391 2727 503 2791 mundi
519 2728 678 2811 principio
693 2728 909 2791 necessarium
966 2725 1026 2788 hac
1042 2723 1108 2788 lide
1124 2733 1158 2787 ut
1173 2724 1308 2789 formata
1327 2736 1359 2790 et
1377 2748 1395 2791 a
1414 2733 1655 2796 conversatione
1677 2734 1717 2797 li-

159 2829 224 2891 luit
244 2828 363 2891 babere
381 2826 481 2889 iidem
500 2826 615 2890 Christi
634 2824 746 2907 loturi,
762 2826 910 2910 explicite
966 2824 1042 2901 deli,
1059 2832 1243 2888 corruentes
1259 2844 1359 2907 usque
1374 2826 1408 2889 in
1423 2830 1607 2911 turpissima
1621 2842 1715 2915 atque

158 2935 216 2990 aut
230 2927 344 2990 sutem
358 2924 523 3008 implicite.
539 2925 579 2987 Et
596 2926 671 3008 quia
685 2925 750 2989 base
766 2925 847 2989 fides
862 2934 911 2989 est
966 2922 1154 3004 gravissima
1169 2923 1300 3004 scelera,
1318 2924 1440 2987 induxit
1453 2916 1557 3008 justus
1572 2940 1716 2995 metuen-

159 3027 201 3089 de
229 3024 458 3104 invisibilibus,
484 3024 779 3105 supernaturalibus
802 3034 833 3087 et
862 3025 910 3087 in·
929 3021 1089 3102 (idusque
1118 3022 1200 3084 Deus
1229 3022 1285 3084 toti
1314 3023 1433 3087 mundo
1457 3027 1606 3105 gencrale
1634 3030 1716 3094 dilu-

158 3122 508 3207 comprehensibilibus
532 3122 639 3202 rebus,
665 3143 724 3205 ρον
750 3124 909 3187 naturales
967 3119 1067 3200 vium,
1084 3120 1253 3204 perpaucis
1275 3120 1307 3184 in
1329 3141 1403 3185 arca
1423 3126 1567 3189 servatis.

157 3244 226 3287 non
256 3223 360 3307 potuit
387 3223 526 3286 rationes
551 3221 698 3303 probari3
723 3223 779 3284 sed
805 3223 910 3305 primo
1007 3219 1101 3282 Porro
1126 3227 1198 3302 post
1220 3220 1388 3298 diluvium,
1410 3224 1529 3286 sanctis
1558 3227 1713 3308 patribus,

157 3322 366 3386 manifestata
389 3330 438 3384 est
462 3321 646 3384 bominibus
666 3341 724 3405 per
744 3321 910 3386 revelatio·
967 3315 1042 3396 Noe,
1059 3318 1144 3396 Sem,
1160 3317 1330 3397 Abraham,
1347 3319 1445 3400 lsaac,
1462 3322 1569 3402 Jacob,
1592 3333 1624 3387 et
1644 3326 1714 3390 aliis
1743 3359 1801 3404 pp,
1818 3373 1861 3410 m,

158 3440 219 3483 nes
246 3419 385 3496 divinas,
416 3436 474 3500 per
499 3416 661 3499 angelicas
687 3417 908 3497 allocutiones,
967 3416 1077 3479 multis
1111 3417 1296 3498 frequenter
1330 3426 1361 3480 et
1395 3420 1533 3500 gratiose
1568 3426 1715 3506 apparuit
1732 3426 1848 3480 ΜΝ·

158 3539 219 3601 per
231 3517 448 3601 apparitiones
462 3534 617 3597 supernas
633 3540 641 3577 :
658 3516 693 3578 iu
710 3517 821 3600 primis
840 3518 910 3600 qui·
967 3515 1061 3594 Deus,
1077 3534 1114 3578 ac
1130 3515 1287 3578 mirabilia
1302 3514 1390 3579 lecit.
1408 3517 1547 3582 'laudern
1563 3523 1715 3606 perlloy-
1743 3557 1818 3604 aena.
1833 3573 1861 3602 ,„
1949 3548 1954 3558 ·

157 3619 234 3680 dem
260 3615 381 3678 sanctis
408 3615 596 3678 Patriarchis
623 3621 718 3696 atque
745 3616 909 3699 Prophetis
967 3633 1023 3676 sen
1039 3613 1072 3674 iu
1087 3613 1220 3696 AEgypto
1234 3613 1334 3676 multa
1348 3622 1380 3676 et
1395 3634 1510 3699 magna
1524 3616 1601 3681 lecit
1614 3621 1715 3702 prodi·
1729 3625 1751 3663 ⁶²
1765 3633 1811 3677 wa·

156 3718 215 3799 qui
230 3716 365 3778 iuer-rant
378 3735 397 3777 a
411 3714 528 3777 saeculo
542 3721 606 3776 eta
624 3714 735 3777 mundi
750 3715 909 3799 principio
966 3713 1029 3794 gia,
1045 3731 1104 3794 per
1117 3731 1186 3793 quae
1201 3711 1327 3794 plebem
1348 3731 1437 3775 suern
1457 3714 1659 3781 Israelitieam
1675 3721 1714 3783 de

157 3835 264 3897 usquc
289 3814 330 3876 ad
355 3814 503 3895 lloysen;
529 3812 646 3874 deiude
670 3811 796 3895 plenius
821 3833 910 3878 reve·
966 3810 1183 3893 AEgyptiorurn
1199 3809 1350 3874 servitute
1365 3811 1534 3877 durissima
1555 3815 1712 3897 liberavit,

155 3915 221 3976 lata
249 3920 300 3976 est
330 3911 428 3994 lloysi
455 3930 493 3974 ac
521 3910 685 3993 Prophetis
710 3912 827 3975 veteris
852 3914 910 3977 To-
965 3907 1128 3990 AEgyptios
1152 3909 1337 3986 devastavit,
1364 3918 1398 3973 et
1421 3911 1498 3974 deos
1523 3932 1631 3977 eorum
1660 3916 1718 3980 im·

155 4011 321 4088 stramenti,
336 4019 368 4073 et
386 4029 445 4092 per
462 4008 659 4072 Patriarcbas
679 4029 716 4072 ac
737 4009 909 4092 Prophetas
966 4016 1111 4090 potentes
1135 4026 1172 4070 ac
1195 4026 1292 4071 vanos
1312 4009 1462 4072 ostendit.
1480 4011 1715 4095 Consequenter

154 4108 363 4173 manifestata
391 4116 439 4171 est
463 4106 611 4170 fidelibus
640 4107 766 4170 ceteris.
783 4108 910 4172 Praeter·
966 4125 1023 4188 per
1036 4106 1161 4186 Moysen
1184 4106 1287 4186 legem
1309 4108 1445 4170 contulit
1466 4108 1542 4172 siliis
1563 4112 1657 4176 lsrael
1680 4116 1713 4177 iu
1742 4147 1800 4191 pp,
1824 4161 1844 4192 ῃ

153 4229 206 4289 ea,
224 4217 259 4270 ut
284 4208 437 4271 sciremus
459 4206 535 4269 talia
555 4205 710 4269 divinitus
729 4226 799 4270 esse
821 4228 910 4272 reve-
924 4213 949 4274 l)
965 4213 1073 4267 monte
1097 4203 1195 4282 Sinai,
1220 4223 1283 4267 non
1309 4205 1378 4268 sine
1404 4207 1512 4270 multis
1536 4218 1567 4272 et
1589 4213 1713 4294 magnis
1727 4215 1806 4269 elwa·

154 4305 324 4371 lataviris
350 4304 531 4388 precipuis,
554 4312 720 4367 attestatus
751 4314 799 4368 est
826 4307 909 4370 lleus
965 4302 1076 4385 signis,
1087 4302 1241 4385 prodigiis
1258 4311 1351 4386 atque
1368 4303 1539 4370 miraculis.
1551 4307 1589 4370 Et
1602 4329 1714 4392 quam-

152 4407 363 4488 omnipotens
382 4404 501 4483 verbis,
517 4403 682 4483 doctrinis,
698 4404 859 4468 vaticiniis
877 4415 909 4468 et
963 4402 1014 4464 vis
1028 4401 1182 4464 miracula
1197 4401 1279 4465 lacta
1294 4422 1353 4485 per
1365 4403 1491 4486 lloysen
1511 4407 1587 4470 satis
1608 4418 1713 4473 osteu-

152 4503 439 4588 praadicatiouibus
466 4501 652 4565 eorumdem
686 4521 744 4584 ρον
770 4503 905 4582 diversa,
962 4502 1080 4564 derunt
1114 4500 1217 4582 legem
1251 4500 1416 4565 hlosaicam
1451 4523 1520 4568 esse
1558 4507 1712 4572 divinitus

152 4603 290 4687 copiosa
318 4609 350 4664 et
378 4600 529 4683 preclara
561 4599 727 4679 miracula,
758 4610 907 4684 tanquam
963 4599 1080 4678 datam,
1111 4599 1214 4663 nihilo
1249 4600 1355 4662 miuus
1388 4610 1498 4684 postea
1529 4623 1586 4687 per
1618 4607 1712 4671 Josue

152 4722 216 4786 per
250 4700 505 4783 supernaturalia
537 4700 721 4764 testimonia
753 4709 786 4764 et
816 4721 908 4783 argu-
962 4697 1106 4780 aliosque
1119 4697 1256 4779 judices,
1272 4699 1443 4782 Prophetas
1458 4711 1490 4764 et
1503 4702 1710 4788 Patriarcbas,

151 4810 266 4865 menta
287 4800 407 4880 divina,
429 4818 500 4881 quae
524 4808 599 4860 sunt
627 4807 777 4880 unquam
802 4801 908 4882 sigilla
963 4795 1096 4858 durante
1125 4796 1194 4877 lege
1222 4797 1347 4879 ldoysis,
1374 4799 1608 4882 quamplurima
1637 4803 1713 4867 lecit

149 4901 213 4965 Dei
247 4899 416 4983 scripturis
445 4906 478 4961 et
505 4897 609 4961 verbis
639 4897 824 4961 Sanctorum
853 4918 907 4981 ap-
962 4893 1100 4975 gloriosa
1116 4894 1279 4975 miracula,
1296 4895 1391 4958 etiam
1407 4898 1528 4978 majora
1543 4919 1638 4981 quam
1655 4921 1712 4985 per

151 5017 269 5083 pensa,
287 5017 344 5080 per
366 5017 436 5079 quaa
461 4997 543 5060 Deus
567 4995 755 5078 approbavit
778 5006 809 5059 et
832 5016 907 5060 con-
961 4993 1087 5074 Moysen
1107 5000 1197 5056 erant
1219 4994 1312 5057 laeta.
1330 4995 1445 5058 Orante
1465 4997 1551 5059 enirn
1570 5008 1602 5061 et
1621 5000 1710 5081 quasi
1732 5024 1858 5080 reamare,

150 5096 302 5160 firmavit
322 5095 440 5178 scripta
458 5102 490 5157 et
509 5092 606 5157 verba
629 5103 810 5157 sauctorum
834 5112 906 5158 suo-
960 5091 1094 5172 jubeute
1108 5092 1201 5154 Josue
1217 5101 1337 5171 sancto,
1356 5093 1402 5157 sol
1419 5103 1450 5157 et
1464 5095 1539 5158 luna
1555 5106 1711 5162 steterunt
1729 5093 1760 5132 ¹³·

150 5213 242 5275 rum,
258 5192 315 5275 qui
331 5212 350 5255 a
365 5192 481 5256 saeeulo
495 5191 636 5272 fuerunt,
653 5191 904 5256 Patriarcbarum
961 5189 995 5251 in
1009 5191 1114 5254 medio
1129 5192 1202 5254 coeli
1217 5191 1392 5255 immobiles
1408 5194 1510 5275 spatio
1524 5194 1587 5258 dici
1603 5197 1707 5262 unius.
1732 5249 1758 5293 Ν
1766 5249 1812 5307 hep
1822 5263 1850 5294 u

150 5311 195 5360 ac
209 5292 450 5377 Prophetarum.
961 5288 1115 5352 Similiter
1142 5289 1221 5352 lsaia
1250 5289 1417 5354 Dominum
1451 5292 1646 5377 invocante,
1662 5297 1709 5360 sol
1726 5317 1759 5358 rr.
1815 5283 1821 5295 ’
1852 5284 1858 5306 '
