4309 6250
474 496 535 567 742
1100 522 1196 571 mnrx
1215 521 1404 571 6666666

545 692 647 757 Quoad
669 694 883 761 anctoritatem,
899 695 1003 769 triplex
1025 700 1068 755 664
1085 694 1223 763 Ecclesia,

509 783 601 852 puta:
617 782 799 848 universalis,
813 789 947 858 respectu
962 786 1047 860 cujus
1060 787 1138 858 Papa
1152 784 1224 842 dici·

509 872 558 926 tur
580 888 716 929 summus
738 873 880 939 Pontifex,
900 876 979 931 6494)
991 894 998 941 ;
1019 877 1160 939 Romana,
1179 890 1224 931 rc·

510 964 610 1031 spectu
621 961 704 1034 cujus
715 962 821 1019 dicitur
831 963 959 1021 Pontifex
971 965 1224 1027 446666666496ς

509 1052 538 1105 64
555 1050 684 1107 Ecclesia
701 1051 874 1109 universalis
895 1052 924 1109 in
948 1053 1073 1109 concilio
1096 1052 1224 1125 generali

510 1138 630 1196 collecta
643 1144 672 1196 et
686 1145 902 1212 repraesentata,
913 1142 1000 1213 6496,
1012 1157 1077 1214 quae
1091 1145 1224 1215 respectu

510 1229 602 1301 Papae,
631 1233 675 1286 est
703 1232 838 1303 quaedam
871 1231 1055 1304 particularis
1087 1231 1223 1297 Ecclesia,

508 1318 598 1380 6190.
615 1318 655 1373 Β’.
670 1350 706 1361 -
721 1320 787 1377 liae
798 1320 905 1393 triplex
921 1320 1047 1379 Ecclesia
1062 1324 1105 1377 est
1117 1321 1223 1393 triplex

509 1422 614 1480 corpus
647 1409 813 1481 mysticum,
843 1410 927 1483 cujus
958 1412 1036 1482 Papa
1067 1414 1110 1467 cst
1138 1413 1225 1482 caput

509 1494 726 1563 immediatum,
754 1498 856 1563 ooab',
885 1500 976 1563 6496,
1006 1514 1064 1555 666
1092 1499 1224 1557 absolute

509 1582 664 1657 loquendo,
690 1602 759 1642 narn
784 1592 970 1661 comparatus
997 1589 1034 1644 66
1062 1588 1222 1651 Christum,

509 1673 586 1746 Papa
600 1677 643 1731 est
657 1678 744 1747 caput
758 1676 965 1733 secundarium
980 1680 1008 1733 64
1023 1676 1223 1741 ministeriale,

507 1762 605 1827 octc’,
621 1763 671 1819 alii
695 1767 794 1821 autem
813 1767 883 1821 sunt
901 1766 1044 1831 membra,
1064 1766 1167 1822 cies’.
1188 1797 1224 1808 -

507 1852 629 1924 Regitur
642 1852 784 1924 regimine
798 1854 887 1926 regio,
903 1856 953 1911 666
969 1856 1062 1911 mixto
1077 1872 1144 1911 cum
1164 1856 1221 1911 ari-

512 1942 650 1998 stocratia
677 1947 706 1999 et
732 1944 919 2005 democratia,
944 1946 1037 2007 6264,
1064 1947 1143 2017 quod
1170 1945 1225 2002 4644

509 2030 641 2104 regimen
666 2032 694 2087 in
719 2033 825 2105 populo
850 2034 946 2099 lsrael,
960 2035 1052 2098 6266,
1067 2038 1097 2091 64
1120 2035 1225 2091 664466

507 2124 551 2178 664
565 2122 694 2194 quolibet
708 2122 764 2178 alio
779 2122 931 2195 regimine.
947 2125 1028 2179 6264
1041 2142 1047 2191 ;
1064 2126 1114 2180 scd
1129 2124 1225 2181 Eccle-

508 2210 551 2267 sia
580 2210 668 2267 habet
695 2211 750 2266 tria
776 2212 837 2268 brec
861 2212 1006 2284 regimina
1031 2213 1116 2270 aliter
1143 2214 1224 2270 unita

508 2316 596 2371 quarn
613 2300 641 2355 in
664 2299 764 2372 politia
786 2300 874 2368 cirili,
891 2305 1008 2373 propter
1027 2301 1134 2358 divinae
1152 2303 1224 2374 legis

508 2389 661 2454 unitatem,
677 2390 773 2445 6266.
790 2421 823 2431 -
844 2390 956 2462 Duplici
976 2392 1043 2463 jure
1066 2408 1101 2447 ac
1126 2393 1223 2464 gladio

509 2478 696 2549 gubernatur.
712 2481 810 2551 utpote
824 2478 900 2534 civili
916 2496 949 2535 ac
964 2480 1119 2551 spirituali,
1131 2482 1222 2546 6464,

508 2566 637 2622 sednon
662 2566 755 2623 644466
779 2567 875 2640 gladio
900 2568 1222 2633 664664614,6364’.-

508 2654 654 2711 infallibili
671 2656 829 2713 directione
844 2656 968 2729 Spiritus
983 2658 1081 2714 Sancti
1091 2664 1224 2715 moretur

506 2746 535 2800 et
548 2743 686 2815 loquitur,
697 2746 788 2810 6466,
797 2746 850 2801 646
858 2746 896 2811 C',
909 2746 959 2819 qui
975 2746 1004 2803 in
1020 2764 1054 2803 ea
1069 2747 1221 2814 inhabitat,

506 2832 599 2889 6244.
610 2864 646 2875 -
660 2835 809 2906 Tanquam
826 2834 1033 2900 communitas,
1045 2836 1167 2893 domina
1179 2840 1223 2893 664

508 2936 542 2977 66
565 2921 757 2994 proprietaria
778 2922 912 2979 omnium
937 2924 1080 2980 bonorum
1105 2926 1222 2998 spiritu·

507 3010 597 3066 alium
618 3014 647 3067 et
665 3012 882 3083 temporalium,
897 3014 993 3069 titilC'.
1007 3046 1044 3055 -
1064 3016 1222 3072 44666466·

508 3098 672 3158 cleritatem
696 3100 724 3156 in
744 3100 924 3174 expositione
945 3119 1035 3159 66666
1055 3103 1220 3177 scripture,

506 3192 535 3246 ct
563 3189 593 3245 in
622 3190 917 3248 determinationibus
944 3193 1159 3249 credendorum
1187 3210 1222 3250 ac

507 3278 738 3335 necessariorum
755 3281 792 3336 66
807 3280 941 3346 salutem,
952 3283 1045 3346 6434),
1062 3298 1175 3338 necnon
1191 3284 1221 3340 in

507 3367 602 3423 causis
626 3367 903 3434 matrimonialibus,
924 3371 1014 3434 3694),
1035 3371 1075 3425 Β’.
1100 3403 1134 3412 -
1157 3373 1225 3429 Uni·

507 3457 626 3513 versalis
650 3457 775 3513 Ecclesia
798 3457 914 3514 divisim
940 3464 1066 3531 accepta.
1092 3477 1151 3517 non
1179 3466 1224 3518 664

507 3545 563 3600 6464
579 3546 648 3618 ipsse
669 3546 857 3618 particulares
877 3548 1012 3604 Ecclesiae
1030 3549 1152 3605 seorsim
1172 3568 1224 3608 seu

507 3635 688 3707 conjunctim
708 3640 842 3708 sumptae,
858 3637 957 3693 644Β’.
975 3640 1154 3695 -Romana
1172 3641 1223 3696 Ec·

508 3722 604 3788 646646,
617 3741 706 3796 quam
718 3725 793 3781 rexit
804 3726 912 3788 Petrus,
921 3727 1019 3790 tilssss’,
1031 3727 1152 3799 cJusque
1162 3746 1224 3785 auc·

508 3829 644 3874 cessores,
660 3814 758 3878 6l3C',
770 3831 857 3887 super
871 3818 980 3871 ceteras
995 3816 1137 3873 Ecclesiae
1150 3818 1223 3874 obti-

507 3901 572 3958 nuit
586 3902 897 3974 principatum,6l3C',
909 3903 984 3960 sicut
997 3909 1084 3962 antea
1097 3907 1224 3963 Ecclesia

508 3991 699 4056 4644666666,
708 3992 754 4048 664
766 3991 882 4064 6664644
897 3995 1006 4064 septem
1018 3994 1222 4060 6664664344.

507 4079 626 4152 Regina,
644 4083 783 4137 meteret
803 4081 925 4138 666466
944 4086 987 4138 664
1010 4083 1145 4139 666466
1169 4084 1224 4141 664-

507 4171 682 4234 sandorum,
698 4171 751 4225 664
759 4170 800 4236 4’,
817 4172 1017 4229 dominatione
1038 4189 1097 4229 non
1116 4173 1224 4231 inordi-

509 4261 586 4322 nata,
602 4259 693 4315 6680’
707 4263 736 4315 et
750 4276 783 4326 6,,
800 4261 850 4316 666
864 4261 1009 4324 ordinata,
1024 4263 1105 4317 6694
1122 4279 1129 4318 :
1146 4264 1223 4321 unde

508 4365 613 4420 negare
628 4365 692 4405 eam
708 4366 770 4406 6666
784 4353 872 4422 66664
881 4351 1015 4406 666466
1027 4352 1222 4408 Ecclesiarum

507 4441 550 4494 est
564 4437 743 4506 haereticum,
754 4439 806 4494 644
815 4442 847 4495 4.
859 4471 894 4480 -
908 4440 1083 4496 Universalis
1097 4442 1224 4498 Ecclesia

506 4544 523 4583 6
535 4525 657 4581 66664446
673 4528 800 4599 generali
817 4531 1030 4600 repraesentata,
1042 4530 1223 4603 originaliter
1235 4551 1238 4555 ²

505 4614 592 4671 hahet
610 4632 628 4672 6
646 4616 758 4672 Christo
768 4618 818 4689 jus
836 4618 962 4690 eligendi
983 4619 1037 4676 sibi
1060 4624 1156 4692 caput,
1171 4638 1222 4679 seu

507 4705 625 4776 Papam,
640 4705 719 4760 6326
735 4722 742 4761 :
758 4722 826 4762 nam
847 4707 982 4772 Ecclesia,
998 4709 1075 4780 Papa
1094 4725 1152 4764 non
1173 4726 1222 4765 ex·

503 4793 632 4858 sistente,
647 4795 749 4858 638D',
765 4797 861 4853 adhuc
876 4799 1000 4860 6644646,
1017 4797 1069 4854 etsi
1086 4814 1144 4854 non
1160 4815 1224 4870 pcr-

503 4883 578 4940 iccta
592 4887 736 4956 quantum
750 4887 788 4942 66
798 4902 901 4941 66666
911 4886 955 4941 664
967 4890 1062 4957 partes
1073 4887 1218 4950 officiales,

503 4975 594 5029 6394.
610 5005 645 5015 -
660 4975 755 5030 Potest
770 4991 922 5030 summum
943 4975 1112 5031 Pontificem
1133 4993 1218 5032 accu-

504 5081 576 5127 sare,
592 5064 747 5134 corripere,
762 5064 815 5118 646
823 5064 862 5124 4)’,
884 5063 996 5136 punire,
1012 5065 1105 5120 6484.
1121 5068 1150 5121 64
1169 5082 1219 5137 pu·

505 5152 578 5210 64466
597 5169 631 5209 66
650 5152 872 5209 intolerabiliter
894 5153 1050 5210 Ecclesiam
1076 5154 1219 5210 scandali·

504 5246 616 5298 zantcm
642 5243 795 5314 deponere,
814 5243 906 5298 6474.
927 5242 993 5298 Sola
1017 5244 1092 5300 valet
1115 5261 1217 5302 omnes

505 5333 643 5390 audacter
657 5335 685 5389 et
699 5330 841 5405 intrepide
856 5332 1009 5405 corrigere,
1026 5333 1079 5388 668
1085 5334 1117 5388 4.

1348 696 1391 752 446
1412 694 1525 753 rolente
1546 693 1668 761 Christo,
1687 694 1812 752 Ecclesia
1831 696 1921 770 regitur
1936 697 1974 753 snb

1313 789 1414 842 66664
1429 786 1465 841 ab
1480 801 1539 841 uno
1560 784 1755 851 monarchice,
1769 786 1817 841 624
1826 788 1852 848 4,
1863 787 1934 850 6266,
1945 788 1973 849 6,

1312 876 1341 936 64
1359 891 1419 930 666
1435 877 1480 931 664
1496 891 1555 930 666
1577 874 1673 930 solum
1694 890 1747 947 per
1763 876 1931 931 reductionem
1948 877 1974 931 ad

1313 963 1470 1027 Christum,
1495 966 1547 1020 sed
1574 964 1663 1021 etiam
1686 980 1739 1037 per
1760 964 1928 1021 reductionem
1947 966 1975 1020 ad

1315 1054 1432 1125 Papam,
1447 1054 1529 1109 6246
1542 1057 1571 1111 64
1584 1070 1620 1117 a..
1634 1054 1717 1109 6226
1731 1056 1760 1110 64
1772 1071 1805 1115 s..
1817 1054 1891 1109 coru
1902 1070 1909 1108 ε
1921 1055 1975 1109 unde

1314 1146 1502 1214 comparatur
1518 1160 1604 1208 arcae,
1620 1159 1686 1216 quar
1702 1143 1783 1200 reiut
1800 1142 1827 1198 in
1843 1159 1891 1199 uno
1904 1144 1975 1199 cubito

1313 1234 1583 1299 consummabatur,
1605 1232 1709 1289 63644.
1735 1264 1768 1274 -
1791 1234 1898 1289 Vocatur
1918 1231 1975 1287 naris

1313 1320 1398 1386 Petri,
1409 1320 1510 1386 63344,
1522 1322 1719 1394 grandissima
1733 1322 1813 1378 naris
1824 1320 1886 1378 iacta
1895 1337 1924 1377 ex
1934 1338 1977 1375 on

1313 1409 1409 1475 nibus,
1420 1410 1510 1477 6664),
1523 1412 1577 1467 637
1584 1414 1617 1477 x,
1629 1428 1696 1483 quae
1709 1410 1819 1484 indiget
1830 1427 1878 1467 uno
1889 1426 1975 1465 sumno

1314 1500 1516 1572 gubernatore,
1540 1499 1630 1556 totius
1653 1498 1736 1556 naris
1759 1499 1841 1573 hujus
1859 1501 1977 1555 curamet

1314 1588 1556 1660 gubernationem
1570 1589 1704 1655 habente,
1719 1589 1811 1645 6994·
1822 1592 1848 1645 64
1861 1606 1889 1654 6.,
1900 1587 1974 1643 iiiii.

1314 1677 1425 1734 6464466
1439 1694 1532 1735 6666
1551 1695 1657 1751 666666
1678 1678 1832 1751 mysticum
1846 1694 1889 1750 per
1901 1675 1976 1732 64664-

1312 1767 1447 1823 4664666
1463 1768 1500 1822 66
1514 1784 1621 1841 corpus
1635 1766 1765 1823 hominis
1779 1766 1975 1830 664666466626,

1313 1854 1425 1911 666666
1451 1871 1546 1911 6666
1569 1858 1598 1912 64
1620 1854 1699 1913 idem
1723 1858 1818 1927 caput,
1834 1855 1898 1911 64446
1914 1858 1937 1910 64
1952 1870 1977 1915 6.,

1313 1940 1413 2010 ceam
1428 1944 1574 2001 exercitus
1592 1944 1652 2009 664,
1667 1946 1722 2000 694
1729 1945 1768 2009 C',
1788 1960 1806 2000 6
1820 1943 1911 2000 6464646
1925 1941 1978 2013 opti·

1314 2048 1362 2089 me
1385 2032 1546 2093 ordinatus.
1566 2035 1658 2109 6964,
1678 2032 1730 2105 qni
1754 2036 1858 2105 pugnat
1874 2030 1917 2087 666
1936 2044 1979 2084 666

1314 2121 1396 2186 6666,
1416 2123 1502 2193 Papa.
1522 2124 1605 2178 6966
1628 2126 1657 2179 64
1681 2139 1704 2178 6.
1716 2141 1723 2189 ;
1747 2139 1808 2179 666
1830 2116 1980 2179 ecclesiastica

1313 2210 1486 2273 hierarchia.
1501 2212 1592 2273 6966,
1612 2213 1697 2285 cujus
1714 2227 1846 2268 summus
1864 2206 1980 2266 hierarcha

1313 2303 1357 2356 664
1378 2300 1518 2361 Christus.
1542 2302 1652 2366 6964’;
1668 2300 1804 2373 denique,
1826 2300 1978 2358 unedonis,

1312 2390 1412 2455 66644,
1433 2406 1499 2461 666
1521 2390 1643 2463 requirit
1666 2407 1760 2448 unum
1783 2404 1928 2463 66666666
1946 2401 1980 2457 pt·

1312 2477 1525 2541 tremlamilias,
1550 2480 1651 2544 oetu’,
1675 2496 1765 2551 quam
1789 2479 1902 2535 Christus
1919 2477 1979 2531 Petro

1312 2568 1461 2624 66664644
1474 2571 1645 2641 regendam.
1659 2569 1759 2635 6³2B',
1778 2573 1808 2627 et
1820 2568 1891 2641 cujus
1900 2569 1933 2622 664
1944 2564 1980 2618 66·

1312 2656 1412 2713 64666
1426 2657 1605 2731 quicumque
1620 2658 1695 2716 Petri
1707 2655 1979 2729 successorlegitinns.

1311 2746 1418 2811 6624’;
1434 2746 1515 2808 item.
1536 2763 1642 2819 sponsa
1663 2747 1723 2809 664,
1742 2748 1834 2811 6464,
1847 2751 1872 2803 64
1893 2742 1979 2802 Christi.

1311 2836 1408 2901 ble',
1423 2836 1515 2900 6626,
1531 2838 1585 2892 698
1592 2837 1631 2902 G’,
1652 2840 1747 2894 mater
1767 2836 1894 2898 fidelium,
1909 2835 1979 2897 6464,

1312 2924 1424 2981 666666
1439 2924 1595 2981 46666666
1609 2925 1748 2982 virtutem
1762 2928 1800 2982 ad
1809 2942 1837 2982 se
1849 2938 1981 2981 66666666-

1311 3015 1382 3070 666
1398 3017 1427 3070 64
1440 3014 1684 3079 continuandum,
1694 3015 1785 3079 6666,
1797 3028 1918 3088 generans
1928 3010 1982 3066 ilios

1310 3118 1346 3159 ex
1371 3119 1448 3176 aqua
1469 3106 1498 3160 et
1525 3102 1634 3175 Spiritu
1655 3103 1770 3168 Sancto,
1794 3101 1885 3166 6646,
1904 3103 1927 3158 64
1946 3114 1983 3170 prr

1313 3191 1389 3247 hanc
1412 3191 1597 3265 conjugalem
1621 3196 1792 3265 potestatem
1812 3192 1890 3252 etiam
1906 3191 1935 3244 de
1948 3203 1983 3242 an·

1312 3280 1388 3336 ciliis
1411 3281 1486 3336 tilios
1504 3298 1605 3353 parcre
1623 3281 1733 3347 ralens,
1753 3268 1843 3347 66446
1856 3280 1925 3335 vinca
1939 3276 1981 3338 664.

1310 3385 1378 3441 666
1401 3374 1472 3442 quot
1501 3369 1623 3440 protulit
1649 3369 1765 3434 electos,
1784 3373 1827 3426 tot
1845 3367 1914 3441 quasi
1933 3381 1983 3422 uus

1312 3458 1459 3530 produxit,
1478 3457 1523 3515 rel
1541 3461 1585 3514 tot
1607 3458 1744 3531 palmites
1762 3459 1862 3520 emisit,
1875 3457 1946 3513 6666.
1957 3483 1983 3494 -

1313 3547 1423 3604 Diliusa
1441 3552 1484 3604 est
1503 3548 1533 3603 in
1555 3547 1649 3604 tribus
1671 3549 1804 3619 partibus
1826 3545 1984 3616 mundipula
2081 3574 2082 3577 =

1312 3636 1418 3702 446466,
1434 3637 1502 3692 4646
1520 3640 1549 3694 64
1567 3638 1690 3709 Europa,
1706 3638 1805 3700 tihltl',
1820 3634 1933 3709 quamvis
1946 3633 1983 3687 ine

1313 3729 1443 3798 pugnata
1469 3726 1548 3782 sita
1575 3725 1712 3796 plurimis
1737 3725 1870 3788 hostibus,
1896 3721 1982 3783 ludcis,

1311 3815 1453 3887 tyrannis,
1480 3814 1636 3887 gentilibus
1663 3817 1692 3870 et
1719 3812 1899 3886 philosophia,
1918 3812 1983 3873 4444,
2081 3868 2082 3897 1

1312 3907 1399 3975 atque
1431 3920 1450 3959 a
1482 3903 1600 3975 6666646
1627 3903 1796 3960 sarracenis
1823 3899 1986 3958 miserabiliter

1313 3992 1547 4058 6616646,66744;
1563 3995 1592 4048 64
1615 3991 1817 4064 multiplicatae
1837 3990 1947 4048 Ecclesia
1963 3987 1985 4042 6-

1313 4083 1423 4140 664466
1457 4099 1547 4139 unam
1580 4082 1754 4140 catholicam
1782 4082 1922 4141 Ecclesiam
1943 4079 1986 4136 eti·

1313 4172 1404 4237 64664,
1420 4173 1514 4230 6444).

1348 4262 1459 4318 Domus
1471 4265 1515 4318 cat
1528 4260 1700 4333 disciplinae,
1717 4262 1771 4318 469
1777 4264 1807 4326 Β,
1822 4260 1912 4336 gratie
1925 4264 1947 4316 et
1956 4273 1986 4312 ra·

1312 4350 1392 4416 46446,
1405 4352 1459 4406 469
1466 4350 1495 4416 C,
1512 4349 1541 4406 46
1556 4367 1615 4423 qua
1634 4350 1782 4408 iuvenitur
1799 4352 1911 4424 ipsemet
1925 4350 1984 4408 6666.

1313 4457 1365 4496 seu
1380 4443 1488 4496 aeterua
1500 4442 1528 4496 et
1543 4439 1673 4496 increata
1681 4436 1985 4512 Sapientia,etsapientia

1313 4533 1409 4585 creata
1423 4532 1451 4586 et
1465 4528 1570 4593 inlusa,
1585 4529 1687 4594 4694’,
1702 4533 1731 4586 64
1745 4531 1890 4603 acquisita,
1902 4545 1941 4584 seu
1955 4525 1984 4581 di·

1311 4618 1446 4674 rinarum
1470 4617 1687 4690 Scripturarum
1711 4619 1824 4684 6644446,
1843 4619 1932 4683 4696,
1946 4631 1985 4671 oa

1312 4707 1450 4764 naculum
1480 4709 1600 4779 grande,
1624 4707 1654 4763 in
1678 4725 1737 4780 quo
1760 4709 1885 4765 Christus
1903 4718 1984 4763 ooenarn

1311 4796 1446 4852 ultimam
1462 4795 1773 4860 iecit.6521l,stratum
1787 4798 1914 4854 varietate
1923 4794 1986 4849 rirtu

1310 4890 1374 4942 466
1390 4889 1418 4942 64
1431 4885 1722 4959 446666666,6624’;
1735 4903 1804 4958 grex
1820 4880 1987 4944 6466416466
2079 4872 2080 4915 1

1310 4976 1415 5038 aliaeu
1429 4975 1616 5047 congregatio
1630 4976 1729 5032 orium
1749 4977 1822 5048 ejus,
1842 4971 1987 5031 charismati-

1310 5065 1364 5120 bus
1378 5065 1479 5138 gratire
1494 5064 1653 5121 informata
1666 5068 1695 5121 et
1713 5069 1802 5127 recta,
1817 5067 1904 5124 6666.
1916 5068 1937 5121 64
1949 5062 1987 5116 666

1307 5153 1413 5209 Christi
1436 5153 1577 5216 6646646,
1600 5153 1706 5220 6446’;
1727 5154 1829 5211 ciritae
1854 5154 1986 5224 helquam

1307 5243 1458 5300 constituit
1472 5243 1522 5299 664
1536 5257 1621 5299 amor
1635 5259 1768 5299 crescens
1787 5261 1876 5316 nsque
1891 5243 1923 5298 ad
1936 5255 1984 5295 con·

1305 5336 1451 5406 temptum
1469 5331 1523 5399 sui,
1539 5332 1638 5398 6666;
1653 5331 1816 5404 paradisus,
1829 5337 1907 5391 extra
1921 5343 1983 5404 quem
