4309 6250
694 530 699 541 ·
800 522 893 571 rnnsx
913 520 1103 571 4444444464
1668 502 1731 570 729

217 690 326 749 latione
341 695 444 751 cadere
459 693 488 750 in
508 695 655 761 ecstasim,
669 696 759 751 2764.
770 726 806 737 -
820 696 932 752 Facun-

218 784 283 847 dus,
299 786 327 840 et
350 783 380 839 46
401 783 495 841 verbis
518 802 552 841 44
576 784 659 842 444444
681 785 764 841 valde
788 788 931 849 maturus,

215 875 270 929 273
278 875 319 938 6,
335 876 372 930 46
388 875 491 931 66664
506 876 622 932 divitias
635 876 816 948 honoresque
823 874 934 948 jugiter

216 964 369 1029 anhelans,
381 965 570 1029 32843643,
581 968 702 1022 4664464
716 968 759 1021 444
769 980 856 1035 46644
866 980 933 1037 gen·

215 1056 275 1111 tem
291 1071 375 1111 suam
391 1054 518 1127 arripere
528 1054 735 1127 principatum,
746 1056 800 1109 272
808 1054 845 1118 6,
856 1055 932 1111 vela·

215 1144 297 1200 mine
320 1144 478 1217 religionis,
502 1146 592 1199 2736.
614 1176 650 1187 -
669 1143 785 1209 6444644,
807 1144 932 1216 664644-

216 1234 298 1307 ginta
321 1234 444 1305 stipatus
468 1233 645 1299 custodibus,
668 1234 721 1289 273
730 1234 758 1299 C,
781 1233 932 1305 6444444464

215 1323 290 1379 64464
317 1322 459 1383 6664644,
485 1322 679 1395 fugitivosque
701 1325 728 1379 44
757 1322 930 1387 666444664,

215 1412 271 1468 4464
293 1410 469 1484 aggregavit,
485 1413 576 1475 2734,
593 1414 621 1467 44
644 1412 681 1467 66
705 1412 755 1475 444,
772 1414 804 1468 64
828 1427 932 1467 concu-

216 1500 319 1574 pierat,
350 1500 379 1555 in
407 1518 506 1574 regem
536 1501 711 1558 sublimatus
739 1504 791 1564 est,
820 1501 929 1557 2436.

214 1592 296 1647 Tunc
317 1606 383 1647 curn
401 1588 458 1646 illis
472 1589 627 1647 insidiatus
642 1594 685 1647 est
703 1591 931 1663 negotiatoribus

216 1697 251 1737 ac
265 1680 320 1737 iter
334 1680 496 1752 agentibus,
512 1682 548 1736 ad
568 1680 766 1752 diripiendum
783 1684 810 1737 et
825 1680 932 1738 interfl-

216 1772 355 1827 cicndum
376 1786 433 1833 eos,
448 1770 538 1825 27344.
556 1770 608 1825 Per
622 1786 690 1827 suos
704 1770 797 1825 socios
816 1770 932 1842 expedi·

214 1860 311 1916 tiones
340 1858 414 1921 lecit,
438 1862 467 1914 et
495 1876 546 1931 per
570 1875 600 1915 44
628 1860 734 1931 46466,
758 1860 850 1921 2734),
878 1876 931 1932 644

215 1948 329 2021 rapinis
344 1948 537 2019 reportandis,
554 1949 654 2013 2736,
670 1950 758 2011 2738,
775 1954 802 2005 44
813 1948 931 2021 66644444

216 2038 371 2112 cujusdem
388 2038 560 2110 carpentarii
578 2038 644 2093 tiliis
663 2038 784 2094 abstulit
796 2039 928 2103 domum,

214 2128 306 2183 2736.
329 2158 361 2169 -
386 2127 461 2183 44444
485 2130 581 2200 644444
605 2144 671 2183 466
696 2129 755 2183 4444
779 2126 874 2183 Africa
896 2145 929 2185 ac

214 2220 297 2289 parte
320 2216 466 2287 Hispaniae
486 2216 615 2287 undique
639 2216 814 2280 discurrens,
835 2216 928 2289 legem

215 2321 301 2361 suam
326 2304 502 2376 predicavit,
518 2306 618 2367 2734’,
635 2305 732 2377 legum
758 2306 929 2370 destructor,

214 2394 305 2458 4648,
321 2393 394 2449 46444
409 2410 541 2450 44444464
561 2411 591 2451 44
613 2395 705 2467 legem
725 2394 871 2450 4644646
886 2411 929 2452 44-

215 2482 276 2555 qui,
305 2482 415 2548 3036;
444 2481 659 2555 infundensque
688 2483 772 2538 sociis
800 2482 928 2540 furorem

215 2583 314 2635 suum,
326 2570 417 2635 3284),
428 2574 515 2643 64664
525 2570 651 2643 implens
661 2588 708 2628 eos
723 2587 775 2628 sua
790 2571 929 2644 nequitia,

217 2659 348 2717 44444464
366 2660 419 2715 sibi
440 2676 532 2724 arma,
548 2661 648 2725 3286,
665 2660 790 2717 4464644
810 2662 839 2716 46
860 2678 931 2732 6444-

216 2749 256 2804 446
271 2748 428 2822 4466444464
443 2747 501 2803 44444
515 2750 685 2811 concedens,
695 2753 727 2806 ut
740 2748 794 2805 viri
809 2767 861 2823 per
876 2752 931 2806 664

217 2838 323 2894 4644464
337 2839 372 2894 46
389 2838 583 2910 preliandum
603 2840 814 2904 animarentur,
828 2840 909 2895 3926
921 2858 929 2906 ;

214 2925 260 2983 rel
285 2927 403 2983 tributis
422 2926 575 3000 impositis,
591 2928 680 2993 2778,
697 2928 794 2992 3036,
811 2929 854 2985 vel
873 2930 929 2985 vir-

215 3019 277 3073 tute
293 3014 392 3088 gladii,
408 3016 460 3071 333
468 3016 505 3080 6,
521 3016 573 3073 497
580 3016 620 3082 6,
635 3017 685 3072 474
699 3017 730 3081 D,
746 3016 800 3072 sibi
816 3021 929 3075 contra-

216 3104 347 3162 dicentes
361 3104 518 3176 proditorie
529 3105 678 3179 jugulans,
694 3107 793 3172 2736,
810 3106 930 3164 4664644-

215 3200 286 3256 4444,
311 3194 477 3252 4644466464
500 3199 529 3252 44
552 3195 683 3252 46664444
710 3198 746 3252 66
774 3213 835 3253 466
858 3197 930 3270 legis

215 3283 431 3354 susceptionem
447 3283 597 3356 compulit,
613 3285 702 3348 2778,
723 3286 821 3348 3036,
835 3286 888 3340 328
898 3287 928 3351 n,

215 3371 245 3429 6
260 3377 289 3429 44
301 3389 325 3427 s.
336 3403 372 3413 -
387 3371 452 3428 l'uit
468 3372 558 3429 totius
572 3373 769 3430 immunditiae
785 3375 928 3447 64464464,

214 3462 269 3518 293
277 3461 418 3534 664644
433 3461 558 3518 46464444
573 3478 661 3533 6666
674 3464 929 3535 66446642826,

216 3551 323 3612 4686,
354 3551 665 3612 464664464644444664,
694 3553 785 3617 2936,
814 3556 842 3610 44
870 3571 929 3625 prae

217 3640 331 3694 cunctis
346 3639 516 3696 hominibus
530 3639 579 3711 qui
597 3658 726 3713 unquam
744 3640 869 3707 luerunt,
886 3643 929 3699 lu·

216 3727 399 3785 brieissimus
420 3746 454 3784 ac
477 3729 743 3794 libidinosissimus,
764 3732 866 3798 3396,
883 3749 931 3788 cu·

211 3817 330 3890 Ι4644444
344 3817 489 3874 contraria
503 3821 546 3874 est
561 3819 725 3876 64646466
741 3819 797 3892 legi
812 3820 927 3886 divinas,

215 3908 266 3963 446
285 3907 373 3963 etiarn
393 3907 536 3964 honestati
561 3908 707 3972 humanas,
724 3909 825 3974 3206,
842 3909 929 3966 ribal-

215 3996 271 4053 dus
285 3994 498 4060 vitiosissimus,
509 3997 563 4053 468
571 3999 602 4061 D,
616 3998 704 4053 homo
720 4017 734 4050 a
751 3998 886 4055 vaccinus
901 4021 926 4064 6,

214 4086 305 4152 4678,
334 4103 418 4142 verus
445 4089 556 4152 466464,
586 4088 677 4152 3344,
706 4089 802 4153 4666,
831 4090 928 4154 4674,

214 4175 305 4238 4694,
321 4175 431 4232 ardalio
454 4178 482 4232 et
506 4177 580 4240 leno,
596 4177 692 4240 3396,
709 4178 929 4235 sordidissimus

214 4268 357 4321 scortator
386 4265 555 4328 mulierum,
580 4267 685 4330 3346,
713 4267 757 4321 444
786 4269 928 4334 6444664,

216 4352 266 4424 664
291 4353 394 4409 644446
418 4353 547 4410 blecham
571 4354 673 4410 urbem
701 4355 796 4427 elegit,
818 4357 926 4422 2936;

174 4473 178 4482 -
216 4457 321 4497 uxores
336 4442 478 4515 ingenuas
497 4443 663 4514 quindecim
680 4444 790 4508 babuit,
807 4447 835 4501 44
854 4447 929 4501 6664

212 4531 345 4597 66444464,
360 4531 413 4587 273
421 4532 459 4598 6,
475 4533 574 4595 2936,
590 4535 693 4598 3276,
708 4535 799 4597 4674,
816 4535 928 4591 666444-

212 4621 300 4679 44644
315 4621 442 4678 46444464
456 4621 518 4678 4464
534 4639 666 4680 4466446
681 4623 865 4696 perpetravit,
878 4624 930 4681 66-

213 4728 286 4785 gens
308 4711 363 4766 sibi
388 4711 441 4766 soli
461 4728 478 4767 a
501 4711 557 4768 ileo
577 4714 675 4768 datam
695 4729 757 4769 esse
777 4713 926 4770 licentiam

212 4799 365 4856 maritatas
388 4798 454 4855 aliis
477 4817 511 4855 ac
531 4799 585 4855 sibi
615 4801 794 4873 propinquas
821 4819 928 4875 cogno·

211 4889 322 4952 scendi,
334 4888 430 4952 2936,
446 4889 537 4954 3284,
554 4891 649 4954 3396,
664 4892 751 4954 4666,
768 4893 858 4948 4674.
876 4895 926 4950 44-

212 4995 315 5035 644464
333 4977 407 5034 44464
427 4976 577 5042 inducens,
590 4979 832 5051 concupiscentiis
855 4981 927 5038 rela-

211 5067 291 5124 xavit
319 5066 456 5128 habenas,
481 5067 581 5131 2436,
607 5068 707 5132 3296,
735 5072 763 5124 44
792 5069 926 5140 promisit

210 5155 434 5229 spurcissimum
447 5155 925 5227 664464466,2786,28462844.

211 5277 244 5288 -
259 5244 355 5301 Semel
371 5243 539 5306 inebriatus,
551 5245 728 5302 renuntiavit
743 5247 809 5302 rino
823 5251 851 5304 et
865 5247 926 5303 suis

210 5335 285 5392 illud
307 5332 465 5407 prohibuit,
488 5333 578 5390 3934).
594 5335 801 5409 -Nunquam
826 5335 927 5394 habuit

1021 696 1132 752 donum
1153 694 1321 769 prophetiae,
1337 696 1428 761 2739,
1442 698 1472 754 44
1489 697 1527 754 66
1550 695 1732 769 probandam

1020 802 1105 843 4646
1129 786 1300 844 missionem
1326 786 1408 843 nulla
1430 786 1497 843 iecit
1518 802 1587 844 vera
1605 785 1733 842 miracu·

1020 877 1057 943 la,
1074 878 1167 942 2464),
1187 877 1286 943 3736,
1304 878 1397 939 2784,
1413 878 1504 941 3249,
1522 876 1619 942 3286,
1635 875 1731 940 3736,

1020 966 1083 1040 4646
1106 966 1213 1023 4644644
1238 983 1296 1023 666
1320 965 1375 1024 sibi
1398 968 1498 1023 datum
1528 983 1590 1023 esse
1612 966 1731 1038 signum

1020 1056 1139 1128 aliquod
1163 1054 1265 1119 iacere,
1289 1057 1343 1111 287
1352 1057 1383 1111 D.
1399 1058 1471 1119 lmo,
1495 1054 1590 1112 sciens
1615 1072 1644 1111 se
1673 1069 1731 1110 non

1020 1162 1105 1216 posse
1126 1162 1195 1201 vera
1217 1144 1360 1202 miracula
1383 1145 1506 1217 operari,
1522 1144 1622 1208 3296,
1638 1147 1733 1200 46644·

1020 1238 1112 1291 446464
1126 1239 1216 1293 44444
1230 1235 1347 1293 46644444
1364 1252 1426 1293 4444
1445 1237 1482 1292 66
1501 1234 1666 1292 doctrinam
1685 1250 1732 1290 ro·

1020 1324 1193 1388 66446646,
1209 1326 1287 1381 stoc
1309 1328 1338 1381 44
1361 1342 1395 1388 s.‚
1411 1326 1509 1389 3296,
1530 1325 1620 1388 3394,
1636 1323 1730 1389 4726,

1020 1413 1058 1468 6.
1074 1444 1107 1455 -
1122 1415 1330 1471 Verumtamen
1347 1413 1490 1486 quidquid
1505 1414 1731 1486 6446664646

1020 1502 1158 1559 astutiam
1172 1501 1365 1560 consideravit
1379 1504 1605 1559 accommodum
1620 1501 1656 1558 ad
1671 1516 1732 1557 suae

1020 1591 1093 1664 legis
1107 1592 1345 1665 divulgationem,
1362 1592 1415 1649 644
1431 1592 1516 1648 finxit
1534 1591 1588 1647 sibi
1607 1591 1733 1661 desuper

1020 1681 1209 1745 destinatum,
1225 1681 1316 1737 3924.
1333 1682 1443 1738 4644446
1467 1679 1612 1738 446644464
1634 1683 1679 1735 444
1700 1695 1731 1735 44

1020 1787 1036 1825 4
1052 1770 1184 1827 Gabriele
1198 1770 1228 1827 in
1243 1771 1402 1827 Jerusalem
1418 1772 1538 1827 ductum
1558 1787 1630 1835 esse,
1645 1771 1674 1825 et
1687 1768 1732 1825 in·

1020 1861 1055 1916 de
1071 1859 1100 1914 in
1116 1860 1222 1916 caelum
1232 1860 1369 1923 levatum,
1380 1860 1545 1931 iterumque
1555 1858 1731 1931 depositum,

1020 1948 1120 2010 3553,
1137 1946 1237 2003 lunam
1253 1947 1283 2003 in
1299 1949 1372 2004 6644
1390 1952 1486 2019 644444
1504 1947 1634 2004 divisisse
1652 1963 1733 2003 eam·

1020 2053 1075 2108 qne
1090 2038 1187 2092 denuo
1201 2035 1370 2109 integrnsse,
1385 2038 1475 2099 3344),
1486 2037 1585 2101 4966,
1596 2042 1624 2093 44
1639 2053 1730 2108 6666

1019 2142 1164 2183 venenum
1179 2126 1235 2181 sibi
1250 2127 1280 2182 46
1296 2142 1346 2183 ove
1365 2143 1430 2182 assa
1446 2127 1624 2198 propositum
1646 2128 1730 2189 44444,

1020 2215 1189 2273 miraculose
1200 2214 1361 2287 periculum
1375 2215 1475 2272 mortis
1484 2215 1731 2288 elingisse,35ll)',

1018 2306 1139 2360 tandem
1155 2304 1297 2361 miracula
1311 2304 1369 2361 alia
1382 2303 1482 2361 iecisse
1498 2320 1578 2376 44664
1597 2303 1731 2368 44644646,

1019 2394 1121 2455 3346,
1136 2394 1225 2449 3336.
1242 2393 1271 2449 84
1287 2392 1387 2451 4444444
1401 2393 1499 2466 644666
1513 2392 1654 2467 prodigia,
1670 2410 1733 2449 rna·

1020 2482 1083 2554 6444
1098 2485 1159 2539 4444
1173 2485 1202 2538 44
1217 2482 1399 2554 phantastice
1419 2486 1555 2554 66444464
1573 2486 1625 2542 444,
1641 2483 1694 2538 336
1702 2483 1733 2537 6

1019 2576 1047 2628 44
1061 2589 1095 2637 s.‚
1110 2588 1178 2627 nam
1195 2570 1250 2627 init
1263 2588 1368 2644 magus
1382 2574 1410 2629 et
1425 2571 1632 2637 daemoniacus,
1642 2572 1732 2637 3496,

1021 2662 1075 2717 373
1083 2660 1123 2716 6.

1054 2750 1133 2804 Vixit
1151 2749 1304 2823 sexaginta
1324 2749 1417 2806 tribus
1435 2748 1531 2815 annis,
1547 2766 1673 2821 quorum
1691 2750 1733 2804 ri·

1019 2838 1092 2911 giuti
1106 2842 1166 2894 4444
1181 2838 1210 2893 46
1225 2855 1279 2894 464
1299 2838 1450 2910 prophetia
1470 2838 1616 2910 expendit.
1633 2838 1731 2905 2748;

1019 2928 1124 2983 644664
1148 2926 1314 2982 466464464
1338 2944 1389 2999 644
1411 2927 1631 2999 664466464446
1660 2927 1731 2989 6444,

1017 3018 1111 3080 2744,
1127 3016 1188 3073 4644
1203 3016 1340 3089 praecepit
1354 3033 1390 3073 ne
1404 3033 1472 3073 eum
1487 3019 1637 3073 mortuum
1652 3032 1733 3088 sepe·

1018 3104 1114 3171 lirent,
1130 3122 1164 3163 eo
1179 3107 1258 3178 quod
1278 3105 1363 3162 tertio
1382 3105 1429 3163 644
1443 3106 1637 3162 4446646664
1658 3108 1734 3163 44444

1019 3196 1048 3252 46
1074 3195 1190 3260 coelum,
1206 3196 1306 3262 2736,
1327 3197 1405 3266 6666
1429 3212 1487 3251 666
1511 3195 1616 3260 444644,
1638 3196 1729 3251 2744.

1018 3317 1054 3326 -
1074 3287 1136 3340 Non
1151 3284 1253 3341 646644
1267 3301 1464 3341 successorem
1483 3301 1518 3341 ex
1537 3301 1567 3340 44
1589 3285 1730 3357 genitum,

1018 3375 1067 3430 334
1081 3375 1121 3439 4’,
1146 3391 1237 3446 46664
1262 3378 1386 3438 664464,
1411 3378 1566 3431 sectatores
1589 3374 1668 3430 illius
1690 3391 1733 3431 re·

1018 3464 1092 3519 versi
1108 3467 1178 3520 sunt
1192 3463 1392 3536 unusquisque
1406 3464 1504 3519 statim
1519 3465 1556 3520 46
1571 3481 1653 3521 4666
1671 3463 1733 3519 ido·

1020 3552 1177 3615 lolatriam,
1193 3553 1286 3608 2746.
1305 3584 1336 3594 -
1351 3553 1527 3614 Maledictus,
1543 3555 1633 3612 3274.
1649 3554 1732 3610 666-

1021 3641 1201 3706 natissimus,
1227 3643 1317 3705 3474,
1342 3641 1392 3714 664
1415 3642 1555 3714 sacrilege
1580 3642 1733 3699 mendacia

979 3794 985 3802 ,
1021 3730 1079 3787 Deo
1102 3731 1252 3802 imponere
1276 3747 1334 3786 non
1361 3731 1484 3802 expavit,
1510 3731 1608 3795 3396,
1633 3732 1730 3797 3344,

1019 3820 1195 3877 eternaliter
1220 3823 1249 3876 44
1276 3820 1543 3878 46464444644444464
1576 3824 1732 3879 66666464

1018 3913 1069 3972 444,
1081 3911 1143 3972 443,
1159 3913 1187 3965 44
1201 3909 1270 3982 6644
1293 3909 1369 3966 46444
1388 3911 1654 3984 644664644664464
1677 3911 1733 3969 4644

1020 3998 1193 4072 precipuus,
1209 4000 1298 4062 4324,
1308 4002 1337 4056 44
1347 4000 1507 4056 66446466
1519 4001 1629 4057 exstitit
1640 4002 1732 4058 bomi-

1018 4105 1091 4144 num
1106 4090 1252 4160 deceptor,
1263 4089 1356 4152 2398,
1368 4091 1410 4143 444
1424 4090 1616 4160 4464666466
1633 4107 1731 4162 644664

1019 4178 1098 4234 46464
1125 4177 1302 4234 eternaliter
1325 4177 1487 4244 4644464644,
1512 4181 1582 4251 6644
1608 4181 1730 4252 6444644,

1018 4269 1110 4323 3424.
1133 4299 1160 4308 —-
1179 4268 1290 4323 ditatur
1308 4267 1428 4338 quidam
1452 4270 1554 4324 auctor
1577 4268 1731 4340 magnifice

1018 4357 1140 4429 loquens
1159 4358 1194 4412 64
1214 4355 1400 4428 generatione
1423 4356 1589 4419 llahometi,
1605 4359 1687 4414 4034
1704 4363 1733 4414 44

1021 4465 1054 4510 s.‚
1079 4448 1129 4503 sed
1158 4445 1258 4501 omnia
1285 4461 1351 4517 6644
1378 4448 1486 4504 narrat.
1512 4451 1581 4502 sunt
1608 4447 1681 4506 ialsa
1704 4451 1733 4505 44

1021 4535 1202 4601 44644444466,
1218 4534 1307 4591 4946
1331 4538 1360 4591 44
1380 4553 1401 4590 s.
1413 4567 1449 4577 -
1459 4536 1506 4607 Cf.
1521 4537 1654 4604 4146466,
1666 4542 1732 4598 Sar·

1019 4643 1129 4684 racem.

981 4717 1142 4773 4446644448
1164 4715 1218 4787 (S.)
1244 4714 1298 4771 luit
1322 4731 1398 4770 unns
1425 4733 1460 4771 ex
1485 4719 1595 4788 septem
1623 4721 1732 4777 sanctis

1018 4804 1433 4876 664644644664,3426.(4446
1443 4805 1540 4861 88644
1552 4809 1733 4882 4444446444.)

980 4895 1103 4950 6444444
1117 4893 1225 4950 vitatur
1244 4911 1295 4965 per
1308 4893 1556 4964 anticipationem,
1574 4913 1609 4952 na
1624 4899 1730 4964 veniat,
1780 4908 1783 4912 ’

1015 4984 1058 5039 sel
1076 5001 1127 5054 per
1145 4983 1366 5044 correctionem,
1383 4983 1454 5038 dum
1474 4983 1604 5058 contigit,
1620 4988 1713 5044 3786
1723 5007 1730 5054 ;

1016 5075 1053 5128 66
1067 5074 1158 5129 Deum
1174 5075 1271 5128 autem
1288 5070 1412 5142 pertinet
1425 5088 1477 5143 per
1490 5073 1730 5146 anticipationem

1017 5161 1091 5217 illud
1106 5161 1204 5223 vitare,
1225 5161 1317 5216 3794.
1333 5159 1440 5215 illalum
1459 5178 1552 5232 poenae
1566 5165 1729 5230 dumtaxat,

1018 5266 1075 5305 non
1094 5250 1203 5305 malum
1220 5249 1321 5321 culpre,
1333 5248 1476 5305 rationem
1492 5251 1657 5322 appetibilis
1672 5259 1733 5328 pot·

1017 5343 1060 5396 est
1073 5339 1188 5404 babere,
1200 5337 1296 5394 3446.
1306 5368 1338 5378 -
1353 5337 1428 5396 itala
1442 5338 1493 5396 diu
1513 5339 1660 5414 impunita
1673 5361 1733 5403 crc-
