4309 6250
447 480 507 547 358
757 501 876 550 eomas
896 501 1064 549 ιιιιιιιιιιιιι
1083 501 1256 564 ιιιιιοιιιιιι,
1278 501 1366 549 arara
1386 503 1418 549 ιι.
1441 521 1482 534 -
1502 503 1572 552 aar.
1594 502 1689 550 xuvru

447 674 613 754 corporale
627 673 822 757 colloquium
836 672 903 736 sive
918 671 1088 736 consilium
1110 673 1195 755 quod
1210 673 1236 734 Α
1250 691 1342 754 quam
1358 672 1406 735 vir
1420 671 1593 754 spiritualis
1608 680 1641 735 et
1653 671 1801 737 heroicus
1814 671 1981 751 exstitisset,

447 791 505 854 par
519 772 655 836 localem
669 773 973 855 approximationem
987 771 1108 854 percipi
1124 789 1196 854 pos·
1250 778 1305 834 aut
1318 771 1442 834 divinas
1457 772 1690 837 consolationes
1704 779 1851 854 expertus
1871 770 1981 848 luisset,

448 869 499 949 sit.
524 869 584 933 Sed
606 890 665 934 nec
688 871 849 934 demones
872 871 905 932 in
930 869 1058 952 propria
1083 877 1196 931 natura
1250 889 1414 953 nunquam
1434 870 1596 952 prefatam
1620 870 1907 934 remunerationem
1929 889 1985 933 ma-

447 968 645 1052 corporalem
659 969 778 1032 habent
790 968 933 1031 auditum
947 986 1011 1050 quo
1024 968 1196 1050 quidquam
1251 969 1370 1031 xlmam
1393 969 1597 1051 appellasset.

448 1067 628 1150 percipiant
651 1066 757 1130 taliter
781 1066 1000 1130 auscultando.
1023 1066 1089 1130 lmo
1113 1084 1196 1128 unus
1290 1067 1432 1150 Capitulo
1448 1069 1655 1150 nonagesimo
1676 1077 1791 1132 octavo
1812 1067 1982 1131 inducitur:

448 1165 577 1248 spiritus
593 1165 734 1229 insinuat
747 1174 780 1228 et
793 1164 935 1248 loquitur
949 1166 1040 1228 alteri
1054 1185 1113 1248 per
1134 1164 1196 1247 spi·
1250 1169 1390 1228 Animas
1404 1171 1567 1228 malorum
1587 1168 1621 1228 aa·
1640 1177 1671 1230 et
1692 1169 1984 1238 sanctasanctorum

448 1265 596 1330 ritualom
611 1264 854 1329 conversionem
870 1265 919 1327 sui
940 1264 987 1328 ad
999 1263 1105 1347 ipsum
1127 1287 1134 1324 ε
1156 1264 1195 1326 ad
1251 1273 1360 1325 autem
1374 1267 1504 1326 animas
1519 1267 1635 1326 leviter
1649 1274 1679 1324 et
1694 1274 1807 1341 sponte
1819 1266 1984 1325 castrabant

448 1363 533 1445 quod
547 1362 659 1427 localis
679 1363 910 1446 approximatio
930 1363 1109 1426 necessaria
1130 1380 1194 1424 non
1251 1364 1372 1438 capeti.
1384 1362 1533 1426 Fatemur
1546 1364 1631 1446 quod
1646 1362 1792 1425 vicissim
1806 1361 1866 1424 viri
1881 1361 1985 1425 virtue

450 1470 619 1540 censetur;
636 1463 690 1524 sed
716 1462 802 1543 quod
826 1461 859 1523 in
884 1460 1103 1541 corpopalibus
1124 1460 1196 1522 elli·
1252 1458 1279 1521 si
1294 1466 1325 1521 et
1340 1460 1440 1522 sancti
1463 1459 1577 1524 leviori
1601 1467 1704 1522 morte
1725 1460 1884 1523 decedunt
1901 1477 1984 1540 qum

447 1560 492 1623 cit
507 1559 597 1638 situs,
614 1561 674 1623 hoc
696 1561 730 1622 in
752 1559 971 1642 spiritualibus
992 1561 1080 1623 ordo.
1104 1559 1197 1622 Deni-
1251 1555 1342 1638 impii
1361 1579 1367 1618 :
1386 1556 1487 1621 nihilo
1508 1557 1614 1620 minus
1634 1557 1873 1639 dispensatione
1892 1555 1986 1619 disina

447 1659 687 1741 que,quomodo
702 1658 793 1722 stella
808 1658 1008 1740 persequitur
1018 1660 1195 1722 damonem
1251 1655 1376 1716 occulta
1390 1662 1422 1718 et
1435 1654 1531 1736 justa,
1539 1653 1723 1736 frequenter
1737 1654 1893 1736 contingit
1905 1672 1986 1735 oppo

447 1757 701 1821 auscultantemt
717 1759 766 1819 An
790 1777 862 1820 eum
888 1756 1047 1838 conspicit
1066 1775 1122 1818 seu
1145 1775 1196 1818 co·
1252 1751 1358 1814 situm.
1376 1753 1459 1816 Deus
1484 1753 1603 1816 etenim
1625 1771 1698 1816 suos
1722 1752 1839 1816 eleetos
1864 1753 1896 1814 in
1920 1771 1986 1832 pra

447 1855 595 1938 gnoscitt
617 1855 708 1919 Nunc
737 1874 864 1936 quoque
895 1855 1104 1938 praehabitum
1134 1861 1194 1932 est,
1213 1851 1334 1915 Bsenti
1359 1852 1423 1914 vita
1447 1851 1557 1916 volens
1586 1869 1732 1938 purgare,
1758 1871 1813 1914 eos
1842 1851 1985 1914 interdum

447 1954 533 2035 quod
558 1955 598 2017 ab
621 1953 743 2035 angelis
768 1953 889 2064 sanctis
912 1954 1072 2016 deamones
1097 1952 1196 2016 refre—
1251 1949 1412 2012 dirissima
1427 1959 1540 2032 morta,
1557 1959 1593 2012 ut
1606 1951 1645 2014 ad
1665 1959 1815 2013 aternam
1836 1949 1987 2013 beatitudi-

449 2060 575 2115 nantur.
1252 2065 1325 2110 nem
1341 2047 1436 2112 citius
1451 1999 1678 2130 perdircantur,
1694 2047 1823 2129 aflligit.
1839 2047 1986 2129 lloprobos

487 2149 631 2231 Capitulo
655 2149 861 2231 nonagesimo
885 2151 1022 2232 septimo
1046 2149 1195 2212 dieitur:
1253 2163 1329 2208 vero
1367 2144 1478 2209 leviori
1516 2148 1707 2228 quandoque
1744 2154 1846 2209 morte
1880 2145 1985 2224 educit,

449 2251 610 2311 Timentes
627 2253 732 2310 Deum
748 2243 958 2324 possidebunt
982 2250 1020 2308 in
1039 2249 1197 2325 paradiso
1253 2243 1359 2305 sciens
1383 2242 1494 2324 quod
1487 2263 1520 2304 ιιι
1539 2251 1665 2306 internos
1689 2242 1902 2307 damnationis
1924 2262 1987 2324 sup-

447 2348 556 2407 hortos
575 2349 777 2423 palmarum,
802 2355 833 2406 et
857 2348 983 2416 vinum,
1006 2349 1198 2424 proetlasque
1253 2339 1349 2420 plicia
1371 2359 1443 2402 mox
1465 2339 1622 2404 labentur.

446 2444 607 2503 consocias
621 2452 718 2521 atque
731 2442 914 2502 consimiles
925 2443 1063 2518 papillis
1079 2443 1197 2502 brevis·
1292 2436 1435 2519 Capitulo
1457 2438 1520 2500 alio
1544 2439 1696 2501 asseritur
1719 2462 1726 2500 :
1752 2442 1793 2500 ln
1817 2440 1877 2499 itta
1899 2447 1989 2498 morte

446 2542 563 2609 simis,·
575 2549 606 2599 et
621 2541 738 2600 bocest
752 2542 875 2599 donum
890 2560 928 2599 ac
946 2543 1069 2615 optimo
1092 2559 1197 2600 remu·
1253 2536 1293 2598 de
1308 2554 1371 2616 qua
1392 2536 1503 2599 hlahon
1525 2536 1667 2616 loquitur
1685 2537 1741 2614 ihi,
1757 2543 1797 2614 fit
1812 2540 1987 2614 unpelorum

447 2639 576 2697 ceratio
590 2635 760 2699 Dei—Ecce
775 2655 870 2717 quam
886 2636 1022 2718 impium
1037 2636 1192 2699 verbumt
1253 2636 1432 2695 descensus.
1459 2633 1524 2697 lmo
1549 2652 1607 2697 nos
1631 2633 1799 2697 Christiani
1825 2633 1989 2697 certissime

447 2734 559 2798 Nonne
580 2734 819 2797 camalissimus
837 2743 869 2797 et
892 2754 966 2797 vere
991 2734 1197 2817 turpissimus
1254 2730 1385 2808 scimus,
1410 2733 1493 2812 quod
1519 2731 1607 2794 omni
1633 2732 1685 2795 die
1709 2751 1747 2794 ac
1776 2725 1987 2812 nocte'sngeli

448 2832 510 2895 luit
524 2833 579 2914 qui
594 2831 672 2894 dixit
685 2833 757 2909 hoc,
774 2832 829 2913 qui
844 2833 1012 2913 praemium
1028 2832 1121 2896 bonis
1136 2833 1198 2896 talo
1254 2829 1354 2890 sancti
1380 2829 1580 2892 descendunt
1603 2830 1643 2892 ad
1667 2830 1826 2910 homines,
1851 2830 1895 2893 eis
1918 2829 1990 2891 adsi-

448 2931 611 3014 promisitl
622 2930 703 3004 Quid
716 2930 803 2994 enim
819 2930 1099 3012 promitteret,nisi
1113 2932 1198 3012 quod
1255 2926 1401 3023 stentiarp
1417 2927 1614 3006 exhibentes,
1628 2937 1659 2991 et
1674 2929 1707 2990 in
1721 2929 1882 2992 oblatione
1895 2929 1990 2991 Sacra·

449 3048 573 3092 summe
600 3029 732 3111 optavit,
757 3037 867 3110 utpote
896 3029 1075 3111 voluptates
1104 3049 1199 3092 vene·
1218 3024 1239 3087 C
1255 3025 1353 3087 menti
1373 3026 1565 3107 evangelice
1590 3026 1671 3108 legis
1695 3027 1925 3090 incessabiliter
1945 3026 1990 3088 ad-

449 3131 542 3193 reast
558 3128 657 3205 Absit,
673 3127 765 3207 absit,
786 3136 822 3190 ut
843 3128 1010 3210 praemium
1031 3128 1196 3207 virtutum,
1255 3132 1329 3187 sunt
1349 3124 1454 3206 angeli
1476 3126 1591 3189 sancti,

449 3226 626 3310 praesertim
647 3225 736 3304 odei,
753 3226 821 3307 spei
846 3234 878 3288 et
902 3225 1044 3288 caritatis
1067 3226 1196 3305 divinas,
1294 3222 1466 3303 Postremo,
1497 3223 1639 3306 capitulo
1674 3224 1851 3287 centesimo
1878 3223 1990 3288 decimo

449 3324 598 3389 credatur
616 3323 676 3386 hoc
697 3323 817 3387 bonum
839 3322 974 3402 brutale,
991 3323 1139 3387 sensuale
1162 3343 1198 3387 aa
1254 3321 1372 3383 dicitur
1395 3346 1401 3382 :
1428 3324 1584 3385 Osonibus
1607 3324 1785 3383 deteriores
1809 3332 1884 3384 sacrat
1906 3323 1991 3383 homi·

450 3422 624 3504 corporale.
650 3420 718 3484 Non
743 3421 789 3484 sic
813 3422 896 3483 Deus
920 3421 1009 3499 citra,
1037 3422 1093 3484 sad
1119 3422 1200 3485 ultra
1256 3440 1311 3480 nes
1331 3422 1455 3497 lapibus
1475 3422 1612 3490 subditi,
1627 3441 1729 3500 quam
1750 3423 1915 3483 increduli
1933 3440 1990 3479 mo·

449 3521 643 3602 condignum
663 3528 854 3582 remunerat.
871 3519 996 3601 Optima
1018 3540 1200 3583 remunera·
1255 3526 1366 3587 ceant,
1381 3520 1510 3597 necque
1525 3519 1706 3595 participes
1725 3520 1920 3596 adjaceant.
1934 3516 1989 3580 lloc

450 3620 493 3683 tio
511 3618 659 3681 lidelium
679 3636 717 3679 ac
736 3618 924 3680 Sanctorum
943 3625 992 3680 est
1013 3637 1146 3681 summm
1169 3626 1201 3681 et
1255 3621 1289 3676 tu
1308 3613 1427 3694 dixisti,
1443 3632 1462 3677 o
1482 3614 1637 3678 ldahomet
1661 3614 1842 3697 maledicte,
1858 3618 1990 3680 advorss·

450 3719 599 3781 increatae
613 3715 762 3779 Veritatis
777 3717 862 3779 clara
876 3724 907 3779 et
921 3715 1044 3779 facialis
1059 3725 1201 3780 contem·
1256 3712 1301 3775 rie
1321 3712 1387 3791 Dei,
1404 3662 1580 3775 lieelzebub
1599 3713 1660 3776 lili
1679 3714 1740 3777 Sed
1759 3733 1797 3777 ex
1820 3711 1989 3796 praehabitis
2004 3730 2054 3779 ιιι
2064 3727 2089 3765 ιιι

451 3816 551 3899 platio
565 3823 694 3892 aterna,
711 3834 843 3877 summm
858 3814 1058 3896 iniiuimque
1077 3814 1201 3877 bonita-
1255 3820 1379 3875 constst
1393 3814 1476 3893 quod
1500 3812 1559 3875 soli
1581 3812 1749 3876 Christiani
1772 3814 1928 3891 catholici,
1941 3810 2033 3893 qui¹'¹·

451 3914 491 3977 tis
518 3912 627 3976 fruitio
655 3913 761 3994 plena,
792 3912 987 3990 dulcissima,
1017 3912 1197 3975 intermina.
1256 3929 1355 3972 unum
1375 3910 1497 3973 Deum
1490 3929 1523 3973 ιιι
1538 3910 1691 3975 Trinitate
1712 3920 1744 3976 et
1764 3910 1968 3975 Trinitatem
1960 3930 1988 3973 ιιι

315 4040 354 4083 os,
369 4039 436 4091 qm,
452 4012 513 4074 Sed
532 4012 572 4074 de
591 4011 651 4073 isto
676 4029 772 4092 supra
797 4008 872 4071 satis
897 4010 1018 4072 dictum
1038 4010 1197 4073 recordor.
1255 4008 1374 4071 unitate
1393 4008 1537 4086 credunt,
1554 4008 1693 4091 diligunt
1707 4018 1739 4073 et
1756 4010 1921 4091 honorant,
1935 4008 1989 4071 sint

305 4116 357 4147 ¹'¹¹·
450 4108 650 4193 Impossibile
665 4115 751 4170 certa
766 4115 814 4170 est
833 4126 887 4171 eos
908 4108 1008 4170 Deum
1030 4106 1198 4189 spirituali,
1256 4124 1330 4169 vere
1346 4105 1458 4170 lideles
1480 4114 1512 4170 et
1533 4107 1630 4187 servi,
1647 4108 1711 4171 imo
1733 4108 1829 4171 amici
1849 4105 1990 4190 adoptivi·

451 4227 532 4290 puro
555 4207 811 4289 irreciprocoque
838 4225 946 4270 amore
974 4207 1119 4287 diligere,
1146 4206 1200 4288 qui
1218 4210 1241 4272 l)
1256 4224 1318 4286 que
1347 4203 1408 4266 lilii
1437 4204 1492 4267 llei
1522 4205 1667 4269 sublimis
1695 4214 1727 4269 et
1753 4206 1920 4285 benedicti,
1942 4203 1988 4285 qni

451 4307 548 4370 tslem
563 4306 655 4368 abeo
670 4313 799 4387 sperant
819 4324 857 4367 ac
879 4304 1100 4386 praestolantur
1120 4324 1202 4367 mer·
1256 4302 1472 4384 evangelicam
1488 4303 1592 4385 legem
1606 4305 1793 4386 perveneris
1812 4300 1987 4368 Testamenti

452 4403 608 4468 cadamo
622 4422 718 4484 quam
734 4403 813 4466 viles
827 4410 859 4465 et
873 4404 1015 4481 modicae,
1025 4403 1090 4466 imo
1104 4421 1200 4484 quam
1255 4403 1427 4483 Prophetas
1442 4403 1666 4484 praenuntiavit
1681 4412 1859 4484 venturam,
1869 4420 1988 4483 eamque

452 4502 659 4584 aspernandae
687 4520 724 4564 ac
749 4500 845 4563 nullm
873 4509 947 4563 suut
974 4502 1201 4563 delectationes
1257 4520 1315 4582 per
1332 4500 1492 4563 Christum
1517 4501 1664 4580 contulit,
1679 4510 1773 4584 atque
1797 4523 1855 4585 per
1877 4511 1989 4565 sanctos

454 4601 516 4663 illas
541 4618 685 4662 venerem
709 4609 820 4680 gustus
842 4607 875 4661 et
897 4606 1013 4676 tactus,
1038 4618 1117 4680 quas
1143 4599 1203 4660 im·
1256 4598 1424 4679 Apostolos
1461 4606 1647 4681 ceterosque
1681 4599 1796 4663 Christi
1829 4598 1990 4681 discipulos

453 4696 679 4761 mundissimus
693 4705 788 4778 atque
801 4696 998 4759 miserrimus
1008 4696 1120 4760 ldahou
1136 4696 1201 4759 suis
1258 4697 1374 4777 ubique
1391 4704 1545 4759 terrarum
1559 4716 1630 4761 eam
1645 4697 1788 4777 dilludit,
1804 4717 1861 4780 per
1878 4696 1990 4761 infinita

454 4795 612 4879 promisit,
627 4795 863 4877 comparatione
888 4794 1076 4873 eoelestium,
1093 4814 1203 4877 super·
1256 4816 1326 4860 eam
1358 4796 1555 4860 confirmans
1587 4795 1751 4860 miracula.
1782 4798 1920 4880 Denique
1945 4814 1991 4857 ne

453 4892 644 4972 coelestium,
661 4892 888 4975 angelicarum,
905 4892 1147 4974 purissimarum
1164 4912 1201 4956 ae
1256 4912 1416 4975 quaquam
1446 4892 1593 4975 ponimus
1622 4894 1685 4958 Deo
1714 4895 1884 4978 participes
1911 4898 1991 4976 prout

452 4990 659 5059 deiformium
678 4989 937 5070 delectationum,
954 5008 1034 5071 quas
1051 4990 1202 5072 Unigeui·
1257 4991 1344 5053 rudis
1360 4991 1485 5054 ‘lishon
1520 4991 1613 5056 nobis
1642 4992 1791 5075 imponit,
1822 5013 1880 5056 nec
1908 4992 1990 5054 talem

451 5101 503 5157 tus
527 5090 628 5155 Patris
649 5088 769 5166 sterni,
795 5088 948 5152 Dominus
975 5097 1084 5153 nostor
1112 5090 1201 5152 lesus
1257 5089 1523 5171 superpurissimo
1542 5110 1580 5153 ae
1599 5089 1928 5175 supersimplieissimo
1946 5108 1991 5171 ge

450 5191 605 5269 Christus,
621 5186 734 5250 mundi
755 5187 904 5266 salvator,
921 5207 975 5250 rex
995 5188 1114 5269 gloriae,
1134 5187 1199 5250 suis
1257 5188 1453 5252 narationem
1473 5190 1536 5253 Deo
1555 5189 1777 5269 adscribimus,
1794 5191 1918 5273 qualem
1938 5188 1990 5251 lin·

450 5290 599 5377 promisit
625 5287 797 5352 fidelibusl
824 5286 924 5366 Certe,
951 5287 978 5351 si
1002 5287 1114 5352 llahon
1139 5308 1197 5351 un·
1258 5288 1367 5353 homet
1388 5288 1591 5370 imaginatur.
