4309 6250
500 501 620 550 carras
640 501 808 550 merrom
828 500 1001 561 utacum,
1022 503 1113 550 uam
1133 503 1166 550 u.
1189 519 1230 536 --
1250 503 1320 552 aar.
1343 503 1385 554 xx
1658 486 1721 556 309

168 674 199 740 ei
214 677 301 758 quod
315 675 399 738 Deus
413 694 472 758 per
485 675 687 739 Salomonem
703 674 829 740 locutus
842 684 892 740 est
907 675 957 739 :A
1013 675 1177 756 Preterea,
1206 675 1356 741 identitas
1390 676 1554 760 sanguinis
1586 693 1720 741 conmu-

41 789 154 837 roeanr.
168 774 201 837 si
229 773 383 838 ceciderit
407 773 532 856 lignum
559 774 598 837 ad
625 782 768 838 austmm
795 782 851 836 aut
877 774 917 837 ad
971 773 1158 856 guinitatem
1181 775 1296 839 allicit.
1313 773 1348 840 lu
1372 774 1515 858 qualibet
1538 783 1644 839 autem
1666 793 1720 858 ge-

168 873 364 954 aquilcuem,
380 871 414 935 in
435 891 638 954 quocumque
661 873 733 936 loco
752 871 916 952 ceciderit,
971 873 1147 950 nmatione,
1164 891 1247 938 nova
1265 873 1377 938 mixtio
1398 873 1563 956 sauguinis
1586 871 1626 937 lit
1645 891 1719 938 cum

169 971 215 1035 ibi
238 970 310 1034 erit.
326 971 362 1032 ln
386 969 502 1053 quibus
523 971 630 1035 verbis
651 990 709 1054 per
726 970 850 1054 lignum
869 971 918 1034 in·
971 971 1128 1052 sauguine
1151 972 1278 1052 alieno,
1304 981 1336 1036 et
1360 980 1514 1053 quantum
1543 971 1634 1036 alteri
1662 971 1721 1036 mi-

169 1069 323 1150 telligitur
349 1069 467 1147 bomo;
496 1089 554 1152 per
581 1088 702 1150 meum,
728 1087 835 1146 mors3
860 1088 918 1151 per
971 1077 1088 1146 scetur,
1105 1077 1226 1134 tantum
1248 1071 1388 1152 aprimo
1408 1069 1538 1134 recedit.
1555 1070 1719 1154 Quumque

168 1176 325 1246 austrum,
354 1167 517 1232 beatitudo
549 1187 607 1230 seu
641 1187 715 1250 pars
748 1167 917 1232 bominum
972 1167 1129 1231 elementa
1164 1167 1229 1231 sint
1262 1177 1409 1250 quatuor,
1438 1187 1575 1250 quorum
1609 1187 1721 1232 unum-

168 1264 360 1343 electorum;
375 1284 434 1348 per
446 1265 640 1348 aquilonem,
652 1265 816 1329 calamitas
829 1266 918 1328 dam·
972 1266 1120 1348 quodque
1149 1274 1236 1330 tanto
1269 1266 1397 1330 facilius
1430 1274 1531 1330 exstat
1562 1264 1720 1331 miscibile

168 1362 309 1428 nationis
329 1383 385 1427 seu
406 1383 480 1447 pars
499 1365 718 1447 reprobomm.
735 1363 790 1428 Est
811 1363 917 1446 itaque
972 1372 1091 1447 quanto
1105 1371 1153 1428 est
1168 1365 1269 1448 magia
1284 1365 1399 1429 subtile
1412 1389 1420 1428 ι
1433 1365 1553 1429 idcirco
1568 1364 1601 1428 in
1617 1364 1720 1448 prima

168 1480 295 1541 seusus,
310 1463 395 1545 quod
419 1462 488 1525 siva
511 1482 569 1546 per
590 1471 726 1527 mortem
746 1462 842 1526 bomo
862 1463 918 1526 de·
973 1461 1200 1526 commixtione
1214 1463 1376 1527 evanescit
1390 1463 1539 1528 identitas
1554 1463 1720 1545 sanguinis

167 1559 294 1623 venerit
316 1561 356 1623 ad
379 1559 511 1640 clectos,
536 1561 604 1624 sive
628 1560 668 1625 ad
692 1559 856 1643 reprobos,
882 1561 916 1623 in
970 1569 1126 1642 quantum
1160 1562 1200 1624 ad
1234 1561 1374 1644 primum
1403 1561 1609 1642 elementum,
1633 1563 1720 1644 quod

167 1666 322 1722 aternum
336 1658 399 1722 erit
411 1660 496 1743 apud
510 1678 565 1723 eos
583 1678 719 1742 quorum
734 1659 917 1724 societatem
971 1667 1021 1722 est
1044 1658 1311 1739 subtilissimum3
1335 1659 1367 1722 iu
1394 1661 1545 1740 secunda,
1565 1668 1719 1744 quantum
1765 1669 1769 1676 '

168 1756 346 1838 promeruit
362 1781 370 1818 z
386 1756 430 1820 ita
443 1759 529 1840 quod
545 1766 617 1840 post
636 1765 770 1822 mortem
789 1767 918 1822 nonest
973 1758 1011 1820 ad
1036 1757 1233 1836 secundum3
1250 1759 1282 1820 in
1304 1759 1407 1836 tertia,
1423 1767 1576 1840 quantum
1599 1760 1637 1822 ad
1659 1767 1722 1822 tar·

168 1854 368 1938 poeuiteutim
388 1855 489 1936 locus,
511 1857 566 1919 sed
589 1875 691 1938 usque
709 1858 749 1920 ad
769 1865 914 1921 mortem.
932 1857 956 1920 a
972 1856 1075 1934 tium;
1100 1855 1133 1918 in
1161 1865 1284 1938 quarta,
1310 1864 1464 1941 quantum
1491 1857 1531 1920 ad
1559 1865 1718 1939 quartum.

206 1954 384 2034 Postremo,
400 1953 433 2016 in
454 1953 523 2018 line
543 1954 640 2036 hujus
661 1955 793 2038 capituli
814 1956 917 2020 deter-
972 1955 1088 2036 Sicque
1110 1963 1181 2038 post
1199 1963 1346 2038 quartam
1365 1955 1602 2038 generationem
1627 1954 1722 2020 ratio·

166 2051 333 2115 minantur
351 2071 495 2135 personae
513 2071 593 2134 quas
612 2053 688 2116 licet
702 2054 852 2136 conjugio
866 2073 917 2118 so
972 2053 1123 2118 nabilitcr
1149 2061 1254 2135 potest
1280 2053 1386 2116 iterari
1415 2053 1609 2118 commixtio.
1633 2053 1719 2116 Iuste

164 2150 244 2214 ciari
260 2159 293 2212 et
306 2169 386 2232 quas
405 2168 469 2214 non
489 2151 577 2214 licet.
592 2149 671 2215 Nam
686 2151 805 2214 dicitur
820 2175 828 2214 ε
845 2157 916 2217 om-
971 2169 1048 2233 ergo
1068 2170 1106 2215 ac
1126 2151 1286 2234 sapienter
1299 2150 1462 2216 ordinavit
1474 2151 1619 2214 Ecclesia
1633 2150 1720 2214 Chri·

162 2269 220 2310 nes
249 2250 302 2310 dm
327 2251 484 2310 mulieres
510 2251 599 2312 cobis
625 2252 812 2312 interdictor
838 2261 915 2312 sunt
971 2249 1025 2328 ati,
1041 2257 1076 2312 ut
1090 2267 1191 2332 usque
1205 2250 1243 2313 ad
1263 2257 1412 2331 quartum
1433 2249 1566 2330 gradum
1586 2268 1721 2312 consan-

160 2357 192 2408 ει
216 2349 362 2418 illicita,
376 2350 500 2408 scilicet
514 2369 527 2409 .·
541 2358 664 2410 matres
687 2359 802 2410 ceatroe
821 2359 852 2410 et
873 2355 915 2428 ft-
971 2347 1149 2430 guinitatia,
1173 2346 1329 2412 inclusive
1354 2347 1525 2429 loquendo,
1550 2347 1721 2412 excludan—

161 2449 230 2518 tioe,
244 2465 373 2507 aorcrcs
394 2455 426 2508 et
449 2449 572 2518 amitae,
594 2457 704 2524 neptes
726 2457 824 2528 atque
847 2469 915 2510 ma·
970 2453 1022 2508 tur
1043 2465 1062 2508 a
1083 2444 1244 2528 conjugali
1267 2453 1431 2509 contactu
1452 2445 1589 2528 cognati.

162 2546 916 2624 terteroe,nutricesctgermcnoecotlcctcneoe;
1009 2543 1099 2622 ltem,
1126 2563 1189 2608 una
1214 2543 1410 2608 matrimonii
1436 2563 1543 2624 causa,
1569 2552 1617 2607 est
1645 2561 1721 2608 con·

161 2651 288 2703 matres
311 2643 412 2702 etiam
434 2651 466 2704 et
489 2645 571 2721 fitioe
592 2645 773 2706 mulierum
792 2653 915 2706 cestra·
970 2641 1176 2724 cupiscentiae
1199 2642 1336 2706 carnalis
1365 2641 1534 2726 repressio.
1559 2641 1658 2720 Unde,
1685 2651 1721 2706 ut

162 2761 254 2811 rum,
269 2742 302 2801 aa·
314 2760 334 2801 o
350 2742 439 2801 codix
452 2749 547 2801 toctoe
559 2743 703 2819 suerint,
717 2743 770 2802 ain
791 2751 915 2815 cratem,
969 2740 1066 2803 etiam
1081 2740 1180 2805 llabbi
1196 2741 1316 2824 ldoyses
1331 2740 1385 2820 ait,
1402 2740 1465 2804 illae
1488 2759 1632 2824 personae
1646 2749 1722 2804 sunt

160 2841 266 2901 ticitoe
278 2847 357 2900 aunt
366 2858 381 2908 ,·
394 2859 503 2900 curata
521 2840 634 2911 etiam,
648 2843 724 2902 duce
734 2859 913 2918 germanae.
970 2859 988 2904 a
1003 2839 1207 2904 matrimonio
1222 2849 1360 2922 exceptat
1376 2840 1408 2902 iu
1423 2838 1536 2922 ldoysis
1550 2840 1634 2923 lege,
1649 2857 1720 2922 quae

200 2938 326 3019 ltaque,
349 2937 439 3018 juxta
461 2937 546 3000 bunc
568 2937 685 3020 legem,
710 2939 786 3002 licet
809 2939 916 3002 Sarra·
971 2936 1005 3000 in
1040 2956 1106 3000 una
1139 2937 1243 3002 solent
1276 2936 1400 3001 lamilia
1434 2936 1628 3002 cohabitare.
1659 2938 1721 3001 lex

162 3037 254 3100 cenis
283 3036 317 3098 in
342 3035 436 3099 tertio
459 3035 602 3101 membro
629 3035 952 3120 consanguinitatisll
971 3037 1058 3102 enim
1079 3036 1215 3101 llosaica
1239 3035 1338 3119 ooepit
1359 3035 1653 3119 concupiscentiam
1673 3055 1721 3100 re-

162 3135 330 3200 connubio
352 3134 455 3217 jungi.
472 3134 566 3199 Verbi
589 3136 701 3217 gratia,
717 3136 744 3199 si
766 3136 831 3200 sint
850 3138 914 3202 duo
972 3136 1098 3201 irenare
1116 3161 1122 3200 :
1140 3144 1171 3200 et
1190 3136 1253 3199 nisi
1274 3136 1357 3199 inter
1376 3134 1455 3198 tales
1476 3153 1628 3217 personas
1649 3154 1722 3217 pro-

163 3235 282 3298 iratres
300 3253 437 3316 quorum
458 3254 542 3297 unus
561 3233 677 3298 babeat
698 3235 816 3315 lilium,
832 3236 915 3299 alius
971 3236 1108 3299 bibitum
1128 3242 1211 3298 esset
1232 3234 1442 3312 connubium,
1458 3234 1578 3315 grande
1593 3233 1719 3297 libidini

163 3333 282 3412 liliam,
298 3332 351 3395 isti
366 3351 432 3396 nou
447 3340 581 3415 possunt
598 3333 786 3397 contrahere
805 3334 913 3413 simul,
971 3335 1170 3397 incentivum
1206 3334 1345 3397 daretur.
1375 3331 1436 3395 Sed
1469 3352 1508 3395 ex
1541 3332 1601 3397 boc
1634 3334 1720 3413 quod

163 3432 219 3494 sed
245 3430 354 3513 proles
377 3439 561 3495 eorumzut
580 3431 607 3494 si
627 3430 717 3494 iilius
737 3431 790 3495 illc
809 3432 914 3495 silium
970 3452 1114 3516 personae
1138 3440 1201 3495 tam
1226 3432 1423 3515 propinquae,
1449 3439 1483 3493 ut
1510 3430 1543 3493 in
1572 3440 1721 3514 praetacta

163 3529 295 3607 babeat,
317 3536 350 3591 et
372 3528 443 3591 lilia
464 3528 520 3591 illa
544 3528 658 3593 irliam.
679 3530 766 3593 Istud
790 3530 917 3593 videtur
970 3531 1127 3595 ldabomet
1150 3531 1220 3612 lege
1250 3530 1457 3611 permittitur,
1482 3530 1556 3593 duci
1587 3540 1720 3611 possunt

164 3626 326 3709 injustum
342 3634 413 3708 post
432 3625 547 3689 Christi
568 3627 753 3709 adventum,
769 3628 917 3710 quamvis
971 3630 1005 3693 in
1033 3628 1199 3711 conjuges,
1226 3629 1318 3691 datur
1342 3628 1436 3691 etiam
1461 3645 1524 3690 nou
1551 3627 1718 3691 minimum

165 3723 918 3810 temporelegisldosaicaefueritlicitumzquia
972 3726 1241 3812 concupiscentiae
1279 3725 1487 3789 incentivum.
1524 3726 1589 3790 Nec
1624 3746 1721 3792 causa

166 3832 245 3887 tuuc
267 3823 432 3905 temporis,
448 3822 553 3886 cultus
568 3822 699 3887 divinus
718 3844 775 3907 per
788 3844 917 3889 succes·
972 3828 1038 3911 jam
1063 3828 1266 3907 subestque
1291 3826 1351 3889 luit
1375 3826 1408 3887 iu
1433 3824 1532 3888 veteri
1558 3825 1639 3908 lege.
1662 3827 1721 3891 lla-
1822 3906 1825 3913 Ι

167 3922 297 3986 sionem
325 3920 453 4004 generis
479 3922 735 4005 propagabatur;
764 3923 820 3987 sed
848 3932 919 4007 post
974 3925 1169 3989 tionabiliter
1194 3944 1270 4007 ergo
1299 3932 1331 3987 et
1358 3924 1443 4006 juste
1472 3924 1632 3988 ordinavit
1664 3926 1723 3988 Ec-

167 4022 288 4086 Cbristi
302 4022 475 4084 adventum
489 4029 522 4085 et
536 4022 728 4103 evangelicae
747 4022 828 4105 legis
842 4043 921 4106 prm-
974 4025 1192 4106 clesia,usque
1205 4024 1244 4087 ad
1259 4031 1405 4105 quartum
1419 4022 1550 4104 gradum
1566 4022 1722 4087 inclusive

167 4120 379 4197 dicationem,
409 4120 514 4182 cultus
542 4120 597 4183 liei
631 4139 695 4184 non
730 4140 787 4203 per
815 4122 920 4185 caruis
974 4142 1045 4187 esse
1068 4142 1220 4205 personas
1243 4121 1497 4204 consanguineas
1521 4141 1539 4185 a
1561 4122 1723 4185 matrimo

169 4221 343 4303 originem,
373 4220 429 4282 sed
456 4238 515 4302 per
542 4220 739 4303 spiritualem
767 4221 1269 4304 pmpaga·1}uioexcludendas,
1285 4220 1365 4283 etin
1384 4220 1496 4302 quinto
1514 4221 1613 4301 gradu
1628 4238 1722 4303 posse

168 4319 292 4382 tionem
318 4325 351 4381 et
373 4318 519 4399 gratiam,
540 4318 574 4380 iu
598 4319 747 4384 omnibus
771 4320 920 4402 gentibus
976 4320 1142 4401 conjungi,
1159 4328 1194 4381 ut
1214 4328 1244 4381 et
1262 4328 1338 4381 tuno
1362 4318 1501 4381 amicitia
1526 4327 1720 4383 renovetur:

169 4428 219 4481 est
242 4425 278 4481 et
302 4416 545 4498 multiplicatur.
560 4416 682 4481 ldcirco
703 4437 789 4481 nunc
813 4420 920 4502 plures
975 4419 1127 4502 quoniam
1152 4419 1190 4481 ad
1215 4418 1468 4499 consanguineos
1492 4426 1556 4480 tam
1586 4427 1723 4482 remotos

168 4517 290 4599 gradus
304 4514 589 4599 consanguinitatis
603 4535 621 4579 a
636 4516 840 4581 matrimonio
854 4536 922 4600 pro
976 4518 1068 4599 quasi
1084 4516 1208 4579 nullum
1222 4516 1371 4579 amicitie
1390 4515 1494 4579 loedus
1509 4515 1645 4581 babetur
1658 4536 1724 4581 ma-

168 4615 335 4679 bibentur.
976 4616 1029 4699 jus
1049 4633 1145 4696 quam
1167 4614 1206 4677 ad
1228 4613 1314 4696 ipsos
1336 4622 1512 4678 extraneos.

211 4713 370 4795 Denique,
398 4732 464 4777 una
490 4732 659 4777 causarum
689 4714 844 4796 conjugii,
874 4724 923 4779 est

170 4812 398 4895 multiplicatio
420 4811 571 4876 amicitiae
592 4812 677 4876 inter
695 4813 843 4877 bomines
865 4834 923 4898 per
1178 4810 1423 4877 ARTICULUS
1444 4815 1521 4881 XX.

170 4930 291 4977 novam
319 4910 630 4992 consanguinitatem
658 4918 691 4974 et
716 4910 920 4977 allinitatem.

171 5010 234 5073 Sed
269 5009 354 5072 inter
385 5008 641 5089 consanguineos
672 5008 758 5072 tertii
793 5010 921 5091 gradus,

171 5108 279 5171 adbuc
303 5106 474 5170 sulliciens
497 5104 638 5170 amicitia
660 5115 768 5171 manet
789 5127 829 5170 ex
849 5127 925 5172 con·
1040 5106 1198 5171 APlTULO
1228 5105 1287 5169 isto
1315 5105 1461 5185 babetur,
1486 5113 1521 5168 ut
1544 5109 1613 5168 viri
1630 5127 1727 5186 pecu-

172 5206 391 5288 sanguinitate
416 5204 526 5268 inuata
547 5228 555 5266 z
575 5224 651 5287 ergo
676 5213 709 5267 et
730 5206 847 5287 gradus
870 5207 925 5270 ille
1054 5208 1122 5265 niis
1136 5208 1205 5267 auis
1219 5214 1324 5265 castos
1336 5207 1479 5282 feminas
1493 5216 1650 5275 emant,et
1664 5226 1727 5267 am·

173 5324 194 5369 a
215 5303 370 5386 conjugio
389 5321 478 5367 nnnc
498 5302 560 5367 rite
580 5302 770 5367 excluditur.
975 5315 1052 5383 praa
1070 5309 1203 5365 ducant.
1220 5303 1327 5385 ltaque
1345 5302 1435 5385 juxta
1449 5302 1520 5383 hoc,
1537 5300 1598 5365 viri
1612 5302 1728 5369 divites

1082 4946 1203 5004 Contra
1223 4962 1351 5003 errores
1371 4946 1512 5020 capituli
1531 4950 1620 5009 notri.
