4309 6250
424 488 483 552 too
721 501 840 550 cauma
861 498 1029 547 ranrrnnrr
1048 498 1222 557 ιιιιιοιιειι,
1243 498 1332 546 urnac
1354 500 1398 546 ιιι.
1421 518 1462 529 -
1481 500 1552 547 aar.
1575 500 1653 548 xvur

279 701 413 751 nme.
427 676 548 740 ibidem
566 698 572 736 :
590 672 811 756 Adspiciebam
831 672 932 735 donoc
952 668 1058 734 throni
1082 668 1216 751 positia
1232 669 1351 733 Deinde
1371 670 1538 753 subjungit
1553 694 1561 733 ι
1576 671 1767 736 Potestatem
1787 674 1876 735 dedit
1897 675 1927 737 ei
1948 684 1981 737 et
2004 692 2111 743 rm...

429 782 514 853 sunt,
535 781 567 837 et
586 771 741 853 Antiquus
764 771 888 833 dierum
907 767 1072 849 (videlicet
1095 768 1177 829 Deus
1230 767 1387 849 judicium
1412 770 1529 849 lacere,
1545 770 1620 853 quia
1639 771 1739 833 Filius
1759 772 1900 835 hominis
1921 782 1978 837 cst.
1995 758 2028 797 ”¹

429 872 519 935 Pater
545 871 695 949 aternus)
724 868 816 931 sedit.
844 867 962 929 Deinde
989 866 1029 928 de
1053 865 1178 928 Christo
1231 865 1385 940 Quocirca
1399 867 1705 951 pensandum,quod
1720 868 1755 930 in
1769 869 1893 950 judicio
1907 888 1982 933 con-

297 998 354 1043 rau.
381 997 414 1045 ιι,
429 968 594 1051 subjungit
610 992 617 1029 :
634 966 857 1048 Adspiciebam
872 964 905 1026 in
922 964 1045 1027 visione
1060 963 1176 1041 noctis,
1231 964 1412 1027 siderentur
1438 965 1513 1045 duo,
1542 965 1693 1029 videlicet
1721 947 1894 1031 aucteritas
1925 988 1981 1031 seu

281 1068 314 1109 ¹⁴·
428 1076 460 1133 θῖ
483 1086 557 1131 θθθθ
579 1066 613 1128 in
638 1065 777 1128 nubibus
796 1062 870 1126 coeli
890 1062 981 1144 quasi
1001 1060 1101 1123 vilius
1122 1061 1178 1123 ho-
1231 1071 1369 1144 potestas
1390 1063 1570 1144 judiciaria,
1586 1073 1618 1127 θῖ
1635 1066 1798 1129 exsecutio
1816 1066 1890 1147 ejus
1911 1086 1982 1149 pro-

428 1166 525 1229 minis
551 1163 710 1239 veniebat,
738 1170 769 1224 et
791 1162 831 1224 ad
856 1160 1028 1241 Antiquum
1053 1158 1175 1220 dierum
1231 1160 1348 1224 latiove
1376 1161 1552 1225 sententio.
1582 1163 1723 1226 Potestas
1750 1182 1879 1246 quoque
1914 1166 1981 1229 sive

428 1263 584 1348 pervenit,
601 1270 633 1324 et
652 1259 740 1323 dedit
760 1260 789 1323 ei
810 1266 998 1342 potestatem
1012 1254 1178 1337 (videlicet
1230 1259 1400 1322 auctoritas
1420 1259 1589 1341 judiciaria
1610 1260 1729 1343 duplex
1753 1269 1813 1343 est,
1836 1272 1949 1346 utputa
1971 1289 1979 1327 ι

426 1361 628 1445 judiciariam
649 1358 894 1437 auctoritatem),
910 1363 943 1418 et
963 1356 1129 1431 bonorem,
1146 1362 1178 1416 et
1231 1358 1332 1441 prima
1360 1366 1392 1420 et
1419 1357 1617 1441 principalis,
1642 1378 1714 1442 quae
1736 1369 1786 1423 θεῖ
1808 1363 1981 1425 auctoritas

427 1480 582 1543 regnum;
610 1465 748 1541 potestus
773 1456 854 1537 ejus,
882 1462 1021 1536 potestas
1046 1462 1174 1533 aeterna,
1230 1457 1382 1536 increata,
1397 1466 1530 1533 aeterna3
1548 1458 1671 1539 istaque
1689 1460 1843 1541 competit
1855 1460 1981 1525 Christo

427 1580 498 1643 quae
517 1578 581 1623 nen
600 1558 773 1637 auferetur,
789 1563 822 1619 θῖ
840 1573 974 1636 regnum
993 1553 1074 1634 ejus,
1091 1552 1176 1635 quod
1231 1555 1407 1617 secundum
1428 1563 1574 1617 naturam
1594 1556 1749 1620 divinam.
1766 1558 1836 1620 alia
1855 1567 1906 1621 θεῖ
1927 1578 1982 1641 pe-

427 1678 492 1723 non
516 1664 746 1738 corrumpetur.
766 1654 832 1717 lloc
856 1660 905 1717 est
927 1652 1011 1733 quod
1034 1650 1176 1713 Christus
1231 1662 1327 1715 testas
1355 1654 1422 1716 sive
1451 1654 1623 1718 auctoritas
1652 1658 1840 1720 secundaria
1868 1666 1901 1721 θῖ
1934 1658 1984 1721 in·

341 1823 346 1836 ,
368 1805 396 1835 ,¹
428 1759 460 1821 in
486 1755 657 1837 Evangelio
682 1754 824 1835 loquitur
846 1753 885 1815 de
910 1770 943 1814 se
968 1750 1037 1831 ipso
1059 1773 1066 1811 :
1088 1750 1175 1811 Tunc
1231 1752 1449 1815 strumentalis
1464 1772 1520 1816 seu
1542 1753 1702 1817 vicarialis
1719 1778 1726 1816 ε
1744 1775 1814 1837 quaa
1827 1758 1984 1840 competit

308 1887 313 1898 ·
428 1855 582 1919 videbunt
609 1853 725 1915 vilium
753 1851 895 1914 hominis
923 1848 1107 1911 venientem
1142 1848 1175 1908 in
1193 1850 1216 1912 B
1231 1850 1353 1913 Christo
1368 1852 1545 1914 secundum
1564 1861 1712 1916 naturam
1731 1855 1916 1932 humanam,
1933 1876 1984 1919 se-

427 1954 512 2017 nube
536 1971 610 2016 cum
635 1957 789 2033 potestate
813 1968 928 2029 magna
946 1955 979 2009 et
999 1946 1174 2027 majestate.
1231 1950 1372 2012 cundum
1386 1968 1481 2032 quam
1496 1951 1593 2014 etiarn
1607 1952 1761 2034 competit
1774 1953 1803 2016 ci
1818 1956 1982 2019 exsecutio

427 2052 698 2128 Quemadmodum
723 2048 809 2111 enim
835 2047 975 2109 Christus
996 2052 1177 2127 postauam
1230 2047 1344 2127 judicii
1372 2048 1570 2131 prolatioque
1598 2051 1774 2113 sententiae.
1800 2052 1880 2114 llinc
1909 2051 1984 2115 icli-

428 2149 608 2213 salvilicam
622 2148 804 2232 passionem
819 2144 1053 2227 gloriosamque
1073 2162 1178 2205 resur·
1231 2145 1381 2208 sissimus
1395 2146 1504 2209 Petrus
1518 2148 1681 2229 apostolus
1694 2148 1836 2229 loquitur
1850 2149 1884 2211 in
1897 2150 1984 2213 Acti·

429 2248 614 2326 rectioncm,
637 2246 670 2308 in
699 2244 867 2327 prasentia
893 2242 1117 2324 Apostolorum
1146 2249 1177 2303 et
1232 2245 1291 2306 bus
1308 2242 1426 2307 :Nobis
1441 2246 1592 2328 pracepit
1605 2247 1687 2309 Deus
1702 2246 1881 2327 testificari,
1892 2250 1983 2331 quod
2006 2266 2111 2313 acac.

427 2347 563 2411 aliorum
579 2344 776 2408 credentium
792 2361 810 2404 a
824 2348 931 2405 monte
942 2339 1055 2403 Oliveti
1070 2358 1178 2401 ascen·
1231 2344 1321 2405 lesus
1342 2342 1485 2407 Christus
1505 2353 1555 2407 cst
1575 2345 1630 2427 qui
1648 2346 1841 2409 constitutus
1863 2356 1914 2410 est
1932 2348 1985 2427 ju·
1997 2331 2030 2372 ‘³'

428 2444 475 2507 dit
499 2444 532 2506 in
558 2445 674 2507 coelum
699 2441 733 2504 in
758 2441 843 2503 nube
867 2439 1029 2522 preclara,
1056 2438 1100 2500 ita
1124 2438 1179 2500 de·
1231 2442 1291 2504 dex
1312 2442 1460 2505 vivorum
1480 2450 1513 2505 ct
1533 2451 1751 2521 mortuorum3
1772 2444 1847 2509 huic
1868 2465 1985 2509 omncs

428 2543 559 2605 scendet
579 2541 612 2603 in
630 2540 698 2603 line
723 2538 834 2602 mundi
853 2538 886 2601 in
905 2538 991 2600 nube
1015 2555 1089 2599 cum
1111 2543 1177 2599 toto
1231 2541 1393 2623 Propheta
1422 2542 1638 2605 testimonium
1662 2544 1840 2625 perhibent.
1865 2544 1986 2607 Paulus

428 2640 550 2703 coelesti
566 2638 707 2702 exercitu
721 2638 760 2700 ad
775 2636 984 2719 judicandum
1003 2654 1105 2717 genus
1119 2633 1179 2696 bu·
1231 2657 1358 2719 quoquc
1381 2640 1543 2721 apostolus
1567 2640 1611 2703 ait
1631 2641 1738 2704 :Deus
1761 2642 1872 2704 statuit
1892 2642 1985 2705 diem
2009 2662 2110 2708 rum

428 2758 568 2802 manum.
586 2739 673 2801 Unde
693 2744 725 2799 et
746 2736 779 2797 in
799 2735 881 2799 libro
896 2735 1031 2797 Actnurn
1045 2734 1178 2815 Aposto-
1232 2736 1266 2797 in
1284 2755 1348 2817 quo
1365 2737 1565 2817 judicaturus
1583 2747 1632 2802 est
1651 2740 1762 2803 orbem
1782 2740 1815 2803 in
1833 2740 1986 2822 aequitate
1998 2730 2031 2769 ³¹·

280 2870 412 2920 gigan,
428 2838 532 2901 lorum
546 2838 646 2900 Lucas
661 2834 857 2916 evangelista
870 2832 1024 2895 describit
1040 2855 1046 2893 :
1061 2832 1178 2894 Viden·
1231 2834 1264 2895 in
1289 2834 1359 2897 viro
1381 2854 1477 2916 quern
1502 2835 1621 2899 statuit.
1643 2836 1722 2899 llinc
1743 2838 1778 2899 in
1801 2838 1881 2900 lsaia
1901 2840 1986 2902 scri-

428 2936 512 3001 tibus
533 2935 598 2998 illis
619 2938 709 3017 (puta
728 2932 900 3014 Apostolis,
916 2931 1029 2994 ceteris
1050 2936 1177 3012 quoquc
1232 2941 1321 3016 ptum
1344 2928 1393 2996 e'st
1416 2957 1423 2995 ι
1448 2934 1600 2998 Dominus
1625 2937 1665 2999 ad
1688 2936 1849 3017 judicium
1871 2938 1986 3001 veniet
1999 2958 2097 3007 nnn.

427 3034 483 3118 qui
497 3035 629 3098 aderant
642 3031 791 3111 Sanctis),
801 3031 942 3093 clevatus
957 3036 1016 3108 est,
1029 3037 1060 3091 et
1075 3029 1177 3091 nubes
1196 3032 1305 3094 Ccurn
1333 3031 1464 3094 senibus
1492 3032 1602 3114 populi
1631 3033 1681 3096 sui
1715 3043 1748 3096 et
1779 3034 1986 3117 principibus

429 3134 568 3216 suscepit
589 3152 662 3196 eum
683 3133 724 3195 ab
747 3130 849 3194 oculis
873 3148 995 3194 eorum.
1011 3129 1177 3209 Quumque
1232 3130 1313 3212 ejus.
1330 3131 1417 3194 Unde
1438 3151 1548 3194 rursus
1566 3133 1730 3214 apostolus
1751 3133 1869 3196 Paulus
1886 3158 1894 3196 :
1910 3135 1987 3199 Om-
2012 3156 2111 3202 nem.

428 3234 629 3296 intuerentur
644 3232 677 3292 in
700 3229 816 3293 coelum
837 3236 965 3292 euntem
980 3227 1086 3306 illum,
1101 3245 1177 3289 ecce
1232 3248 1290 3292 nes
1308 3229 1439 3312 (inquit)
1462 3249 1520 3293 nos
1540 3231 1738 3295 manifestari
1762 3241 1890 3316 opertet
1910 3245 1986 3300 ante
2000 3223 2032 3264 ¹⁰·
2135 3281 2136 3290 .

428 3333 491 3395 duo
515 3328 621 3412 angeli
645 3329 836 3392 adstiterunt
859 3327 948 3408 juxta
971 3325 1043 3388 illos
1067 3325 1100 3387 in
1125 3345 1179 3388 ve-
1232 3328 1371 3390 tribunal
1399 3329 1525 3408 Christi,
1552 3338 1588 3392 ut
1616 3331 1733 3394 celerat
1760 3334 1986 3416 unusquisque

428 3431 530 3493 stibus
552 3428 645 3509 albis,
666 3427 809 3490 dicentes
831 3449 838 3488 ε
860 3425 927 3488 l'iri
949 3423 1081 3502 Galilaei,
1102 3424 1177 3504 quid
1233 3436 1327 3509 prout
1346 3428 1456 3509 gessit.

428 3527 632 3592 admiramini
658 3525 872 3607 adspicientes
896 3524 929 3585 in
955 3523 1095 3586 coeluml
1120 3523 1178 3585 llic
1272 3527 1379 3589 Cesset
1407 3547 1483 3610 ergo
1518 3527 1657 3609 pertidia
1682 3531 1864 3611 ldahomcti,
1894 3531 1986 3596 omni

428 3628 518 3689 lesus
532 3626 588 3709 qui
604 3633 785 3707 assumptus
800 3632 849 3686 est
862 3642 880 3685 a
893 3623 983 3686 vobis
999 3622 1031 3684 in
1047 3622 1177 3701 coelum,
1233 3625 1348 3688 rationi
1373 3635 1467 3706 atquc
1491 3627 1664 3709 Scripturis
1688 3629 1788 3690 sacris
1810 3631 1984 3710 contraria,

428 3726 476 3788 sic
505 3725 614 3788 veniet
640 3722 909 3805 quemadmodum
943 3720 1069 3784 vidistis
1104 3739 1178 3782 eum
1233 3723 1468 3805 recipiaturque
1483 3723 1566 3788 fidas
1581 3725 1709 3806 Christi,
1725 3727 1907 3791 totdivinrc
1921 3729 1988 3792 vir-

428 3824 653 3889 ascendentem
676 3823 709 3884 in
732 3822 860 3885 coelurn.
1233 3820 1309 3884 tutis
1324 3821 1487 3885 miraculis
1502 3832 1610 3906 totque
1622 3823 1854 3906 scripturarum
1868 3827 1990 3890 utrius

468 3923 622 4004 Denique,
638 3921 789 4002 quoniam
810 3919 951 3982 Christus
971 3917 1179 3999 semetipsum
1233 3937 1295 4000 que
1317 3920 1510 3983 Testamenti
1532 3921 1723 3986 testimoniis
1744 3923 1950 3990 confirmata.

428 4021 615 4101 exinanivit,
628 4028 660 4083 et
673 4018 756 4082 Patri
772 4018 805 4080 in
820 4018 970 4083 omnibus
985 4016 1176 4094 humillime,

428 4121 605 4184 secundum
632 4119 717 4200 quod
745 4117 841 4180 homo
869 4124 928 4196 est,
959 4115 1114 4195 obedivit,
1144 4115 1178 4178 in

428 4229 551 4284 tantum
575 4218 660 4300 quod
683 4217 723 4279 ab
746 4215 932 4279 hominibus
956 4214 1104 4295 judicari,
1132 4219 1218 4280 re-D
1406 4239 1650 4307 ARTIGULUS
1680 4239 1806 4307 xpm,

428 4317 557 4403 probari
572 4337 609 4380 aa
632 4314 779 4397 cruciligi
803 4332 861 4396 pro
880 4313 977 4376 totius
997 4313 1108 4376 mundi
1131 4331 1179 4375 sa·

429 4419 495 4482 luta
517 4416 666 4498 dignatus
681 4422 750 4494 est;
765 4413 841 4475 hinc
857 4414 939 4474 Deus
952 4411 1044 4474 Pater
1056 4411 1180 4493 judicio
1270 4409 1318 4469 De
1340 4408 1469 4468 aciebus
1491 4408 1659 4468 hominum
1685 4410 1722 4469 ic
1744 4411 1800 4470 dic
1814 4411 1951 4488 judicic·

429 4534 559 4600 prorsus
573 4513 752 4596 justissimo
766 4513 849 4574 hanc
870 4509 992 4574 Christo
1013 4510 1117 4573 vicem
1132 4530 1180 4574 re·
1443 4499 1620 4558 mundum
1636 4499 1770 4560 Malum·
1883 4487 1889 4497 ’

428 4613 552 4698 pendit,
569 4620 603 4676 ut
620 4613 689 4694 ipse
708 4611 742 4674 in
760 4611 864 4676 lorma
882 4609 1022 4672 humana
1040 4608 1180 4691 gloriosa

429 4734 504 4778 curn
539 4713 705 4794 majestate
734 4720 766 4775 θῖ
793 4711 894 4794 gloria
921 4709 1043 4791 judicet
1076 4729 1178 4792 genus
1304 4714 1402 4773 IXIl'
1414 4711 1741 4775 Juaaeus2nnumera
1755 4717 1992 4792 aciccpopule

290 4838 374 4882 amn.
391 4851 413 4892 v,
428 4815 615 4876 humanum.
632 4811 710 4874 llinc
725 4811 759 4873 in
773 4812 892 4874 loanne
914 4809 1048 4872 habetur
1065 4833 1071 4870 :
1089 4810 1180 4871 Pater
1318 4830 1394 4869 rum
1416 4812 1453 4868 in
1474 4812 1528 4870 die
1552 4812 1625 4880 illc,
1640 4820 1672 4870 et
1694 4813 1844 4872 discerne
1860 4816 1988 4890 fideles.

226 4987 229 4996 ,
280 4905 315 4946 ²²·
429 4931 524 4976 omne
538 4911 696 4993 judicium
715 4909 803 4972 dedit
817 4906 908 4970 Filio.
925 4907 1105 4987 lternmque
1120 4905 1180 4968 ibi·
1233 4910 1546 4984 Responditrll'runt
1561 4911 1803 4971 aciesmnm'um
1814 4912 1991 4974 lominum

308 5035 367 5080 rasa.
379 5037 413 5080 ιι.
429 5012 502 5074 dem
518 5011 563 5073 ait
578 5009 722 5072 Salvator
735 5009 774 5071 de
790 5006 977 5087 semetipso:
988 5005 1076 5068 Sicut
1091 5004 1181 5066 Pater
1233 5016 1361 5066 centum
1377 5006 1533 5081 cleanthe
1547 5006 1666 5084 quibua
1681 5014 1748 5065 tres
1762 5015 1892 5068 tactum
1906 5012 1992 5086 fide-

429 5109 526 5174 babot
552 5109 651 5172 vitam
680 5108 714 5170 in
745 5105 927 5186 semetipso,
958 5104 1003 5166 sic
1032 5103 1121 5166 dedit
1149 5110 1181 5164 ct
1235 5106 1330 5173 lium,
1345 5105 1483 5182 reliquo
1497 5093 1609 5164 omnes
1630 5104 1828 5180 infidelium.
1843 5107 1992 5187 aratque

427 5209 508 5273 Filio
532 5209 631 5272 vitam
655 5208 773 5270 habere
798 5206 832 5267 in
857 5203 1038 5286 semetipso.
1060 5202 1100 5265 El
1118 5202 1180 5265 hoc
1235 5203 1404 5279 longitudo
1438 5201 1698 5280 uniuscujusque
1731 5203 1818 5262 acici
1850 5205 1991 5265 itineris

429 5309 582 5395 competit
601 5306 680 5373 lilio
701 5306 878 5370 secundum
902 5303 986 5387 quod
1011 5302 1094 5365 Deus
1117 5308 1177 5366 θεῖ.
1234 5301 1325 5363 mille
1342 5319 1519 5372 annorum,
1533 5299 1675 5360 latitudo
1696 5319 1773 5361 cero
1790 5304 1988 5382 quinpencc
