4309 6250
413 476 469 543 154
657 498 696 545 DE
717 498 880 547 uiduitatis
899 500 937 546 ur
957 501 1106 548 adnothus
1126 502 1153 546 ll.
1178 502 1206 546 V.
1229 501 1346 556 utum,
1368 502 1457 548 Lllilllt
1477 502 1518 548 tv.
1540 520 1581 531 -
1601 502 1674 547 ultr.
1697 504 1717 548 V

413 665 535 731 laterali
570 668 649 732 fecit
675 688 744 732 eam
778 670 900 733 sedere.
931 670 1026 733 llulto
1060 669 1163 751 magis
1178 668 1203 731 Α
1218 670 1443 748 Damascenus,
1470 678 1502 733 et
1531 671 1561 734 S.
1588 670 1764 735 Germanus
1791 670 1973 734 Constanti·

413 764 555 829 Christus
583 768 712 830 Matrem
741 787 830 831 suam
860 768 920 830 sihi
956 768 1093 831 totaliter
1124 788 1162 831 ac
1218 768 1423 850 napolitanus
1446 768 1589 847 antistes,
1617 770 1682 833 imo
1711 776 1743 831 et
1767 768 1798 831 S.
1825 767 1969 844 Cosmas,

414 862 630 945 singulariter,
663 865 726 927 imo
759 874 791 929 et
823 866 965 948 proxime
995 866 1028 927 in
1066 884 1163 947 regno
1218 866 1441 947 Apostolorum
1456 867 1582 929 vicinus
1596 865 1898 949 temporibusldem
1911 885 1975 947 per

413 961 523 1043 gloriae
544 962 688 1025 sociavit.
1218 964 1359 1027 diversas
1381 965 1591 1028 revelationes
1612 974 1776 1027 ostensum
1797 972 1856 1026 cst.
1878 962 1973 1037 Quod

356 1143 358 1147 Ι
453 1061 615 1139 Praeterea,
642 1080 705 1143 quo
731 1061 818 1125 filins
847 1064 949 1127 bonus
974 1082 1011 1127 ac
1037 1072 1160 1145 potens,
1218 1062 1314 1124 etiam
1333 1061 1489 1126 Honorius
1513 1064 1705 1126 anachoreta
1722 1062 1755 1124 in
1775 1080 1833 1125 suo
1851 1062 1976 1125 fatetur

413 1158 504 1222 dives
518 1178 554 1222 ac
570 1160 708 1242 sapione,
725 1169 858 1224 matrem
878 1181 968 1224 suam
988 1161 1162 1225 ferventius
1219 1159 1301 1223 libro
1315 1161 1354 1223 de
1374 1160 1532 1223 Laudibus
1553 1161 1744 1224 beatissimae
1758 1159 1911 1243 Virginis,
1929 1160 1973 1222 da

413 1266 509 1336 amat,
530 1277 568 1322 eo
587 1259 659 1342 plus
679 1260 794 1341 satagit
813 1268 846 1323 et
869 1261 999 1323 festinat
1023 1280 1093 1323 eam
1116 1281 1164 1323 re
1218 1258 1312 1339 cujus
1332 1259 1497 1340 preconiis
1519 1258 1688 1323 duodecim
1710 1259 1807 1322 libros
1827 1257 1971 1340 scripsit.

413 1375 592 1434 munerare,
609 1357 746 1420 exaltare
760 1358 880 1421 honore
896 1378 933 1421 ac
948 1359 1077 1441 praemio
1093 1377 1163 1440 quo
1218 1355 1364 1419 Albertus
1389 1356 1484 1419 etiam
1509 1358 1542 1419 in
1566 1357 1648 1421 libro
1669 1376 1727 1421 suo
1747 1357 1787 1419 da
1805 1356 1973 1419 Laudibus

413 1454 454 1516 ab
469 1455 538 1537 ipso
554 1455 739 1535 promeruit,
755 1464 910 1537 quantum
932 1457 1163 1520 rationabiliter
1218 1454 1441 1518 sacratissima
1476 1455 1616 1538 Virginis
1651 1456 1713 1519 hoc
1748 1453 1976 1537 multipliciter

413 1551 486 1614 fieri
503 1553 724 1632 potest.0uum
740 1553 838 1635 igitur
853 1554 1058 1617 serenissima
1072 1554 1162 1635 virgo
1218 1552 1331 1635 probat
1354 1561 1449 1635 atque
1472 1552 1625 1616 affirmat.
1647 1554 1720 1627 Quat
1743 1551 1852 1616 omnia
1870 1552 1973 1614 nimis

412 1648 507 1712 fdaria
528 1650 716 1714 meruerita
738 1651 818 1715 Filio
840 1670 897 1715 suo
921 1651 954 1713 in
980 1670 1112 1733 corpore
1132 1660 1164 1714 et
1219 1651 1374 1731 prolixum
1400 1659 1449 1714 est
1474 1651 1607 1714 recitare
1629 1675 1636 1713 ε
1658 1652 1697 1713 de
1721 1650 1838 1733 quihus
1861 1659 1973 1713 umen

412 1748 520 1810 anima
540 1748 783 1832 praeclarissime
804 1749 990 1831 glorificari,
1011 1758 1042 1813 et
1062 1750 1161 1812 Filius
1218 1748 1302 1811 infra
1325 1750 1469 1830 quaedam
1499 1756 1679 1831 tangentur.
1704 1749 1744 1811 llt
1769 1756 1891 1812 certum
1922 1757 1976 1811 est

413 1865 483 1909 eam
512 1846 805 1928 incomparabiliter
832 1857 917 1911 amet
943 1867 1008 1929 prae
1037 1848 1162 1910 cunctis
1177 1841 1201 1904 Β
1218 1848 1303 1927 quod
1324 1847 1430 1909 anima
1450 1848 1627 1911 naturalem
1649 1846 1891 1910 inclinationem
1914 1847 1976 1908 ha-

413 1943 548 2021 ereatis3
565 1952 689 2006 constat
710 1944 794 2026 quod
816 1964 886 2007 eam
902 1953 974 2026 post
995 1944 1065 2026 ejus
1080 1963 1164 2008 mor·
1218 1944 1273 2006 bet
1296 1945 1334 2006 ad
1360 1962 1477 2027 corpus
1502 1964 1608 2024 suum,
1625 1945 1722 2008 etiam
1746 1943 1853 2007 anima
1872 1944 1976 2026 glori-

413 2048 478 2104 tem
499 2041 645 2105 celeriter
668 2042 701 2104 in
724 2042 831 2105 anima
845 2051 887 2105 et
911 2062 1044 2125 corpore
1065 2044 1163 2106 subli-
1219 2042 1316 2105 ficata
1329 2043 1368 2105 ad
1383 2061 1500 2125 corpus
1514 2042 1976 2124 suumglorificandum,quod

414 2140 524 2218 mavit,
551 2140 725 2220 prasertim
753 2140 829 2221 quia
857 2140 917 2204 hoc
941 2142 1049 2204 decuit
1075 2161 1161 2220 eum,
1219 2159 1327 2202 secum
1357 2141 1447 2224 cupit
1473 2138 1662 2222 glorificari,
1689 2160 1749 2203 nec
1780 2140 1850 2203 sine
1881 2139 1975 2202 illius

414 2245 446 2300 et
462 2238 563 2318 potuit
577 2237 655 2299 illud
669 2260 676 2299 :
691 2237 754 2300 imo
769 2238 807 2299 ad
823 2237 949 2300 laudem
964 2248 996 2301 et
1010 2239 1163 2302 honorem
1218 2237 1453 2319 glorificatione
1467 2237 1666 2319 glorificatur
1680 2238 1902 2321 perfecte,nee
1917 2257 1976 2299 ve-

416 2342 538 2417 speetat
559 2335 670 2418 ipsius,
686 2335 770 2416 quod
789 2336 917 2398 llatrem
939 2356 1028 2399 suam
1048 2337 1165 2399 humil·
1219 2336 1312 2398 stitur
1339 2336 1531 2417 duplicibus.
1562 2336 1674 2399 Decuit
1701 2354 1777 2417 ergo
1809 2335 1975 2398 Christum

415 2432 525 2495 limam
542 2432 587 2496 sic
602 2432 785 2515 glorificare
799 2434 1162 2515 anticipavitrlmplius,
1220 2454 1284 2497 suae
1308 2434 1576 2498 obedientissimae
1601 2454 1638 2496 ac
1664 2433 1888 2496 sincerissimae
1908 2433 1978 2495 lda-
2133 2513 2134 2516 Ἴ

416 2530 499 2593 sicut
529 2550 599 2594 eam
630 2530 662 2592 in
691 2531 756 2594 vita
784 2533 843 2594 hac
872 2532 1076 2614 singulariter
1110 2552 1166 2614 per
1195 2532 1277 2609 ,tris
1300 2532 1476 2594 naturalem
1497 2531 1740 2595 inclinationem
1764 2531 1798 2593 in
1817 2530 1879 2594 isto
1897 2549 1977 2593 mox
2133 2577 2134 2634 ,

415 2629 499 2691 dona
526 2629 634 2710 gratia
658 2629 817 2707 exaltavit,
843 2649 977 2711 eamque
1001 2640 1109 2694 mente
1134 2639 1166 2694 et
1219 2631 1405 2711 adimplere,
1437 2637 1469 2692 et
1496 2648 1565 2692 eam
1601 2629 1695 2711 plene
1732 2629 1765 2691 in
1799 2628 1907 2692 anima
1942 2638 1979 2692 et
2133 2637 2134 2714 t

415 2746 548 2808 corpore
574 2726 784 2791 ineffabiliter
806 2748 842 2791 ac
865 2728 1164 2792 misericordissime
1220 2748 1353 2810 corpore
1376 2727 1531 2791 felicitare
1558 2750 1565 2789 ε
1593 2729 1632 2791 de
1656 2746 1720 2809 quo
1745 2736 1777 2791 et
1800 2726 1828 2789 si
1853 2728 1978 2790 vellem
2133 2723 2134 2766 t

414 2826 613 2908 adimplevit,
629 2826 777 2889 habitans
798 2827 830 2889 in
852 2828 952 2908 ipsius
975 2836 1085 2890 ventre
1100 2848 1165 2890 ma·
1219 2827 1376 2904 dubitare,
1393 2845 1457 2889 non
1481 2844 1620 2908 possem.
2133 2771 2135 2918 i

414 2924 580 3003 ferialiter,
602 2933 695 3006 atque
714 2925 747 2986 in
767 2926 867 3007 ipsius
888 2934 995 2987 mente
1017 2926 1165 3006 spiritua·
1260 2922 1322 2986 Cur
1336 2942 1411 3005 ergo
1430 2924 1640 3006 Hieronymus
1659 2924 1720 2987 hoc
1740 2923 1892 3004 relinquit
1910 2924 1979 2986 suh
2133 2921 2135 3056 p

414 3023 509 3103 liter3
535 3024 582 3085 sic
610 3023 871 3085 decentissimum
899 3023 997 3086 fuisse
1027 3024 1162 3101 videtur,
1184 3022 1317 3086 Cdubio
1346 3022 1378 3083 in
1407 3025 1575 3084 sermonet
1600 3022 1780 3103 Respondet
1809 3020 1975 3100 tilbertus,
2133 3059 2135 3116 p

414 3122 498 3204 quod
519 3121 621 3202 ipsam
642 3130 714 3204 post
736 3122 833 3184 vitam
857 3121 939 3184 hanc
962 3121 1166 3202 singulariter
1220 3120 1305 3202 quod
1329 3119 1412 3197 ideo,
1428 3120 1579 3200 quoniam
1599 3120 1740 3202 loquitur
1759 3128 1796 3182 ut
1813 3118 1978 3201 interpres

415 3239 452 3283 ae
467 3220 610 3301 plenarie
625 3239 682 3302 per
696 3220 779 3283 dona
793 3219 900 3300 glorias
916 3219 1109 3282 sublimavit.
1221 3220 1391 3301 Scriptura
1407 3243 1414 3281 ε
1431 3219 1659 3301 propterquod
1683 3218 1786 3281 noluit
1806 3217 1978 3280 affirmare

455 3319 588 3395 Rursus,
611 3325 645 3379 ut
665 3319 709 3380 ait
727 3317 946 3398 PhilosophuS,
963 3317 1037 3396 diis,
1054 3337 1167 3400 paren·
1221 3317 1283 3380 nisi
1305 3318 1390 3397 quod
1405 3336 1462 3398 per
1475 3317 1577 3378 biblia
1591 3323 1640 3379 est
1653 3335 1849 3398 expressum.
1865 3319 1980 3397 Augu-

415 3417 500 3478 tibus
520 3435 557 3478 ac
576 3415 735 3497 magistris
757 3433 822 3478 non
841 3424 944 3497 potest
964 3415 1051 3478 reddi
1070 3417 1167 3497 aequi-
1221 3416 1324 3478 stinus
1345 3433 1431 3492 vero,
1449 3415 1541 3497 cujus
1560 3414 1731 3477 auctoritas
1751 3433 1815 3476 non
1840 3423 1889 3477 est
1911 3415 1980 3476 mi·

416 3515 537 3577 valens.
568 3513 606 3575 Et
638 3513 785 3595 quamvis
817 3513 878 3576 hoc
910 3514 943 3575 in
977 3512 1101 3577 Christo
1136 3523 1168 3577 et
1221 3533 1280 3576 nor
1301 3531 1396 3594 quam
1416 3513 1610 3593 Hieronymi,
1628 3511 1768 3592 loquitur
1786 3521 1821 3574 ut
1841 3512 1981 3574 investi·
2133 3516 2134 3593 ]

416 3612 512 3675 fdatre
537 3613 607 3694 ejus
636 3611 780 3693 virginea
809 3610 946 3693 patiatur
970 3610 1165 3692 instantiam,
1221 3621 1312 3692 gator
1334 3609 1556 3691 expositorque
1582 3610 1751 3690 Scriptura
1773 3633 1781 3671 :
1803 3609 1923 3672 idcirco
1945 3619 1982 3673 et
2133 3596 2134 3629 ³

417 3711 518 3774 nihilo
533 3710 640 3772 minus
656 3711 695 3772 ad
710 3709 946 3791 gratitudinem,
964 3709 1165 3792 probitatem,
1223 3709 1309 3770 istud
1325 3708 1469 3788 asseruit,
1485 3708 1569 3788 quod
1591 3727 1629 3770 en
1648 3707 1821 3788 Scripturis
1839 3707 1880 3770 fit
1899 3725 1982 3770 con-

416 3808 639 3871 liberalitatem
655 3816 687 3870 et
707 3807 913 3870 dilectionem
934 3807 987 3870 Dei
1010 3805 1167 3870 incarnati
1224 3825 1372 3887 sequens,
1389 3806 1477 3868 nulla
1499 3804 1622 3868 ratione
1641 3812 1695 3868 aut
1713 3805 1903 3868 auctoritate
1927 3824 1982 3867 rc-

416 3906 578 3989 pertinuit,
600 3906 684 3987 quod
707 3905 1007 3968 affectuosissimam
1031 3925 1066 3968 ae
1089 3905 1168 3967 fide·
1222 3913 1394 3989 pugnante.
1418 3902 1561 3966 Ecclesia
1585 3922 1712 3985 quoque
1735 3921 1802 3967 non
1824 3903 1983 3966 determi-

417 4005 583 4082 lissimam,
615 4003 909 4066 obedientissimam
937 4022 974 4065 ac
1003 4003 1168 4066 virtuosis·
1222 4001 1311 4064 navit
1325 4001 1408 4064 istud
1424 4021 1493 4064 esse
1509 4001 1568 4064 sub
1583 4001 1681 4064 dubio
1697 4000 1946 4082 relinquendum
1968 4025 1977 4062 :

416 4103 531 4165 simam
547 4121 637 4164 suam
659 4101 788 4163 Matrem
811 4109 897 4162 muta
913 4099 1167 4165 remuneratione
1221 4100 1340 4164 idcirco
1363 4118 1427 4163 non
1449 4098 1595 4181 prohibet
1617 4099 1701 4163 istud
1722 4118 1875 4162 asserere.

416 4209 448 4263 et
466 4199 567 4282 gloria
585 4198 732 4281 protinus
752 4197 930 4276 honoravit,
953 4199 1079 4280 quantis
1098 4195 1208 4281 ipsaD

416 4296 602 4380 premeruit,
619 4296 684 4359 irno
705 4303 737 4358 et
757 4296 850 4372 ultra,
873 4303 966 4376 prout
987 4316 1087 4378 capax
1108 4297 1169 4359 fuit

416 4415 456 4479 ac,
469 4395 586 4457 decuit.
605 4393 715 4456 lleruit
735 4401 841 4455 autem
864 4394 896 4455 in
919 4394 1025 4457 anima
1046 4402 1078 4458 et
1099 4415 1168 4458 cor·
1441 4371 1687 4435 ARTICULUS
1711 4371 1754 4432 V·

417 4512 494 4576 pore
522 4491 697 4574 &mimmii
732 4491 915 4574 l'lffiliSSlffle
946 4516 953 4554 ²
984 4512 1057 4556 ¹⁰⁰¹
1092 4513 1167 4576 “8⁰
1221 4525 1276 4583 An
1299 4542 1341 4580 ea
1365 4523 1472 4581 verbis
1496 4518 1610 4594 mapni
1632 4527 1663 4577 et
1686 4519 1797 4577 sancti
1817 4519 1981 4595 Dionysii

417 4611 488 4655 eam
508 4591 687 4654 adorandus
707 4590 806 4652 Filius
825 4590 869 4652 iia
887 4590 1093 4672 glOl'lflCflVlf.
1262 4619 1358 4689 queat
1383 4610 1535 4685 probari,
1556 4616 1796 4666 sacrosanctam
1819 4609 1980 4666 dulcissi-

457 4689 502 4752 Ad
518 4689 602 4770 quod
618 4688 817 4770 probandum
832 4697 964 4770 possent
974 4689 1082 4752 multae
1097 4709 1168 4752 con·
1263 4717 1412 4777 mamque
1430 4697 1576 4758 Mariam
1595 4697 1633 4754 in
1651 4712 1786 4771 corpore
1804 4704 1833 4754 et
1857 4697 1980 4755 anima

418 4787 537 4850 similes
561 4787 700 4850 rationes
726 4785 872 4869 proferri.
895 4785 972 4849 Nam
997 4795 1029 4850 et
1054 4787 1085 4850 S.
1108 4787 1169 4850 Au·
1262 4794 1549 4861 esseassumptam.

418 4885 565 4967 gostinus
580 4885 640 4948 hoc
662 4885 767 4966 ipsum
790 4883 1019 4948 rationabiliter
1041 4903 1169 4966 persua·

270 5004 407 5059 cccxxxv,
418 4985 472 5047 det
502 5006 509 5046 ε
541 4983 633 5064 cujus
660 4991 848 5065 argumenta
876 4982 952 5044 satis
981 4991 1054 5044 sunt
1082 4991 1165 5045 nota.
1293 4984 1420 5046 ONND
1444 4981 1602 5043 Dominus
1628 4981 1708 5056 fecit
1731 4983 1869 5041 Serretes
1897 4999 1979 5044 suos
2004 4997 2118 5040 seam.

269 5067 370 5172 {w
383 5071 405 5110 ⁰²
418 5083 503 5146 Idem
519 5081 637 5144 fatetur
654 5089 687 5145 et
706 5081 820 5144 asserit
840 5081 1065 5144 devotissimus
1085 5101 1170 5142 sum·
1305 5099 1467 5140 enarrare
1486 5079 1598 5137 omnia
1619 5079 1791 5136 mirabilia
1811 5097 1882 5146 sua,
1900 5099 1981 5156 quoe
1996 5063 2032 5104 ¹⁷·

420 5200 480 5243 mut
513 5179 616 5243 llariae
653 5180 756 5242 cultor
794 5188 826 5242 et
866 5197 945 5259 puer
978 5179 1166 5258 Bernardus,
1221 5178 1430 5255 confirmavit
1444 5177 1604 5238 Dominus
1623 5176 1826 5250 omnipotens
1845 5177 1982 5237 stabitis

420 5278 625 5343 doctissimus
663 5296 789 5360 quoque
829 5277 995 5360 theologus
1033 5277 1170 5341 loannes
1225 5277 1262 5336 in
1278 5276 1389 5354 gloria
1407 5271 1543 5334 sucfln
1563 5273 1666 5335 Aurea
1681 5271 1822 5354 legenda
1845 5271 1984 5338 Sancto-
