4309 6250
512 509 631 557 cunrat
651 509 820 557 rmnortu
840 507 1013 567 usnemu,
1035 509 1124 558 ursan
1146 513 1165 558 t.
1188 529 1230 542 -
1249 511 1319 558 tar.
1343 515 1364 559 x
1651 493 1712 559 255

162 696 233 740 esse
246 678 349 740 Deum
363 684 395 740 et
407 676 582 757 bominem,
594 677 783 761 quamplura
797 676 858 740 alia
872 697 910 740 ex
924 677 951 739 t
964 684 1034 740 ctus
1056 677 1153 742 lsaias
1178 681 1331 764 propbeta
1357 680 1502 764 predixit
1518 705 1526 744 ε
1552 683 1712 744 Viderunt
1727 691 1758 736 1·-
1770 704 1804 744 ιιι.
1816 696 1849 737 tt.

163 775 333 856 utriusque
360 775 552 838 Testamenti
581 775 747 856 scripturis
781 781 912 857 possent
963 797 1072 836 omnes
1087 779 1224 838 termini
1238 787 1336 839 terrae
1350 781 1508 842 Salutnre
1518 782 1581 843 Dei
1594 781 1710 841 nostri.

163 871 273 934 induci
288 895 297 948 ;
313 872 369 934 sed
383 890 486 954 pauca
503 872 617 934 istaes
635 871 745 934 multis
765 872 824 934 bac
839 873 910 934 vice
1002 873 1167 954 Praeterea,
1184 874 1217 937 in
1232 876 1360 940 exordio
1375 875 1517 955 Genesis,
1535 875 1589 939 ubi
1605 885 1713 939 nostra

162 968 342 1032 sufficiant.
964 972 1129 1036 translatio
1139 971 1246 1051 babet,
1257 977 1298 1035 In
1309 977 1478 1052 principio
1487 977 1611 1035 creavit
1626 978 1713 1037 Deus

963 1073 1078 1130 coelum
1093 1080 1123 1131 et
1139 1080 1275 1142 terram,
1291 1071 1444 1135 Hebraica
1466 1073 1582 1136 veritas
1596 1072 1710 1136 habel:

964 1167 1006 1226 In
1017 1169 1187 1244 principio
1197 1169 1326 1230 D'loltim
1343 1170 1467 1230 creavit
1477 1173 1591 1230 ciclum
1608 1179 1638 1230 et
1649 1179 1712 1230 ter·
1727 1179 1782 1224 om.
1794 1193 1808 1232 ι,
1824 1185 1843 1225 t.

376 1241 622 1305 ARTICULUS
648 1241 692 1304 X·
900 1247 906 1254 ’
965 1283 1048 1324 ram.
1064 1262 1189 1328 Elobim
1204 1284 1281 1329 vero
1295 1274 1343 1328 est
1362 1265 1485 1348 plurale
1500 1267 1597 1348 hujus
1612 1267 1712 1329 nomi-

156 1391 317 1450 Precatio
331 1409 372 1448 ex
385 1391 506 1448 eisdem
519 1391 707 1464 scripturis,
722 1392 809 1469 quod
822 1394 911 1452 Deus
965 1359 1028 1469 pis,
1043 1359 1091 1439 El,
1109 1362 1159 1424 vel
1178 1361 1308 1441 lleloba,
1325 1363 1409 1445 quod
1432 1363 1594 1446 significat
1612 1364 1712 1427 Deum

196 1487 342 1537 teter-nus
364 1497 402 1536 ac
426 1479 617 1538 adorandus
640 1479 684 1538 sit
709 1480 744 1538 in
770 1481 909 1538 essentia
965 1476 997 1518 ¹¹¹
1013 1459 1447 1542 ¹¹¹¹¹¹¹⁰¹⁰⁵¹¹¹U¹¹¹¹¹¹¹=0¹¹¹¹¹¹¹
1467 1462 1711 1544 ¹¹⁸s110¹¹⁰t⁵0⁸

197 1587 287 1626 um„
299 1585 339 1626 ας
351 1568 503 1642 ampla,
518 1574 548 1626 ec
565 1567 676 1627 mm
690 1569 858 1627 verissime
872 1569 909 1628 in
964 1554 1090 1632 dixerit,
1099 1556 1222 1620 Elobim
1237 1559 1368 1637 creavit,
1378 1559 1578 1641 coujungens
1593 1577 1711 1622 nomen

193 1657 359 1730 personis.
963 1651 1097 1733 pluralis
1115 1655 1239 1717 numeri
1258 1656 1356 1720 verbo
1378 1655 1503 1719 numeri
1524 1657 1708 1740 singularis,

963 1749 1054 1829 quasi
1069 1750 1201 1831 diceret,
1217 1751 1251 1812 ln
1266 1751 1424 1834 principio
1440 1752 1486 1814 Dii
1507 1753 1647 1833 creavit;
1664 1753 1712 1816 iu·

271 1847 482 1913 TAMENTUU
509 1857 604 1932 atque
638 1851 802 1914 volumina
836 1846 1203 1929 Pro-leuunvitquod
1220 1848 1252 1910 iu
1268 1849 1406 1931 simplici
1422 1851 1485 1914 Deo
1507 1851 1546 1913 sit
1566 1852 1710 1933 quadam

237 1947 406 2029 phetamm
429 1966 466 2009 ae
490 1948 710 2030 Evangelium,
733 1949 849 2029 quibus
874 1948 906 2010 iu
963 1945 1477 2028 distinctio,uounaturarum,sed
1495 1967 1711 2030 personarum.

158 2045 319 2108 Alcorano
342 2043 465 2107 stabilis
489 2044 576 2108 lides‘
596 2044 740 2108 adbiberi
765 2045 905 2128 jubetur,
1002 2043 1145 2125 Denique
1160 2045 1286 2108 trinitas
1301 2065 1507 2127 personarum
1521 2047 1554 2108 in
1570 2047 1633 2112 Deo
1648 2047 1713 2110 evi·

157 2143 362 2225 personalem
381 2141 619 2206 distinctionem
634 2143 668 2205 in
683 2144 757 2223 Deo,
773 2151 805 2205 et
820 2142 908 2206 trini·
963 2141 1076 2204 denter
1100 2142 1280 2205 insinuatur
1302 2143 1335 2206 iu
1363 2143 1453 2222 lsaia,
1480 2145 1534 2206 ubi
1560 2145 1676 2227 legitur
1701 2169 1708 2208 :

157 2249 257 2302 tatem
272 2258 479 2322 personarum
494 2240 527 2302 in
542 2241 635 2318 eo,in
651 2241 760 2303 multis
773 2241 909 2304 edocent
963 2243 1032 2317 Epo
1052 2243 1185 2317 primns
1213 2251 1243 2302 et
1268 2261 1323 2318 epo
1352 2245 1569 2312 novissimus,·
1593 2265 1711 2306 manus
1735 2260 1765 2306 n.
1784 2274 1855 2312 ιιιιιι,

156 2338 250 2402 locis.
962 2357 1089 2418 qaoque
1099 2359 1168 2398 mea
1181 2340 1340 2415 fundavit
1352 2343 1570 2402 terramNon
1584 2362 1604 2402 a
1616 2345 1710 2418 prin·
1725 2325 1757 2376 ¹²·
1775 2327 1807 2376 ¹³¹
1823 2327 1856 2368 ¹⁰·

195 2435 343 2517 Denique
362 2443 490 2499 mucius
509 2435 664 2518 propbeta
682 2441 716 2499 el
736 2455 790 2498 rex
808 2435 907 2499 David
962 2437 1047 2511 cipio
1067 2437 1103 2495 in
1123 2439 1308 2497 abscondito
1329 2441 1455 2498 locutus
1469 2459 1539 2499 sum
1550 2459 1564 2509 ,¹
1578 2459 1619 2499 ece
1635 2450 1710 2502 tem-

156 2533 250 2597 brevi
265 2533 425 2597 versiculo
444 2534 758 2616 superbeatisslmam
774 2533 908 2596 Trinita-
959 2551 1040 2609 pore
1057 2543 1233 2613 antequam
1250 2539 1357 2612 fieret,
1373 2537 1421 2594 ibi
1439 2556 1541 2597 eram.
1558 2535 1710 2618 [equitur

156 2641 223 2694 tem
248 2631 283 2695 in
304 2631 642 2714 supersimplicissimo
661 2631 726 2695 Deo
746 2632 909 2714 eleganter
962 2638 1068 2692 autem
1092 2631 1131 2694 de
1156 2631 1283 2696 datione
1309 2632 1388 2715 legis
1414 2633 1447 2695 in
1472 2641 1580 2697 moute
1608 2635 1707 2716 Sinai,

51 2763 68 2792 ι.
120 2765 142 2802 u,
155 2730 339 2813 expressit:
361 2731 458 2793 Verbo
481 2728 658 2811 (iuquiens)
678 2731 814 2793 Domini
835 2731 910 2790 coeti
961 2746 1032 2809 qun
1060 2728 1230 2792 manifeste
1254 2739 1302 2792 est
1328 2731 1412 2810 data,
1433 2739 1467 2793 ut
1492 2731 1588 2795 etiam
1610 2734 1708 2797 ludaei

153 2831 290 2907 firmati
311 2838 400 2898 sunt,
416 2836 446 2887 et
469 2830 594 2904 spiritu
616 2831 685 2888 oris
707 2829 780 2906 ejus
802 2831 909 2888 omnis
962 2825 1112 2889 latentur.
1128 2827 1235 2906 Porro,
1251 2829 1336 2909 quod
1352 2827 1413 2890 isla
1431 2829 1496 2892 sint
1511 2831 1607 2894 verba
1622 2830 1709 2894 chri-

154 2930 269 2987 eirtus
291 2945 404 2986 eornm
419 2946 432 2984 .·
450 2942 509 3006 per
532 2924 702 2988 Dominum
725 2923 907 3006 intelligens
962 2923 1015 3000 sti,
1032 2941 1088 2986 seu
1107 2923 1179 2986 Filii
1199 2925 1265 3003 Dei,
1282 2935 1405 2989 constat
1424 2945 1461 2989 ex
1476 2947 1515 2991 eo
1534 2930 1618 3009 quud
1638 2948 1710 3011 pro-

153 3025 257 3086 Ueum
281 3023 427 3099 Patrem;
448 3041 506 3104 per
528 3022 678 3100 Verbum,
703 3022 907 3103 unigenitum
925 3018 1049 3089 (ltiuus
1073 3020 1243 3084 subditur:
1261 3027 1303 3086 at
1323 3045 1412 3085 nunc
1434 3029 1595 3088 Dominus
1618 3030 1709 3088 misit
1723 3045 1824 3090 lesum.

153 3121 275 3184 Filium
290 3121 379 3203 ejus;
395 3121 616 3203 perspiritum
630 3120 695 3185 oris
709 3120 792 3201 ejus,
809 3120 907 3203 Spiri-
962 3140 1024 3189 me,
1052 3130 1084 3180 et
1112 3121 1252 3197 spiritus
1278 3123 1359 3201 ejus.
1390 3123 1461 3187 fluo
1493 3123 1581 3187 cuim
1613 3126 1709 3189 verba

153 3230 222 3282 tum
253 3220 416 3282 Sanctum.
438 3218 526 3282 Unde
555 3238 665 3281 rursus
693 3238 752 3301 per
778 3220 906 3283 beatum
961 3216 1058 3279 isaias
1076 3218 1232 3300 propbeta
1250 3220 1290 3282 de
1310 3239 1344 3283 se
1364 3220 1433 3303 ipso
1448 3240 1512 3286 uon
1527 3222 1618 3301 dixit,
1634 3225 1709 3305 quia

31 3336 139 3390 usura.
154 3318 356 3381 Psalmistam
375 3317 518 3398 loquitur
535 3317 619 3379 Deus
637 3318 728 3380 Pater
743 3340 751 3379 ε
769 3320 907 3379 Eructa-
963 3314 1030 3396 ipse
1055 3334 1118 3379 nou
1142 3316 1251 3379 aderat
1273 3319 1349 3380 dum
1376 3318 1425 3381 lex
1449 3318 1594 3401 dabatur,
1610 3339 1709 3402 quum

153 3416 540 3476 vitcormeumeerbam
556 3415 758 3485 meamhoc
772 3422 821 3476 est
835 3415 908 3477 Ver·
962 3431 1044 3494 pene
1068 3432 1126 3495 per
1150 3414 1239 3477 mille
1264 3434 1364 3479 anuos
1389 3418 1592 3498 postmodum
1616 3427 1709 3482 uatus

153 3512 232 3576 bum
255 3509 507 3575 substantialiter
528 3511 659 3574 bonum.
676 3512 719 3575 Ue
743 3529 807 3592 quo
827 3512 906 3575 dicit
963 3511 1014 3573 sit.
1038 3510 1073 3573 lu
1099 3511 1149 3573 bia
1175 3510 1282 3593 itaque
1311 3514 1415 3577 verbis
1439 3515 1581 3597 tangitur
1608 3516 1710 3581 deitas

31 3609 294 3675 mansionarios
311 3632 319 3670 ε
334 3608 370 3670 ln
389 3608 551 3691 principio
569 3617 638 3671 erat
652 3608 803 3673 Verbum.
818 3608 857 3671 Et
870 3610 905 3672 in
961 3608 1088 3688 Christi,
1104 3628 1202 3690 quum
1227 3610 1261 3671 iu
1285 3610 1355 3692 ejus
1378 3630 1513 3693 persona
1534 3614 1708 3677 asseritur:

31 3718 106 3773 taen,
118 3726 137 3766 s
151 3706 383 3770 Ecclesiastico
412 3730 420 3769 ε
450 3704 533 3769 Fons
560 3705 736 3789 sapientie,
766 3708 904 3771 Verbum
962 3706 1061 3788 «tago
1080 3707 1200 3789 primus
1220 3716 1252 3769 et
1266 3727 1325 3789 ego
1341 3710 1534 3773 novissimus
1551 3734 1579 3773 n.
1597 3712 1711 3793 'langi-

152 3804 209 3867 Dei
232 3806 268 3867 in
289 3803 434 3867 excelsis.
450 3804 510 3867 Sed
532 3812 565 3867 et
585 3805 625 3867 do
645 3804 765 3887 Spiritu
789 3805 905 3869 &neto
960 3812 1152 3887 torqueque
1167 3824 1302 3888 persona
1316 3806 1427 3886 Patris,
1443 3827 1541 3889 quum
1556 3810 1620 3871 ait:
1639 3832 1655 3869 n
1671 3810 1709 3873 Et

31 3916 138 3971 unuln
152 3902 313 3983 scriptum
340 3907 390 3964 est
411 3920 469 3983 per
497 3900 555 3964 lob
575 3924 583 3963 ι
604 3904 755 3977 Spiritus
778 3902 904 3965 Domini
961 3920 1046 3964 nuuc
1061 3902 1214 3966 Dominus
1234 3904 1322 3965 misit
1337 3922 1387 3966 me
1404 3927 1432 3967 ».
1450 3905 1508 3967 Sed
1525 3914 1555 3968 et
1571 3906 1707 3989 Spiritus

150 4002 291 4060 ornavit
304 4004 397 4061 coelos
405 4021 420 4069 ,·
433 4006 529 4079 atque
542 3998 576 4061 in
591 3997 673 4062 libro
686 3998 901 4063 Psalmorum:
960 4000 1093 4063 Sanctus
1119 4002 1317 4082 exprimitur,
1339 4021 1438 4084 quum
1463 4004 1590 4067 additur
1606 4029 1613 4067 :
1635 4028 1652 4065 a
1676 4016 1707 4069 et

31 4114 94 4166 uma
103 4120 136 4161 n.
150 4100 308 4167 limitem,
318 4096 462 4175 Domine,
475 4099 643 4173 Spiritum
657 4106 764 4168 tuum,
774 4108 804 4158 et
818 4119 906 4159 cren·
959 4098 1091 4179 spiritus
1106 4098 1176 4180 ejus
1192 4122 1221 4161 n.

151 4199 292 4257 buntur.
310 4196 354 4257 lla
367 4214 432 4277 quo
450 4196 565 4259 iterum
585 4194 718 4277 loquens
735 4195 901 4279 Propheta,
919 4204 944 4265 Ι)
998 4196 1161 4274 Praeterea,
1172 4197 1204 4257 iu
1220 4197 1354 4275 Psalmo,
1364 4198 1418 4261 ubi
1433 4198 1597 4279 babemus,
1607 4204 1704 4263 Dicit
1718 4222 1758 4267 r..
1773 4236 1814 4275 au.
1831 4228 1850 4269 r.

31 4310 59 4356 rs.
72 4327 90 4363 ι,
104 4318 136 4367 rs,
150 4293 258 4356 oravit
274 4316 282 4355 ι
299 4296 352 4354 Ne
361 4296 523 4370 projicias
536 4314 597 4363 me,
612 4296 763 4364 Domine,
777 4314 798 4353 a
815 4297 904 4371 facie
957 4295 1118 4355 Dominus
1132 4297 1272 4356 Domino
1287 4316 1366 4366 mee,
1382 4296 1547 4359 translatio
1562 4296 1705 4361 Chaldai-

31 4378 46 4415 ⁸·
150 4393 436 4467 tua,etspiritum
447 4400 700 4451 sanctuminunr
716 4394 904 4469 neauseras
958 4408 1006 4470 ca,
1022 4392 1106 4472 apud
1132 4391 1277 4454 Hebraeos
1302 4392 1495 4473 authentica,
1512 4393 1608 4457 babet
1625 4418 1631 4455 :
1648 4399 1705 4459 Di-

148 4510 248 4551 ame.
264 4491 378 4551 Redde
391 4490 477 4549 milti
490 4491 639 4549 lentitiam
659 4493 819 4550 salutaris
838 4494 899 4553 tui.
956 4491 1009 4548 mii
1033 4492 1194 4551 Dominus
1228 4492 1415 4552 Verbosae.
1443 4491 1480 4552 El
1504 4491 1703 4556 adverbum

147 4586 208 4649 Ubi
235 4606 294 4669 per
318 4586 455 4649 salutare
480 4586 545 4664 Dei,
562 4586 620 4649 rite
640 4586 797 4669 accipitur
814 4588 903 4651 Chri·
957 4586 1042 4649 istud
1063 4588 1145 4650 Deus
1169 4606 1241 4651 mox
1262 4588 1426 4671 loquitur:
1444 4593 1498 4652 lie
1517 4600 1610 4652 atero
1629 4602 1705 4653 ante
1718 4612 1775 4657 teu.
1787 4618 1807 4661 e.

147 4695 231 4765 stus,
248 4684 361 4747 mundi
377 4684 527 4763 salvator,
543 4684 577 4745 in
595 4703 659 4766 quc
679 4693 712 4747 et
730 4704 787 4767 per
804 4706 901 4768 quem
957 4688 1136 4762 luciferum
1152 4690 1256 4762 penui
1277 4696 1317 4747 te.
1335 4687 1392 4749 Ubi
1418 4706 1476 4770 per
1498 4697 1624 4751 uterum
1648 4690 1704 4753 Pa·

146 4785 234 4846 Deus
249 4784 353 4846 salvat
364 4800 583 4864 quoscumque
597 4782 708 4845 salvat.
726 4783 846 4847 idcirco
861 4786 901 4847 de
956 4782 1015 4844 tris
1029 4782 1217 4865 intelligitur
1232 4803 1322 4847 mens
1338 4784 1449 4867 ipsius,
1464 4786 1555 4867 juxta
1574 4788 1652 4851 illud
1668 4790 1701 4851 in

146 4880 250 4963 hujus
273 4880 427 4944 Salutaris
451 4882 589 4943 adventu
613 4880 801 4944 latabantur
827 4883 902 4947 Pro-
956 4880 1081 4943 Psalmo
1098 4906 1104 4942 :
1121 4882 1284 4944 Eructavit
1302 4901 1359 4945 cor
1377 4903 1483 4945 meum
1499 4886 1631 4948 verbum
1648 4888 1702 4951 bo·
1716 4905 1847 4959 remea.

146 4981 266 5062 phetes.
283 4980 400 5061 Deque
414 4986 447 5041 et
460 4979 587 5042 Simeon
601 4978 757 5061 justusne
773 4979 901 5044 timora-
956 4998 1043 5041 num.
1061 4978 1147 5041 Unde
1167 4988 1199 5041 et
1217 5000 1326 5042 rursus
1345 4981 1444 5044 Filius
1459 4982 1513 5044 Dei
1530 4982 1563 5045 in
1578 4984 1701 5049 Psalmo

31 5087 198 5151 'ammius
223 5078 366 5159 loquitur
390 5078 454 5140 Deo
481 5077 564 5140 Patri
591 5101 599 5139 :
633 5081 789 5140 Viderunt
812 5083 902 5140 oculi
955 5077 1099 5160 prolatus
1120 5082 1304 5139 :Dominus
1328 5083 1418 5140 emit
1443 5084 1487 5140 ad
1512 5102 1572 5152 me,
1592 5086 1702 5144 Filius
1716 5100 1755 5144 Po.
1767 5113 1789 5153 ιι,
1801 5102 1821 5147 ⁷.

31 5161 43 5199 ¹·
144 5180 214 5238 mei
226 5180 388 5239 Salutare
401 5180 607 5256 tuum,quod
616 5178 749 5252 parasti
761 5186 838 5237 ante
850 5180 900 5255 fa·
955 5196 1044 5236 meus
1068 5196 1101 5236 es
1126 5186 1174 5247 tu,
1190 5196 1246 5253 epo
1267 5178 1362 5237 hodie
1380 5182 1484 5255 penui
1504 5188 1543 5239 te.
1561 5179 1618 5241 Ubi
1644 5199 1702 5263 per

144 5279 230 5337 ciem
245 5275 394 5336 omnium
404 5278 614 5351 populorum.
629 5272 674 5337 De
692 5292 756 5356 quo
774 5281 807 5337 et
828 5294 900 5338 sau·
955 5296 973 5333 n
992 5271 1086 5336 bodie
1106 5294 1123 5331 u
1143 5272 1333 5354 intelligitur
1356 5274 1424 5336 dies
1449 5276 1644 5357 eternitatis,
1667 5278 1700 5341 in
