4309 6250
444 488 504 552 Μ
732 503 774 550 brt
792 502 898 550 iturus
919 497 1102 548 memneris
1123 497 1286 546 BBATORUH
1306 498 1339 546 tlt
1359 498 1482 547 rtrtttd.
1506 519 1547 530 -
1566 501 1637 548 All'l'.
1659 503 1701 548 XV

484 675 590 753 Porro,
606 674 675 738 hac
696 671 881 754 praescripta
904 678 1029 733 eterna
1050 667 1193 732 veritatis
1207 667 1232 730 Α
1248 668 1354 732 Sancti
1370 688 1408 733 ex
1423 677 1533 734 mutua
1547 670 1706 750 socictate,
1723 671 1905 754 intuitione,
1918 673 1992 740 dile

444 794 482 838 ac
516 792 648 838 summat
683 770 835 836 bonitatis
863 769 944 832 visio
972 767 1115 845 finitiva,
1146 775 1195 830 est
1248 767 1351 830 ctione
1373 787 1409 832 ac
1434 769 1658 833 communione
1675 794 1682 832 :
1699 771 1810 853 sicque
1833 772 1992 839 beatitudo

444 871 615 936 essentiale
629 869 797 953 praemium
811 869 998 946 electorum,
1008 883 1196 948 correspon-
1248 863 1308 927 ista
1325 866 1469 929 consistit
1483 866 1515 929 in
1536 876 1682 930 creatura
1696 869 1735 931 ad
1750 869 1931 934 Creatorem
1949 893 1993 936 re-

444 973 526 1035 dens
556 968 675 1033 fervori
704 965 846 1030 caritatis
878 965 1006 1044 divinae,
1038 963 1082 1026 ita
1110 962 1194 1044 quod
1247 962 1321 1042 lata,
1339 963 1370 1026 id
1385 972 1434 1027 est
1448 963 1481 1027 in
1495 965 1606 1028 ordine
1621 965 1691 1047 ejus
1712 967 1753 1033 cd
1773 967 1884 1032 Deum
1902 970 1993 1033 Polis

444 1075 564 1151 quanto
579 1066 653 1149 quis
671 1065 738 1147 jam
756 1065 856 1127 mum
880 1063 1044 1126 ardentius
1069 1061 1196 1143 purius·
1248 1059 1328 1123 sime
1349 1079 1477 1143 quoque
1500 1061 1635 1126 felicitas
1661 1063 1732 1145 ista,
1748 1084 1818 1146 quaa
1841 1076 1891 1130 est
1914 1068 1993 1132 acci·

444 1186 507 1250 que
531 1164 688 1244 dilexerit,
712 1170 800 1226 tanto
825 1181 899 1225 eum
924 1160 1043 1223 clarius
1072 1166 1193 1237 cernet,
1247 1158 1384 1222 dentalis
1399 1167 1431 1222 et
1446 1161 1635 1225 secundaria
1650 1181 1784 1243 merces,
1800 1164 1991 1229 consistitin

443 1274 540 1348 atque
563 1263 739 1346 jucundius
758 1261 871 1325 eodem
891 1260 1025 1322 fruetur.
1041 1258 1114 1322 llaec
1138 1257 1195 1320 ita-
1248 1256 1400 1337 adspectu
1421 1258 1627 1323 humanitatis
1652 1260 1778 1342 Christi,
1794 1271 1826 1326 et
1849 1263 1885 1326 in
1910 1265 1992 1327 omni

443 1385 505 1449 que
527 1373 575 1428 est
593 1363 657 1427 vita
675 1362 843 1426 Beatorum
863 1360 896 1422 in
921 1377 1020 1439 regno
1044 1357 1193 1422 coelesti:
1248 1354 1486 1436 pulchritudine
1520 1357 1591 1438 ejus
1619 1357 1761 1423 interiori
1790 1369 1821 1424 ct
1848 1362 1992 1426 exteriori

340 1523 347 1534 ,
442 1466 542 1529 Deum
558 1460 790 1526 incessabiliter
804 1459 934 1536 intueri,
951 1476 990 1520 eo
1003 1457 1196 1538 jucundissi·
1248 1453 1436 1518 accidentali
1455 1478 1462 1517 :
1478 1473 1549 1537 quas
1571 1457 1638 1521 sola
1661 1458 1806 1522 omnium
1829 1459 1992 1524 Beatomm

441 1583 493 1628 me
513 1562 589 1644 frui,
605 1560 712 1643 ipsum
734 1579 808 1622 cum
830 1555 1043 1621 inestimabili
1068 1555 1194 1618 fervore
1249 1552 1520 1634 pulchritudinem
1544 1554 1665 1634 vincit;
1691 1575 1751 1620 nee
1776 1557 1918 1640 cogitare
1943 1567 1993 1621 aut

441 1682 561 1743 amare,
577 1660 649 1742 ejus
662 1657 799 1721 infmitaa
816 1654 1007 1720 beatitudini
1030 1653 1195 1718 cordialis·
1248 1651 1416 1734 concipere
1431 1669 1600 1734 possumus
1619 1672 1714 1735 quam
1737 1655 1993 1720 deliciosissimus

442 1762 522 1825 sime
538 1759 751 1841 congaudere,
760 1757 867 1839 ipsum
882 1753 1084 1818 securissime
1100 1751 1193 1814 strin·
1248 1749 1309 1813 erit
1322 1749 1381 1812 iste
1395 1751 1576 1832 adspectus,
1593 1752 1767 1832 presertim
1781 1754 1883 1818 beatis
1899 1755 1994 1819 bomi-

441 1879 516 1944 gere
536 1879 572 1922 ac
593 1867 701 1921 tenere
720 1856 858 1935 totisque
882 1853 1004 1916 viribus
1029 1848 1230 1934 perfectis-B
1250 1847 1355 1926 nibus,
1380 1848 1436 1928 qui
1460 1868 1592 1932 corpore
1616 1850 1802 1932 glorificati,
1828 1855 1995 1938 corporali·

442 1960 523 2022 sime
547 1956 698 2034 revereri,
719 1974 738 2016 a
763 1952 911 2016 laudibus
935 1951 1006 2033 ejus
1029 1968 1194 2032 nunquam
1250 1947 1308 2009 bus
1322 1945 1423 2009 oculis
1437 1946 1627 2012 exteriorem
1641 1950 1784 2033 corporis
1799 1951 1915 2015 Christi
1929 1953 1994 2036 pul·

442 2077 580 2135 cessare,
597 2064 629 2119 et
650 2053 737 2117 omni
759 2052 844 2115 bono
865 2049 1003 2132 impleri.
1250 2045 1463 2109 chritudinem
1475 2047 1732 2130 intuebuntur,et
1746 2051 1786 2133 de
1801 2070 1864 2114 suaa
1879 2061 1994 2118 natura

483 2157 656 2232 Postremo,
687 2169 812 2214 summa
845 2149 1000 2230 perfectio
1026 2143 1131 2229 ‘qnam
1160 2146 1194 2208 in
1249 2143 1483 2226 glorificatione
1497 2145 1530 2208 in
1545 2147 1670 2211 Christo
1681 2147 1898 2214 ineffabiliter
1916 2151 1996 2214 laela-

444 2257 508 2318 vita
533 2251 682 2337 prasenti
706 2267 877 2333 possumus
901 2247 1058 2324 obtinere,
1083 2253 1131 2308 est
1159 2251 1195 2307 ut
1250 2243 1368 2306 buntur
1388 2263 1425 2306 ac
1444 2244 1562 2325 gratias
1581 2255 1688 2327 agent,
1706 2255 1737 2310 ct
1756 2248 1857 2330 ipsam
1883 2249 1994 2313 Christi

443 2354 519 2416 huic
534 2351 656 2415 eoelesti
672 2347 868 2414 felicissimae
889 2345 962 2408 vitas
982 2363 1068 2408 nune
1090 2343 1194 2425 quoti·
1250 2341 1477 2405 humanitatem
1493 2341 1758 2409 affectuosissime
1772 2346 1920 2429 diligent,
1927 2348 1996 2430 quia

443 2453 496 2516 die
515 2457 671 2534 quantum
694 2446 845 2531 possibile
866 2453 915 2508 est
929 2443 1191 2526 propinquemus,
1250 2459 1307 2522 per
1326 2459 1395 2502 eam
1415 2449 1447 2502 et
1465 2441 1535 2522 ejus
1555 2442 1794 2507 acerbissimam
1816 2446 1995 2528 passionem

442 2551 593 2614 videlicet
611 2572 618 2612 :
635 2544 896 2627 contemplationi
911 2542 966 2606 Dei
982 2561 1019 2604 ae
1040 2561 1194 2624 superno-
1251 2538 1361 2602 salvati
1393 2547 1478 2620 sunt,
1503 2547 1535 2602 et
1559 2548 1689 2623 propter
1715 2541 1903 2627 bonitatem,
1929 2566 1996 2610 san-

442 2668 525 2727 rnm,
558 2665 617 2730 per
648 2643 860 2707 illuminatam
893 2641 992 2704 fidem
1026 2659 1063 2702 ac
1100 2638 1194 2702 lumi·
1250 2637 1390 2700 critatem
1414 2655 1451 2700 ac
1477 2638 1748 2719 pulchritudinem
1773 2641 1855 2721 ejus.
1877 2643 1996 2707 Deinde

342 2723 349 2737 ⁶
442 2767 556 2812 nosnm
590 2742 753 2826 sapientia
786 2741 919 2819 donum,
949 2739 1193 2820 frequentaret
1250 2735 1411 2799 beatitudo
1431 2734 1491 2798 ista
1512 2744 1544 2798 et
1568 2737 1669 2818 gloria
1693 2738 1727 2800 in
1753 2739 1874 2804 visione
1901 2743 1996 2806 beata

441 2853 597 2927 quantum
621 2842 764 2905 valemus
786 2838 906 2921 jugiter
927 2837 1114 2914 insistendo,
1133 2835 1191 2898 soli
1250 2833 1384 2916 virginis
1405 2833 1506 2897 blarfae
1528 2835 1674 2899 consistit
1698 2859 1704 2898 :
1728 2855 1797 2919 quaa
1817 2838 1996 2904 beatissima

441 2944 506 3008 Deo
525 2941 667 3006 finaliter
686 2946 816 3022 propter
837 2956 871 3000 se
891 2955 969 3018 pure
988 2935 1190 3012 adherendo,
1249 2934 1345 3016 Virgo
1359 2933 1516 2997 indicibili
1533 2935 1733 3018 speciositate
1752 2946 1825 3019 post
1840 2938 1996 3004 Christum

442 3042 513 3124 ejus
541 3039 730 3104 suavitatem
758 3036 825 3118 jam
853 3033 1087 3117 pregustando,
1119 3051 1191 3095 eum
1208 3039 1230 3102 G
1250 3033 1440 3116 resplendet,
1467 3033 1674 3115 omniumque
1701 3034 1869 3100 Baatcrnm
1898 3037 1997 3102 oeulis

442 3140 584 3223 quotidie
598 3138 762 3203 ardentius
777 3134 950 3215 diligendo,
960 3133 1031 3214 ejus
1046 3131 1210 3195 felicitati.
1248 3132 1427 3215 gratissima
1441 3132 1729 3216 amabilissimaque
1744 3144 1944 3201 monstratur.
1955 3136 1998 3201 ln-

443 3249 475 3305 et
495 3240 604 3323 gloriae
625 3234 886 3319 congratulando,
903 3233 1009 3315 ipsum
1028 3231 1112 3295 intra
1135 3250 1194 3295 nos
1248 3229 1484 3312 effabiliterque
1504 3230 1691 3295 delectabile
1709 3232 1782 3315 erit,
1804 3234 1913 3299 videre
1932 3256 1999 3299 rnu-

443 3348 562 3403 sanctaa
585 3334 727 3401 carihtis
752 3332 891 3395 brachiis
916 3330 1138 3412 amplectendo
1157 3348 1194 3392 ac
1250 3338 1336 3393 tuam
1370 3328 1587 3408 dilectionem,
1620 3330 1876 3414 delectationem,
1911 3352 1996 3400 com·

441 3438 510 3502 zelo
531 3434 657 3500 fervido
677 3433 710 3495 in
735 3431 884 3496 omnibus
908 3429 1106 3509 honorando,
1126 3446 1195 3491 ora·
1250 3426 1442 3512 placentiam
1470 3426 1686 3511 unicnemqua
1714 3429 1789 3493 lesu
1817 3431 1934 3496 Christi
1961 3451 1997 3495 ac

442 3536 582 3600 tionibus
602 3552 639 3595 ac
666 3530 814 3595 laudibus
839 3528 909 3609 ejus
930 3527 1127 3591 incessanter
1145 3545 1195 3589 va·
1251 3525 1354 3589 hfatris
1374 3525 1446 3606 ejus
1467 3526 1630 3609 virginea.

443 3634 556 3698 cando.
580 3632 720 3713 equam
745 3627 824 3691 felix
847 3646 884 3689 ac
908 3624 1025 3689 nobilis
1050 3632 1099 3687 est
1122 3624 1195 3687 talis
1291 3624 1411 3686 Deinde
1425 3624 1586 3688 beatitudo
1606 3625 1666 3688 ista
1685 3634 1716 3689 et
1735 3627 1836 3709 gloria
1855 3630 1999 3693 consistit

444 3732 614 3815 vita‚sicnt
628 3738 662 3793 et
676 3724 1045 3810 incomprehensibiliter
1058 3724 1132 3786 vilis
1147 3732 1195 3786 est
1251 3724 1284 3785 in
1306 3722 1451 3787 omnium
1474 3722 1690 3804 angelicorum
1716 3725 1863 3789 ordinum
1886 3747 1925 3791 ac
1946 3729 1999 3792 be

295 3856 429 3907 remeat.
444 3852 552 3898 coram
575 3832 639 3893 Deo
659 3827 724 3890 vita
743 3824 899 3889 carnalis!
916 3824 1034 3905 ltaque,
1051 3822 1106 3904 qui
1129 3824 1197 3905 glo-
1250 3830 1374 3884 aterum
1401 3819 1569 3883 hominum
1603 3820 1726 3885 visione
1756 3823 1946 3889 clarissima.
1975 3826 1997 3889 0

300 3933 553 4009 rcrc.1.ra.riatur,
576 3930 609 3991 in
634 3926 769 3990 Domino
793 3922 969 4006 glorietur3
990 3930 1023 3985 ct
1045 3921 1192 4004 quistet,
1249 3939 1344 4002 quam
1358 3917 1627 4000 jucundissimum
1641 3919 1714 4000 erit,
1722 3920 1829 3985 videre
1843 3942 1880 3987 ac
1892 3943 1999 3988 nosce·

328 4480 407 4526 limat

443 4031 606 4095 videatne
621 4026 734 4103 cadat3
751 4031 783 4088 et
801 4042 864 4104 quo
886 4021 957 4103 quis
978 4020 1070 4103 plura
1090 4040 1109 4083 a
1131 4021 1194 4085 Deo
1250 4036 1283 4080 re
1308 4016 1586 4099 inexcogitabilem
1612 4018 1876 4101 magnitudinem,
1891 4024 1999 4086 multi—

443 4126 618 4211 gratiarum
633 4122 823 4189 charismata
837 4119 967 4183 sortitus
986 4127 1046 4197 est,
1062 4136 1100 4181 en
1122 4118 1194 4200 plus
1250 4114 1694 4198 tudinem,pulchritudinem‚
1703 4117 1945 4199 perfectionem,
1952 4120 1998 4184 di·

444 4224 643 4308 regradetur,
667 4229 764 4300 amet,
790 4220 953 4298 subdatur,
975 4217 1113 4281 obediat.
1135 4216 1193 4291 Qui
1209 4224 1234 4285 D
1249 4215 1402 4297 gnitatem
1417 4221 1449 4277 et
1463 4213 1595 4295 gloriam
1615 4214 1760 4278 omnium
1777 4218 1994 4299 angelicorum

443 4333 551 4388 autem
571 4322 603 4386 in
628 4323 696 4385 luto
714 4317 908 4383 carnalitatis
926 4325 958 4380 et
976 4316 1127 4380 vitiorum
1147 4316 1195 4397 ja·
1249 4313 1440 4397 spirituum;
1461 4312 1577 4375 intueri
1595 4314 1755 4395 quomodo
1774 4316 1994 4383 sacratissime

445 4422 635 4501 cetfoetore,
651 4416 878 4499 consurgatur
892 4424 940 4479 est
955 4414 1117 4499 poeniteat,
1134 4434 1192 4477 neo
1248 4412 1311 4475 illae
1335 4418 1458 4473 mentes
1482 4411 1521 4474 de
1549 4410 1659 4477 ordine
1685 4412 1739 4477 illo
1762 4414 1917 4479 altissimo
1943 4416 1995 4480 Se-

294 4559 344 4598 m,
358 4512 416 4591 η’
445 4518 669 4602 differatzquia
683 4516 841 4579 nescimus
856 4515 940 4579 diem
955 4515 1191 4596 nequehoram.
1248 4508 1372 4593 raphim
1400 4508 1434 4570 in
1463 4507 1517 4570 Dei
1546 4528 1653 4573 amore
1682 4512 1804 4590 ardent,
1835 4516 1994 4593 quomodo

1248 4606 1378 4690 spiritus
1405 4605 1544 4669 universi
1570 4602 1615 4670 de
1633 4608 1745 4671 ordine
1769 4609 1940 4675 Cherubim
1962 4614 1995 4675 in

1247 4708 1356 4769 Creato
1375 4706 1401 4768 is
1435 4705 1484 4767 sui
1517 4714 1592 4768 cut
1667 4706 1677 4767 l
1714 4707 1720 4720 “
1887 4710 1893 4723 ’
1933 4713 1940 4725 “

651 4773 896 4839 ARTIGULUS
914 4772 989 4837 XV·
1247 4725 1373 4884 lucent,r
1388 4812 1420 4867 et
1444 4804 1488 4867 ita
1512 4724 1555 4868 dbJ
1576 4708 1994 4891 abftbfiftbffiiscbarfgbslb'bli:

480 4931 550 5003 ,be
569 4926 768 4988 accidentali
784 4924 921 5000 proemio
940 4924 1129 4983 Beatoracm.
1246 4908 1319 4987 (nec
1342 4904 1475 4966 dubium
1500 4904 1576 4985 quin
1600 4902 1704 4967 infimi
1728 4908 1833 4988 angeli
1854 4908 1995 4991 pulchri-

1245 5005 1333 5084 tudo,
1348 5010 1478 5067 omatus
1499 5010 1532 5065 et
1552 5002 1714 5084 splendor,
1729 5006 1874 5069 omnium
1894 5007 1994 5091 hujus

511 5111 746 5180 CClDENTALE
772 5110 939 5193 premium
966 5108 1134 5172 Beatorum
1158 5106 1191 5169 in
1246 5102 1356 5166 mnndi
1385 5100 1558 5164 visibilium
1587 5121 1694 5165 rerum
1722 5103 1993 5185 pulchritudinem

525 5212 641 5277 summi
655 5210 749 5291 Regis
763 5208 892 5293 palatio,
908 5207 942 5269 in
957 5203 1080 5269 coelesti
1102 5223 1192 5287 para·
1246 5202 1386 5281 vincat),
1415 5200 1548 5282 insuper
1575 5200 1832 5266 beatissimorum
1861 5204 1993 5287 hposto

440 5314 523 5392 diso,
539 5319 588 5375 ast
602 5308 764 5374 beatitudo
783 5316 816 5370 et
833 5305 935 5389 gloria
956 5322 1052 5386 quarn
1072 5302 1192 5367 habent
1247 5302 1349 5367 lorum
1365 5306 1574 5379 venustatem,
1581 5300 1800 5365 excellentiam
1814 5311 1847 5366 et
1860 5305 1994 5387 gloriam
