4309 6250
489 502 607 551 comae
629 502 796 551 l’fflllilss
816 502 987 561 ΙΑΕΟΙΕΙΊ,
1010 502 1099 549 blm
1119 504 1162 551 lli.
1185 522 1226 533 -
1246 504 1317 551 AM.
1338 504 1393 551 11¹
1660 464 1718 553 irbi

170 692 254 733 ram.
283 672 315 735 Si
346 690 456 735 rerum
485 680 533 735 est
560 674 632 749 hoa,
662 672 714 735 vix
742 680 806 737 tota
834 674 957 737 terreri
974 680 1037 737 tam
1061 674 1240 737 fatuissima
1268 681 1371 752 sonat,
1396 681 1432 736 ut
1457 675 1561 757 pudor
1585 675 1626 737 sit
1648 694 1719 738 eam

168 768 348 833 habitabilis
377 770 482 853 capiet
515 770 705 851 judicandos
736 794 742 833 :
773 771 848 852 quia
883 772 916 833 iu
971 790 1111 852 narrare,
1131 781 1187 836 aut
1209 780 1321 836 contra
1344 791 1414 835 eam
1437 791 1582 855 arguere.
1598 773 1664 836 lmo
1688 780 1721 835 et
1816 834 1822 845 ,

167 866 334 931 latitudine
353 876 548 951 occuparent
569 868 706 951 spatium
728 868 850 931 itineris
869 888 917 933 se·
970 870 1003 931 in
1025 871 1182 935 Alcorauo
1205 871 1366 933 interdum
1390 872 1542 935 asseritur
1563 873 1649 954 quod
1673 871 1721 933 in·

167 964 293 1047 xaginta
313 966 451 1029 millium
473 984 650 1044 annorum;
667 966 721 1029 sed
743 974 830 1028 mum
851 985 916 1030 non
969 968 1189 1049 gradientibus
1213 969 1396 1051 paradisum
1419 969 1546 1032 dicetur
1568 992 1576 1031 :
1603 970 1720 1033 lntrate

168 1062 308 1126 creditur
335 1063 467 1127 latitudo
502 1073 593 1127 terre
627 1062 820 1141 habitabilis,
851 1064 916 1128 imo
971 1066 1044 1145 buo,
1064 1067 1119 1130 hio
1141 1066 1333 1131 eternaliter
1355 1066 1568 1149 permansuri.
1589 1067 1719 1131 blortem

168 1180 225 1224 nec
255 1162 431 1243 longitudo.
461 1161 624 1239 Praeterea,
654 1180 753 1243 quum
782 1162 816 1224 iu
845 1163 915 1226 loco
970 1181 1045 1245 ergo
1067 1182 1131 1228 non
1153 1163 1358 1227 verebuntur.

168 1258 244 1323 satis
269 1282 368 1344 parvo
393 1272 476 1327 stare
501 1262 625 1344 possint
651 1261 798 1325 homiues
822 1260 916 1323 innu-
1009 1260 1081 1323 llaec
1096 1270 1207 1325 contra
1224 1261 1408 1325 Doctrinam
1426 1262 1594 1325 llahometi
1613 1262 1720 1327 vanis-

167 1360 345 1439 merabiIes,
370 1380 434 1425 non
458 1370 507 1425 est
530 1360 702 1424 verisimile
725 1359 810 1441 quod
838 1367 915 1423 tunc
970 1358 1084 1423 simam
1099 1379 1136 1423 aa
1150 1361 1336 1424 mendosam
1347 1360 1485 1423 breviter
1499 1360 1617 1444 scripta
1631 1370 1716 1425 suut.

166 1458 315 1539 quelibet
336 1460 421 1523 acies
442 1468 537 1523 unte
560 1458 768 1539 longitudinis
789 1477 826 1521 ac
846 1458 915 1521 lati·

167 1556 286 1619 tudiuis
300 1566 385 1621 esset
400 1566 451 1621 :et
467 1557 494 1620 si
510 1564 604 1635 esset,
620 1557 781 1637 quomodo
795 1556 914 1637 singuli
1161 1580 1405 1645 ARTIGULUS
1428 1580 1522 1644 XIX·

150 1655 312 1718 'iudifflm
332 1658 429 1720 vem
443 1656 708 1737 uniuscuiusque’
725 1656 854 1737 pmpria
869 1654 915 1717 [⁸-
969 1710 1152 1785 Descriptio
1181 1712 1323 1769 extremi
1338 1712 1478 1787 judicii,
1503 1720 1534 1771 et
1557 1714 1597 1772 dc
1625 1714 1718 1775 modo

166 1763 213 1817 ⁰³
229 1754 262 1817 in
278 1755 360 1819 'ihm
376 1756 435 1867 ,Sibi
451 1756 642 1867 p⁰fri3⁰¹¹d⁰
653 1756 842 1867 “wadum
854 1754 914 1865 Ψ
1009 1816 1046 1857 ac
1060 1800 1177 1858 ordine
1191 1801 1262 1876 ejas
1280 1802 1456 1860 secandam
1476 1802 1666 1862 christianae
1681 1806 1719 1879 fi-

166 1853 242 1933 bon)
267 1852 413 1935 legentis,
440 1874 502 1917 nrsr
528 1855 600 1917 Deo.
619 1873 727 1917 omnia
750 1854 955 1935 possrbrlraB
1010 1888 1065 1945 dei
1079 1890 1260 1948 ceritatem.

167 1956 403 2031 agnoscunturt
426 1952 559 2035 Insuper
585 1951 748 2015 distinctio
772 1951 913 2015 acierum

169 2068 229 2112 nou
244 2050 307 2113 crit
321 2050 383 2113 nisi
398 2070 496 2133 penes
511 2050 624 2115 memte
639 2058 732 2133 atque
747 2050 912 2113 demerita.
1041 2046 1106 2110 UlA
1132 2047 1198 2129 jam
1226 2048 1407 2111 introducta
1434 2057 1483 2112 est
1509 2050 1658 2114 haeretica
1686 2059 1718 2115 ct

167 2148 237 2211 ldeo
259 2148 402 2212 Christus
420 2150 453 2213 in
469 2149 640 2231 Evangelio
655 2150 734 2212 duas
755 2150 917 2212 dumtaxat
973 2042 1207 2305 Qmeudosa
1225 2146 1369 2210 recitatio
1387 2148 1500 2211 llahon
1521 2149 1560 2211 de
1576 2158 1717 2213 extremo

70 2267 143 2311 narrt.
167 2248 250 2310 acies
262 2248 474 2330 ponit:unam
489 2250 849 2329 electorum,quosoves
864 2268 916 2330 ap
967 2242 1004 2325 ju
1028 2244 1102 2323 icio,
1119 2264 1204 2309 nunc
1225 2245 1317 2309 dccet
1337 2245 1477 2308 breviter
1492 2255 1621 2329 tangere
1640 2268 1718 2330 qua·

46 2342 82 2378 ¹¹⁸¹
95 2334 123 2373 ³³·
167 2346 274 2428 pellat,
291 2346 346 2427 qui
361 2346 490 2410 stabunt
503 2366 522 2409 a
536 2346 655 2409 dextris
669 2346 804 2425 ludicis;
820 2347 914 2410 aliam
970 2341 1042 2403 liter
1057 2343 1233 2405 secundum
1249 2344 1415 2406 veritatem
1430 2342 1574 2407 futurum
1589 2346 1641 2409 sit.

166 2445 384 2527 reproborum,
411 2464 490 2527 quos
515 2454 607 2509 vocat
629 2446 752 2524 hoedos,
778 2454 872 2527 atque
896 2466 914 2508 a
1007 2440 1157 2515 Quamvis
1171 2450 1277 2505 autem
1297 2442 1439 2505 Christus
1458 2452 1585 2525 tempus
1603 2444 1717 2526 judicii
1744 2469 1832 2515 uara,

166 2542 304 2606 sinistris
325 2544 446 2607 ludicis
468 2545 608 2607 stabunt.
969 2538 1113 2620 ignotum
1127 2559 1198 2603 esse
1212 2540 1368 2619 docuerit,
1384 2541 1491 2623 aliqua
1505 2550 1612 2605 tamen
1626 2544 1718 2625 signa
1730 2536 1864 2640 ἕξω·

202 2644 374 2704 Caaciude.
393 2645 572 2714 Postrema,
587 2644 737 2703 amnibus
751 2644 914 2703 creaturis
968 2636 1046 2699 illud
1076 2657 1270 2719 praecessura
1297 2657 1368 2702 esse
1395 2640 1539 2721 prodixit
1566 2663 1573 2703 :
1599 2642 1717 2724 quibus

164 2748 199 2799 at
212 2742 420 2817 descripsisti
432 2742 560 2811 divisis,
571 2742 654 2820 qaid
666 2746 722 2817 fiet
736 2743 776 2801 de
791 2743 915 2802 marte?
968 2735 1182 2815 venientibus,
1198 2744 1321 2799 certum
1335 2737 1397 2800 erit
1415 2738 1501 2801 diem
1519 2738 1633 2819 judicii
1653 2740 1718 2804 cito

162 2841 342 2915 Respondit
358 2860 370 2899 .·
384 2841 573 2901 Matabttar
593 2860 679 2899 mars
702 2842 739 2899 ia
753 2841 890 2900 arietem
900 2861 915 2909 ,·
967 2833 981 2895 l
983 2842 1123 2897 uturum.
1132 2835 1251 2916 ltaque,
1268 2835 1393 2900 Christo
1407 2837 1441 2898 in
1455 2837 1629 2919 Evangelio
1643 2858 1719 2902 con·
1732 2863 1833 2909 auat

163 2941 389 3017 adducantque
407 2958 477 2999 eam
495 2940 585 2999 iater
599 2940 796 3015 paradisum
815 2948 846 2999 et
866 2942 914 3000 ia·
968 2940 1114 3013 testante,
1130 2942 1204 2995 ante
1218 2932 1320 2997 finem
1339 2934 1451 2997 mundi
1467 2935 1574 2999 veniet
1587 2937 1717 3018 quidam

161 3037 310 3111 sanum,
335 3038 463 3115 eritque
490 3056 611 3113 magna
638 3038 797 3097 dissensio
825 3039 914 3098 inter
930 3039 951 3103 C
969 3032 1179 3113 impiissimus
1206 3040 1301 3114 atquc
1329 3032 1476 3096 fidelium
1500 3034 1718 3099 atrocissimus

162 3136 339 3214 attritasque
358 3137 480 3196 incolas
499 3137 642 3213 repiaais
657 3155 669 3194 .·
684 3155 761 3196 raam
772 3140 914 3212 papulas
967 3140 1152 3215 persecutor
1179 3151 1243 3214 pra
1270 3132 1421 3196 omnibus
1449 3134 1504 3214 qui
1537 3144 1611 3198 ante
1644 3155 1718 3200 eum

157 3234 315 3308 paradisi
327 3243 416 3294 meta
425 3235 660 3304 martis,raorti
668 3235 914 3295 machinabitur
968 3231 1110 3308 luerunt,
1132 3231 1285 3294 videlicet
1305 3231 1532 3312 Antichristus,
1555 3233 1610 3314 qui
1631 3233 1719 3296 Chri·

160 3350 265 3390 aecem
278 3351 295 3401 ,·
318 3333 500 3408 infernales
529 3351 604 3392 vero
627 3349 682 3409 spe
709 3333 837 3401 mortis,
861 3353 912 3392 sa·
968 3337 1051 3392 stum
1066 3349 1186 3392 essese
1201 3329 1391 3412 perhibebit,
1407 3337 1440 3392 et
1453 3349 1511 3413 per
1524 3330 1615 3412 signa
1629 3351 1718 3395 men·

156 3432 330 3505 perstitero
343 3431 416 3506 sore
436 3431 578 3506 capient.
593 3431 762 3510 Viacctqae
773 3435 913 3506 papatus
967 3427 1069 3508 dacia,
1090 3447 1148 3511 per
1166 3427 1431 3492 comminationes
1450 3437 1482 3491 et
1500 3448 1645 3507 munera,
1660 3449 1718 3513 per

156 3529 325 3602 paradisi,
345 3535 376 3586 et
400 3537 536 3588 mortem
560 3529 716 3588 occiderat.
733 3527 765 3590 Si
788 3527 849 3590 ista
872 3529 912 3590 ad
968 3526 1208 3608 praedicationes
1237 3527 1483 3609 simulatamque
1516 3529 1717 3593 sanctitatem

160 3623 299 3688 litteram
310 3633 406 3706 atque
422 3632 457 3687 ut
471 3633 586 3688 sonant
598 3624 911 3708 intelligantur,quid
968 3645 1003 3688 ac
1029 3626 1278 3706 persecutiones,
1303 3625 1368 3689 cito
1393 3626 1455 3689 sibi
1479 3626 1601 3689 alliciet
1623 3627 1717 3691 innu-

160 3724 287 3787 atultius
322 3743 359 3787 aa
393 3723 548 3806 puerilius
579 3723 644 3787 dici
678 3727 802 3806 potcstt
831 3725 911 3788 ltlors
966 3724 1138 3787 merabiles
1160 3724 1306 3806 populos.
1333 3725 1395 3788 lste
1417 3725 1631 3788 Antichristus
1659 3744 1717 3808 per

158 3841 311 3904 namque,
336 3841 436 3902 quum
465 3821 506 3884 sit
533 3821 671 3904 privatio
703 3841 762 3886 uec
790 3822 910 3904 aliquid
967 3840 1001 3884 se
1020 3823 1125 3904 ipsum
1144 3841 1182 3886 ac
1202 3841 1277 3885 suos
1301 3822 1465 3902 satellites,
1482 3842 1547 3905 pra
1565 3824 1715 3888 omnibus

156 3923 345 4003 positivum,
371 3921 530 4003 quomodo
559 3922 591 3983 iu
620 3921 752 3984 arietem
779 3940 911 3984 conver·
966 3921 1123 3984 hereticis
1147 3940 1184 3985 ac
1208 3919 1351 4002 tyrannis
1377 3922 1515 3998 restabit
1537 3922 1714 3987 Ecclesiam

157 4027 251 4100 tetur,
269 4039 372 4102 quum
392 4039 452 4084 neo
472 4019 622 4083 accidens
647 4020 680 4082 iu
700 4020 910 4084 substantiam
965 4019 1223 4097 Christianorum,
1249 4028 1282 4082 et
1305 4019 1471 4083 universos
1495 4020 1556 4084 sibi
1586 4022 1714 4085 credere

157 4128 252 4200 queat
277 4118 445 4182 convertit
470 4119 613 4200 Insuper,
639 4119 723 4200 quod
752 4138 811 4182 nec
840 4138 909 4182 esse
965 4137 1030 4181 non
1058 4118 1202 4181 volentes
1234 4137 1272 4181 ac
1307 4125 1480 4200 presentes
1514 4119 1648 4197 occidet,
1679 4119 1713 4182 in

156 4217 252 4281 habet
271 4235 334 4281 nec
350 4217 471 4296 vivere,
488 4216 517 4281 ei
539 4217 642 4282 occidi
663 4235 725 4280 non
746 4218 906 4282 convenit.
925 4220 1087 4282 litantum
1122 4217 1207 4299 quod
1242 4218 1281 4280 ad
1316 4217 1549 4298 aliquantulum
1587 4226 1714 4301 tempus

156 4315 321 4390 Quomodo
345 4334 422 4398 ergo
445 4316 601 4398 optabunt
625 4325 759 4380 mortem
784 4317 908 4380 occidit
965 4315 1058 4398 pauci
1083 4325 1178 4378 eruut
1204 4315 1376 4378 Christiani
1398 4315 1499 4379 iidem
1523 4317 1713 4382 catholicam

155 4415 314 4498 Amplius,
322 4415 511 4479 exsistentes
527 4415 560 4478 in
575 4415 722 4498 paradiso
737 4434 801 4478 nou
816 4423 910 4479 erunt
963 4413 1092 4498 publice
1113 4414 1330 4478 confitentes:
1347 4415 1507 4495 siquidem
1525 4414 1713 4480 Christianis

155 4513 397 4598 insipientiores
411 4514 637 4578 exsistentibus
652 4513 686 4576 in
701 4513 760 4578 hoc
776 4515 906 4578 mundo.
964 4512 1184 4578 constantibus
1198 4513 1436 4576 crudelissimas
1450 4513 1568 4577 inferet
1581 4523 1711 4595 mortes,

154 4613 256 4687 Quum
281 4632 360 4694 ergo
384 4613 544 4696 sapientes
565 4612 671 4675 seculi
689 4611 786 4694 hujus
806 4614 909 4676 sciant
963 4620 1057 4694 atquc
1072 4631 1131 4694 per
1144 4619 1245 4675 totum
1260 4613 1416 4674 mundum
1435 4631 1509 4676 suos
1529 4613 1634 4675 mittet
1653 4613 1714 4678 mi-

154 4711 279 4794 eosqui
297 4713 332 4774 iu
356 4711 502 4793 paradiso
523 4711 712 4793 exstiterint,
729 4730 793 4775 nou
815 4730 908 4793 posse
964 4711 1081 4774 nistros
1095 4729 1132 4773 ac
1147 4710 1380 4792 predicatores.
1396 4711 1475 4775 Hinc
1490 4711 1524 4773 in
1538 4711 1713 4794 Evangelio

155 4813 270 4892 occidi,
289 4811 347 4874 sed
363 4811 407 4873 ibi
424 4811 457 4872 in
478 4820 632 4874 aeternum
648 4811 824 4875 certissime
839 4832 909 4895 per-
964 4809 1104 4891 loquitur
1131 4808 1274 4871 Christus
1305 4831 1312 4870 :
1342 4808 1408 4871 Erit
1442 4818 1519 4874 tunc
1547 4809 1712 4875 tribulatio
1736 4827 1844 4874 aaran.

155 4929 348 4988 mansuros;
379 4909 411 4972 id
440 4909 545 4991 ipsum
575 4909 677 4972 scient
705 4910 760 4990 qui
789 4909 909 4974 luerint
963 4927 1090 4989 magna,
1113 4906 1216 4988 qualis
1240 4907 1281 4970 ab
1305 4906 1398 4970 initio
1426 4907 1536 4970 mundi
1561 4927 1627 4971 non
1650 4908 1713 4972 luit

155 5008 209 5072 ibi.
226 5008 298 5072 Non
324 5026 400 5090 ergo
422 5007 593 5071 formidine
614 5007 724 5071 mortis
745 5009 909 5071 machina·
963 5027 1023 5070 neo
1038 5007 1108 5070 erit.
1124 5006 1212 5081 Quod
1226 5006 1323 5069 etiam
1338 5005 1372 5067 in
1387 5006 1517 5069 Daniele
1535 5006 1712 5070 clarissime

55 5133 89 5172 aa.
101 5143 140 5176 aa.
155 5107 274 5172 buntur
288 5104 384 5170 arieti
400 5114 545 5169 mortem.
561 5105 685 5169 Dictum
706 5115 755 5169 est
769 5125 906 5189 quoque,
963 5107 1080 5189 legitur
1092 5105 1353 5188 praenuntiatum,
1361 5103 1507 5168 Gabriele
1520 5105 1713 5186 archangelo

154 5209 238 5290 quod
249 5207 380 5270 nullum
396 5203 627 5268 irrationalium
638 5204 825 5268 animalium
837 5215 910 5289 post
963 5206 1002 5269 ad
1024 5205 1187 5269 Danielem
1208 5203 1396 5287 prophetam
1417 5202 1565 5286 loquente
1583 5227 1590 5266 :
1606 5204 1642 5266 ln
1656 5203 1713 5267 illo
1731 5225 1859 5278 naama.

153 5307 313 5391 judicium
329 5303 403 5368 crit.
413 5303 584 5383 Postremo,
595 5303 661 5368 hac
676 5303 785 5368 fabula
799 5325 909 5371 revera
963 5315 1107 5390 tempore
1129 5312 1300 5386 consurget
1320 5303 1452 5367 llichael
1475 5302 1626 5386 princeps
1648 5322 1714 5367 ma-

279 5441 315 5494 Τ.
335 5441 376 5492 36.
1557 5437 1590 5490 26
