4309 6250
511 520 658 567 nrrsroaa
678 521 723 567 an
742 520 901 568 enuncians
921 518 1115 567 samanaeos.
1139 536 1180 551 -
1199 518 1271 567 sar.
1294 518 1340 577 ιιι,
1362 520 1394 567 ιι
1666 496 1726 564 filil

176 691 291 774 primis
319 692 452 775 satagite
474 696 586 775 pacem
609 691 727 755 babere
751 710 825 754 cum
847 690 923 771 Deo,
938 688 964 752 Α
979 690 1032 754 via
1045 698 1101 753 aut
1115 707 1178 753 non
1195 684 1351 773 potuisset
1372 684 1432 752 hoc
1454 688 1571 771 ipsum.
1588 688 1727 751 Tandem

176 789 341 873 implendo
365 790 520 872 quidquid
540 790 608 872 ipse
628 808 646 852 a
664 788 756 852 vobis
780 790 924 872 requirit,
979 808 1066 867 vero,
1084 790 1147 853 Deo
1172 788 1356 868 auxiliante,
1373 786 1544 870 triumphis
1565 786 1728 851 nobilibus

176 896 209 951 et
229 888 386 970 quidquid
410 908 576 971 perperam
600 897 706 952 actum
732 896 791 969 est,
814 889 925 952 idonee
979 888 1067 970 ipsos
1082 887 1241 971 oppressit
1257 911 1265 949 ε
1281 887 1365 951 sicut
1379 906 1441 952 non
1458 887 1561 951 solnm
1580 886 1682 949 fertur
1695 885 1728 948 in
1778 904 1780 911 ·

176 988 388 1053 emendando.
979 988 1116 1069 Speculo
1131 986 1300 1066 historiali,
1310 987 1365 1049 sed
1381 994 1412 1049 et
1426 986 1538 1049 doctor
1550 984 1604 1048 ille
1619 984 1730 1067 praeci·

980 1106 1073 1168 puus,
1090 1085 1276 1149 Guillelmus
1301 1084 1497 1164 Parisiensis,
1515 1084 1613 1149 refert
1635 1083 1668 1145 in
1693 1083 1730 1146 li·

981 1186 1038 1249 brc
1053 1186 1092 1247 de
1107 1184 1183 1247 Fide
1199 1192 1231 1247 et
1246 1185 1382 1267 legibus.
1398 1184 1469 1247 Haec
1485 1191 1591 1265 tango,
1608 1201 1673 1246 non
1694 1190 1730 1244 ut

383 1281 628 1347 ARTICULUS
655 1282 716 1345 ΠΙ.
980 1283 1176 1347 Christianos
1196 1291 1400 1365 perterream,
1417 1300 1528 1345 verum
1550 1288 1585 1344 nt
1605 1280 1730 1343 aviscn·

176 1424 270 1489 Quod
288 1440 411 1481 „0003oe
425 1422 482 1489 Μ,
496 1440 531 1480 30
546 1420 753 1496 pou-„imum
773 1426 925 1494 tempore,
981 1390 1033 1444 tur
1056 1391 1090 1445 et
1117 1382 1342 1445 difficultatem
1370 1381 1568 1463 perpendant
1595 1378 1727 1463 negotii,

215 1530 290 1570 ,um
309 1511 401 1569 omn,-
420 1510 596 1586 ,gaspentia
615 1518 645 1567 e,
662 1517 793 1577 comm,
809 1508 927 1585 absque
981 1480 1091 1562 sicque
1107 1479 1275 1544 efficacius
1291 1499 1324 1543 se
1339 1479 1520 1558 emendent,
1528 1486 1559 1541 et
1573 1478 1732 1561 gratiosis·

215 1601 388 1669 dilacione,
403 1599 570 1659 commune
587 1598 809 1657 emendationi
826 1616 864 1655 ας
879 1616 928 1655 re.
981 1580 1099 1641 simnm
1110 1578 1221 1641 Christi
1237 1578 1389 1641 auxilium
1404 1578 1571 1641 instantius
1585 1578 1731 1641 obtinere

214 1690 413 1767 formationi
427 1690 580 1748 insistere
593 1708 632 1747 ac
645 1689 787 1749 studere.
981 1685 1147 1742 conentur.

1021 1777 1184 1856 Praeterea,
1201 1784 1329 1839 sanctus
1355 1782 1486 1838 testatur
1509 1774 1728 1857 Hieronymus,

246 1875 297 1939 ΟΝ
317 1876 384 1957 jam
407 1876 553 1957 probare,
570 1875 624 1937 sed
646 1874 811 1955 deplorare
834 1891 926 1955 opor·
943 1877 1065 1957 liquod
1081 1875 1231 1938 Romanis
1245 1876 1348 1937 adhuc
1366 1874 1540 1938 idololatris
1560 1874 1642 1937 Deus
1664 1892 1731 1936 mo—

260 1984 316 2053 tet,
345 1974 431 2055 quod
460 1982 523 2037 tam
551 1992 675 2035 summe
709 1971 925 2034 necessarium
981 1975 1146 2037 narchiam
1171 1974 1331 2037 concessit
1351 1982 1481 2056 propter
1498 1992 1607 2037 corum
1633 1974 1731 2035 virtu-

177 2093 263 2137 nunc
279 2073 370 2135 situl
385 2072 554 2136 universus
575 2071 711 2153 populus
733 2068 927 2132 christianus
982 2082 1040 2136 tes.
1056 2073 1144 2147 Quod
1165 2073 1190 2135 si
1213 2082 1373 2154 quaeratur
1395 2072 1533 2153 qualiter
1556 2071 1730 2135 idololatris

176 2191 346 2236 asummc
371 2189 471 2253 usque
496 2171 535 2232 ad
561 2168 721 2246 infimum,
742 2188 814 2232 cum
840 2168 926 2231 omni
982 2172 1047 2235 illis
1076 2180 1222 2255 poterant
1250 2172 1354 2235 inesse
1384 2172 1527 2249 virtutes,
1558 2170 1729 2233 dicendum

176 2271 306 2350 annisu,
324 2269 448 2332 fervore
468 2289 506 2331 ac
527 2267 690 2349 vigilantia
712 2287 745 2330 se
767 2268 924 2344 emendet,
982 2270 1066 2353 quod
1083 2271 1215 2333 virtutes
1231 2271 1390 2334 naturales
1405 2278 1436 2332 et
1451 2269 1621 2350 acquisitas
1635 2268 1731 2332 babe-

176 2390 214 2433 eo
229 2370 314 2451 quod
328 2368 472 2432 Ecclesia
486 2386 550 2431 non
570 2365 673 2431 solum
695 2365 736 2429 ab
757 2365 929 2428 invisibili·
983 2367 1070 2431 bant.
1087 2368 1119 2431 Si
1142 2387 1217 2450 ergo
1242 2368 1375 2431 virtutes
1399 2367 1583 2449 hujusmodi
1608 2368 1733 2430 inerant

176 2470 236 2532 bns
262 2467 418 2544 hostibus,
446 2466 501 2528 sed
526 2485 545 2528 a
568 2463 776 2547 perfidissimi
801 2482 928 2545 qnoque
982 2466 1047 2529 illis
1062 2466 1248 2545 idololatris,
1265 2466 1364 2531 multo
1384 2466 1456 2549 plus
1476 2474 1609 2550 possunt
1628 2466 1733 2529 Sarra·

174 2566 344 2630 llahometi
359 2565 548 2644 cultoribus,
564 2572 629 2626 tarn
648 2562 872 2625 miserabiliter
888 2564 929 2624 sit
983 2566 1073 2629 cenis
1089 2575 1239 2647 tanquam
1256 2566 1349 2632 unius
1364 2566 1419 2629 Dei
1436 2565 1612 2629 cultoribus
1632 2564 1733 2647 quali-

175 2665 320 2742 calcata;
345 2672 376 2726 et
403 2663 501 2744 (quod
530 2661 714 2743 sanguineis
742 2660 928 2723 deflendum
983 2666 1182 2746 buscumque
1211 2665 1325 2727 inesse.
1352 2666 1434 2740 Quas
1462 2683 1573 2728 eorum
1598 2664 1732 2727 virtutes

176 2772 226 2826 est
252 2762 409 2841 lacrimis)
433 2781 518 2824 nnnc
543 2770 679 2842 quatuor
702 2758 929 2841 patriarchales
984 2764 1066 2825 Deus
1103 2762 1137 2825 in
1164 2764 1312 2846 praesenti
1347 2764 1509 2825 dumtaxat
1538 2770 1729 2841 remunerat,

175 2861 327 2925 Ecclesiae
341 2862 382 2923 ab
397 2860 460 2923 illis
476 2867 603 2922 vastate)
618 2866 692 2921 sunt
710 2883 717 2920 :
734 2858 788 2940 qui
805 2865 836 2920 et
851 2878 930 2940 prae·
984 2880 1082 2943 quum
1098 2880 1161 2925 non
1178 2862 1242 2924 sint
1257 2862 1389 2924 virtutes
1406 2861 1575 2925 meritoriae
1597 2870 1628 2922 et
1650 2859 1734 2923 infu-

177 2967 311 3023 sumunt
325 2980 360 3021 se
373 2960 548 3022 Romanam
563 2975 685 3039 quoque
701 2955 875 3019 Ecclesiam
891 2976 928 3019 ac
985 2979 1037 3021 sa.
1056 2960 1172 3041 Sicque
1188 2968 1317 3042 propter
1330 2980 1384 3022 eas
1399 2960 1545 3022 concedit
1559 2958 1606 3023 cis
1625 2960 1734 3040 justis·

176 3060 355 3123 Romanum
370 3057 537 3139 imperium
553 3076 618 3118 suae
632 3056 747 3119 ditioni
767 3054 966 3139 subjectu-C
986 3058 1086 3120 simus
1105 3059 1248 3121 omnium
1273 3058 1371 3121 ludex
1395 3058 1548 3140 quasdam
1574 3056 1732 3120 interdum

176 3179 241 3222 ros.
262 3159 301 3221 lit
322 3165 407 3221 certe
426 3165 514 3218 tanta
531 3165 580 3219 est
604 3157 697 3220 modo
722 3155 929 3219 occidentalis
985 3159 1174 3241 temporales
1190 3158 1349 3236 victorias,
1366 3159 1461 3220 etiarn
1478 3167 1588 3222 eontra
1606 3158 1730 3221 fideles.

176 3256 276 3338 hujus
291 3255 440 3320 Ecclesiae
453 3254 644 3318 deformatio
664 3275 701 3317 ac
723 3255 826 3334 ruina,
843 3262 930 3316 tanta
984 3257 1107 3320 ideirco
1122 3257 1160 3319 ad
1180 3257 1424 3339 expugnandum
1445 3258 1646 3336 Sarracenos,
1663 3275 1733 3338 spe-

177 3353 343 3418 christiani
378 3353 485 3435 populi
523 3353 620 3433 hujus
654 3353 808 3416 vitiositas
836 3362 929 3433 atque
986 3356 1110 3418 cialiter
1124 3355 1321 3418 necessarius
1336 3364 1384 3418 est
1398 3355 1583 3418 Christianis
1599 3355 1690 3418 favor
1703 3363 1735 3416 et

176 3454 354 3536 corruptio,
380 3461 416 3514 ut
439 3453 479 3514 de
503 3453 616 3533 grandi
645 3453 800 3534 periculo,
827 3460 930 3534 strage
985 3454 1170 3516 adsistentis
1189 3453 1255 3516 Dei.
1273 3455 1355 3529 Quos
1376 3453 1512 3535 qualiter
1533 3452 1732 3532 obtinebunt,

177 3552 302 3634 ingenti
318 3550 561 3633 dejectioneque
576 3551 714 3614 maxima
733 3571 796 3615 nnn
813 3552 931 3616 medio
985 3552 1047 3613 nisi
1063 3553 1152 3632 juxta
1167 3551 1358 3632 evangelicae
1372 3551 1453 3632 legis
1473 3559 1615 3614 tenorem
1630 3549 1735 3612 Omni-

177 3652 279 3714 criter
292 3649 334 3712 sit
347 3651 535 3729 verendum,
552 3649 614 3712 nisi
628 3649 771 3713 Ecclesia
785 3670 823 3712 ea
837 3651 931 3712 vehe·
986 3651 1107 3733 potenti
1131 3669 1203 3712 vere
1224 3650 1398 3713 obedianti
1741 3635 1748 3644 ⁵

179 3757 306 3813 menter
336 3768 370 3810 se
405 3748 554 3830 corrigat,
586 3748 843 3829 christianusque
876 3767 931 3830 po·

179 3848 288 3932 pulus,
317 3846 484 3930 potissime
513 3846 632 3929 praelati
663 3867 736 3908 cum
766 3847 863 3925 clero,
893 3867 930 3910 ac
1197 3879 1442 3943 ARTIGULUS
1466 3877 1523 3941 Ν.

180 3947 344 4031 principes
358 3955 390 4009 et
403 3945 540 4010 officiati
555 3964 719 4026 eorum,se
734 3947 766 4008 in
781 3946 931 4008 omnibus

178 4047 279 4128 digne
301 4044 487 4108 reforment.

220 4144 374 4225 Denique,
402 4151 545 4223 tempore
571 4142 675 4224 lfagni
703 4141 804 4204 Caroli
835 4141 929 4222 regis,

179 4243 333 4306 videlicet
346 4250 419 4304 ante
435 4249 599 4304 sexcentos
613 4259 714 4303 annos
729 4249 780 4302 aut
795 4239 929 4318 circiter,

179 4342 347 4407 sarraceni
361 4340 556 4422 Rispaniam,
570 4339 734 4401 franciam
749 4346 844 4419 etque
858 4338 933 4401 Ger-

178 4442 321 4506 maniam
336 4441 559 4520 impleverunt.
576 4438 615 4500 Et
629 4437 775 4520 quamvis
791 4438 858 4520 ipse
880 4458 931 4500 rex
1048 4436 1186 4498 EGlTUll
1202 4443 1315 4516 quarto
1330 4437 1735 4518 Regum,quemadmcdum

179 4541 314 4605 &retus
333 4538 430 4601 fuerit
454 4544 583 4605 sauctus
603 4536 663 4614 vir,
680 4555 716 4598 ac
742 4536 932 4600 fortissimos
1062 4534 1201 4616 optimus
1221 4553 1276 4596 rea
1294 4533 1394 4596 losias
1419 4535 1515 4598 scidit
1539 4555 1603 4618 prae
1628 4537 1735 4601 dolore
1751 4549 1886 4602 tt'oecuu.

180 4642 263 4721 (imo
279 4637 423 4701 leonibus
439 4635 587 4699 fortiores
606 4645 639 4698 et
657 4634 773 4715 aquilis
796 4634 933 4698 velocio-
988 4633 1179 4696 vestimenta
1194 4651 1261 4709 sue,
1278 4650 1377 4712 quum
1394 4633 1608 4698 exauditione
1628 4635 1737 4700 lectio·
1753 4615 1822 4656 ΜΟ·

183 4740 249 4815 res)
269 4735 435 4818 palatinos,
453 4733 599 4810 barones,
616 4732 734 4794 milites
755 4752 792 4794 ae
814 4751 934 4814 pugna·
988 4732 1040 4794 nis
1054 4731 1126 4794 libri
1144 4731 1224 4812 legis
1240 4731 1380 4794 llosaicae
1396 4732 1626 4798 considerasset
1641 4754 1735 4816 qnam

987 4013 1139 4080 Qualiter
1155 4013 1395 4086 procedendum
1417 4012 1460 4068 sit
1479 4011 1570 4070 modo
1592 4012 1636 4068 ael
1652 4027 1737 4085 prce-

1027 4109 1147 4160 tactam
1174 4101 1429 4158 emendationem
1453 4100 1662 4176 condz'pnem,
1688 4119 1738 4157 re·

946 4239 971 4300 D
1025 4190 1321 4266 sor-›ourionemque
1342 4192 1527 4263 penerolem
1554 4191 1654 4248 totius
1679 4191 1737 4250 Ec-

1026 4279 1132 4338 clese'o‘
1146 4298 1201 4338 seu
1214 4279 1331 4354 populi
1344 4279 1530 4340 christiani.

181 4847 270 4900 tores
284 4833 440 4912 habuerit,
454 4831 692 4914 copiosissimos
707 4849 832 4913 quoque
847 4850 934 4893 exer·
989 4831 1128 4912 graviter
1147 4839 1253 4911 patres
1276 4829 1323 4892 sui
1350 4849 1385 4891 ac
1411 4830 1547 4911 populus
1572 4835 1660 4912 regni
1687 4835 1735 4897 sui
1835 4883 1842 4891 .

181 4935 266 4998 citus
302 4932 511 5009 bellatorum,
541 4938 680 4993 attamen
714 4929 791 4991 satis
820 4931 933 4992 sudare
989 4930 1087 4991 ileum
1110 4927 1323 5006 offenderant,
1341 4937 1372 4990 et
1393 4936 1538 4990 metuens
1564 4929 1642 4991 iram
1668 4931 1734 5012 nei,

181 5039 314 5098 coactns
330 5037 388 5107 cst,
401 5037 433 5091 et
446 5048 511 5091 non
526 5028 589 5091 nisi
605 5027 865 5104 laboriosissime,
879 5049 935 5110 pcr
990 5028 1077 5090 misit
1113 5027 1293 5108 superiores
1322 5027 1369 5088 sui
1398 5026 1507 5108 palatii
1536 5028 1574 5090 ad
1604 5027 1735 5093 lloldam

180 5133 312 5196 diversa
326 5129 409 5192 bella
422 5147 523 5209 caque
536 5127 705 5204 acerrima,
721 5127 825 5209 potuit
838 5147 935 5208 capu·
989 5126 1232 5208 prophetissam,
1259 5123 1297 5184 ad
1323 5123 1553 5188 consulendum
1583 5147 1640 5210 per
1667 5148 1736 5190 earn

179 5249 283 5314 gnare
301 5248 339 5291 ac
358 5227 476 5310 pellere
495 5225 638 5309 perfidos
664 5225 736 5288 illos
753 5249 759 5287 :
778 5225 854 5302 ime,
870 5225 933 5288 nisi
990 5224 1156 5288 Dominum
1177 5222 1217 5284 de
1236 5220 1353 5283 futuris
1378 5221 1556 5286 eventibus.
1573 5225 1737 5308 Quumque

178 5333 267 5396 Deus
295 5325 578 5410 supernaturaliter
605 5324 652 5386 illi
681 5323 847 5404 adfuisset,
877 5334 933 5388 aut
989 5343 1027 5386 ex
1062 5320 1268 5401 responsione
1299 5326 1415 5382 sanctae
1443 5318 1572 5384 feminae
1600 5325 1739 5390 audisset
