4309 6250
647 906 1247 1063 EPISTOLA

222 1286 367 1439 AD
418 1284 970 1441 PRINCIPES
1023 1264 1668 1442 CATHOLICOS¹

933 2002 1130 2068 Aluntatem
1155 2022 1244 2065 suam
1273 2003 1351 2067 facit
1374 2003 1556 2069 hltissimus
1595 2014 1660 2070 tam
1689 2006 1723 2069 in

264 2161 269 2170 .
323 2064 568 2129 ARTICUI'US
591 2062 769 2129 PRIMUS·
974 2102 1146 2166 virtutibus
1161 2102 1233 2167 coeli
1249 2122 1343 2186 quam
1359 2104 1392 2166 in
1412 2054 1642 2171 habitatolibus
1663 2115 1725 2170 ter·

169 2216 266 2283 Quod
278 2222 413 2290 propter
417 2220 549 2289 peccata
564 2212 732 2272 hominum
746 2216 834 2289 fiunt
844 2229 920 2289 per·
975 2222 1028 2265 rae.
1044 2202 1083 2265 nt
1098 2200 1212 2264 iterum
1230 2225 1237 2264 :
1255 2200 1408 2267 Videbam
1430 2204 1559 2286 (inquit)
1575 2205 1606 2267 in
1628 2204 1725 2269 visio·
1739 2227 1871 2277 emano.

208 2304 409 2363 mutatahaes
432 2320 621 2379 reynerum,
636 2302 684 2361 ita
709 2303 795 2381 quod
817 2302 920 2360 omm'-
975 2320 1028 2380 na,
1044 2308 1076 2363 et
1094 2319 1169 2363 ecce
1189 2299 1267 2382 vigil
1292 2307 1324 2363 et
1349 2309 1478 2365 sanctus
1502 2304 1542 2366 de
1566 2302 1648 2367 ooelo
1672 2305 1726 2367 de-
1741 2292 1816 2341 ’¹⁸¹⁴'

209 2412 269 2452 um
282 2392 491 2470 justissimus
500 2390 611 2467 judea>
630 2394 718 2457 Dm
732 2391 833 2467 punit
848 2408 920 2466 1³2⁶·
975 2398 1111 2479 scendit,
1125 2398 1337 2481 clamavitque
1352 2398 1478 2464 fortiter
1494 2424 1502 2462 ε
1518 2401 1553 2465 In
1568 2402 1727 2465 sententia

209 2491 286 2541 Μία
302 2481 404 2541 “nim
419 2480 513 2557 'edm'
523 2498 586 2555 W
599 2480 704 2540 allud·
976 2496 1108 2579 vigilum
1123 2498 1287 2561 decretum
1302 2505 1361 2577 est,
1378 2507 1410 2562 et
1424 2517 1528 2563 sermo
1544 2508 1727 2564 sanctorum

976 2604 1024 2660 est
1044 2603 1077 2659 et
1096 2596 1217 2678 petitio,
1237 2597 1339 2659 donec
1363 2607 1558 2679 cognoscant
1581 2599 1726 2663 viventes

243 2694 316 2758 EUS
333 2693 491 2776 gloriosus
509 2700 540 2756 et
558 2692 749 2773 adorandus,
765 2692 922 2755 universi·
976 2695 1128 2778 quoniam
1143 2694 1325 2758 dominatur
1338 2695 1488 2760 Excelsus
1503 2695 1535 2758 in
1552 2716 1648 2779 regno
1670 2697 1727 2760 ho-

258 2792 332 2855 tatis
346 2799 479 2869 creator,
489 2792 642 2854 mundum
657 2810 752 2873 quem
768 2790 920 2870 condidit,
976 2792 1110 2873 minum,
1127 2801 1158 2855 et
1172 2792 1362 2875 cuicumque
1378 2794 1514 2857 voluerit
1530 2794 1619 2858 dabit
1633 2794 1724 2874 illud,

172 2892 265 2974 regit,
283 2898 315 2954 et
332 2908 434 2971 genus
451 2887 592 2971 disponit
609 2888 796 2967 humanum,
813 2907 923 2969 quem·
977 2900 1008 2955 et
1022 2889 1237 2955 humillimum
1253 2892 1415 2955 hominem
1436 2893 1608 2956 constituet
1631 2913 1727 2977 super

172 2990 346 3053 admodum
370 2987 429 3051 lob
452 2986 613 3050 tricesimo
637 2994 750 3069 quarto
773 2986 818 3049 ait
842 2985 924 3049 Scri-
977 3008 1061 3052 eum.
1089 2988 1197 3069 ltaque
1222 3008 1303 3051 unus
1328 2988 1477 3071 princeps
1506 3009 1578 3052 cum
1609 2991 1727 3073 populo

41 3114 78 3158 aa
87 3131 158 3166 xm„
171 3086 382 3173 pturazhbsit
396 3106 415 3149 a
428 3086 491 3149 Deo
505 3084 663 3169 impietas,
674 3092 705 3148 et
719 3083 759 3148 ab
773 3084 924 3167 Omnipo-
977 3106 1035 3150 suo
1059 3086 1245 3168 frequenter
1268 3093 1316 3149 est
1342 3086 1504 3170 flagellum
1534 3094 1565 3150 et
1593 3086 1726 3152 baculus

35 3181 63 3222 ¹⁰·
77 3183 109 3231 '¹·
125 3185 158 3224 ¹³·
173 3198 260 3252 tente
276 3187 428 3269 iniquitas
441 3208 450 3263 3
465 3205 546 3268 opus
560 3184 645 3247 enim
660 3183 799 3247 hominis
814 3184 924 3247 reddet
940 3184 1032 3248 enei
1047 3187 1087 3248 ad
1104 3185 1301 3267 puniendum
1322 3193 1452 3268 peccata
1467 3185 1595 3249 alterius
1610 3186 1727 3269 princi-

172 3288 214 3365 ei,
227 3295 259 3350 et
272 3286 363 3368 juxta
377 3284 444 3347 vias
464 3283 663 3366 singulorum
684 3281 828 3345 restituet
849 3283 895 3347 eis
913 3305 920 3344 ε
977 3285 1025 3367 pis
1040 3283 1303 3366 subditorumque
1324 3283 1405 3366 ejus,
1422 3292 1515 3365 pmut
1533 3285 1620 3348 isaiae
1641 3284 1727 3348 deci-

171 3405 269 3468 quem
285 3383 372 3448 enim
387 3383 551 3446 constituit
565 3382 664 3445 alium
679 3401 775 3464 super
789 3385 922 3445 terraml
977 3401 1030 3445 mo
1045 3382 1198 3446 [lominus
1213 3383 1253 3444 de
1268 3401 1342 3464 rege
1357 3381 1556 3464 Assyriorum
1572 3391 1724 3447 testatur:

173 3491 227 3546 aut
241 3501 338 3564 quem
353 3483 459 3564 posuit
473 3500 569 3563 super
588 3479 697 3544 orbem
716 3497 812 3561 quem
826 3478 924 3541 fabri·
978 3480 1072 3562 Virga
1086 3479 1203 3544 furoris
1220 3481 1280 3544 mei
1297 3489 1329 3544 et
1344 3480 1474 3544 baculus
1490 3481 1558 3564 ipse
1580 3491 1638 3546 est.
1656 3482 1727 3545 Pro-
1742 3499 1773 3544 ιι.
1786 3513 1808 3550 ι,
1819 3502 1839 3543 s.

172 3588 263 3645 catus
286 3580 450 3644 estfllinc
472 3579 505 3641 in
526 3577 748 3642 Ecclesiastico
770 3577 922 3659 scriptum
978 3587 1086 3661 pterea
1122 3577 1155 3640 in
1185 3578 1265 3642 libro
1300 3577 1543 3644 Proverbiorum
1578 3579 1727 3644 Salomon

34 3696 156 3748 carcaa.
171 3679 387 3760 estzficgnum
403 3684 529 3760 agente
544 3676 578 3738 in
593 3684 718 3758 gentem
734 3675 925 3738 transfertur
978 3677 1118 3759 loquitur
1140 3701 1147 3740 :
1168 3677 1295 3740 lustitia
1316 3678 1419 3741 elevat
1439 3687 1577 3759 gentem,
1595 3679 1727 3743 miseros
1754 3701 1819 3743 rma.
1830 3713 1875 3751 m,

172 3787 304 3862 propter
323 3775 496 3859 injustitias
514 3782 546 3838 et
565 3773 699 3856 injurias
714 3781 746 3836 et
760 3781 924 3837 contume-
977 3775 1056 3839 facit
1070 3776 1205 3858 populos
1221 3783 1397 3858 peccatum.
1415 3776 1460 3838 hd
1482 3775 1629 3842 stabilem
1653 3797 1728 3842 vero
1742 3766 1775 3808 ³⁶·

171 3877 232 3940 lias
251 3884 283 3939 et
301 3875 445 3938 disemos
468 3871 569 3937 dolos.
585 3871 705 3934 Rursus
729 3890 855 3953 quoque
880 3871 924 3933 ait
978 3873 1215 3937 subsistentiam
1240 3873 1475 3956 principatuum
1501 3883 1532 3938 et
1557 3895 1727 3958 regnorum

34 3983 69 4026 aa
79 3999 113 4036 ιιι,
123 3989 156 4028 ¹⁸-
171 3975 337 4057 Scriptura
353 3997 360 4036 :
376 3973 519 4036 Balteum
534 3989 644 4054 regum
665 3969 810 4033 dissolvit
825 3970 920 4048 fleus,
978 3971 1136 4055 praecipue
1151 3971 1275 4036 confert
1288 3971 1411 4055 justitia
1428 3991 1538 4055 regum
1560 3982 1591 4037 et
1612 3974 1729 4057 princi-

171 4081 204 4137 et
217 4071 384 4157 praecingit
398 4071 474 4135 fune
489 4089 582 4134 renes
600 4088 721 4133 eornm.
739 4067 803 4132 lloc
824 4067 923 4149 siqni-
978 4089 1066 4152 pum,
1087 4078 1122 4132 nt
1146 4069 1294 4134 Salomon
1320 4089 1429 4133 rursus
1455 4070 1573 4134 fatetur
1597 4096 1604 4134 :
1631 4073 1729 4137 Aufer
1742 4093 1875 4146 resume.

130 4206 134 4211 ·
170 4173 244 4235 dem
258 4171 364 4236 efficit
377 4171 470 4250 Dens,
486 4169 613 4252 quando
633 4185 723 4249 reges
745 4186 780 4229 ac
803 4165 923 4248 princi·
978 4167 1175 4250 impietatem
1200 4169 1239 4232 de
1263 4169 1353 4230 vultu
1380 4169 1477 4251 regis,
1493 4178 1525 4232 et
1548 4170 1730 4235 firmabitur

172 4291 230 4354 pes
264 4277 394 4352 propter
421 4287 532 4332 eornm
560 4274 690 4350 peccata
719 4265 861 4348 superari
891 4272 923 4327 et
976 4267 1100 4348 justitia
1122 4267 1254 4330 thronus
1276 4267 1359 4349 ejus.

171 4369 386 4434 irreverenter
411 4365 538 4431 tractari
569 4365 733 4450 permittit.
765 4364 846 4426 Hinc
873 4364 960 4429 estll
1018 4365 1147 4428 Constat
1161 4383 1235 4446 ergo
1250 4373 1381 4446 peccata
1400 4365 1647 4431 Christianorum
1672 4387 1729 4451 per

36 4485 157 4540 caenae,
172 4469 252 4530 illud
267 4465 406 4530 Danielis
420 4465 582 4548 prophete
596 4463 717 4526 dictum
729 4463 791 4525 :Sit
804 4481 922 4525 nomen
979 4462 1128 4526 infideles
1143 4461 1250 4546 puniri
1266 4487 1273 4526 :
1288 4462 1372 4526 sicut
1386 4463 1419 4526 in
1434 4465 1532 4528 veteri
1549 4467 1730 4530 Testamen-

36 4549 61 4590 ²¹·
171 4565 300 4630 mmihi
322 4564 538 4640 benedictum,
554 4560 706 4644 quoniam
730 4560 798 4644 ipse
822 4567 922 4622 mutat
979 4571 1010 4624 to
1039 4579 1187 4624 excessus
1214 4561 1395 4625 israelitice
1424 4563 1526 4646 plebis
1556 4583 1614 4646 per
1641 4566 1730 4629 Chal·

172 4673 317 4746 tempora
341 4671 374 4726 et
395 4669 514 4740 aetates,
531 4659 681 4722 transfert
706 4677 804 4740 regna
827 4665 922 4738 atque
978 4661 1074 4740 datos,
1085 4660 1240 4741 Assyrios,
1253 4659 1438 4739 l’hilisteos,
1451 4661 1730 4744 bladianitas,hm·

172 4761 348 4826 constituit.
372 4761 417 4824 De
443 4761 504 4823 hac
528 4777 562 4822 re
586 4758 618 4821 in
643 4757 755 4821 eodem
780 4754 921 4834 llaniele,
979 4758 1115 4821 manitas
1142 4767 1173 4820 et
1196 4757 1388 4821 chananaeos
1414 4759 1590 4823 secundnm
1615 4761 1730 4826 divine

171 4859 332 4936 Zacharia,
367 4857 544 4936 Ezechiele,
576 4855 712 4919 Ieremia
746 4853 922 4935 ceterisque
978 4875 1147 4919 censuram
1171 4855 1302 4938 justitiae
1327 4855 1552 4938 puniebantur,
1579 4862 1729 4940 quemad·

171 4959 338 5042 Prophetis
352 4958 452 5021 multa
465 4957 625 5039 leguntur.
633 4955 924 5019 Nabuchodonosor
978 4955 1108 5018 modum
1124 4973 1160 5016 ex
1176 4953 1257 5017 libro
1271 4953 1417 5016 ludicum
1434 4954 1586 5038 librisque
1606 4957 1727 5040 Regum

172 5077 301 5140 quoqne
322 5075 376 5120 rex
397 5055 649 5138 potentissimus,
669 5053 791 5135 virgam
809 5053 864 5115 Dei
888 5051 921 5114 in
977 5071 1014 5115 ac
1037 5052 1300 5134 Paralipomenon
1324 5053 1560 5136 comprobatur.

37 5173 156 5228 asemas.
171 5176 208 5219 se
223 5157 294 5238 ipso
308 5163 465 5238 expertus,
482 5152 649 5217 confessus
667 5161 716 5215 est
732 5174 739 5214 :
756 5152 849 5214 luxta
867 5169 921 5214 ve
1016 5150 1059 5213 lle
1083 5151 1143 5214 hoc
1164 5150 1196 5212 in
1218 5149 1300 5212 libro
1319 5151 1358 5213 de
1379 5149 1511 5214 Ciuitate
1533 5152 1586 5215 [tei
1612 5152 1732 5217 diffuse

221 5347 230 5384 ¹
249 5342 290 5393 Ex
304 5340 474 5394 aditionibus
488 5340 620 5402 Coloniae,
636 5340 710 5391 Petri
726 5339 854 5399 Quentah
872 5339 944 5399 15³3,
960 5342 989 5390 et
1001 5338 1118 5391 loannis
1134 5337 1313 5389 Birchmauni
1328 5337 1462 5400 iunioris,
1480 5339 1551 5390 1559.
