4309 6250
552 506 672 555 ιοιιτιιιι
692 507 859 555 essenon!
879 506 1051 565 ιιιιοιιιιτι,
1073 504 1162 553 usn
1183 506 1226 555 ιιι.
1249 526 1291 537 -
1311 506 1380 553 sss.
1404 506 1445 553 xv
1726 484 1788 551 svb

229 686 419 739 meaturnm
434 681 591 757 spiritum
610 680 778 741 habentem
797 681 982 749 interimat,
998 678 1022 741 A
1039 680 1163 740 incerto
1187 681 1276 741 inter
1303 698 1388 757 spem
1418 690 1448 740 et
1476 688 1597 741 metum
1624 682 1789 757 fluctuare

231 786 300 838 tam
315 782 445 855 nupcias
457 799 565 841 omnes
586 800 683 859 quam
706 798 814 841 omnes
827 780 982 849 diabolos,
1033 781 1161 857 pateris
1172 780 1188 839 l
1201 783 1309 843 Plane
1323 782 1497 857 interpella
1510 782 1626 848 Deum,
1641 788 1679 840 ut
1690 782 1790 856 plane

230 896 404 956 omnesque
430 879 586 948 homines,
610 898 693 947 oves,
719 880 835 955 pisces,
860 878 983 937 belluas
1036 880 1136 956 finiat
1149 880 1190 939 de
1204 880 1296 939 nobis
1310 880 1476 959 quidquid
1489 881 1580 939 inter
1592 880 1790 955 paradisum

229 986 261 1036 et
274 979 631 1053 pecora.Sicenimail
647 979 682 1038 in
698 977 983 1040 Alcoran.·0muia
1037 987 1068 1037 et
1101 978 1274 1054 infernum
1305 981 1460 1055 facturus
1487 986 1544 1039 est.
1573 979 1790 1053 Respondebit

228 1084 362 1138 mortua
383 1085 508 1153 prater
530 1080 646 1139 Deum.
668 1080 747 1139 Post
768 1078 835 1137 baro
858 1076 981 1135 vocabit
1037 1078 1144 1138 Adam
1162 1097 1173 1135 .·
1189 1080 1215 1139 0
1231 1078 1311 1153 filii,
1325 1078 1417 1136 scitis
1435 1080 1523 1156 quod
1541 1079 1699 1137 suadente
1719 1077 1791 1137 dia·

227 1179 383 1253 anpelum
404 1176 532 1246 mortis,
547 1178 659 1237 dicens
674 1179 727 1239 :0
748 1176 879 1245 Adriel,
895 1184 983 1235 estne
1038 1176 1119 1245 bolo,
1134 1176 1197 1235 Dei
1207 1184 1368 1251 precepto
1383 1176 1570 1235 inobediens
1582 1175 1791 1251 sui,·idcirco

227 1276 312 1355 quid
336 1282 495 1351 mperues
523 1294 564 1333 ea
592 1274 684 1334 omni
705 1282 860 1335 creatura
885 1274 982 1333 mea?
1039 1273 1083 1331 ite
1103 1276 1149 1333 ad
1162 1274 1240 1335 Noe.
1258 1274 1412 1335 Conversi
1432 1276 1477 1333 ad
1490 1274 1571 1343 Noe,
1585 1276 1695 1335 dicent
1710 1295 1721 1333 .·
1736 1274 1791 1333 In·

227 1375 321 1436 Dicet
337 1392 350 1432 .·
364 1374 474 1443 Nibil,
489 1375 627 1435 Domine
642 1374 701 1443 mi,
712 1381 838 1450 prater
852 1392 902 1431 me
916 1391 981 1431 ser·
1039 1374 1165 1431 tercede
1186 1389 1249 1448 pro
1272 1373 1376 1441 nobis,
1391 1375 1487 1431 electe
1506 1374 1579 1443 Dei,
1593 1381 1690 1449 pater
1709 1374 1788 1435 Noe.

228 1492 307 1533 oum
323 1480 418 1532 tuum
432 1472 634 1532 imbecillem.
646 1474 736 1533 Tunc
749 1472 835 1531 dicet
849 1472 897 1531 ei:
904 1472 982 1539 Quo·
1036 1471 1254 1546 Respondebit
1265 1472 1364 1532 :Feci
1377 1473 1464 1550 quod
1475 1473 1588 1547 potui,·
1597 1473 1725 1531 salvavi
1738 1491 1791 1531 vos

229 1572 324 1631 niam
338 1589 465 1630 omnem
487 1578 674 1631 creaturam
695 1590 800 1631 meam
821 1570 981 1639 occidisti,
1039 1568 1075 1627 in.
1090 1568 1294 1628 diluvio.·bic
1308 1570 1394 1628 mibi
1407 1569 1495 1628 nibil
1508 1578 1654 1645 superest
1667 1570 1792 1647 officii:

227 1670 285 1729 abi
298 1669 376 1728 binc
391 1668 481 1728 inter
494 1670 687 1744 paradisum
704 1677 734 1728 el
751 1669 937 1744 infernum,
952 1676 982 1727 et
1038 1668 1095 1727 sed
1123 1668 1168 1725 ite
1195 1669 1241 1726 ad
1262 1668 1441 1729 Abrabam.
1468 1669 1690 1744 Appellabunt
1715 1688 1791 1744 erpo

225 1776 390 1845 postremo
404 1768 512 1827 occide
527 1776 557 1827 te
579 1768 699 1844 ipsum,
714 1776 744 1827 ct
765 1786 902 1827 morere.
918 1768 982 1829 Ab·
1039 1766 1219 1835 Abrabam,
1245 1766 1388 1826 dicentes
1407 1786 1419 1824 .·
1438 1768 1542 1828 Pater
1563 1767 1645 1842 fidei
1665 1775 1697 1826 et
1719 1786 1792 1826 san·

228 1867 291 1925 ibit
322 1866 454 1942 infelice,
479 1873 576 1945 atque
601 1869 637 1926 in
658 1868 852 1943 prescripto
880 1868 984 1926 inter·
1002 1865 1164 1928 Bolitatis
1184 1865 1366 1933 Abrabam,
1383 1866 1504 1941 respice
1523 1884 1581 1925 nos
1599 1866 1745 1936 miseros,
1760 1875 1791 1926 et

227 1966 316 2023 vallo
339 1964 507 2041 projectus
533 1964 639 2034 bumi,
668 1966 732 2025 alis
760 1966 829 2025 suis
857 1966 985 2025 involu—
1039 1964 1203 2025 miserere.
1223 1963 1347 2032 Quibus
1360 1964 1530 2025 Abrabam
1545 1984 1557 2023 .·
1572 1965 1660 2033 Quid
1674 1985 1724 2023 me
1735 1984 1790 2042 pe·

227 2072 295 2132 tus,
302 2064 470 2139 suffocabit
484 2082 517 2121 se
531 2062 637 2139 ipsum
653 2084 725 2123 cum
743 2072 833 2124 tanto
853 2064 983 2141 mupitu
1039 2063 1131 2121 titis?
1141 2062 1216 2124 Non
1232 2062 1376 2121 recolitis
1389 2064 1477 2142 quod
1489 2063 1551 2121 diu
1565 2064 1790 2139 vnpabundus,

227 2180 294 2241 quo
317 2169 348 2220 et
369 2164 508 2221 coelestes
533 2162 673 2237 spiritus
696 2170 727 2221 et
753 2170 885 2222 terrena
911 2164 984 2221 ani·
1039 2160 1791 2230 idololatra,incircumcisus,erraverim?Non

229 2261 347 2329 malia,
358 2262 389 2319 si
403 2260 561 2330 viverent,
577 2262 795 2321 enanimnret.
812 2262 985 2341 Stobitque
1039 2260 1195 2335 sufficim-
1212 2261 1269 2319 sed
1288 2261 1450 2335 appellate
1470 2262 1614 2337 Moysen.
1637 2262 1790 2337 Appella-

230 2368 319 2419 totus
347 2360 491 2419 mundus
523 2378 645 2419 vacuus
669 2376 731 2435 per
758 2360 984 2439 quadrapinta
1041 2358 1121 2418 bunt
1140 2360 1287 2435 Moysen,
1302 2358 1446 2417 dicentes
1460 2378 1472 2417 .·
1487 2360 1610 2419 Dileote
1626 2360 1689 2421 Dei
1707 2378 1793 2419 nun-

229 2478 346 2519 annos.
1041 2458 1086 2516 tie
1115 2464 1145 2515 et
1169 2458 1341 2533 propbeta,
1364 2458 1491 2533 famule
1514 2458 1588 2525 Dei,
1613 2458 1697 2517 audi
1723 2477 1790 2519 nos.

273 2558 352 2619 Post
366 2556 434 2617 bcec
446 2559 562 2618 coelum
577 2566 607 2617 et
623 2566 749 2618 terram
758 2574 870 2633 pupno
884 2556 985 2617 conti·
1039 2555 1255 2629 Respondebit
1284 2574 1297 2613 .·
1325 2556 1425 2623 Quem
1453 2556 1652 2631 appellatis?
1676 2556 1793 2618 Nonne

230 2674 326 2724 nens,
345 2656 429 2715 dicet
449 2658 537 2717 Deus
551 2676 562 2715 :
581 2657 643 2717 Ubi
664 2674 752 2716 nunc
772 2674 873 2731 repes,
889 2656 986 2730 prin·
1040 2652 1128 2711 vobis
1151 2654 1252 2729 lepem
1275 2654 1365 2722 dedi,
1391 2653 1563 2712 miraculis
1585 2655 1792 2730 confirmavi,

229 2755 320 2829 cipes
333 2762 362 2812 et
375 2762 522 2829 polentes
542 2756 656 2815 saculi
676 2754 801 2830 bujus?
816 2754 919 2831 Cujus
940 2762 986 2813 est
1040 2768 1098 2809 nec
1113 2757 1219 2809 lamen
1244 2750 1514 2811 credidistisisi
1532 2752 1618 2810 mibi
1637 2753 1794 2812 credidis·

231 2870 384 2927 repnurn,
408 2852 586 2928 imperium
615 2860 646 2911 et
673 2870 785 2913 rerum
812 2852 986 2927 potentini
1039 2849 1128 2919 setis,
1142 2850 1285 2925 facerem
1307 2851 1394 2927 quod
1404 2851 1582 2925 postulatis
1592 2869 1607 2918 ,·
1620 2853 1677 2910 sed
1691 2850 1736 2909 ite
1750 2853 1795 2910 ad

230 2950 354 3019 Dicite,
369 2952 399 3009 si
419 2950 561 3009 veridici
579 2951 665 3009 estis.
684 2950 726 3011 Ει
742 2950 794 3009 bis
810 2950 916 3009 verbis
937 2958 987 3009 ter
1039 2948 1148 3007 Jesum
1173 2948 1352 3007 Cbristum.
1370 2948 1526 3007 Conversi
1544 2950 1591 3007 ad
1612 2949 1793 3018 Cbristum,

231 3050 631 3126 repetitis‚Serapbuelem
648 3044 1023 3128 suscitabit,dicelqueC
1040 3046 1151 3104 dicent
1166 3066 1177 3103 .·
1190 3048 1267 3105 Jesu
1283 3046 1422 3114 Cbriste,
1438 3046 1591 3122 spiritus,
1607 3048 1741 3107 verbum
1763 3057 1794 3107 el

231 3151 266 3208 ei
288 3167 300 3206 .·
320 3151 438 3224 Accipe
462 3150 571 3208 tubam
597 3149 693 3216 banc,
719 3155 748 3207 et
772 3150 926 3208 descende
950 3149 986 3207 in
1041 3144 1150 3202 virtus
1164 3143 1237 3210 Ilei,
1252 3151 1376 3201 movent
1393 3151 1423 3201 te
1440 3143 1546 3218 pietas
1561 3152 1630 3212 tua,
1646 3153 1677 3203 et
1693 3145 1795 3205 inter·

228 3249 427 3315 Jerusalem,
442 3255 472 3306 et
486 3248 611 3322 clnnpe.
631 3249 722 3307 Tunc
736 3248 920 3322 Serapbuel
934 3267 986 3305 oc·
1041 3243 1116 3300 cede
1137 3258 1200 3316 pro
1225 3241 1326 3301 nobis.
1346 3244 1436 3302 Tunc
1460 3242 1545 3301 dicet
1570 3244 1617 3300 eis
1632 3263 1644 3301 .·
1658 3245 1751 3312 Quod
1773 3265 1794 3304 n

230 3353 326 3420 cepta
341 3346 429 3415 tuba,
443 3346 537 3422 eujus
552 3346 722 3421 loupitudo
745 3345 877 3404 itineris
892 3347 987 3424 quin·
1042 3357 1093 3398 me
1112 3340 1237 3414 petitis,
1254 3341 1320 3415 ipsi
1338 3341 1508 3401 omisistis.
1525 3341 1648 3401 Missus
1662 3343 1794 3420 quidem

225 3451 405 3522 pentorum
429 3461 605 3513 annorum,
620 3451 711 3503 stans
736 3443 771 3502 in
792 3445 986 3512 Jerusalem,
1043 3440 1131 3498 vobis
1143 3439 1201 3515 sui
1215 3440 1252 3498 in
1267 3441 1392 3499 virtute
1401 3440 1463 3500 Dei
1473 3448 1503 3498 et
1515 3441 1610 3500 verbo
1625 3442 1796 3511 veritatis,·

231 3543 422 3618 insufflabit
452 3541 572 3609 tubam,
601 3549 631 3600 et
665 3542 793 3616 efflabit
821 3560 862 3600 ev
897 3542 988 3602 intus
1043 3558 1097 3597 vos
1116 3548 1225 3598 nutem
1249 3538 1441 3607 aberrastis,
1463 3546 1493 3597 et
1518 3558 1579 3608 me,
1597 3541 1673 3614 plus
1696 3559 1795 3618 quam

231 3659 344 3700 omnes
366 3641 496 3699 animas
508 3639 621 3715 justas
640 3659 652 3698 .·
671 3657 744 3718 qua
766 3641 928 3699 evolantes
951 3642 988 3700 in
1042 3655 1099 3712 epa
1119 3638 1373 3712 pradicaverim
1399 3637 1497 3706 vobis,
1523 3639 1628 3698 Deum
1651 3647 1794 3698 vestrum

231 3756 361 3798 omnem
381 3745 517 3806 terram,
537 3755 672 3815 quaque
693 3738 737 3796 ad
756 3754 893 3812 corpora
915 3756 987 3806 sua,
1042 3736 1179 3811 fecistis.
1187 3736 1252 3796 Hic
1267 3736 1378 3813 itaque
1387 3735 1576 3812 beneficium
1593 3755 1698 3796 meum
1714 3739 1795 3796 ami·

232 3837 430 3915 ubicumque
452 3837 595 3912 suerint,
617 3836 859 3912 disperpentur.
880 3839 989 3914 Atque
1042 3834 1133 3893 sistis
1141 3853 1156 3902 ,·
1168 3835 1225 3892 sed
1239 3833 1283 3892 ite
1297 3835 1342 3892 ad
1356 3833 1510 3892 ultimum
1527 3835 1769 3911 Propbetarum
1785 3855 1796 3894 :

232 3937 281 3996 ad
305 3935 453 4010 primum
482 3935 569 4012 bunc
598 3934 739 3993 sonitum
774 3935 884 3994 omnia
918 3953 988 3994 ossa
1042 3933 1130 3992 bunc
1144 3930 1337 4008 significans
1354 3951 1426 3990 cum
1448 3951 1512 4011 quo
1532 3933 1685 4010 loqueris,
1700 3935 1796 3995 oAb-

231 4034 531 4111 concrepabuntur.
555 4034 743 4094 Transactis
764 4033 988 4110 quadrcpinta
1041 4031 1110 4090 dia.
1127 4032 1183 4091 Ad
1197 4048 1292 4109 quem
1311 4030 1471 4100 conversi,
1486 4031 1596 4090 dicent
1612 4051 1623 4089 :
1639 4033 1666 4094 0
1679 4033 1797 4092 nuntie

232 4133 347 4201 annis,
362 4133 484 4192 iterum
499 4131 626 4191 sonabit
642 4151 653 4189 .·
668 4133 713 4190 od
731 4151 826 4209 quem
846 4133 989 4192 sonitum
1042 4129 1152 4206 fidelis
1170 4136 1201 4187 et
1225 4127 1328 4186 amice
1341 4129 1416 4196 Dei,
1431 4147 1529 4206 quam
1554 4129 1639 4188 male
1660 4130 1794 4208 quidem

232 4249 307 4292 ossa
334 4249 467 4290 carnem
491 4238 665 4290 assument.
688 4233 798 4308 Atque
824 4230 901 4290 inde
917 4239 989 4307 post
1004 4230 1028 4293 D
1041 4229 1259 4304 peccavimus,
1272 4235 1303 4284 et
1323 4227 1360 4285 id
1376 4245 1412 4285 eo
1426 4229 1513 4304 quod
1531 4228 1595 4286 tibi
1606 4247 1670 4288 non
1690 4231 1794 4288 credi·

232 4331 460 4410 qsradrapinta
474 4347 701 4406 annos,quum
717 4330 815 4388 tertio
829 4331 987 4400 sonuerit,
1043 4327 1179 4386 dimus!
1201 4327 1340 4386 Rvaudi
1360 4343 1430 4395 nos,
1449 4325 1505 4400 pie
1528 4327 1706 4403 Propheta,
1725 4344 1795 4404 spes

232 4447 345 4487 omnes
359 4427 480 4486 animes
492 4445 550 4486 suo
564 4443 698 4502 corpore
712 4427 905 4487 induentur.
1044 4444 1113 4484 una
1127 4431 1289 4499 superstes
1298 4443 1310 4480 .·
1318 4441 1393 4482 nam
1406 4431 1478 4498 post
1495 4432 1524 4482 te
1538 4443 1604 4483 non
1618 4435 1664 4485 est
1680 4426 1716 4484 in
1731 4445 1794 4504 quo

276 4528 335 4588 Sia
351 4529 450 4603 sacto,
467 4525 555 4602 ionis
574 4527 616 4585 nb
636 4527 799 4585 occidente
819 4545 988 4586 succensus
1043 4523 1254 4600 sperabimus.
1281 4522 1419 4582 blaaudi
1441 4541 1500 4581 nos
1517 4525 1666 4598 potentia
1690 4525 1753 4583 tibi
1774 4544 1795 4584 a

229 4643 345 4687 omnes
366 4631 538 4684 creaturas
559 4625 792 4702 lerosolymam
815 4625 954 4700 apitabit
977 4645 988 4684 .·
1042 4624 1109 4683 Deo
1131 4622 1259 4680 collata.
1284 4620 1404 4681 Aderit
1433 4621 1545 4698 itaque
1568 4621 1713 4690 Gabriel,
1737 4641 1796 4681 nec

229 4743 300 4806 quo
325 4743 427 4804 quum
455 4741 565 4782 omnes
587 4722 814 4798 pervenerint,
842 4723 984 4784 cessabit.
1044 4721 1251 4795 impotentem
1275 4719 1360 4777 sinet
1383 4718 1526 4778 amicum
1549 4739 1670 4788 suum:
1687 4739 1795 4796 proce·

231 4825 390 4900 Hicerpo
403 4840 505 4901 quum
518 4838 579 4896 per
592 4821 818 4898 quadrapinta
833 4841 936 4881 annos
952 4823 985 4881 in
1043 4821 1120 4878 dent
1142 4818 1223 4877 socii
1244 4825 1321 4876 ante
1343 4818 1463 4892 faciem
1487 4819 1560 4879 Dei.
1576 4819 1731 4896 Dicetque
1749 4820 1796 4878 eis

229 4923 355 4985 ardore
368 4939 425 4980 suo
447 4920 649 4988 notaverint,
664 4927 885 4994 exspectantes
891 4920 986 4995 judi·
1042 4919 1130 4978 Deus
1145 4937 1157 4974 .·
1171 4917 1247 4978 Scio
1261 4917 1306 4974 ad
1326 4915 1410 4993 quid
1431 4915 1548 4974 venitis
1558 4935 1572 4983 ,·
1585 4917 1669 4975 absit
1685 4917 1796 4995 itaque

227 5023 336 5090 cium,
353 5027 398 5080 tot
417 5019 549 5078 tandem
570 5017 714 5077 miseriis
733 5021 867 5095 affecta,
882 5021 988 5093 appel-
1044 5024 1081 5076 ut
1107 5015 1217 5092 fidelis
1245 5015 1361 5074 nuntii
1388 5015 1454 5072 mei
1481 5023 1590 5073 votum
1620 5015 1655 5074 in
1684 5016 1796 5094 aliquo

229 5120 352 5181 labunt
370 5119 492 5185 Adam,
506 5117 649 5175 dicentes
663 5135 675 5174 .·
691 5117 794 5178 Pater
807 5117 929 5184 Adam,
944 5119 989 5175 ad
1042 5133 1173 5173 cassem.
1187 5115 1251 5174 Hic
1265 5131 1352 5188 erpo,
1362 5121 1461 5188 ponte
1476 5113 1564 5188 sacto
1581 5129 1680 5187 super
1694 5113 1796 5189 infer·

229 5219 319 5300 quid
348 5235 405 5276 nos
428 5214 577 5291 penuisti
603 5213 795 5291 bujusmvdi
818 5215 988 5274 tormentis
1044 5212 1250 5281 num,aderit
1266 5218 1482 5288 statera.·qua
1496 5210 1629 5268 libratis
1643 5211 1796 5270 uniuscu-

229 5326 335 5396 atque
363 5313 533 5374 miseriis?
556 5313 661 5382 Itane,
682 5319 791 5388 pater,
817 5313 903 5388 filios
928 5313 987 5372 sub
1036 5311 1160 5389 jusque
1173 5310 1285 5383 factis,
1300 5309 1514 5368 ambulabunt
1535 5325 1634 5382 super
1651 5317 1793 5384 pontem.
