4309 6250
253 529 295 577 b!
314 528 524 577 Admotum
545 528 641 577 Sffll
661 525 830 574 Pomtrlcls
851 524 889 571 ΕΤ
909 524 1081 572 statuatis
1102 523 1245 583 coutitur,
1267 524 1354 572 trusa
1376 526 1395 571 l.
1418 542 1458 555 ·-
1478 527 1547 573 Aur.
1570 526 1626 573 Vlll
1661 506 1721 571 543

164 698 206 761 ad
226 700 388 782 propriam
407 699 571 783 pertinens
588 696 802 763 hierarchiam
824 696 956 758 mun-h
1011 696 1167 779 Amplius,
1183 670 1298 760 de‘bac
1314 716 1347 760 rc
1362 696 1393 759 S.
1411 698 1547 761 Thomas
1562 695 1722 759 subtiliter

163 796 205 859 de
221 797 397 879 perficitur.
413 798 515 872 Quum
529 816 605 879 ergo
619 797 702 878 Papa
716 794 758 857 sit
771 813 916 857 summus
970 802 1083 858 tractat
1107 794 1140 857 in
1169 795 1299 858 Summa
1327 803 1437 859 contra
1464 794 1612 877 gentiles,
1638 794 1721 857 libro

162 895 334 960 hierarcha
361 898 395 959 in
423 896 571 960 militanti
599 894 753 974 Ecclesia,
779 893 915 956 maxime
970 893 1075 971 tertio,
1088 893 1228 975 capitulo
1243 893 1418 957 centesimo
1432 911 1529 974 nono,
1547 893 1601 956 ubi
1616 899 1722 956 oston-

162 1001 287 1076 spectat
310 996 442 1058 adeum
462 1002 496 1056 ut
514 993 669 1057 divinitus
689 992 862 1073 reguletur‚
884 999 916 1053 et
970 990 1017 1052 dit
1035 991 1195 1071 quomodo
1220 991 1252 1053 in
1277 991 1399 1074 augelis
1425 992 1528 1073 potuit
1551 1010 1621 1054 esse
1648 1010 1722 1073 pec·

161 1091 228 1154 Deo
252 1110 310 1173 per
330 1092 543 1156 obedientiam
569 1091 797 1169 conformetur,
820 1098 915 1169 atque
970 1096 1076 1152 catum
1095 1112 1101 1150 :
1119 1089 1203 1151 inter
1223 1098 1328 1152 cetera
1352 1089 1584 1153 sententialiter
1608 1089 1720 1152 dicens

160 1209 233 1271 que
248 1192 352 1270 docet,
364 1189 542 1254 efficaciter
555 1198 714 1272 operetur.
726 1188 806 1250 Einc
822 1186 915 1250 tertio
969 1188 1044 1250 duo,
1068 1187 1206 1249 Primum
1226 1196 1285 1266 est,
1307 1188 1391 1269 quod
1410 1188 1485 1270 quia
1504 1188 1636 1270 angelus
1655 1206 1720 1251 uon

159 1285 394 1352 Ecclesiasticae
417 1288 605 1352 hierarchia
623 1287 763 1369 capitulo
787 1286 822 1348 B.
843 1284 915 1348 llio
970 1285 1033 1347 fuit
1046 1285 1107 1348 sibi
1122 1284 1183 1367 ipsi
1204 1285 1293 1365 finis,
1311 1287 1366 1349 sed
1388 1288 1427 1349 ad
1449 1286 1548 1350 alium
1571 1306 1608 1349 ac
1630 1286 1720 1349 altio-

159 1385 273 1466 nysius
287 1386 461 1450 fortissime
476 1394 590 1450 tractat
608 1392 644 1447 ut
661 1384 742 1448 alios
757 1384 914 1446 instruero
970 1403 1038 1447 rem
1052 1383 1154 1447 finem
1169 1384 1386 1463 ordinabatur,
1404 1385 1507 1468 potuit
1521 1384 1629 1449 abillo
1643 1385 1720 1447 defi·

160 1502 226 1546 non
243 1493 414 1566 praesumat
428 1486 482 1566 qui
496 1484 581 1566 quod
596 1485 690 1547 docet
704 1501 768 1547 non
788 1481 912 1559 feccrit,
971 1502 1042 1545 cere
1062 1491 1093 1545 et
1115 1502 1258 1564 peccare,
1276 1502 1340 1547 non
1355 1484 1532 1547 ordinando
1554 1484 1718 1567 proprium

161 1590 195 1644 et
215 1583 302 1663 quod
320 1583 440 1647 docens
458 1603 495 1646 ac
514 1582 688 1665 presidens
708 1588 803 1644 tantae
820 1580 915 1643 debet
971 1581 1090 1644 bonum
1109 1588 1141 1645 et
1161 1601 1251 1644 suam
1267 1581 1496 1664 perfectionem
1517 1582 1550 1645 in
1570 1582 1719 1645 ultimum

160 1680 374 1762 perfectionis
390 1682 576 1759 consistere,
592 1689 628 1743 ut
642 1681 683 1743 de
701 1700 759 1743 sua
777 1678 915 1761 plenitu·
970 1678 1113 1742 debitum
1128 1699 1375 1763 supremumque
1390 1680 1502 1760 finem,
1520 1681 1574 1744 sed
1590 1680 1719 1763 proprio

161 1778 241 1841 dine
255 1780 327 1842 aliis
340 1780 442 1863 possit
461 1778 708 1843 communicare.
725 1777 806 1841 llinc
824 1776 914 1859 Papo
969 1777 1054 1841 bono
1080 1777 1263 1843 inherendo
1292 1787 1326 1841 ut
1349 1779 1420 1842 fini.
1449 1780 1628 1843 Secundum
1658 1788 1717 1858 est,

162 1877 388 1960 copiosissima
399 1878 590 1941 illuminatio
601 1876 838 1961 pernecessaria
848 1884 912 1939 est:
932 1874 1055 1957 Bquod
1084 1877 1161 1940 dum
1189 1876 1305 1958 aliquis
1330 1878 1474 1960 pluribus
1499 1878 1718 1960 superioribus

161 1996 263 2057 quam
287 1984 323 2039 ut
346 1976 508 2057 sortiatur,
530 1976 660 2059 purgari
685 1974 844 2058 precipue
868 1974 915 2037 in·
970 1973 1079 2035 subest
1104 1992 1239 2055 quorum
1264 1994 1347 2037 unus
1376 1982 1500 2039 tenetur
1527 1973 1618 2037 alteri
1649 1994 1719 2038 esse

161 2073 254 2155 diget
273 2083 305 2137 et
323 2075 387 2139 Deo
405 2075 439 2137 in
457 2075 608 2139 omnibus
628 2073 733 2137 subdi.
749 2074 912 2152 Praeterea,
969 2072 1145 2153 subjectus,
1162 2080 1267 2165 potest
1280 2074 1428 2136 recedere
1450 2073 1490 2137 nb
1512 2092 1576 2137 uno
1597 2074 1720 2156 superi·

160 2181 277 2255 quarto
304 2173 535 2238 Ecclesiastico
563 2172 748 2236 hierarchia
774 2172 914 2255 capitulo
969 2189 1061 2234 orum
1088 2170 1228 2251 illorum,
1254 2191 1318 2235 nou
1344 2173 1521 2236 recedendo
1548 2175 1589 2237 ab
1617 2174 1681 2237 alio
1709 2198 1716 2237 :

159 2271 243 2334 dicit
260 2294 267 2333 :
284 2270 396 2335 Nostra
414 2272 596 2335 hierarchia
615 2270 745 2354 expellit
766 2290 784 2332 a
808 2290 842 2333 sc
867 2270 915 2332 in·
968 2268 1237 2349 quemadmodum
1263 2270 1367 2350 miles,
1388 2270 1441 2353 qui
1464 2270 1571 2335 subest
1595 2272 1661 2353 regi
1686 2280 1718 2335 ot

159 2370 398 2435 ordinationem
426 2379 458 2434 et
491 2370 725 2451 confusionem,
756 2377 850 2452 atque
880 2354 935 2431 in'
969 2367 1041 2429 duci
1057 2367 1189 2431 militiae.
1208 2367 1328 2451 Siergo
1349 2388 1431 2432 unus
1453 2370 1654 2451 superiorum
1671 2390 1719 2433 re·

159 2470 230 2533 suis
245 2468 412 2533 ordinibus
428 2477 597 2533 conservat
609 2468 691 2531 bene
711 2476 854 2532 ornatam
876 2488 913 2531 ac
969 2466 1061 2529 cedat
1074 2486 1093 2529 a
1108 2466 1177 2547 lege
1192 2474 1224 2529 et
1237 2467 1349 2531 ordine
1364 2467 1537 2551 superioris
1557 2468 1609 2531 cui
1625 2469 1718 2532 subdi

159 2567 312 2631 stabilem
340 2568 573 2632 ordinationem
600 2566 690 2649 juxta
713 2567 913 2648 singulorum
969 2570 1104 2642 tenetur,
1123 2564 1175 2627 ille
1197 2564 1252 2646 qui
1277 2565 1432 2629 ambobus
1456 2566 1519 2629 fuit
1541 2567 1716 2648 subjectus,

158 2668 311 2730 ordinum
335 2667 589 2749 congruentiam.
616 2665 789 2746 Postremo,
809 2666 913 2747 primo
969 2662 1069 2741 licite,
1087 2662 1150 2726 imo
1171 2671 1204 2726 et
1224 2664 1376 2743 virtuose,
1392 2672 1496 2747 potest
1519 2684 1554 2727 se
1577 2674 1718 2728 avertere

159 2765 201 2827 de
227 2764 350 2827 Divinis
374 2764 556 2859 nominibus
582 2763 627 2826 ait
650 2762 790 2847 capitulo
817 2786 824 2824 z
850 2761 913 2826 Nos
969 2762 1166 2843 asuperiore
1182 2761 1238 2826 illo
1252 2762 1307 2843 qui
1323 2781 1381 2825 suo
1395 2763 1551 2845 superiori
1568 2782 1631 2827 non
1652 2784 1719 2827 ma·

159 2872 333 2944 sequentes
362 2863 448 2945 leges
476 2862 699 2940 hierarchicas,
726 2869 762 2923 ut
790 2860 914 2925 scilicet
969 2868 1023 2923 net
1047 2861 1201 2924 obediens
1225 2869 1257 2923 et
1281 2861 1455 2942 subjectus,
1477 2872 1508 2925 et
1532 2870 1717 2927 convertere

158 2961 300 3043 quilibet
324 2962 407 3023 inter
426 2960 570 3043 proprios
589 2980 623 3024 se
642 2968 788 3023 exerceat
806 2960 914 3023 termi·
969 2978 1003 3021 se
1017 2959 1056 3021 ad
1075 2978 1260 3041 supremum
1283 2960 1479 3042 superiorem
1497 2984 1504 3022 z
1522 2980 1595 3023 nam
1618 2970 1650 3025 et
1671 2962 1718 3024 vi-

158 3080 222 3123 nos
236 3060 277 3121 ad
290 3059 411 3138 divina,
423 3058 541 3142 quibus
556 3058 681 3142 legibus
695 3058 914 3140 gubernantur
928 3062 950 3126 C
969 3056 1084 3120 tiosum
1107 3066 1192 3120 esset
1209 3057 1301 3120 aliter
1319 3078 1353 3121 se
1372 3060 1509 3138 habere;
1525 3060 1603 3128 ordo
1628 3061 1717 3144 equi-

157 3159 293 3223 ordines
315 3176 428 3222 omnes
447 3157 595 3240 angelici,
612 3166 674 3221 etc.
690 3193 731 3204 -
749 3157 869 3239 ltaque,
886 3159 913 3220 si
966 3156 1040 3220 dem
1056 3156 1218 3220 inferioris
1233 3157 1383 3240 principii
1403 3159 1563 3240 dependet
1576 3160 1615 3222 ab
1630 3161 1717 3224 ordi-

158 3258 194 3320 in
215 3256 425 3339 triumphanti
451 3254 593 3320 Ecclesia
613 3256 721 3319 nullus
746 3257 914 3320 Beatorum
970 3277 1010 3319 ne
1032 3255 1219 3338 superioris.

156 3364 257 3419 tantae
285 3365 333 3418 est
359 3354 555 3418 excellentiae
583 3355 637 3437 qui
666 3355 822 3418 divinitus
852 3355 913 3419 sibi
1007 3355 1127 3437 ltaque,
1143 3355 1211 3418 haec
1233 3355 1272 3418 ad
1292 3355 1488 3438 propositum
1515 3357 1715 3440 applicando,

155 3454 371 3537 praestitutam
386 3455 501 3517 audeat
514 3453 692 3535 transgredi
707 3453 822 3537 legem,
838 3472 913 3535 quo
968 3473 1066 3536 quum
1081 3452 1158 3516 finis
1173 3454 1263 3534 Papa
1278 3454 1318 3516 sit
1333 3454 1415 3517 [leus
1433 3462 1465 3518 et
1486 3455 1556 3536 ejus
1578 3456 1717 3521 adhaesio

156 3554 256 3617 modo
271 3553 305 3615 in
320 3552 470 3616 militanti
484 3552 627 3615 Ecclesia
641 3553 737 3615 alicui
757 3553 818 3616 boc
837 3553 912 3616 lice·
969 3553 1037 3615 sive
1052 3551 1173 3632 fruitio,
1190 3551 1216 3613 si
1232 3571 1266 3614 se
1281 3553 1319 3614 ad
1335 3552 1433 3614 Deum
1449 3561 1480 3615 et
1500 3554 1570 3635 ejus
1590 3555 1718 3618 honori-

157 3653 219 3730 bit,
235 3652 413 3734 praesertim
428 3651 552 3715 homini
567 3650 693 3714 mortali
708 3671 745 3715 ac
760 3652 890 3733 fragilil
969 3650 1133 3713 ficentiam
1150 3669 1214 3713 non
1229 3649 1434 3728 ordinaverit,
1446 3652 1546 3733 culpa
1560 3652 1717 3716 obnoxius

198 3751 283 3814 Hinc
298 3769 424 3832 quoque
439 3751 471 3812 S.
487 3750 664 3812 Bernardus
680 3750 762 3813 libro
779 3751 819 3812 dc
833 3751 912 3813 (lon-
968 3748 1040 3824 erit,
1057 3748 1220 3830 proprium
1241 3747 1359 3810 bonum
1376 3767 1431 3811 seu
1446 3750 1648 3813 commodum
1663 3759 1717 3814 aut

157 3850 355 3913 sideratione
369 3848 408 3911 ad
423 3848 601 3929 Eugenium
620 3848 842 3931 multipliciter
860 3869 912 3911 ex·
967 3846 1121 3909 bonorem
1136 3845 1330 3909 intendendo
1352 3845 1420 3909 sive
1441 3849 1622 3927 quaerendo.
1638 3849 1717 3912 Rur-

156 3951 307 4012 bortatus
335 3956 383 4010 cst
406 3967 491 4025 eum,
518 3955 554 4009 ut
576 3955 695 4028 quanto
719 3947 840 4010 altioris
864 3957 912 4010 est
967 3963 1140 4026 sus,quum
1155 3943 1324 4007 Christiani
1339 3952 1403 4006 tam
1420 3944 1508 4026 Papae
1522 3963 1618 4027 quam
1633 3945 1733 4010 chris

157 4047 280 4129 gradus
294 4066 332 4108 ac
346 4046 523 4128 potestatis,
540 4053 627 4110 tanto
642 4046 774 4127 majoris
788 4047 914 4110 studeat
967 4051 1027 4121 sto,
1057 4041 1151 4123 cujus
1184 4041 1287 4104 vicem
1316 4043 1398 4124 gerit
1425 4043 1518 4126 Papa,
1548 4052 1716 4109 teneantur

156 4165 232 4209 esse
257 4143 476 4227 perfectionis,
498 4150 531 4206 ct
549 4145 633 4224 quod
654 4144 778 4226 legibus
797 4144 911 4207 Christi
966 4161 1036 4203 esse
1050 4140 1199 4221 subjecti,
1216 4140 1242 4201 si
1258 4140 1340 4224 Papa
1359 4140 1482 4205 Christo
1504 4161 1567 4206 non
1591 4153 1716 4207 maneat

155 4244 300 4306 maxime
314 4242 444 4306 obedire
459 4250 593 4306 tenetur.
610 4242 824 4324 Reprehendit
838 4263 912 4325 quo·
926 4243 951 4306 b
967 4238 1141 4320 subjectuS,
1149 4238 1317 4301 Christiani
1334 4238 1363 4300 ei
1378 4239 1505 4302 obedire
1519 4259 1584 4304 non
1599 4241 1716 4306 debent

154 4363 222 4425 que
244 4342 406 4420 eumdem,
421 4343 507 4423 quod
531 4340 721 4404 militantem
745 4361 809 4405 nou
832 4343 911 4405 rexit
966 4339 1000 4400 in
1024 4337 1074 4399 his
1098 4337 1131 4399 in
1151 4336 1266 4418 quibus
1286 4344 1395 4400 contra
1414 4338 1517 4419 legem
1543 4349 1637 4422 atque
1660 4343 1716 4406 do

153 4440 337 4505 Ecclesiam
362 4441 537 4502 secundum
566 4439 776 4502 imitationem
801 4440 912 4503 trium·
967 4436 1102 4500 ctrinam
1129 4435 1188 4498 sibi
1209 4455 1227 4497 a
1246 4435 1552 4518 Christo'praefixam
1572 4441 1714 4521 procedit

154 4539 291 4624 phantis
305 4538 466 4616 Ecclesiae,
482 4556 520 4601 eo
534 4539 618 4619 quod
638 4538 761 4619 aliquos
781 4538 911 4603 inferio·
967 4555 1003 4599 ac
1020 4534 1085 4617 agit
1098 4535 1149 4598 vel
1169 4534 1260 4615 jubet
1277 4557 1283 4595 ε
1302 4535 1333 4596 in
1355 4535 1470 4598 talibus
1487 4537 1608 4620 'quippe
1626 4547 1715 4620 pote·

154 4659 210 4702 res
238 4637 396 4700 subtraxit
429 4637 470 4700 ab
503 4637 684 4699 obedientia
711 4637 908 4717 superiorum
966 4643 1046 4698 state
1061 4653 1118 4696 sua
1132 4633 1293 4712 abutitur3
1310 4643 1341 4696 et
1362 4634 1574 4698 resistendum
1589 4647 1637 4700 est
1651 4638 1712 4702 sibi

154 4725 304 4814 suornm,
340 4735 490 4799 videlicet
524 4735 654 4799 abbates
688 4734 840 4816 quosdam
868 4735 909 4800 ab
966 4733 1119 4810 ordinate,
1135 4733 1403 4814 quemadmodum
1419 4732 1532 4796 Paulus
1547 4735 1580 4797 in
1595 4735 1711 4801 faciem
1740 4759 1817 4808 caue.
1833 4777 1855 4816 ιι,

58 4867 64 4878 ·
153 4834 343 4902 obedientia
366 4834 601 4916 episcoporum,
623 4840 716 4914 atque
741 4833 909 4917 episcopos
965 4831 1081 4895 restitit
1099 4831 1199 4910 Petro,
1217 4831 1326 4912 utique
1345 4850 1409 4894 non
1429 4851 1486 4915 pro
1510 4834 1634 4897 mortali
1656 4837 1711 4900 sed
1727 4829 1758 4869 ¹¹·

153 4934 317 5017 quosdam
332 4932 372 4996 ab
386 4931 567 4997 obedientia
580 4930 906 5014 archiepiscoporum,
966 4930 1082 4994 veniali
1112 4937 1253 5011 peccato.
1279 4928 1342 4992 Nec
1370 4930 1431 4993 boc
1459 4939 1508 4994 cst
1535 4951 1710 5014 repugnare

153 5030 419 5113 archiepiscopos
443 5048 569 5112 quoque
590 5030 631 5092 ab
651 5028 832 5092 obedientia
855 5049 910 5112 pa·
965 5038 1019 5092 aut
1033 5028 1189 5111 superiori
1209 5027 1372 5091 inobedire
1391 5030 1517 5110 proprie
1539 5030 1708 5111 loquend0,

153 5130 372 5194 triarcbarum
392 5129 460 5192 sive
478 5129 660 5210 primatum,
680 5147 778 5209 quum
803 5136 909 5191 mmen
965 5129 1020 5191 sed
1035 5128 1107 5209 ejus
1121 5127 1233 5190 abusui
1249 5145 1311 5190 non
1327 5147 1449 5210 parere,
1466 5136 1499 5190 et
1518 5129 1583 5192 Deo
1601 5140 1710 5194 sancto

153 5229 190 5291 in
215 5227 326 5291 choris
349 5226 504 5308 angelicis
527 5245 653 5308 semper
675 5228 752 5290 ordo
777 5226 911 5290 inferior
965 5235 997 5290 et
1022 5225 1186 5288 infallibili
1211 5225 1312 5306 magis
1336 5244 1431 5306 quam
1455 5227 1577 5290 bomini
1602 5237 1709 5310 aperte

154 5325 319 5410 superiori
335 5325 438 5388 ordini
453 5325 617 5406 subjectus
631 5330 825 5407 permaneat.
968 5335 1000 5388 et
1015 5322 1272 5386 inexcusabiliter
1286 5323 1424 5386 devianti
1448 5325 1576 5389 obedire
1598 5347 1635 5389 ac
1657 5327 1710 5390 ad·
