4309 6250
515 538 634 587 courm
656 540 824 587 anemoria
844 540 1015 599 assonam,
1038 542 1127 588 arnan
1148 542 1188 587 ιν.
1211 560 1253 572 -
1272 542 1341 589 aar.
1366 544 1397 588 vr
1675 526 1736 591 tta

948 712 1125 794 Aransque
1140 732 1269 777 omnem
1284 714 1469 795 languorem
1488 721 1521 775 et
1540 731 1668 777 omnem
1689 712 1736 775 in-

392 768 638 835 ΑΗΤΙΟῙΗᾸῙ8
662 770 719 834 Vl·
987 808 1187 875 firmitatem.

209 916 582 991 Desttpcrnaturclibus
596 919 721 979 Christi
735 920 907 979 miraculis
1027 910 1190 988 Praeterea,
1220 911 1404 973 convocatis
1436 910 1475 973 ad
1504 928 1539 971 se
1566 909 1735 973 duodecim
1749 927 1882 979 uastant.

447 1014 478 1065 et
492 1008 663 1068 doctrinis.
985 1006 1157 1090 apostolis,
1178 1008 1266 1071 dedit
1284 1008 1332 1070 eis
1352 1015 1540 1090 potestatem
1565 1006 1735 1089 spirituum
1750 991 1792 1033 Μ·

986 1104 1236 1185 immundorum,
1252 1114 1287 1168 ut
1300 1105 1456 1187 ejicerent
1470 1124 1536 1183 eos,
1547 1111 1735 1189 potestatem

253 1196 410 1260 UONlAll
434 1198 547 1261 Christi
576 1199 721 1264 doctrina
749 1210 797 1264 est
824 1221 934 1286 super·
985 1222 1112 1285 quoqne
1127 1204 1260 1267 curandi
1274 1222 1403 1267 ornnem
1420 1204 1607 1286 languorem
1623 1211 1655 1266 et
1668 1221 1737 1265 om·

185 1194 432 1397 Onaturalis,
454 1296 575 1360 idcireo
598 1317 656 1381 per
681 1300 932 1381 supernaturalia
986 1320 1059 1363 nem
1089 1300 1321 1365 infirmitatem.
1351 1301 1565 1383 Praecepitque
1600 1300 1658 1382 eis,
1688 1300 1737 1363 di·

182 1413 251 1457 cam
283 1394 441 1457 roboravit
464 1392 710 1459 innumerabilia
733 1408 929 1479 argumenta.
986 1419 1062 1463 cens
1095 1424 1102 1463 :
1131 1400 1250 1463 liuntes
1279 1400 1461 1483 praedicate,
1491 1399 1633 1463 dicentes
1660 1399 1736 1481 quia

183 1492 269 1556 Unde
285 1492 479 1573 evangelista
494 1492 654 1557 llatthaeus
670 1494 833 1575 describit,
846 1498 930 1577 quod
986 1499 1256 1582 appropinquavit
1284 1517 1417 1581 regnum
1446 1496 1621 1576 ooelorum3
1645 1497 1737 1560 infir·

80 1612 156 1656 narrt.
184 1590 430 1654 faetosernrone
450 1590 482 1653 in
502 1600 621 1671 monte,
638 1611 736 1674 quum
752 1594 932 1657 descendis·
986 1617 1055 1661 mos
1084 1606 1203 1677 curate,
1230 1598 1371 1679 leprosos
1399 1597 1561 1674 mundate,
1594 1604 1735 1660 mortuos

56 1691 90 1723 '¹¹¹'
105 1680 143 1720 ¹'³·
184 1698 243 1769 set,
266 1689 373 1752 statim
398 1690 520 1753 curavit
543 1690 715 1773 leprosum.
737 1691 855 1755 Eodem
879 1694 931 1757 die
986 1696 1148 1775 suscitato,
1178 1697 1338 1759 demones
1367 1695 1486 1777 ejicite.
1515 1694 1617 1757 Gratis
1645 1713 1735 1757 acoe-

62 1811 168 1853 ouaa.
184 1789 347 1871 ingressus
372 1788 603 1870 Capharnaum,
621 1808 747 1853 servum
772 1792 931 1857 centurio·
987 1794 1088 1875 pistis,
1106 1795 1202 1877 gratis
1216 1795 1298 1857 date.
1312 1793 1416 1857 Nolite
1431 1791 1592 1876 possidere
1608 1813 1731 1874 aurum,

55 1910 166 1958 omne.
183 1889 232 1949 nis
255 1908 274 1949 a
295 1888 430 1971 paralysi
445 1887 605 1968 liberavit,
621 1896 654 1951 et
675 1908 800 1953 socrum
817 1891 931 1954 beatis-
948 1892 971 1955 B
987 1913 1090 1976 neque
1118 1902 1296 1975 argentum,
1322 1912 1427 1974 neque
1455 1892 1636 1975 pecuniam.
1663 1892 1881 1966 Oui-raanan,

182 1986 254 2049 simi
275 1986 357 2049 Petri
373 2005 391 2049 a
406 1986 558 2049 febribus
574 1984 693 2061 Quibus
712 1990 860 2071 cognitis,
877 1991 930 2053 ha·
985 2011 1124 2073 cumque
1139 2000 1243 2055 autem
1259 2012 1323 2056 non
1345 1991 1523 2073 receperint
1537 2010 1605 2072 vos,
1622 1991 1735 2054 tolera-

75 2107 124 2151 oar.
138 2112 166 2151 re.
182 2086 333 2149 bitatores
360 2085 579 2167 Caphamaum
607 2106 718 2150 omnes
746 2107 846 2171 agros
873 2090 929 2172 qui
986 2091 1082 2153 bilius
1105 2091 1166 2153 erit
1185 2090 1217 2152 in
1236 2090 1287 2153 die
1306 2089 1420 2172 judicii
1444 2088 1613 2152 Sodomitis
1637 2108 1734 2171 quarn

180 2182 224 2246 ibi
239 2184 549 2265 erant,adduxerunt
564 2186 603 2247 ad
617 2184 929 2271 lesum,curavitque
986 2189 1061 2252 illis.
1079 2190 1161 2252 Ecce
1176 2207 1235 2271 ego
1250 2189 1339 2252 mitto
1355 2208 1411 2251 vos
1426 2187 1510 2250 sicut
1524 2206 1601 2251 oves
1615 2187 1648 2250 in
1670 2208 1735 2251 me·

181 2282 360 2345 universos.
986 2287 1037 2351 dio
1059 2288 1218 2370 luporum.
1235 2287 1340 2351 Estote
1361 2306 1438 2369 ergo
1459 2286 1632 2370 prudentes
1654 2286 1736 2349 sicut

65 2400 112 2443 ou
135 2405 167 2445 aa
218 2381 276 2444 Die
298 2382 454 2463 sequenti,
472 2401 569 2465 quum
585 2392 669 2446 esset
683 2382 716 2446 in
732 2384 804 2447 navi
819 2393 849 2448 et
865 2404 930 2447 ma·
985 2396 1159 2469 serpentes,
1176 2396 1208 2449 et
1223 2385 1386 2469 simplices
1401 2386 1484 2449 sicut
1504 2384 1669 2448 columba.
1685 2384 1735 2448 ln-

54 2464 165 2573 Ἢ·
180 2478 263 2543 xima
283 2488 368 2543 esset
386 2488 569 2563 tempestas,
587 2480 630 2544 ita
649 2482 733 2563 quod
754 2482 845 2545 navis
867 2482 929 2544 flu·
984 2483 1099 2549 fideles
1118 2494 1224 2549 autem
1244 2486 1369 2547 tradent
1387 2503 1445 2548 vos
1470 2484 1503 2545 in
1529 2483 1686 2565 conciliis,
1703 2491 1735 2547 et

72 2559 77 2577 ’
140 2561 285 2643 ‘atibus
309 2579 520 2661 operiebatur,
546 2588 577 2643 et
602 2580 743 2662 Apostoli
769 2600 805 2643 ac
831 2580 927 2643 ceteri
984 2582 1567 2666 flagellabuntvos3etanteregesac
1583 2582 1733 2664 presides

180 2678 279 2761 mergi
295 2678 458 2756 timebant,
471 2678 612 2741 Christus
627 2678 796 2761 imperavit
810 2680 925 2758 ventis,
984 2670 1147 2744 ducemini
1167 2691 1297 2765 propter
1317 2700 1379 2744 me.
1396 2681 1498 2755 Quum
1513 2700 1589 2743 vero
1610 2681 1735 2742 tradent

180 2786 210 2839 et
229 2776 309 2840 rnari
333 2776 484 2859 pracepit
500 2799 507 2837 :
525 2776 606 2839 Tace
628 2777 801 2859 (inquiens)
823 2786 854 2841 et
874 2778 929 2842 oh-
985 2800 1051 2857 vos,
1070 2781 1168 2845 nolite
1188 2780 1327 2862 cogitare
1350 2780 1425 2860 quid
1451 2788 1505 2841 aut
1528 2778 1664 2860 qualiter
1689 2778 1735 2841 lo·

181 2884 333 2939 mutesco.
364 2875 494 2956 lloxque
528 2874 560 2936 in
597 2874 729 2938 instanti
764 2876 848 2939 facta
881 2886 929 2939 est
984 2878 1137 2960 quamini.
1154 2879 1219 2961 Ego
1243 2878 1327 2942 enim
1351 2878 1433 2941 dabo
1458 2876 1549 2939 vohis
1572 2895 1608 2939 os
1633 2884 1664 2939 et
1686 2896 1882 2955 sa-rmys,

179 2972 783 3057 gmndistranquillitas.Quoviso,qui
801 2975 928 3037 fuerunt
984 2978 1138 3059 pientiam
1169 2977 1221 3040 cui
1256 2994 1320 3040 non
1349 2984 1497 3058 poterunt
1526 2974 1673 3037 resistere
1702 2983 1734 3037 et

181 3073 213 3135 in
240 3073 328 3150 navi,
359 3080 517 3137 venerunt
543 3080 574 3136 et
602 3073 813 3136 adoraverunt
841 3072 927 3136 Chri·
947 3076 1202 3146 coontradioere
1223 3094 1334 3140 ornnes
1353 3073 1527 3138 adversarii
1548 3073 1656 3136 vestri.
1674 3071 1735 3136 No·
1756 3098 1843 3144 naria,
1857 3112 1880 3154 ι,

180 3180 273 3254 stum,
286 3173 430 3236 dicentes
449 3195 455 3234 :
474 3171 552 3235 Vere
567 3172 666 3236 lilius
681 3172 735 3235 Dei
752 3191 786 3235 es
802 3181 846 3234 tu.
859 3171 927 3236 Non
984 3174 1040 3237 lite
1063 3176 1177 3237 timere
1195 3194 1251 3238 eos
1270 3174 1324 3255 qui
1349 3192 1465 3255 corpus
1488 3173 1650 3250 occidunt,
1667 3171 1734 3235 ani·
1747 3164 1782 3206 ²⁸·

179 3270 262 3333 enim
278 3278 394 3334 ventus
409 3278 440 3333 et
454 3289 542 3333 mare
557 3278 703 3353 poterant
720 3269 850 3333 obedire
865 3270 928 3332 nisi
984 3293 1068 3336 mam
1094 3281 1199 3336 autem
1227 3291 1292 3336 non
1320 3278 1454 3354 possunt
1482 3271 1650 3347 occidere3
1677 3271 1733 3333 sed

58 3379 165 3432 rauna·
179 3369 307 3451 proprio
342 3368 491 3432 Creatori.
522 3367 595 3432 Post
622 3368 689 3432 haec
718 3369 928 3451 paralyticum
984 3371 1090 3453 potius
1113 3371 1222 3433 timete
1245 3388 1320 3433 eum
1346 3369 1402 3451 qui
1429 3376 1535 3451 potest
1562 3387 1677 3449 corpus
1702 3377 1734 3431 et

54 3443 70 3482 ⁷·
179 3466 211 3526 in
226 3467 309 3530 lecto
323 3467 494 3548 jacentem,
510 3486 529 3529 a
544 3475 678 3548 quatuor
693 3467 770 3530 viris
785 3466 926 3547 allatum,
984 3469 1124 3532 animam
1149 3469 1282 3551 perdere
1310 3469 1343 3530 in
1371 3468 1562 3550 gehennam.
1588 3465 1732 3548 llegnum
1747 3493 1878 3548 namn,

179 3566 313 3643 curavit,
343 3565 480 3629 dicendo
516 3589 523 3626 :
559 3565 669 3648 Surge,
700 3564 775 3629 tolle
810 3565 927 3629 lectum
983 3567 1138 3631 coelorurn
1158 3567 1224 3630 vim
1242 3565 1372 3649 patitur,
1389 3573 1420 3628 et
1443 3564 1576 3628 violenti
1601 3565 1646 3646 (id
1672 3573 1730 3644 est,

179 3673 279 3744 tuum,
296 3673 329 3727 et
354 3665 433 3728 vade
459 3664 491 3726 ln
516 3664 646 3728 domum
672 3671 768 3727 tuam.
789 3665 828 3728 Et
850 3663 928 3729 lecit
983 3666 1037 3749 qui
1063 3665 1197 3729 vincunt
1221 3673 1253 3728 ct
1275 3665 1428 3746 frangunt
1451 3663 1596 3746 proprias
1621 3663 1733 3725 volun·

58 3770 165 3824 ratam
180 3763 234 3826 sic.
261 3763 393 3840 Deinde,
419 3782 518 3844 quum
542 3771 686 3845 pergeret
710 3764 749 3825 ad
773 3765 928 3827 susciten·
983 3772 1062 3827 tates
1091 3771 1123 3827 et
1151 3761 1426 3846 concupiscentias
1455 3762 1575 3840 carnis)
1604 3761 1734 3844 rapiunt

53 3833 167 3950 ffififj
178 3861 252 3924 dum
267 3860 372 3924 filiam
386 3860 461 3923 lairi
476 3861 717 3944 archisynagogi
731 3861 925 3944 defunctam,
982 3862 1072 3925 illud.

53 3961 112 4004 Μ·
179 3960 293 4022 mulier
312 3978 383 4042 quae
401 3959 570 4029 duodecim
590 3960 682 4022 annis
706 3959 830 4024 fluxum
856 3981 927 4024 san-
1020 3962 1164 4043 Insuper,
1189 3979 1287 4042 quum
1311 3958 1452 4022 Christus
1476 3957 1617 4021 venisset
1641 3957 1878 4040 juxtamare

177 4058 281 4138 guinis
298 4057 360 4120 fuit
375 4076 535 4140 perpessa,
552 4077 611 4122 nec
627 4059 666 4121 ab
681 4059 788 4140 aliquo
803 4068 925 4141 poterat
981 4060 1143 4124 civitatem
1161 4059 1265 4136 Nalm,
1281 4067 1313 4122 et
1336 4058 1521 4121 adolescens
1544 4055 1727 4136 defunctus,
1743 4045 1778 4088 ¹⁵·

176 4153 334 4238 adjuvari,
364 4155 523 4237 tangendo
551 4155 713 4219 fimbriam
743 4159 924 4222 vestimenti
979 4158 1069 4221 filius
1097 4158 1211 4221 unicus
1238 4157 1349 4218 matris
1378 4175 1454 4235 suae,
1483 4153 1661 4218 deferretur
1689 4157 1729 4218 ad

176 4251 302 4336 Christi,
321 4254 466 4336 protinus
481 4261 530 4316 est
550 4262 669 4318 curata.
686 4254 850 4338 Ingressus
871 4259 965 4324 de-lt
982 4257 1150 4338 tumulum,
1171 4256 1321 4319 misertus
1343 4254 1453 4318 matris
1473 4251 1629 4335 defuncti,
1649 4253 1730 4317 dixit

175 4371 262 4416 mum
282 4353 527 4436 archisynagogi
551 4352 693 4434 domum,
716 4355 926 4436 apprehendit
979 4357 1018 4420 ad
1046 4375 1120 4418 eum
1152 4379 1159 4417 ε
1189 4354 1394 4434 Adolescens,
1424 4352 1480 4416 tihi
1508 4352 1592 4433 dico,
1622 4370 1726 4435 surge.

176 4471 305 4515 manum
332 4452 446 4535 puellm
470 4450 639 4534 defunctae,
656 4460 688 4514 et
711 4451 754 4515 ait
775 4476 782 4514 :
804 4453 922 4535 Puella,
966 4454 1189 4538 'Protinusque
1204 4453 1358 4532 surrexit;
1376 4461 1407 4516 et
1421 4451 1509 4515 dedit
1522 4450 1614 4514 illum
1635 4451 1728 4514 matri

176 4569 278 4634 surge.
306 4550 515 4632 Protinusque
541 4551 686 4632 surrexit,
713 4560 744 4614 et
771 4551 866 4634 jussit
894 4553 923 4616 ei
980 4573 1055 4617 suae.
1071 4555 1237 4637 Quumque
1252 4553 1370 4616 abisset
1384 4551 1417 4614 in
1433 4546 1539 4614 locnrh
1553 4550 1726 4632 desertum,
1742 4579 1874 4638 mm

176 4649 240 4712 dari
262 4650 385 4732 aliquid
401 4650 440 4712 ad
454 4650 624 4713 edendum.
641 4651 707 4726 Quo
730 4651 807 4731 viso,
825 4653 925 4716 admi·
980 4660 1011 4716 et
1040 4672 1154 4734 magna
1182 4671 1255 4714 eum
1284 4651 1376 4714 turba
1402 4657 1487 4713 esset
1518 4657 1637 4728 secuta,
1667 4668 1727 4712 neo
1743 4647 1815 4689 ¹³·²¹·

177 4749 232 4810 rati
258 4757 334 4812 sunt
363 4757 509 4830 parentes
535 4750 648 4831 puellae
673 4759 802 4834 stupore
831 4755 925 4818 vehe-
980 4751 1134 4813 haberent
1147 4750 1231 4831 quod
1245 4749 1485 4826 manducarent,
1501 4748 1624 4831 accepit
1637 4747 1727 4810 Jesua

53 4849 163 4940 0praealta,
176 4847 385 4910 [nantissime.
402 4847 574 4930 Egrediens
588 4849 662 4912 inde
678 4851 831 4931 Salvator,
848 4854 924 4918 duo-
979 4850 1123 4932 quinque
1147 4868 1245 4931 panes
1264 4857 1296 4910 et
1315 4847 1395 4910 duos
1419 4846 1536 4928 pisces,
1552 4845 1728 4909 benedixit·

53 4918 108 4959 '⁴⁴⁰'
177 4944 233 5006 hus
258 4946 353 5008 caecis
376 4945 513 5009 restituit
533 4947 658 5026 visum;
679 4957 711 5010 et
734 4949 830 5031 paulo
853 4961 925 5033 post
979 4966 1041 5029 quc
1066 4947 1114 5009 eis
1133 4956 1165 5010 et
1180 4946 1275 5028 jussit
1293 4945 1392 5008 turba
1410 4944 1540 5027 apponi.
1561 4943 1728 5007 llanduea·

53 5052 297 5112 maerentum
320 5051 415 5124 atque
434 5045 599 5107 obsessum
624 5063 642 5106 a
666 5046 823 5110 daemonio
846 5049 925 5111 libe·
979 5054 1095 5110 verunt
1128 5046 1233 5128 itaque
1268 5061 1390 5124 omnes,
1420 5051 1453 5105 et
1481 5041 1610 5105 saturati
1639 5051 1724 5106 sunt.

70 5153 161 5204 teau.
176 5143 255 5206 ravit
279 5151 312 5206 et
337 5142 462 5224 loquela
481 5143 621 5205 donavit.
642 5143 793 5208 Circuivit
817 5146 924 5228 itaque
979 5145 1153 5208 Duodecim
1179 5162 1306 5225 quoque
1340 5142 1495 5224 cophinos
1523 5140 1727 5224 repleverunt

176 5237 326 5304 hominus
354 5241 443 5304 lesus
468 5241 623 5320 civitates,
651 5245 781 5308 castella
809 5255 841 5309 et
865 5247 924 5310 vil·
979 5242 1121 5325 Apostoli
1136 5261 1174 5304 ex
1188 5239 1374 5323 fragmentis
1395 5257 1466 5320 qua
1487 5237 1722 5321 superfuerunt.

176 5335 231 5417 las,
253 5339 433 5422 praedicans
453 5341 656 5422 evangelium
678 5345 766 5426 regni
787 5345 853 5423 Dei,
870 5366 925 5410 eu·
979 5341 1237 5407 Manducantium
1251 5347 1357 5402 autem
1378 5357 1530 5400 numerus
1551 5335 1613 5399 fuit
1632 5337 1725 5419 qnin-
